3952 6412
443 290 544 347 δτι

1734 280 2090 339 SMABAGDI
2121 281 2415 338 ABBA'I'IS

3596 286 3715 345 679

445 415 499 468 iu
523 410 771 465 eumdem
821 403 1005 477 procul
1038 402 1203 457 dubio
1251 416 1471 457 sensum
1496 399 1810 468 permissus
1845 411 2025 451 sermo
2054 398 2102 458 Α
2132 413 2151 449 t
2196 399 2303 454 ritu
2330 408 2490 454 vocat
2517 413 2640 453 eum
2670 398 2980 461 Dominum,
3012 397 3200 454 dicens
3226 418 3239 453 :
3273 400 3418 456 Dixit
3443 401 3718 463 Dominus

445 499 841 569 Itelemptoris,
871 511 980 567 quo
1009 496 1221 566 primos
1238 496 1292 549 in
1312 494 1515 564 nuptiis
1546 491 1826 548 accubitus
1856 492 2026 561 quasti

444 602 611 659 vetat,
641 588 910 662 congruit.

606 702 1028 761 IIEBDOMADA
1066 698 1185 757 XIX
1228 698 1404 755 PUS'I‘
1440 695 1861 754 PEN‘TECOS'I'.

440 800 702 852 ’ῑΜετοιΑ
759 808 918 849 ΒΕΑΤΙ
974 807 1129 848 PAULI
1194 804 1447 845 APOS'I'OLI
1506 805 1574 845 AD
1623 802 1939 844 οοιιικτιιιοε
1986 804 2023 853 1⁹

1169 878 1286 917 (λη’.
1340 877 1380 915 Ι.

519 975 539 1007 ‹
584 954 804 1011 Gratias
826 968 931 1021 ago
955 953 1066 1007 Deo
1087 966 1207 1005 meo
1229 963 1443 1019 stnnper
1462 963 1561 1018 pro
1580 948 1749 1011 vobis,
1780 949 1832 1002 in
1856 950 2031 1017 gratia

447 1066 469 1099 ι
513 1061 643 1117 ψη
663 1046 791 1100 data
810 1054 896 1100 est
923 1044 1071 1099 vobis
1096 1043 1150 1097 in
1178 1040 1398 1096 Christo
1418 1039 1567 1102 Iesu,
1593 1040 1718 1108 quin
1758 1040 1813 1094 in
1855 1040 2029 1094 omni-

451 1154 470 1187 ι
518 1136 620 1190 bus
646 1135 845 1189 divites
869 1132 999 1188 facti
1023 1132 1157 1185 estis
1178 1130 1231 1184 in
1260 1129 1370 1193 illo,
1416 1130 1470 1183 in
1502 1130 1647 1183 omni
1676 1129 1846 1183 verbo
1879 1136 1935 1182 et
1973 1130 2028 1182 in

450 1245 470 1278 ι
516 1226 664 1282 omni
688 1224 936 1289 scientia,
956 1224 1097 1278 sicut
1124 1220 1489 1276 testimonium
1512 1220 1711 1276 Christi
1742 1220 2029 1275 confirma-

448 1335 470 1370 ι
517 1328 627 1373 tum
650 1325 733 1371 est
762 1315 816 1370 in
841 1314 1019 1378 vobis,
1047 1313 1118 1368 ita
1166 1322 1223 1366 ut
1272 1311 1403 1366 nihil
1436 1312 1590 1366 vobis
1631 1311 1773 1366 desit
1820 1312 1873 1366 in
1921 1312 2028 1366 ulla

448 1426 469 1461 ι
512 1408 710 1480 gratia,
749 1405 1186 1475 exspectantibus
1219 1403 1596 1457 rcvelationem
1619 1402 1833 1457 Domini
1860 1405 2026 1458 nostri

450 1517 470 1550 ι
512 1497 643 1554 .Iesu
664 1496 893 1553 Christi.
913 1494 1014 1562 Qui
1037 1504 1095 1548 et
1114 1492 1457 1549 confirmabit
1481 1508 1579 1547 vos
1595 1508 1767 1561 usque
1784 1493 1836 1546 in
1866 1492 2028 1547 tinem

448 1614 467 1645 ι
511 1594 632 1649 sine
669 1592 899 1649 crimine
956 1593 1009 1646 in
1047 1591 1136 1645 die
1172 1590 1431 1645 adventus
1460 1589 1669 1644 Domini
1702 1590 1871 1644 nostri
1900 1589 2027 1646 Iesu

450 1703 470 1735 ς
514 1683 737 1740 Christi.
787 1702 803 1735 ι

2133 508 2152 541 ι
2199 491 2425 546 Domino
2450 505 2602 553 meo,
2632 490 2759 545 sede
2795 505 2826 543 a
2853 489 3060 544 dextris
3105 492 3260 545 meis.
3292 491 3474 550 Donec
3508 509 3723 565 ponam

2134 599 2154 632 ι
2199 580 2449 635 inimicos
2515 590 2671 644 tuos,
2733 580 3027 635 scabellum
3077 581 3278 650 pedum
3341 592 3577 642 urorum.
3649 587 3719 643 Si

2134 689 2153 722 ι
2197 687 2327 740 ergo
2363 671 2528 726 David
2566 679 2721 725 vocat
2753 685 2878 725 eum
2917 671 3226 740 Dominum,
3262 676 3534 743 quomodo
3569 678 3727 735 ﬁlius

2133 784 2151 815 ι
2199 764 2315 831 ejus
2342 765 2466 818 est?
2505 764 2570 818 Et
2600 778 2759 817 nemo
2784 770 2996 833 poterat
3025 766 3353 833 respondere
3381 742 3439 821 ei
3459 770 3721 835 verbum,

2100 874 2152 933 ,ιε
2199 871 2376 925 neque
2401 872 2565 909 ausus
2586 854 2685 909 luit
2703 856 2990 924 quisquam
3017 870 3083 909 ex
3115 854 3205 910 illa
3223 855 3308 911 die
3328 873 3451 912 eum
3478 861 3718 930 amplius

2115 960 2156 997 ἰ
2200 947 2556 1015 interrogare.
2590 966 2608 997 ι

2200 1040 2536 1090 Accesserant
2559 1037 2627 1090 ad
2649 1036 2830 1090 Iesum
2845 1035 3151 1101 Sadduca'i,
3176 1046 3223 1090 et
3238 1038 3574 1108 interrogavit
3590 1057 3721 1094 cans

2094 1194 2101 1206 δ
2130 1147 2264 1184 unus
2292 1146 2356 1183 ex
2374 1131 2449 1183 eis
2476 1129 2602 1198 legis
2622 1130 2826 1192 doctor,
2853 1138 3057 1182 tentans
3086 1145 3204 1183 eum
3226 1143 3244 1180 :
3273 1128 3543 1197 Magister,
3569 1132 3719 1202 quod

2129 1236 2203 1279 est
2234 1226 2539 1279 utendumst
2569 1241 2821 1294 magnum
2842 1226 2897 1277 in
2917 1223 3046 1293 lege,
3079 1224 3218 1278 etc.?
3240 1223 3338 1294 (Et
3365 1222 3557 1295 Beda.)
3588 1225 3719 1281 Pri-

2130 1331 2276 1369 suum
2309 1315 2554 1369 omnium
2578 1330 2684 1367 non
2712 1329 2811 1383 pro
2836 1314 3048 1375 ordine,
3080 1314 3174 1367 sed
3203 1328 3303 1382 pro
3336 1315 3600 1385 dignitate
3625 1316 3719 1369 in-

2130 1406 2305 1475 telligo
2330 1406 2530 1460 dictum
2550 1446 2564 1469 ,
2597 1405 2650 1459 id
2680 1413 2808 1468 est,
2834 1404 3129 1458 maximum
3163 1404 3403 1459 omnium
3442 1404 3558 1459 sive
3596 1406 3719 1476 pri”

2130 1511 2299 1551 mum.
2317 1495 2454 1563 Quia
2478 1505 2604 1550 ante
2622 1495 2803 1550 omnia
2822 1480 3084 1548 debemus
3108 1494 3300 1549 intimo
3329 1495 3381 1548 in
3412 1495 3576 1550 corde
3602 1496 3718 1551 sin-

2128 1588 2274 1656 guli,
2318 1586 2476 1656 quasi
2523 1587 2741 1641 unicum
2779 1584 3000 1654 pietatis
3044 1583 3454 1640 fomlamentum
3504 1585 3713 1641 locare.

2131 1681 2273 1751 Ergo
2300 1680 2532 1749 primum
2580 1678 2821 1733 omnium
2865 1687 2922 1731 et
2951 1677 3248 1731 maximum
3293 1678 3604 1733 mandatum
3629 1689 3719 1734 est

515 1772 726 1828 Gratias
754 1789 851 1844 ago
890 1772 994 1826 Deo
1034 1790 1145 1826 meo
1179 1760 1393 1841 sempci’
1416 1789 1510 1842 pro
1553 1772 1716 1835 vobis,
1761 1773 1814 1825 in
1856 1772 2026 1841 gratia
2055 1757 2102 1815 Β
2131 1768 2367 1840 cognitio
2388 1776 2551 1837 atque
2576 1766 2847 1823 confessio
2872 1768 3067 1822 divina:
3079 1767 3321 1832 unitatis,
3343 1783 3467 1821 eum
3490 1782 3723 1823 exsecu-

443 1864 544 1919 Dei
567 1880 683 1936 qua
711 1863 836 1918 dcta
874 1872 949 1916 est
975 1863 1116 1917 vobis
1142 1863 1199 1915 in
1228 1861 1436 1915 Christo
1474 1859 1624 1923 Iesu.
1671 1860 1891 1915 Gratias
1913 1862 2029 1929 qni-

442 1955 566 2009 dem
593 1967 715 2023 ago,
759 1951 903 2022 quod
945 1951 1156 2006 habetis
1186 1951 1467 2008 scientiam
1495 1959 1721 2004 matrem
1744 1948 2026 2013 virtutum,

442 2043 539 2098 sed
562 2042 687 2098 volo
706 2056 802 2096 vos
830 2042 995 2105 scire,
1020 2041 1163 2110 quod
1208 2041 1299 2095 illa
1334 2041 1405 2095 sit
1447 2057 1575 2095 vera
1620 2041 1865 2106 scientia,
1910 2055 2029 2110 quone

442 2134 498 2188 in
531 2134 837 2188 animorum
879 2133 1088 2187 unitate
1132 2131 1446 2197 concordat,
1488 2142 1548 2187 nt
1587 2132 1745 2196 solet,
1794 2133 2028 2202 primum

441 2225 597 2282 molli
623 2224 839 2295 eloquio
860 2234 1143 2294 provocat,
1171 2234 1225 2281 et
1251 2225 1443 2280 blanda
1476 2226 1631 2281 laude
1660 2226 1931 2281 sollicitat.

515 2317 654 2385 Quis
679 2319 735 2373 in
761 2319 1001 2373 omnibus
1028 2321 1211 2374 divites
1235 2320 1364 2389 [acti
1399 2323 1524 2374 estis
1563 2322 1616 2374 in
1655 2319 1766 2373 illo.
1810 2320 1922 2375 Hoc
1951 2320 2031 2374 di-

442 2412 613 2467 cendo
636 2411 925 2481 Apostolus
949 2413 1181 2466 ostendit
1215 2426 1329 2476 eos,
1358 2412 1572 2481 quando
1597 2413 1661 2465 ad
1686 2413 1844 2466 tidem
1870 2411 2028 2467 Chri-

442 2505 512 2559 sti
537 2512 903 2563 accesserunt.
929 2504 1075 2557 omni
1105 2504 1277 2573 gratia
1308 2513 1435 2558 tunc
1458 2519 1577 2557 esse
1603 2503 1822 2566 ditatos,
1851 2504 1900 2557 il
1923 2512 2026 2566 est,

439 2592 694 2650 omnibus
752 2593 1063 2656 virtutibus,
1122 2593 1416 2662 sapientia,
1469 2609 1589 2662 qum
1644 2594 1933 2664 prophetas
1977 2603 2031 2648 et

440 2683 651 2740 amicos
683 2683 777 2738 Dei
809 2682 1105 2738 constituit.

511 2771 579 2827 In
601 2775 741 2826 omni
764 2773 912 2826 verba
943 2784 989 2825 et
1018 2772 1070 2826 in
1102 2773 1243 2826 οηδηὶ
1284 2773 1522 2827 scientia.
1566 2773 1626 2829 Id
1649 2783 1752 2835 est.
1787 2783 1898 2828 tant
1925 2776 2028 2829 Ve-

445 2864 578 2919 teris
610 2862 960 2927 Tcstatnenti,
1011 2880 1172 2932 quam
1225 2862 1355 2918 Novi
1394 2866 1717 2930 eruditione,
1760 2866 2025 2920 dicendo:

444 2956 641 3009 Divitiis
665 2956 793 3024 furti
816 2956 958 3017 estis,
983 2965 1035 3008 et
1059 2956 1322 3018 addendo,
1353 2956 1416 3009 In
1446 2958 1590 3009 omni
1619 2957 1768 3011 verbo
1790 2967 1838 3010 et
1861 2958 2030 3011 scien-

440 3051 537 3111 tia,
566 3050 620 3103 in
646 3062 753 3118 quo
777 3058 955 3103 essent
983 3050 1198 3110 divites,
1220 3049 1500 3103 evidenter
1520 3048 1786 3104 ostendat.

513 3141 662 3195 Sicut
686 3142 1037 3195 testimonium
1067 3141 1265 3196 Christi
1292 3140 1661 3207 conﬁrmatum
1684 3150 1757 3194 est
1782 3142 1835 3193 in
1862 3140 2027 3194 vobis.

439 3230 495 3286 Id
523 3239 626 3292 est,
646 3232 925 3299 utriusque
947 3230 1237 3285 volmninis
1267 3239 1684 3293 sacramentum,
1709 3230 1851 3298 quod
1873 3228 2026 3283 Chri-

437 3324 506 3382 sti
552 3320 634 3376 vel
668 3322 1030 3390 prophetarit,
1073 3322 1156 3376 vel
1198 3321 1433 3374 ostendit
1477 3320 1789 3382 adventum,
1824 3318 1890 3374 de
1918 3336 2026 3389 quo

436 3413 513 3469 ait
539 3428 553 3465 :
587 3408 724 3474 Quia
752 3412 920 3464 omnis
950 3410 1120 3463 scriba
1154 3411 1339 3462 doctus
1367 3408 1552 3461 similis
1595 3418 1669 3461 est
1706 3409 1905 3462 homini
1928 3427 2042 3478 ρας.

437 3500 760 3568 trifamilias,
785 3501 874 3571 qui
899 3500 1095 3568 profari
1126 3500 1189 3551 de
1214 3500 1457 3552 thesauro
1491 3514 1588 3553 suo
1612 3515 1739 3552 nova
1775 3509 1822 3551 et
1852 3508 2024 3552 cetera

438 3592 659 3662 (Matth.
697 3592 818 3655 III),
847 3606 967 3660 qua:
1005 3593 1339 3645 crelcntiurn
1379 3593 1539 3646 corda
1572 3592 1910 3648 confirmant.

407 3686 410 3690 “
512 3681 594 3735 Ita
623 3691 678 3735 ut
711 3681 839 3735 nihil
878 3682 1015 3734 vobis
1056 3682 1185 3737 desit
1219 3684 1271 3735 in
1313 3682 1422 3734 ulla
1456 3685 1646 3750 gratia.
1692 3683 1843 3738 Sicut
1890 3686 2027 3739 dicit

440 3770 695 3823 ὃ-ιιοηιοιι
721 3788 732 3822 :
777 3766 1030 3822 Venerunt
1066 3772 1193 3823 mihi
1221 3773 1396 3824 omnia
1427 3772 1585 3827 simul
1611 3789 1726 3826 cum
1750 3791 1809 3827 ea
1837 3771 2017 3845 (Prov.

439 3862 672 3935 ultimo),
707 3862 757 3914 id
788 3872 891 3924 est,
915 3878 1038 3916 cum
1073 3864 1357 3931 sapientia.

511 3951 949 4021 Exspcrtttntibus
991 3954 1374 4017 rerelationrm,
1419 3967 1523 4009 ctc.
1575 3956 1697 4010 Idm
1741 3957 2023 4010 revelatio-

438 4057 562 4100 nem
608 4043 778 4105 dixit,
823 4044 946 4111 quia
1001 4059 1143 4097 mine
1188 4045 1297 4098 vita
1349 4056 1535 4100 nostra
1585 4045 1899 4100 abscondita
1941 4056 2025 4100 est

439 4149 569 4187 «unm
586 4133 819 4200 Christo,
838 4148 956 4204 qua:
983 4144 1107 4189 tunc
1127 4138 1482 4207 corporaliter
1513 4138 1655 4192 illius
1678 4139 1859 4193 seculi
1880 4155 2029 4193 reve'

439 4222 655 4278 labitur.

513 4316 617 4380 Qui
647 4326 698 4369 et
733 4318 1060 4388 conﬁrmabit
1102 4337 1205 4379 ros,
1249 4330 1353 4374 etc.
1400 4319 1553 4373 Sicut
1596 4320 1670 4375 ait
1712 4320 2023 4391 Propheta;

2133 1859 2277 1914 tione
2316 1858 2472 1914 home
2499 1858 2853 1928 operationis.
2874 1858 3052 1912 ~Bona
3095 1866 3277 1912 autem
3305 1859 3549 1927 operatio
3572 1859 3714 1915 dile-

2129 1952 2309 2005 ctione
2336 1950 2430 2005 Dei
2456 1959 2511 2003 et
2539 1949 2770 2020 proximi
2795 1948 3092 2019 perﬁcitur,
3131 1949 3275 2019 quod
3307 1949 3547 2003 breviter
3587 1949 3721 2005 aliis

2130 2040 2312 2096 verbis
2361 2037 2706 2095 commendat
2758 2037 3051 2109 Apostolus
3103 2040 3294 2095 dicens
3339 2036 3453 2092 ειη
3500 2036 3721 2093 Christo

2128 2131 2264 2184 enim
2291 2127 2420 2184 Iesu
2450 2145 2612 2200 neque
2633 2129 2959 2183 circumcisio
2986 2128 3187 2201 aliquid
3213 2128 3370 2193 solet,
3391 2144 3717 2200 καθιερω-

2128 2223 2330 2291 putiunt
2355 2263 2369 2286 ,
2420 2221 2511 2275 sed
2552 2219 2687 2289 [ides'
2710 2260 2726 2285 ,
2778 2236 2898 2290 quc
2939 2233 3032 2290 per
3074 2218 3405 2274 dilectionem
3443 2230 3713 2290 operatur.

2129 2311 2376 2369 Ostendit
2423 2328 2492 2367 ex
2539 2312 2643 2366 hac
2691 2298 3040 2380 resporisndne
3077 2311 3274 2366 scribae
3314 2325 3535 2381 gravem
3568 2326 3718 2381 saepe

2131 2406 2271 2459 inter
2300 2402 2520 2458 Scrihas
2563 2411 2617 2456 ct
2641 2401 2940 2457 Pharisaeos
2971 2401 3323 2472 qumstionem
3359 2417 3479 2459 esse
3521 2417 3713 2458 versa-

2132 2507 2264 2560 tam,
2294 2496 2438 2566 quod
2465 2504 2609 2549 esset
2654 2495 2969 2549 mandatum
3008 2494 3245 2565 primum
3272 2494 3387 2549 sive
3413 2495 3714 2549 maximum

2131 2588 2326 2643 divina:
2354 2585 2506 2657 legis.
2548 2586 2879 2654 Quibusdam
2907 2584 3159 2641 videlicet
3188 2586 3396 2641 hostias
3421 2595 3480 2642 et
3502 2588 3717 2641 sacriﬁ-

2131 2684 2212 2739 cia
2241 2680 2604 2746 laudantibus,
2628 2682 2749 2737 aliis
2775 2697 2906 2737 vero
2932 2682 3135 2751 majore
3156 2684 3480 2739 auctoritate
3501 2684 3625 2738 ﬁdei
3655 2692 3715 2739 et

2131 2771 2437 2837 dilectionis
2479 2786 2644 2841 opera
2692 2771 3104 2841 pnet‘erentihus
3130 2813 3144 2837 ,
3195 2788 3261 2828 eo
3305 2772 3448 2843 quod
3490 2772 3713 2843 plurimi

2130 2848 2343 2934 patrum
2372 2874 2498 2919 ante
2527 2864 2701 2936 legem
2743 2863 2948 2934 absque
2972 2865 3119 2919 omni
3159 2865 3500 2919 victimarum
3539 2874 3596 2920 et
3617 2879 3711 2919 sa-

2131 2956 2457 3011 criﬁciorum
2485 2958 2879 3012 consuetudine
2911 2972 2978 3011 ex
3020 2956 3125 3010 ﬁde
3161 2965 3367 3011 tantum
3392 2996 3413 3021 ,
3450 2972 3572 3027 qua:
3614 2971 3717 3026 per

2131 3046 2475 3102 dilectionem
2501 3057 2758 3117 operatur
2786 3047 3060 3118 placerent
3079 3048 3212 3113 Deo,
3242 3048 3546 3118 somnique
3567 3048 3719 3117 apud

2133 3140 2306 3209 ipsum
2333 3140 2435 3193 loci
2459 3139 2810 3193 haberentur.
2840 3138 3010 3194 Nemo
3039 3149 3221 3195 autem
3244 3138 3481 3207 unquam
3507 3139 3715 3209 absque

2126 3229 2232 3285 liJe
2262 3245 2326 3284 ac
2354 3230 2641 3285 dilectione
2667 3245 2766 3299 per
2798 3230 3109 3286 holocausta
3140 3231 3316 3285 solum
3345 3240 3400 3285 et
3439 3228 3715 3286 sacriﬁcia

2127 3319 2237 3373 Deo
2269 3319 2535 3391 placuisse
2571 3322 2940 3385 inveniretur,
2990 3322 3042 3375 in
3071 3337 3178 3390 qua
3214 3322 3479 3376 sententia
3523 3321 3712 3377 scriba

2127 3414 2228 3467 iste
2259 3414 2425 3468 etiam
2447 3428 2506 3467 se
2527 3413 2696 3467 luisse
2732 3412 3048 3469 declaravit.

2196 3503 2281 3556 Ait
2309 3503 2386 3556 illi
2415 3501 2572 3557 Iesus
2601 3523 2615 3557 :
2645 3504 2840 3573 Diliges
2857 3503 3135 3558 Dominum
3155 3504 3317 3558 Deum
3345 3514 3491 3558 tuum
3517 3520 3583 3557 ex
3604 3513 3714 3557 toto

2126 3593 2280 3647 corde
2300 3603 2425 3658 tuo,
2449 3604 2495 3646 et
2522 3611 2586 3646 ex
2612 3603 2720 3648 tota
2760 3595 2938 3651 animo
2964 3604 3076 3656 tua,
3108 3604 3156 3647 et
3183 3595 3236 3648 in
3267 3605 3376 3647 tota
3403 3605 3570 3646 ruente
3596 3604 3717 3658 tua,

2125 3685 2221 3738 hoc
2242 3693 2318 3737 est
2336 3685 2644 3747 maximum,
2662 3693 2767 3737 ctu.
2787 3684 2887 3754 {Ex
2901 3684 3258 3753 Ang.)Totatn
3284 3683 3719 3753 magnitudinem

2126 3773 2530 3828 ctlatitndinctn
2556 3773 2859 3829 divinorum
2884 3776 3223 3846 eloquiorum
3246 3790 3436 3830 secura
3453 3776 3721 3845 .possidet

2127 3865 2385 3927 charitas,
2420 3879 2526 3932 qua
2564 3864 2732 3919 Deum
2757 3867 3173 3936 proximumque
3200 3867 3490 3936 diligimus.
3545 3867 3719 3923 Docet

2127 3969 2224 4007 nos
2246 3954 2391 4010 enim
2421 3956 2663 4011 cmlestis
2682 3972 2821 4011 unus
2849 3958 3105 4027 magister
3122 3957 3358 4014 ctdicit:
3389 3957 3591 4030 Diliges
3606 3957 3722 4014 Do-

2128 4044 2327 4097 minum
2343 4043 2509 4101 Deum
2536 4054 2681 4103 tuum
2712 4058 2896 4101 extoto
2916 4049 3071 4103 corde
3096 4060 3206 4109 tuo.
3230 4058 3335 4105 etc.
3364 4048 3427 4105 Si
3449 4065 3582 4121 ergo
3603 4065 3721 4107 non

2129 4142 2283 4186 vacat
2321 4148 2512 4189 omnes
2542 4135 2841 4205 scripturas
2883 4146 3101 4193 sanctas
3140 4139 3493 4209 perscrutari,
3529 4138 3717 4196 omnia

2129 4224 2404 4279 involucra
2426 4241 2733 4281 sermonum
2760 4228 2924 4299 (quod
2954 4230 3199 4286 volvitur
3213 4233 3359 4286 enim
3387 4234 3717 4305 scrutatur),

2126 4317 2306 4369 omnia
2354 4319 2744 4387 scripturarum
2778 4330 2986 4375 secreta
3016 4333 3327 4391 penetrare,
3378 4332 3507 4380 tene
3531 4326 3715 4379 chari-

439 4404 708 4473 Confirma
739 4426 818 4463 nte
843 4411 895 4463 in
923 4411 1085 4464 rcrbis
1123 4413 1246 4463 tuis.
1283 4410 1349 4463 Et
1397 4409 1526 4464 illud
1555 4430 1566 4461 :
1602 4408 1868 4478 Conﬁrma
1903 4412 2022 4489 Itur,
2052 4446 2104 4505 Β
2131 4415 2293 4461 latent
2331 4407 2419 4460 ubi
2451 4406 2684 4476 pendent
2714 4411 2896 4467 ornttia
2920 4452 2938 4475 ,
2983 4413 3054 4466 ita
3107 4413 3314 4473 tenebis
3347 4415 3488 4483 quod
3520 4414 3596 4468 ibi
3634 4416 3714 4471 ιη.

440 4493 603 4561 Deus,
637 4500 775 4572 quod
801 4512 1045 4571 operatus
1080 4517 1133 4554 es
1165 4502 1217 4553 in
1245 4501 1410 4553 nobis.
1634 4568 1647 4578 ῃ
1744 4570 1748 4574 θ

742 4605 1078 4644 ῑγκκαεωωι
1116 4605 1397 4652 MATTII/EI,
1431 4606 1549 4642 CAP.
1580 4605 1715 4642 XXII.

518 4701 534 4728 ι
580 4683 941 4738 Accesscrnnt
963 4682 1029 4737 ad
1061 4680 1245 4736 Iesum
1290 4681 1593 4745 Saddnczei,
1638 4691 1691 4736 et
1729 4683 2029 4751 interroga-

454 4795 472 4825 ι
521 4777 599 4829 vit
625 4792 751 4831 eum
764 4792 908 4833 unus
932 4791 996 4827 ex
1024 4775 1103 4827 eis
1122 4774 1257 4845 legis
1272 4775 1477 4837 doctor,
1512 4785 1722 4829 tentans
1736 4792 1891 4829 cum:
1922 4775 2030 4829 Ma-

452 4885 472 4916 ι
519 4867 701 4937 gister.
740 4862 884 4935 quod
926 4872 1011 4918 est
1045 4865 1358 4921 mandatum
1386 4881 1638 4935 magnum
1678 4866 1731 4920 in
1760 4863 1915 4937 lege?
1940 4867 2031 4922 Ait

446 4975 467 5008 ο
515 4955 592 5011 illi
617 4940 813 5010 JeSus:
853 4950 1054 5026 Diliges
1082 4952 1370 5012 Dominum
1396 4956 1566 5013 Deum
1595 4969 1767 5021 tuum.
1813 4976 1879 5015 ex
1913 4970 2026 5015 toto

447 5068 470 5095 ι
510 5048 675 5102 corde
698 5054 825 5109 tuo,
856 5052 910 5100 et
935 5059 1005 5101 ex
1030 5056 1144 5102 tota
1179 5049 1360 5103 anima
1388 5058 1478 5103 tua
1500 5090 1513 5112 ,
1544 5059 1599 5105 et
1625 5051 1677 5105 in
1707 5059 1817 5105 tota
1847 5061 2025 5107 mente

445 5154 471 5193 ι
511 5143 624 5191 tua.
655 5132 766 5191 IIoc
788 5144 871 5193 est
899 5136 1133 5207 primum
1164 5147 1219 5194 et
1245 5139 1542 5195 maximum
1570 5140 1901 5197 mandatum.
1937 5142 2024 5196 Se-

448 5243 469 5275 s
512 5226 749 5281 conatum
772 5234 950 5289 autem
977 5226 1153 5301 simile
1176 5237 1259 5284 est
1297 5219 1425 5284 huic
1454 5250 1465 5282 :
1498 5226 1696 5302 Diliges
1721 5233 2025 5301 proximum

446 5336 465 5367 ι
513 5323 668 5371 tuam
693 5316 832 5371 sicut
862 5319 1110 5386 teipsum.
1154 5314 1211 5370 In
1242 5317 1310 5372 iis
1333 5317 1542 5377 duobus
1574 5320 1865 5384 mandatis,
1903 5319 2023 5373 uni-

449 5426 468 5459 ι
516 5420 669 5460 versa
715 5407 797 5463 lex
837 5410 1033 5482 pendet
1064 5418 1118 5461 et
1159 5407 1457 5479 Ριυνιιριεν.
1513 5408 1866 5483 Congregatis
1898 5425 2025 5481 ergo

448 5515 469 5549 ι
511 5495 837 5563 Pharis-nais,
878 5499 1231 5567 interrogavit
1279 5515 1370 5554 eos
1396 5497 1573 5563 Iesus,
1624 5502 1847 5556 dicens:
1889 5501 2026 5569 Quid

447 5605 464 5638 ο
515 5588 667 5642 vobis
709 5588 923 5643 videtur
961 5587 1025 5641 de
1051 5588 1286 5653 Christo,
1329 5590 1481 5662 cujus
1509 5592 1648 5644 lilins
1673 5590 1801 5645 est?
1835 5590 2029 5646 Dicunt

450 5694 471 5732 ι
514 5679 587 5742 ei.
616 5677 803 5737 David.
844 5677 937 5739 Ait
966 5676 1109 5735 illis:
1157 5678 1433 5750 Quomodo
1460 5696 1589 5752 ergo
1621 5681 1786 5739 David
1831 5681 1883 5736 in
1920 5680 2029 5757 Spi-

2131 4496 2328 4562 ditisti,
2354 4497 2561 4553 ueriebis
2587 4501 2750 4554 etiam
2774 4504 2918 4571 quoi
2941 4504 3178 4562 nondum
3201 4504 3453 4560 didicisti.
3486 4506 3542 4559 Si
3567 4508 3716 4561 enim

2130 4588 2272 4642 nosti
2318 4589 2637 4645 charitatcn‘t
2664 4632 2677 4654 ,
2723 4592 2925 4669 aliquid
2967 4595 3108 4649 nosti
3147 4597 3289 4649 unde
3328 4604 3383 4649 et
3411 4597 3540 4651 illud
3580 4611 3718 4665 pen-

2130 4680 2221 4731 del
2261 4680 2404 4748 quod
2442 4679 2581 4734 forte
2615 4698 2719 4736 non
2752 4684 2929 4747 nosti,
2977 4693 3033 4738 et
3064 4686 3116 4739 in
3146 4701 3211 4740 eo
3240 4689 3384 4756 quod
3429 4689 3719 4757 scripturis

2132 4768 2388 4839 intelligis
2431 4771 2671 4825 charitas
2709 4782 2877 4841 lutet.
2929 4775 3020 4828 Ille
3058 4776 3239 4845 itaque
3272 4787 3438 4840 tenet,
3479 4788 3534 4831 ct
3568 4780 3719 4847 quod

2133 4867 2315 4934 patet,
2348 4870 2405 4913 et
2429 4861 2572 4931 quod
2601 4861 2730 4916 latet
2756 4864 2809 4917 in
2846 4864 3044 4919 divinis
3069 4868 3432 4931 sermonibus,
3461 4869 3554 4936 qui
3582 4869 3717 4926 ch36

2132 4953 2347 5008 ritatem
2376 4963 2518 5008 tenet
2543 4955 2594 5008 in
2624 4956 2877 5013 moribus.
2909 4966 2964 5011 et
2988 4957 3090 5011 hoc
3117 4967 3197 5011 est
3222 4977 3233 5011 :
3269 4957 3572 5012 Breriatum
3604 4976 3718 5013 ser-

2133 5062 2334 5101 monem
2362 5046 2519 5114 faciet
2549 5047 2805 5103 Dominus
2837 5067 2993 5119 super
3019 5061 3234 5106 terram.
3316 5119 3325 5125 ‘

2205 5132 2542 5204 Congrcgatt's
2570 5147 2742 5189 autem
2759 5134 3069 5194 Pharisa’is.
3101 5142 3436 5210 interrogavit
3458 5157 3544 5194 eos
3558 5141 3717 5197 Iesus

2132 5224 2349 5275 dicens:
2398 5223 2536 5288 Quid
2567 5225 2710 5279 vobis
2756 5228 2957 5281 videtur
2996 5231 3059 5281 de
3093 5227 3326 5292 Christo,
3377 5232 3528 5299 cujus
3566 5212 3718 5300 [ilius

2133 5325 2209 5366 es!
2230 5315 2255 5367 ?
2289 5314 2387 5387 (Ex
2429 5312 2673 5387 Hieron.)
2722 5319 2831 5387 Qui
2851 5323 2918 5373 ad
2948 5323 3264 5374 tentandum
3287 5320 3473 5376 Iesum
3504 5322 3721 5382 (iterant

2136 5407 2467 5476 congregati,
2516 5418 2569 5463 et
2593 5410 2873 5465 veritatem
2908 5412 3245 5467 fraudulenta
3291 5414 3723 5486 interrogatione

2133 5488 2326 5571 capere
2357 5504 2691 5569 nitebantur,
2728 5507 3070 5562 occasionem
3097 5510 3440 5577 [inchoet-unt
3473 5510 3718 5563 confuta-

2136 5592 2267 5647 tioui
2302 5611 2440 5659 sum,
2474 5595 2979 5667 interroganturqne
3009 5599 3075 5651 de
3098 5599 3313 5653 Christo
3336 5638 3351 5662 ,
3381 5599 3534 5668 cujus
3572 5600 3720 5667 [ilius

2135 5683 2249 5775 sit?
2301 5683 2658 5759 Interrogatio
2712 5686 2836 5744 Jcsu
2889 5672 3040 5743 nob's
3087 5688 3295 5765 prolicit
3346 5705 3512 5765 usque
3561 5688 3721 5746 hodie
