3952 6420
277 282 384 352 r5

1072 276 1587 353 COLLECTIONES
1623 292 1689 350 tu
1727 291 2104 349 srisroras
2145 296 2233 351 er
2270 296 2681 353 summa.

3425 300 3529 358 674

276 422 464 469 contra
491 409 724 471 Iudaeos.
751 414 820 469 Et
837 412 893 469 bi
918 413 1086 477 enim,
1108 414 1201 483 qui
1226 411 1554 468 conﬁtentur
1573 409 1847 465 Christum
1876 410 1926 468 Λ
1951 415 2005 460 et
2029 423 2197 463 onera
2212 418 2281 482 et
2299 411 2531 476 vincula,
2550 411 2744 480 quibus
2766 412 3076 484 alligantur,
3100 425 3269 469 onera
3280 413 3534 485 spiritua-

274 517 396 557 esse
431 514 719 557 venturum
749 500 1024 558 hominem
1050 501 1352 573 simplicem
1380 516 1444 556 ac
1467 507 1735 565 sanctum,
1763 512 1857 553 ve-

274 612 397 651 rum
441 604 696 654 asserunt
719 596 787 652 de
821 610 1020 668 genere
1045 593 1236 651 David.
1284 593 1684 663 lnterrogemus
1722 607 1850 662 ergo

273 702 370 743 eos
395 687 536 743 docti
562 704 595 743 a
624 687 871 752 Domino,
902 685 948 742 si
979 685 1208 755 simplex
1233 685 1534 748 bomoest,
1562 692 1618 738 et
1642 691 1848 738 tantum

273 777 417 834 ﬁlius
460 777 657 842 David,
706 776 977 848 quomodo
1010 775 1176 831 David
1222 782 1383 830 vocat
1407 789 1532 829 eum
1560 772 1847 827 Dominum

270 870 470 927 suum?
513 869 631 924 Non
657 869 861 925 erroris
892 869 1135 934 incerto,
1164 881 1263 922 nec
1286 865 1508 936 propria
1549 862 1845 928 voluntate,

270 962 367 1017 sed
393 962 447 1016 in
473 959 676 1031 Spiritu
707 968 917 1015 sancto.

346 1070 534 1126 Dicunt
576 1072 666 1125 ei:
709 1070 901 1125 David.
943 1070 1029 1123 Ait
1065 1069 1170 1124 illis
1195 1083 1214 1121 :
1252 1065 1557 1135 Quomodo,
1606 1073 1711 1121 etc.
1744 1063 1843 1136 (Ex

268 1161 459 1234 Beda.)
491 1162 606 1218 Non
624 1172 802 1217 autem
824 1162 1311 1232 reprehenduntur,
1340 1159 1466 1229 quia
1479 1156 1648 1212 David
1673 1156 1845 1211 ﬁlium

268 1253 489 1319 dicunt,
540 1252 636 1307 sed
657 1252 780 1322 quia
811 1250 907 1306 Dei
935 1249 1102 1304 ﬁlium
1123 1264 1231 1304 non
1260 1247 1508 1304 credunt.
1562 1245 1843 1317 Siquidem

267 1344 386 1414 ipse
412 1352 468 1400 et
501 1344 763 1399 Dominus
800 1342 969 1398 David
997 1350 1100 1406 est,
1134 1342 1276 1396 Deus
1303 1348 1429 1396 ante
1459 1347 1700 1411 tempora
1727 1355 1845 1395 ma-

267 1434 463 1498 nemlo,
503 1442 559 1489 et
596 1432 736 1487 ﬁlius
762 1432 929 1486 David
959 1430 1227 1499 apparuit,
1254 1430 1418 1485 homo
1448 1430 1503 1483 in
1540 1436 1841 1499 temporum

266 1525 377 1579 ﬁne
401 1525 692 1580 nascendo.
714 1520 880 1590 Quod
902 1530 1080 1576 autem
1108 1536 1139 1575 a
1164 1529 1319 1590 patre
1347 1520 1709 1591 subjiciuntur
1737 1520 1840 1574 ini-

265 1615 393 1670 mici
418 1654 434 1680 ,
476 1630 581 1669 non
608 1613 977 1669 inﬁrmitatem
1004 1612 1139 1678 ﬁlii,
1173 1612 1268 1667 sed
1297 1612 1563 1667 unitatem
1611 1621 1834 1677 naturas,

264 1707 393 1778 quia
417 1707 472 1761 in
497 1706 670 1761 altero
695 1706 833 1761 alter
853 1714 1127 1775 operatur,
1150 1704 1437 1775 signiﬁcat.
1461 1703 1597 1759 Nam
1617 1713 1673 1759 et
1696 1704 1839 1760 ﬁlius

264 1794 481 1865 subiicit
510 1797 758 1851 inimicos
783 1797 959 1866 patri,
991 1796 1114 1865 quia
1145 1804 1354 1865 patrem
1383 1794 1649 1851 clariﬁcat
1676 1810 1840 1865 super

264 1896 490 1942 terram.
521 1885 662 1943 Sede
710 1902 742 1941 a
792 1887 997 1942 dextris
1029 1887 1188 1951 meis,
1214 1894 1322 1941 etc.

334 2000 444 2071 (Ea:
468 1997 651 2071 Fulg.)
680 1997 781 2054 Hic
804 1997 975 2053 sessio
999 1996 1345 2052 stabilitatem
1376 1995 1661 2063 signiﬁcat.
1701 1995 1837 2067 Apte

262 2093 406 2146 enim
432 2089 545 2146 ﬁlio
575 2098 698 2163 post
741 2090 1009 2160 passionis
1045 2088 1285 2143 laborem
1315 2088 1549 2143 dicitur:
1584 2088 1753 2154 Sede,
1782 2089 1836 2145 id

260 2191 346 2237 est
390 2181 569 2238 victor
608 2182 662 2236 in
706 2181 916 2253 gloria;
970 2198 1003 2235 α
1044 2180 1279 2241 dextris,
1332 2194 1437 2233 non
1485 2177 1660 2232 locum
1685 2220 1700 2243 ,
1739 2180 1835 2233 sed

260 2273 621 2343 aequalitatem
651 2273 820 2343 patris
846 2270 1132 2342 signiﬁcat.
1185 2271 1364 2325 Donec
1386 2285 1484 2340 pro
1512 2284 1725 2338 semper
1759 2270 1837 2323 in-

260 2365 468 2420 ﬁnitum
501 2356 810 2434 signiﬁcat,
859 2371 921 2418 ut
966 2362 1137 2417 illud:
1188 2361 1360 2416 donec
1397 2360 1694 2415 senescatis
1734 2374 1834 2429 ego

259 2470 409 2520 sum,
457 2470 523 2509 ac
557 2454 602 2510 si
640 2455 881 2509 diceret:
921 2452 998 2508 Tu
1031 2466 1244 2521 semper
1282 2452 1430 2516 sede,
1470 2451 1594 2521 quia
1623 2465 1835 2520 semper

258 2545 461 2600 inimici
502 2546 602 2600 sub
640 2545 869 2614 pedibus
915 2543 1020 2597 tuis
1057 2542 1415 2613 subjicientur
1439 2583 1453 2606 ,
1493 2542 1655 2612 pedes
1686 2542 1832 2596 enim

257 2634 474 2692 Domini
526 2634 612 2689 vel
665 2633 965 2689 incarnatio
1062 2633 1146 2687 vel
1198 2634 1298 2704 ipsi
1350 2632 1574 2704 apostoli
1632 2631 1831 2687 intelli—

254 2734 473 2797 gnatm.

327 2816 397 2871 Et
427 2833 576 2872 nemo
600 2826 801 2888 poterat
823 2818 1132 2889 respondere
1151 2818 1199 2871 ei
1224 2818 1451 2884 verbum,
1484 2834 1648 2891 neque
1670 2835 1833 2874 ausus

255 2907 357 2977 fuit
384 2908 659 2979 quisquam
677 2923 742 2961 ex
762 2907 877 2974 illa,
901 2916 1006 2962 etc.
1032 2907 1289 2964 Pbarismi
1311 2916 1366 2963 et
1379 2908 1657 2965 Sadducbi
1686 2924 1833 2981 qua-

255 3008 438 3055 rentes
461 2999 800 3054 occasionem
829 2999 1140 3066 calumnias,
1168 3008 1224 3055 et
1252 3000 1471 3055 verbum
1500 3000 1719 3072 aliquod
1748 3000 1831 3056 in-

251 3095 460 3161 venire,
508 3092 652 3163 quod
693 3101 904 3165 pateret
934 3094 1141 3149 insidiis
1164 3135 1179 3160 ,
1225 3094 1351 3164 quia
1401 3094 1456 3148 in
1492 3095 1831 3151 sermonibus
1857 3101 1901 3164 C

255 3188 515 3244 confutatl
552 3195 681 3244 sunt
707 3228 721 3255 ,
770 3187 909 3243 ultra
938 3201 1046 3242 non
1076 3188 1438 3258 interrogant,
1472 3187 1566 3242 sed
1604 3188 1832 3258 apertis-

254 3281 848 3351 simecomprehensum
876 3278 1134 3334 Romana:
1179 3279 1396 3334 tradunt
1422 3279 1714 3349 potestati,
1762 3296 1830 3336 ex

254 3394 363 3449 quo
391 3377 740 3449 intelligimus
768 3392 975 3432 venena
1003 3377 1216 3431 invidia:
1239 3392 1397 3448 posse
1433 3378 1650 3449 quidem
1674 3393 1832 3448 supe-

253 3464 403 3533 rari,’
418 3467 511 3523 sed
537 3466 751 3524 diﬁicile
773 3469 1177 3538 conquiescere.

327 3579 471 3637 Tum:
494 3580 651 3636 Jesus
677 3580 882 3636 loculus
918 3591 993 3635 est
1023 3582 1092 3635 ad
1121 3583 1301 3637 turbas
1340 3593 1389 3636 et
1430 3583 1499 3636 ad
1546 3583 1829 3656 discipulos

255 3691 393 3739 suos,
425 3675 634 3740 dicens,
669 3684 774 3731 etc.
812 3675 949 3742 Quid
991 3677 1340 3737 mansuetius,
1391 3677 1516 3747 quid
1544 3677 1830 3749 benignius

254 3763 498 3830 Domino,
535 3773 771 3823 tentatur
798 3780 828 3822 a
851 3764 1154 3828 Pharisaais,
1185 3764 1599 3836 confringunlur
1621 3768 1829 3823 insidia:

254 3870 475 3918 eorum,
513 3863 568 3911 et
601 3856 894 3911 secundum
932 3854 1309 3911 Psalmistam:
1339 3854 1559 3927 Sagitta:
1580 3858 1828 3928 parvulo-

254 3961 369 3999 rum
395 3946 549 4015 facta:
576 3954 694 4000 sunt
722 3944 893 4016 plaga:
914 3961 1093 3999 eorum
1129 3943 1300 4017 (Psal.
1338 3944 1516 4016 Lxm),
1547 3955 1602 4001 et
1634 3948 1828 4003 nihilo-

252 4037 431 4094 minus
475 4045 697 4109 propter
738 4036 1098 4091 sacerdotium
1129 4044 1185 4091 et
1226 4037 1461 4092 nominis
1502 4037 1826 4108 dignitatem

252 4128 499 4182 hortatur
517 4125 766 4199 populos,
790 4134 849 4179 ut
870 4125 1224 4195 subjiciuntur
1260 4125 1361 4190 eis,
1386 4141 1493 4180 non
1519 4140 1703 4194 opera,
1733 4127 1826 4181 sed

251 4218 553 4273 doctrinam
600 4215 1024 4270 considerantes.
1070 4212 1222 4280 Quod
1263 4222 1444 4268 autem
1490 4215 1603 4268 ait:
1658 4215 1828 4286 Super

250 4308 551 4366 cathedram
578 4301 714 4358 Mosi
742 4304 983 4357 sederunt
1014 4299 1211 4356 Scribm
1238 4312 1287 4356 et
1310 4301 1593 4367 Phariswi,
1619 4320 1717 4374 per
1738 4321 1827 4362 ca—

252 4397 495 4457 thedram
523 4393 824 4448 doctrinam
855 4391 989 4463 legis
1015 4392 1269 4457 ostendit,
1301 4407 1429 4464 ergo
1448 4401 1502 4447 et
1527 4394 1653 4449 illud
1680 4396 1824 4464 quod

1952 497 2080 553 liter
2103 500 2446 571 intelligenda
2473 503 2600 558 sint.

2025 588 2217 644 Omnia
2236 607 2356 644 vero
2385 608 2540 662 opera
2571 609 2671 647 sua
2700 590 2926 661 faciunt,
2959 604 3015 648 ut
3043 594 3319 648 uideuatur
3342 594 3408 648 ab
3438 593 3536 647 lto-

1950 677 2195 733 minibus.
2245 678 2562 748 Quicunque
2603 681 2770 752 igitur
2796 683 2870 736 ita
2914 682 3044 737 facit
3068 683 3348 753 quodlibet
3369 692 3432 738 ut
3453 683 3536 738 vi-

1950 768 2142 824 deatur
2163 769 2232 824 ab
2259 771 2592 836 hominibus,
2617 772 2797 827 scriba
2825 782 2904 827 est
2930 781 2987 827 et
3007 771 3334 829 Pharisaaus.

2024 859 2260 914 Dilatant
2285 862 2423 915 enim
2441 860 2764 931 phylacteria
2782 879 2900 916 sua.
2932 862 3189 917 Dominus
3210 878 3331 918 cum
3355 863 3534 918 dedis-

1948 959 2029 1005 set
2055 950 2304 1003 [inundata
2337 950 2466 1020 legis
2497 966 2594 1019 per
2637 950 2817 1006 Mosen
2839 990 2855 1017 ,
2881 952 2949 1007 ad
2973 960 3274 1005 extremum
3312 951 3525 1005 intulit:

1947 1038 2159 1109 Ligabis
2188 1055 2249 1093 ea
2280 1041 2334 1093 in
2372 1056 2533 1094 inanu
2568 1050 2695 1103 tua,
2737 1048 2787 1094 et
2820 1050 2973 1095 erunt
3004 1042 3221 1094 immota
3251 1049 3371 1094 ante
3399 1056 3530 1095 ocu-

1945 1126 2023 1180 los
2051 1136 2167 1180 tuus
2215 1128 2392 1198 (Deut.
2422 1128 2539 1197 vn);
2584 1136 2640 1182 et
2680 1136 2765 1183 est
2807 1144 3036 1184 sensus:
3087 1127 3361 1198 Prteccpta
3409 1143 3530 1183 mea

1946 1219 2052 1271 sint
2081 1218 2137 1271 in
2165 1232 2326 1272 manu
2367 1226 2480 1283 tua,
2528 1227 2587 1272 ut
2622 1233 2785 1289 opere
2816 1218 3226 1288 compleantur;
3269 1217 3378 1273 sint
3404 1226 3533 1271 ante

1944 1309 2133 1365 oculos
2159 1319 2282 1364 tuos
2304 1349 2320 1374 ,
2353 1317 2412 1362 ut
2455 1310 2544 1364 die
2570 1325 2634 1364 ac
2665 1317 2821 1363 nocte
2862 1308 3139 1362 mediteris
3168 1307 3221 1361 in
3258 1306 3337 1361 eis
3360 1345 3376 1371 ,
3426 1308 3531 1361 hoc

1942 1396 2201 1452 Pharis-ei
2242 1396 2380 1450 male
2428 1396 2878 1464 interpretantes,
2923 1396 3234 1450 scribebant
3275 1394 3329 1448 in
3358 1408 3532 1448 mem-

1943 1485 2184 1540 branulis
2209 1484 2522 1553 decalogum
2550 1484 2702 1548 Mosi,
2734 1484 2786 1538 id
2813 1493 2916 1547 est,
2948 1484 3135 1538 decem
3176 1483 3309 1552 legis
3334 1483 3525 1546 verba,

1942 1578 2327 1647 complicantes
2353 1592 2437 1641 ea,
2467 1586 2523 1630 et
2545 1576 2772 1646 ligantes
2800 1576 2852 1629 in
2886 1576 3084 1641 fronte,
3111 1584 3167 1631 et
3189 1576 3342 1646 quasi
3369 1590 3527 1631 coro—

1943 1684 2070 1723 nam
2098 1669 2293 1738 capitis
2320 1666 2600 1730 facientes,
2646 1674 2705 1719 ut
2742 1668 2956 1735 semper
2987 1674 3112 1719 ante
3140 1664 3327 1721 oculos
3350 1677 3530 1719 move-

1865 1752 1916 1811 B
1946 1768 2114 1821 retur,
2157 1757 2303 1826 quod
2340 1771 2511 1826 usque
2542 1755 2700 1810 hodie
2731 1755 2844 1809 Indi
2875 1764 2930 1809 et
2960 1752 3140 1809 Persa:
3165 1764 3220 1809 et
3250 1754 3528 1826 Babylonii

1942 1845 2164 1909 faciunt,
2192 1856 2247 1902 et
2273 1847 2367 1916 qui
2393 1847 2497 1901 hoc
2538 1846 2807 1908 habuerit,
2838 1845 2992 1916 quasi
3025 1845 3308 1916 religiosus
3333 1846 3389 1899 in
3434 1861 3529 1914 po-

1938 1936 2077 2007 pulis
2097 1935 2392 2005 judicazur.
2444 1937 2513 1993 Et
2549 1936 2665 1992 haec
2694 1938 2808 2006 ipsa
2840 1937 3149 2007 pistariola,
3194 1937 3527 2008 pbylacteria

1938 2028 2223 2091 vocabant,
2248 2027 2392 2098 quod
2418 2028 2723 2098 quicunque
2751 2028 3026 2084 habuisset
3051 2044 3136 2093 ea,
3165 2028 3320 2099 quasi
3344 2029 3413 2083 ob
3438 2044 3529 2084 cu—

1936 2118 2166 2172 stodiam
2191 2126 2246 2172 et
2272 2118 2664 2173 munimentum
2699 2118 2784 2174 sui
2816 2118 3064 2183 haberet,
3095 2134 3198 2172 non
3225 2117 3530 2188 intelligen-

1938 2208 2081 2262 tibus
2106 2208 2424 2274 Pbarisaeis,
2471 2208 2614 2279 quod
2645 2210 2760 2264 haec
2802 2209 2857 2263 in
2902 2209 3065 2264 corde
3110 2210 3368 2278 portanda
3417 2210 3529 2264 sint

1936 2311 2043 2349 non
2086 2296 2138 2350 in
2168 2312 2394 2365 corpore
2416 2337 2431 2360 ,
2460 2280 2709 2367 alioquin
2740 2305 2793 2350 et
2821 2297 3051 2351 armaria
3080 2304 3133 2350 et
3163 2313 3302 2352 arcm
3328 2296 3530 2352 habent

1938 2383 2108 2440 libros
2131 2394 2187 2440 ct
2210 2386 2456 2440 notitiam
2488 2386 2583 2441 Dei
2612 2400 2717 2440 non
2744 2386 2959 2441 habent.

2007 2498 2350 2570 Magniﬁcam
2399 2499 2658 2569 ﬁmbrias.
2707 2498 2952 2555 Jusserat
2989 2513 3204 2570 quoque
3232 2497 3378 2554 aliud
3414 2498 3530 2553 llo-

1934 2606 2057 2656 ses,
2103 2600 2163 2646 ut
2190 2592 2242 2645 in
2292 2601 2525 2659 quatuor
2570 2590 2784 2662 angulis
2823 2590 3148 2661 palliorum,
3186 2589 3530 2660 byacintiuas

1934 2680 2173 2735 ﬁmbrias
2189 2680 2447 2746 facerent,
2476 2681 2542 2734 ad
2562 2680 2777 2735 lsraelis
2802 2679 3057 2750 populum
3078 2678 3527 2749 dignoscendum,

1931 2781 1993 2827 ut
2032 2771 2302 2843 quomodo
2346 2772 2400 2825 in
2438 2771 2755 2841 corporibus
2795 2770 3135 2826 circumcisio
3179 2769 3393 2839 signum
3433 2766 3530 2822 Ju-

1930 2863 2101 2919 daica:
2141 2862 2318 2933 gentis
2341 2862 2568 2917 haberet
2592 2860 2829 2931 aliquam
2855 2860 3236 2926 diﬁ‘erentiam,
3268 2860 3530 2930 supersti-

1930 2951 2055 3006 tiosi
2081 2950 2348 3020 magistri,
2378 2956 2659 3020 captantes
2684 2964 2870 3004 auram
2899 2948 3234 3021 popularem,
3268 2957 3429 3017 atque
3455 2963 3523 3002 ex

1934 3043 2264 3101 mulierculis
2303 3050 2572 3098 sectantes
2599 3041 2782 3106 lucra,
2816 3040 3087 3097 faciebant
3125 3040 3362 3110 grandes
3398 3039 3522 3094 ﬁm-

1933 3136 2111 3202 brias,
2160 3143 2216 3191 et
2237 3134 2578 3191 acutissimas
2605 3134 2658 3188 in
2685 3134 2765 3189 eis
2794 3133 2977 3203 spinas
3004 3131 3265 3202 ligabant,
3298 3141 3358 3187 ut
3380 3130 3525 3186 ride-

1933 3228 2060 3284 licet
2099 3225 2472 3291 ambulantes,
2511 3233 2568 3281 et
2596 3225 2846 3282 sedentes
2872 3264 2887 3289 ,
2923 3222 3190 3278 interdum
3220 3237 3523 3292 pungere!!-

1933 3327 2040 3384 tur,
2079 3328 2135 3374 et
2163 3319 2316 3389 quasi
2351 3320 2454 3374 hac
2484 3317 2851 3374 admonitione
2881 3318 3288 3372 retraherentur
3310 3318 3378 3372 ad
3408 3315 3523 3373 olli-

1931 3414 2072 3467 cium
2104 3412 2229 3478 Dei,
2259 3420 2316 3466 et
2340 3412 2644 3467 ministeria
2685 3410 2965 3465 servitutis
3004 3406 3141 3477 ejus.
3194 3409 3303 3481 (Ea:
3342 3407 3523 3481 Orig.)

1932 3504 2237 3559 Istiusmodi
2263 3511 2383 3557 erat
2409 3500 2618 3556 ﬁmbria
2658 3517 2825 3571 parva
2849 3511 2903 3555 et
2928 3499 3110 3555 brevis
3136 3516 3201 3557 ex
3237 3500 3355 3571 lege
3382 3516 3524 3570 pne-

1930 3602 2108 3662 cepta,
2147 3608 2308 3663 quam
2333 3600 2391 3659 et,
2418 3591 2611 3646 mulier
2642 3591 2730 3645 illa
2762 3607 2883 3660 qua:
2912 3591 3172 3660 sanguine
3211 3591 3410 3648 ﬂuebat
3440 3601 3520 3651 le-

1932 3685 2070 3756 tigit,
2103 3684 2155 3738 in
2182 3682 2396 3754 palliolo
2426 3682 2662 3746 Domini,
2706 3684 2800 3737 sed
2828 3697 2935 3736 non
2959 3690 3041 3737 est
3066 3692 3388 3752 compuncta
3425 3698 3515 3736 su-

1929 3774 2253 3845 pcrstitiosis
2277 3773 2520 3829 sentibus
2546 3771 2943 3828 Phariszeorum
2964 3811 2979 3839 ,
3026 3771 3306 3845 magisque
3330 3780 3522 3831 sanata

1932 3866 2001 3920 ad
2032 3873 2233 3921 tactum
2263 3864 2400 3935 ejus.

2000 3973 2193 4027 Amant
2219 3988 2423 4043 quoque
2447 3971 2641 4043 primos
2684 3972 2945 4027 reeubitus
2970 3972 3025 4025 in
3054 3971 3212 4025 caenis
3240 3980 3290 4026 et
3318 3970 3517 4041 primas

1928 4065 2205 4119 cathedras
2228 4064 2283 4118 in
2308 4064 2585 4133 synagogis
2612 4072 2660 4118 et
2690 4063 3003 4118 saluationes
3032 4064 3087 4117 in
3112 4064 3229 4133 [ora
3255 4074 3306 4118 et
3335 4065 3514 4119 vocari

1927 4156 1993 4208 ab
2017 4155 2335 4216 hominibus,
2380 4152 2566 4217 Rabbi,
2612 4171 2703 4209 vos
2725 4163 2900 4208 autem
2929 4154 3090 4209 nolite
3124 4156 3301 4208 vocari
3323 4153 3521 4220 Rabbi,

1925 4260 2063 4298 unus
2112 4252 2185 4297 est
2229 4243 2477 4312 magister
2513 4252 2715 4308 vester,
2764 4260 2940 4297 omnes
2978 4253 3154 4298 autem
3187 4260 3277 4297 vos
3322 4244 3514 4313 fratres

1926 4333 2072 4386 estis.
2122 4332 2437 4402 Arguuntur
2464 4347 2496 4385 a
2524 4330 2753 4387 Domino
2790 4332 2845 4386 in
2877 4332 3128 4402 reliquis,
3176 4334 3229 4387 id
3259 4341 3365 4399 est,
3412 4349 3516 4391 cur

1848 4441 1900 4499 D
1926 4430 2173 4492 quterant
2210 4421 2416 4490 primos
2444 4420 2725 4476 accubitus
2750 4422 2807 4476 in
2841 4423 3042 4487 carnis,
3089 4430 3147 4476 et
3182 4424 3387 4492 primas
3421 4439 3514 4479 ea»

249 4486 549 4583 δίίῗξίυτμίη
589 4484 837 4583 Ρδῗιηξθί
882 4483 949 4539 Et
989 4485 1045 4583 δέ’
1083 4486 1329 4583 θίξυδθάνα
1357 4487 1679 4583 -Ρεδξίίθητίίθ
1716 4506 1821 4583 "9"
1848 4483 1897 4499 υ
1923 4483 2140 4568 titejms
2169 4483 2228 4566 iri
2252 4511 2560 4583 synagogis,
2590 4521 2646 4566 et
2678 4511 2732 4566 in
2764 4512 2978 4581 publico
3016 4483 3202 4583 gulam
3233 4521 3513 4570 sectentur

248 4579 400 4636 sedit.
456 4578 524 4632 Et
569 4575 857 4634 cathedras
896 4577 1245 4636 Vendentium
1287 4579 1565 4635 columbas
1603 4582 1818 4648 evertit,

247 4670 546 4725 doctrinam
569 4670 825 4724 debemus
850 4670 1116 4740 accipere.

319 4782 427 4854 {Ex
446 4782 693 4853 August.)
739 4781 830 4841 llla
861 4800 991 4853 ergo
1022 4785 1275 4839 cathedra
1321 4802 1424 4841 non
1468 4802 1687 4852 eorum,
1725 4791 1818 4844 sed

248 4875 378 4934 Mosi
404 4877 628 4947 cogebat
653 4889 745 4930 eos
777 4875 916 4929 bona
942 4876 1153 4939 dicere,
1203 4878 1366 4932 etiam
1409 4894 1514 4933 non
1553 4880 1691 4934 bona
1736 4880 1814 4935 fa-

246 4969 468 5022 cientes.
494 4967 737 5037 Agebant
762 4982 891 5035 ergo
919 4983 1012 5021 sua
1044 4967 1096 5021 in
1117 4968 1222 5022 vita
1252 4984 1367 5024 sua.
1408 4968 1606 5026 Docere
1634 4983 1812 5028 autem

246 5077 343 5116 sua
391 5061 647 5115 cathedra
698 5060 816 5114 illos
862 5074 967 5114 non
1006 5061 1351 5128 permitteiat
1393 5063 1587 5116 aliena.
1637 5063 1816 5121 Multis

244 5154 428 5218 itaque
451 5160 676 5222 prosunt
711 5152 938 5206 dicendo
974 5166 1095 5219 qua:
1132 5168 1239 5206 nou
1268 5152 1496 5219 faciunt,
1531 5155 1626 5209 sed
1659 5156 1816 5227 longe

244 5245 487 5316 pluribus
512 5243 829 5311 prodessent
856 5240 1105 5301 faciendo
1130 5257 1248 5311 qua:
1275 5242 1475 5298 dicunt.

302 5334 542 5405 .Alligant
570 5341 745 5386 autem
774 5347 931 5387 onera
957 5331 1137 5401 gravia
1162 5341 1209 5386 et
1236 5332 1607 5402 importubilia,
1638 5344 1686 5387 et
1715 5335 1815 5387 im-

244 5437 437 5495 ponunt
466 5425 519 5477 in
544 5423 771 5477 humeris
799 5423 1086 5483 hominum,
1114 5422 1278 5493 digito
1310 5433 1485 5478 autem
1505 5440 1602 5478 suo
1632 5426 1814 5481 uolunt

245 5531 558 5573 mauorcre.
611 5513 711 5583 (Ex
756 5512 997 5584 Hieron.)
1039 5513 1150 5568 Hoc
1189 5513 1514 5584 generaliter
1556 5516 1817 5572 adversus

247 5623 434 5664 otnues
456 5605 737 5672 niagistros
755 5643 770 5667 ,
796 5603 886 5671 qui
912 5602 1133 5671 grandia
1155 5602 1364 5672 jubent,
1393 5611 1447 5659 ct
1473 5603 1679 5659 minora
1710 5621 1815 5661 non

252 5696 471 5760 faciunt.
517 5694 816 5751 Notandum
846 5695 1188 5767 autemquod
1215 5704 1261 5750 ct
1306 5694 1514 5751 humeri
1541 5703 1595 5752 et
1623 5695 1819 5768 digitus

1919 4610 1975 4657 et
2006 4602 2250 4672 gloriam,
2282 4608 2339 4656 et
2384 4608 2644 4655 vocentur
2681 4600 2751 4655 ab
2773 4600 3084 4657 hominibus
3112 4601 3315 4667 Rabbi,
3362 4603 3511 4672 quod

1920 4694 2113 4749 Latino
2138 4707 2392 4749 sermone
2412 4692 2674 4761 magister
2705 4692 2922 4748 dicitur.

1990 4784 2098 4854 (Ea:
2126 4782 2371 4853 August.)
2399 4781 2648 4853 Nunquid
2672 4783 2926 4853 putanda:
2945 4790 3074 4837 sunt
3097 4782 3383 4853 scriptura:
3409 4781 3507 4838 Dei

1918 4875 2021 4931 sibi
2047 4890 2166 4930 esse
2194 4873 2521 4928 contrariaa?
2553 4881 2609 4929 et
2647 4873 2770 4928 ideo
2799 4872 3178 4944 negligendum
3213 4880 3316 4935 est,
3362 4874 3509 4943 quod

1920 4966 2181 5033 scriptum
2207 4974 2292 5018 est
2316 4982 2329 5016 :
2381 4961 2605 5018 Honora
2630 4973 2836 5033 patrem
2863 4973 3012 5016 tuum
3040 4972 3087 5016 et
3113 4973 3333 5019 matrem
3360 4973 3506 5019 tuam

1921 5054 2116 5125 (Exod.
2150 5055 2265 5127 xx),
2297 5069 2608 5124 quanquam
2637 5064 2697 5109 ut
2716 5064 2924 5126 patrem
2949 5054 3306 5127 intelligamus
3328 5056 3505 5125 ipsum

1918 5150 2107 5211 Deum,
2156 5156 2211 5202 et
2253 5156 2481 5201 matrem
2506 5162 2636 5201 vero
2673 5146 2994 5211 ecclesiam,
3034 5156 3406 5202 verumtamen
3446 5147 3503 5205 in

1922 5239 2170 5293 omnibus
2193 5252 2375 5292 rerum
2402 5237 2538 5291 ordo
2561 5236 2863 5292 servandus
2885 5247 2991 5302 est,
3020 5252 3128 5292 non
3160 5238 3303 5293 enim
3339 5236 3506 5292 hono-

1917 5334 2237 5390 riﬁceutiam
2280 5346 2400 5401 qua:
2446 5331 2673 5387 debetur
2704 5332 3018 5402 parentibus
3064 5333 3323 5387 Dominus
3376 5346 3501 5386 eva-

1920 5426 2100 5481 cuabit
2121 5424 2343 5479 dicens:
2384 5421 2436 5477 Ν
2439 5439 2466 5476 ε
2492 5422 2633 5476 vobis
2662 5423 2846 5477 vocetis
2877 5432 3077 5493 patrem
3106 5437 3261 5492 super
3281 5430 3500 5483 terram,

1920 5516 2013 5570 sed
2039 5496 2175 5583 quos
2205 5512 2446 5585 erigebat
2478 5512 2529 5567 iu
2565 5527 2715 5581 spem
2743 5514 2866 5567 vita:
2901 5520 3118 5567 :eterna:
3147 5511 3341 5571 salvos,
3370 5518 3503 5565 tem~

1923 5606 2135 5677 porales
2162 5605 2294 5659 istas
2321 5602 2748 5658 necessitudines
2780 5602 3115 5656 trausiturias
3146 5600 3367 5653 docebat
3386 5638 3400 5659 ,
3440 5609 3500 5657 ut

1928 5697 1980 5753 in
2006 5710 2127 5752 cum
2158 5710 2215 5749 se
2253 5702 2460 5766 patrem
2486 5693 2867 5758 extenderent,
2898 5691 2983 5748 cui
3010 5708 3115 5748 non
3143 5690 3345 5749 mortui
3375 5705 3506 5763 suc;
