3952 6412
479 284 587 342 ιτς

1784 275 2137 332 SMARAGDI
2175 276 2459 337 ABBATZS

3639 282 3754 334 476

478 397 694 457 cessuri
730 403 937 460 essent,
981 392 1076 450 sed
1124 406 1246 448 cum
1285 390 1376 446 illo
1424 404 1638 460 semper
1675 389 1872 444 victuri
1912 398 2056 444 sunt.
2089 393 2135 450 Α
2161 389 2485 461 cognitionis
2520 391 2715 447 ﬁducia
2743 391 2870 449 freti
2903 394 3269 448 indubitanter
3296 392 3749 462 aggrederentur,

479 492 620 563 Ergo
642 488 796 544 nobis
826 494 1029 558 patres,
1067 493 1120 540 et
1151 484 1414 540 habemus
1446 491 1651 553 patres,
1681 490 1738 538 et
1760 498 1949 539 sunms
1971 498 2061 551 pa-

382 608 394 657 ,
478 590 610 645 tres,
658 579 843 635 multis
871 577 1067 643 modis,
1114 576 1211 633 sed
1253 591 1363 630 uno
1399 584 1455 631 et
1482 574 1745 647 singulari
1784 576 1943 632 modo
1968 591 2060 632 eo-

387 704 396 715 ι
475 672 705 740 demque
730 677 936 724 aeterno
965 668 1114 725 solus
1139 669 1284 724 Deus
1324 676 1479 735 pater
1506 674 1607 727 est.

549 762 614 817 Et
649 771 854 834 patrem
895 761 1055 816 nolite
1078 776 1266 816 vocare
1289 760 1434 816 nobis
1474 776 1629 831 super
1659 769 1887 826 terrain,
1926 777 2059 814 unus

472 863 549 909 est
573 852 715 908 enim
742 861 894 924 pater
936 862 1121 915 vester,
1165 852 1256 923 qui
1293 852 1351 905 in
1392 850 1534 905 culis
1571 859 1680 913 est,
1722 867 1786 904 ne
1811 850 2060 904 memini

471 943 753 1012 magister,
793 943 918 1013 quia
945 942 1193 1012 magister
1215 950 1390 996 uester
1406 957 1542 995 unus
1567 951 1642 996 est
1673 940 1942 1001 Christus;
1972 940 2060 1012 qui

472 1034 651 1103 major
672 1041 748 1087 est
776 1041 1025 1097 uestrum,
1054 1033 1152 1086 erit
1185 1031 1423 1085 minister
1458 1040 1642 1086 vester.
1683 1030 1783 1102 (Ex
1812 1030 2057 1102 Hieron.)

476 1125 587 1181 Nec
633 1126 891 1197 magister
936 1139 1038 1179 nec
1078 1132 1235 1193 pater
1280 1123 1553 1178 vocandus
1597 1130 1684 1179 est
1729 1123 1904 1189 ullus,
1952 1125 2056 1179 nisi

474 1215 618 1272 Deus
647 1226 821 1286 pater,
857 1226 913 1271 et
935 1217 1194 1271 Dominus
1223 1213 1380 1270 Jesus
1407 1214 1675 1271 Christus.
1710 1215 1903 1281 Pater,
1930 1218 2058 1286 quia

474 1321 541 1361 ex
565 1307 681 1376 ipso
701 1315 828 1361 sunt
846 1305 1047 1361 omnia.
1081 1305 1353 1376 Magister,
1382 1304 1509 1374 quia
1536 1320 1634 1375 per
1655 1306 1827 1376 ipsum
1851 1306 2052 1373 omnia,

472 1397 556 1451 vel
590 1397 861 1467 quomodo
901 1412 999 1467 per
1028 1397 1484 1467 dispensationem
1529 1397 1711 1452 carnis
1746 1410 1933 1451 omnes
1969 1413 2055 1453 re—

474 1486 749 1543 conciliati
789 1502 976 1542 sumus
1016 1486 1147 1541 Deo.
1185 1485 1293 1540 Nos
1328 1487 1374 1541 si
1414 1487 1685 1541 hominem
1716 1495 1925 1557 patrem
1965 1503 2059 1543 vo-

474 1592 683 1643 camus,
713 1577 972 1632 honorem
999 1578 1145 1632 aetati
1173 1574 1489 1642 deferimus,
1523 1591 1627 1631 non
1652 1584 1927 1632 auctorem
1963 1593 2059 1632 no-

473 1676 603 1722 strae
635 1668 970 1722 ostendimus
1009 1667 1149 1721 vitae.
1202 1665 1459 1736 Magister
1499 1681 1714 1736 quoque
1750 1666 1949 1722 dicitur
1988 1682 2055 1721 ex

2158 482 2318 551 pauci
2344 482 2561 545 multos,
2608 483 2843 539 inermes
2890 494 3160 549 armatos,
3197 484 3430 539 humiles
3455 485 3748 555 superbos.

2158 572 2360 627 inﬁrmi
2409 572 2651 638 nobiles,
2704 574 2812 629 vivi
2856 582 3037 631 tamen
3083 574 3436 644 spiritualiter
3474 584 3746 631 mortuos.

2158 663 2311 732 Quod
2346 673 2529 720 autem
2557 665 2637 721 sit
2659 705 2675 732 ,
2725 666 3058 737 signiﬁcavit,
3090 666 3296 737 aliquid
3341 666 3507 720 etiam
3533 664 3751 722 futuro-

2160 771 2280 810 rum
2305 763 2361 811 et
2387 756 2768 826 mysteriorum
2791 757 3048 812 ostendit.
3096 755 3209 812 Nec
3234 754 3521 827 superﬁcie
3546 757 3750 811 litters:

2158 863 2258 903 nos
2281 850 2452 905 voluit
2478 864 2763 907 remanere
2784 857 3086 916 contentos,
3117 863 3255 919 quos
3277 850 3347 905 ad
3372 850 3628 921 mysteria
3659 849 3746 906 al-

2158 940 2268 995 tius
2291 940 2681 1010 perscrutanda
2706 940 3116 1011 signiﬁcationis
3143 940 3309 996 verbo
3337 939 3466 995 fecit
3485 940 3744 998 intentos.

2159 1030 2328 1087 Recte
2368 1045 2500 1086 sane
2529 1028 2758 1100 adjecit,
2810 1034 2909 1103 per
2955 1031 3203 1102 angelum
3251 1047 3407 1088 suum
3444 1049 3473 1087 a
3522 1032 3748 1087 Christo

2156 1119 2325 1176 fuisse
2367 1120 2631 1190 discipulo
2677 1121 3041 1177 demonstrata
3067 1161 3082 1188 ,
3134 1122 3224 1179 cui
3268 1137 3366 1192 per
3407 1131 3746 1193 assumptam

2158 1220 2486 1277 creaturam,
2532 1213 2674 1269 Deus
2701 1222 2758 1268 et
2783 1230 2926 1271 unus
2951 1212 3095 1269 ﬁlius
3117 1253 3135 1280 ,
3183 1228 3293 1271 non
3319 1228 3418 1284 per
3442 1213 3748 1269 divinitatis

2156 1304 2451 1360 essentiam
2476 1303 2751 1361 Christum
2782 1321 2999 1376 semper
3024 1306 3227 1362 dareat
3254 1307 3568 1378 apparuisse
3598 1321 3749 1363 mor-

2158 1395 2374 1460 talibus,
2421 1404 2479 1451 et
2496 1406 2622 1454 ante
2652 1399 3077 1455 incarnationem
3116 1410 3172 1455 et
3197 1409 3320 1469 post
3342 1400 3743 1455 ascensionem.

2157 1485 2451 1555 Propterea
2495 1487 2543 1542 is
2578 1488 2671 1557 qui
2719 1502 2844 1545 eum
2885 1490 3205 1560 magistrum
3235 1498 3502 1555 noverat,
3550 1490 3605 1546 in
3641 1490 3746 1546 bo-

2158 1577 2306 1633 mine
2380 1588 2634 1649 suscepto
2702 1580 3077 1637 testimonium
3137 1582 3415 1651 perhibuit
3482 1580 3744 1637 invisibili

2159 1670 2352 1734 verlso,
2423 1686 2488 1725 ac
2531 1688 2599 1727 ne
2651 1672 2816 1727 verbo
2854 1680 3066 1728 tantum
3119 1674 3458 1731 sentiendum
3508 1675 3748 1746 quisque

471 1762 745 1817 consortio
784 1761 900 1816 veri
946 1761 1277 1832 magisterii,
1326 1769 1383 1816 et
1421 1775 1489 1815 ne
1531 1760 1742 1816 inﬁnita
1774 1760 2051 1830 repiieem,
2082 1761 2128 1819 Β
2155 1768 2408 1829 putaret,
2480 1775 2677 1817 nomen
2722 1778 2912 1818 rursus
2951 1761 3112 1820 Jesus
3149 1764 3401 1822 Christus
3440 1765 3744 1835 subiunxit,

472 1856 743 1927 quomodo
769 1871 912 1911 unus
936 1870 1034 1926 per
1062 1864 1309 1910 naturam
1335 1853 1499 1919 Deus,
1536 1862 1588 1908 et
1619 1869 1760 1909 unus
1786 1853 1926 1908 ﬁlius
1948 1868 2055 1908 non

468 1943 785 2015 prmjudicat
814 1946 1055 2011 caneris,
1102 1961 1171 2001 ne
1196 1960 1295 2015 per
1325 1945 1664 2015 a.l0ptionem
1690 1945 1773 2000 Dii
1798 1953 2059 2001 vocentur

471 2046 523 2092 et
558 2036 686 2099 ﬁlii,
739 2037 816 2091 ita
839 2044 895 2090 et
927 2052 1067 2091 unus
1092 2045 1247 2106 pater
1273 2043 1327 2090 et
1361 2035 1618 2106 magister
1657 2051 1763 2090 non
1801 2034 2056 2106 prtejudi-

473 2136 563 2184 cat
605 2128 744 2195 aliis,
796 2136 854 2184 ut
903 2128 1127 2183 abusive
1169 2127 1508 2199 appellentur
1552 2136 1740 2199 patres
1787 2136 1842 2183 et
1885 2129 2058 2200 magi-

475 2219 596 2274 stri.

546 2308 651 2376 Qui
695 2326 753 2365 se
799 2308 995 2365 exaltat
1040 2309 1436 2374 humiliabitur,
1484 2318 1538 2363 et
1578 2311 1670 2380 qui
1711 2326 1767 2364 se
1812 2311 2055 2365 Itumiliat

470 2400 810 2456 emirabitur.
871 2402 1279 2471 Expositionem
1339 2400 1495 2455 istius
1547 2401 1829 2456 sententia:
1872 2416 2055 2472 qmere

471 2494 722 2562 Superius
750 2493 805 2548 in
833 2492 1168 2548 hebdomada
1209 2492 1614 2549 octavadecima
1640 2501 1765 2564 post
1796 2492 2055 2550 Penteco-

475 2592 615 2640 Sic".

475 2712 541 2769 IN
571 2712 845 2771 NATALE
891 2715 1137 2774 SANCTI
1180 2718 1622 2778 ARCHANGELI
1662 2721 2047 2782 MICIIAELIS.

647 2843 902 2884 ΕΡιδτοιΛ
940 2844 1010 2885 ΕΚ
1048 2847 1365 2891 APOCALYPSI
1399 2849 1649 2901 SOMNIS,
1681 2851 1799 2892 CAP.
1833 2853 1850 2892 1

546 2982 567 3015 s
602 2963 936 3036 Signiﬁcavit
963 2965 1105 3021 Deus
1130 2981 1250 3037 quae
1270 2976 1482 3040 oportet
1506 2967 1622 3024 ﬁeri
1648 2970 1779 3036 cito,
1804 2977 1859 3025 et
1887 2970 2053 3042 signi-

476 3071 496 3105 ι
541 3053 718 3109 ﬁcavit
744 3055 968 3125 loquens
993 3072 1090 3127 per
1117 3059 1366 3127 angelum
1392 3074 1549 3115 servo
1574 3075 1672 3116 suo
1704 3059 1920 3127 Joanni,
1956 3064 2047 3134 qui

476 3166 495 3195 s
543 3146 908 3201 testimonium
935 3147 1207 3217 perhibuit
1231 3149 1398 3204 verbo
1442 3149 1558 3215 Dei,
1598 3159 1654 3205 et
1683 3151 2050 3209 testimonium

478 3257 494 3287 ι
540 3236 666 3293 Jesu
695 3237 920 3302 Christi,
945 3255 1281 3311 quaecunque
1308 3241 1461 3295 vidit.
1494 3242 1687 3298 Beatus
1715 3244 1807 3313 qui
1838 3242 1967 3315 legit
1996 3253 2053 3299 et

472 3349 490 3379 s
540 3331 689 3384 audit
711 3329 874 3385 verba
904 3332 1200 3399 prophetiae
1217 3330 1375 3400 hujus
1388 3341 1443 3386 et
1463 3343 1642 3388 servat
1666 3349 1753 3397 ea,
1775 3350 1895 3403 qua:
1915 3336 1966 3389 in
1988 3350 2050 3389 ea

476 3438 495 3469 ι
544 3420 744 3488 scripta
788 3430 932 3483 sunt,
962 3428 1174 3491 tempus
1195 3422 1339 3475 enim
1382 3437 1549 3493 prope
1573 3432 1675 3478 cst.
1704 3421 1941 3479 Joannes
1967 3441 2053 3480 se-

473 3528 492 3559 s
536 3518 683 3579 ptem
709 3509 978 3574 ecclesiis,
1011 3527 1131 3581 quae
1170 3520 1301 3567 sunt
1340 3512 1395 3566 in
1422 3512 1571 3567 Asia.
1603 3512 1791 3568 Gratia
1819 3513 1970 3569 vobis
1998 3524 2053 3571 cl.

474 3617 495 3649 ι
538 3613 644 3668 pax
674 3599 742 3654 ab
767 3614 853 3663 eo,
902 3600 1126 3668 quiest,
1175 3608 1233 3655 et
1272 3601 1364 3671 qui
1396 3609 1544 3669 erat,
1590 3613 1644 3657 et
1671 3604 1763 3674 qui
1791 3612 2052 3661 venturus

467 3709 492 3739 ι
539 3698 644 3753 est,
671 3697 725 3744 et
746 3704 776 3743 a
806 3699 1008 3762 septem
1032 3691 1328 3761 spiritibus,
1357 3694 1447 3763 qui
1477 3694 1530 3749 in
1554 3704 1843 3767 conspectu
1872 3697 2052 3753 throni

473 3797 492 3827 ι
536 3775 651 3845 ejus
678 3786 825 3843 sunt,
853 3786 910 3833 et
939 3794 969 3832 a
995 3777 1120 3833 Jesu
1162 3779 1380 3836 Christo
1402 3822 1418 3848 ,
1449 3784 1539 3854 qui
1568 3793 1652 3839 est
1678 3785 1828 3840 testis
1856 3784 2048 3853 ﬁdelis,

474 3886 492 3917 ε
537 3866 931 3939 primogenitus
999 3877 1334 3925 mortuorum
1361 3913 1377 3938 ,
1440 3881 1496 3929 et
1555 3874 1808 3946 princeps
1863 3891 2054 3948 regum

475 3977 494 4008 ο
540 3966 717 4013 terrae.
762 3957 865 4025 Qui
904 3959 1091 4015 dilexit
1114 3976 1241 4027 nos,
1269 3970 1323 4016 et
1350 3962 1480 4018 lavit
1505 3979 1603 4019 nos
1632 3979 1663 4019 a
1694 3967 1931 4034 peccatis
1957 3982 2051 4022 no-

472 4068 493 4101 s
539 4048 673 4103 stris
697 4049 754 4103 in
793 4050 1054 4121 sanguine
1081 4066 1214 4113 suo.
1254 4060 1309 4107 et
1334 4050 1467 4109 fecit
1502 4068 1604 4109 nos
1630 4068 1856 4126 regnum
1883 4065 1936 4111 et
1960 4072 2050 4111 sa-

473 4159 491 4191 s
536 4141 785 4196 cerdotes
815 4139 928 4198 Deo
952 4152 1007 4197 et
1032 4144 1174 4213 patri
1200 4157 1317 4200 suo.
1347 4143 1454 4214 ipsi
1480 4145 1650 4216 gloria
1684 4154 1741 4202 et
1766 4148 2049 4219 imperium

473 4249 493 4285 α
538 4232 592 4289 in
623 4233 821 4289 szncula
849 4235 1185 4291 mulorum.
1217 4235 1410 4291 Amen.
1449 4258 1467 4291 ι

535 4322 607 4377 In
640 4322 820 4378 diebus
867 4324 974 4382 illis
1012 4326 1325 4397 signiﬁcavit
1366 4328 1506 4384 Deus
1552 4347 1669 4402 qua:
1701 4339 1901 4400 oportet
1934 4330 2049 4399 ﬁeri

466 4414 588 4468 cito.
623 4413 725 4485 (Ex
747 4413 934 4490 Beda.)
977 4416 1089 4471 Hoc
1110 4426 1212 4483 est,
1242 4420 1598 4488 signiﬁcavit:
1627 4423 1869 4490 mysticis
1898 4436 2046 4476 cam—
2074 4457 2124 4516 Β

467 4507 588 4561 dem
617 4506 976 4578 Apocalypsin
1002 4509 1163 4564 dictis
1203 4511 1480 4576 innexuit,
1526 4527 1596 4567 ne
1625 4514 1834 4567 cunctis
1873 4514 2047 4567 mani-

468 4597 607 4653 festa
637 4598 935 4653 vilesceret.
967 4597 1110 4664 Cito,
1162 4600 1212 4653 id
1236 4610 1351 4665 est,
1378 4615 1498 4671 quae
1526 4602 1579 4656 in
1624 4603 1877 4672 μηδι-ιιιί
1910 4611 2048 4656 tem-

468 4704 600 4760 pore
623 4697 747 4743 sunt
773 4688 1017 4743 ecclesia:
1042 4698 1291 4744 ventura.

540 4780 776 4850 Loquens
816 4796 909 4849 per
952 4779 1193 4850 angelum
1246 4796 1419 4835 suunt.
1475 4781 1736 4835 Dominus
1774 4789 1929 4851 pater
1955 4796 2051 4852 per

468 4871 639 4927 ﬁlium
687 4885 869 4934 suum,
899 4872 1027 4942 quia
1080 4870 1317 4941 Angelus
1362 4872 1544 4941 magni
1587 4874 1796 4928 consilii
1852 4874 2049 4928 dicitur

466 4959 736 5015 Christus.
790 4958 916 5015 Sive
945 4960 1167 5032 angelus
1210 4959 1402 5016 Joanni
1446 4962 1499 5016 in
1542 4960 1712 5033 ﬁgura
1742 4962 1946 5019 Christi
1971 4964 2053 5017 vi-

468 5065 565 5107 sus
607 5059 732 5116 est,
780 5049 923 5106 sicut
968 5049 1025 5106 in
1080 5051 1432 5122 sequentibus
1472 5051 1814 5111 manifestius
1881 5067 2047 5125 appao

469 5143 630 5198 rebit.
1549 5144 1556 5151 '

540 5236 649 5308 (Ex
678 5233 932 5309 Primas.)
982 5236 1112 5305 Quae
1148 5244 1362 5308 oportet
1408 5238 1522 5295 ﬁeri
1559 5237 1669 5294 cito
1694 5280 1709 5303 ,
1752 5238 1932 5295 omnis
1960 5253 2051 5295 res

468 5345 588 5400 qum
622 5330 851 5401 geritur,
896 5330 1268 5401 temporaliter
1290 5330 1453 5387 habet
1487 5339 1733 5386 exortum
1758 5339 1814 5386 et
1829 5347 2047 5388 cursum

468 5433 524 5478 et
552 5424 860 5479 terminum.
894 5421 1024 5478 Post
1043 5431 1287 5479 exortum
1312 5431 1491 5478 autem
1512 5422 1771 5486 ecclesiae;
1797 5435 1916 5490 quas
1935 5420 2048 5489 jam

470 5516 645 5570 fuerat
683 5514 1044 5584 apostolorum
1089 5514 1471 5585 praedicatione
1516 5512 1735 5567 fundata
1762 5553 1777 5578 ,
1818 5513 2047 5568 revelari

467 5609 702 5675 oportuit
729 5607 961 5677 qualiter
993 5605 1183 5664 fuisset
1202 5607 1366 5662 latius
1396 5598 1762 5677 propaganda,
1793 5603 1875 5659 vel
1898 5604 2043 5674 quali

465 5700 624 5754 etiam
664 5699 769 5755 ﬁne
799 5708 1078 5767 contenta,
1121 5708 1179 5755 ut
1205 5699 1582 5768 prrrlicatores
1612 5696 1853 5752 veritatis
1885 5694 2043 5766 hujus

2159 1851 2302 1918 quoi
2350 1852 2417 1906 ad
2467 1853 2703 1923 suscepti
2750 1854 2985 1911 hominis
3028 1854 3257 1912 formam
3312 1857 3587 1927 pertinere
3632 1873 3747 1914 non

2158 1944 2351 1998 nescit.

2230 2036 2387 2092 Serra
2426 2055 2523 2093 suo
2562 2038 2779 2094 Joanui.
2830 2040 2964 2096 Cum
3003 2040 3139 2097 dicit
3170 2043 3315 2098 omni
3356 2041 3645 2109 Ecclesiae,
3684 2043 3743 2097 in

2158 2144 2265 2183 uno
2297 2130 2537 2185 revelare
2562 2131 2747 2195 voluit,
2782 2148 2943 2203 quam
2978 2134 3033 2188 in
3070 2134 3274 2189 unitate
3307 2133 3569 2199 fundavit,
3618 2135 3748 2191 ideo

2156 2221 2286 2278 dicit
2321 2220 2495 2290 palam
2527 2220 2706 2277 facere
2741 2224 2913 2279 servis
2948 2225 3082 2290 suis,
3114 2240 3221 2280 non
3256 2224 3428 2280 solum
3461 2240 3627 2281 unum
3669 2239 3744 2280 ex

2156 2311 2367 2377 multis,
2409 2312 2499 2368 sed
2527 2327 2615 2383 per
2660 2329 2827 2370 unum
2852 2317 3028 2385 potius
3061 2315 3357 2371 universis.‘
3393 2314 3550 2371 Sicut
3586 2314 3742 2387 regni

2155 2404 2411 2459 calorum
2439 2406 2582 2460 solus
2606 2404 2801 2462 Petrus
2824 2407 3002 2462 claves
3042 2408 3269 2479 accepit,
3300 2422 3405 2477 qua
3439 2414 3620 2462 tamen
3644 2423 3747 2478 po-

2156 2500 2350 2548 testate
2368 2494 2547 2549 omnis
2580 2495 2818 2550 Ecclesia
2859 2498 2937 2551 uti
2974 2496 3261 2552 sublimata
3293 2498 3611 2567 promeruit.

2222 2583 2419 2640 Beatus
2440 2587 2529 2656 qui
2549 2586 2691 2657 legit,
2722 2597 2770 2641 et
2792 2588 2887 2659 qui
2903 2587 3052 2642 audit
3077 2588 3230 2642 verba
3251 2588 3533 2659 praphetiae
3551 2576 3740 2657 hujus.

2158 2676 2393 2733 Dicendo
2422 2679 2512 2746 qui
2546 2678 2694 2749 legit,
2740 2687 2796 2733 et
2821 2680 2911 2749 qui
2939 2679 3185 2741 audiunt.
3213 2693 3504 2750 personam
3542 2678 3737 2733 docto-

2154 2784 2274 2824 rum
2316 2777 2373 2825 et
2400 2770 2724 2825 discentium
2773 2771 3208 2836 demonstravit,
3253 2779 3316 2825 ut
3349 2779 3406 2825 et
3437 2770 3616 2826 studio
3661 2766 3741 2825 le-

2153 2858 2312 2929 geudi
2342 2859 2599 2914 desidiam
2629 2869 2931 2915 removeret
2977 2868 3035 2916 et
3068 2860 3412 2916 servantibus
3450 2857 3742 2914 beatitudi-

2152 2962 2277 3002 nem
2309 2948 2688 3017 desponderet.

2154 3032 2159 3037 ’
2222 3036 2291 3091 Et
2325 3049 2532 3093 servant
2558 3056 2643 3104 ea,
2671 3057 2787 3111 qua:
2810 3041 2865 3094 in
2904 3042 2978 3095 eis
3001 3042 3196 3111 scripta
3221 3051 3363 3095 sunt.
3410 3038 3544 3108 Quia
3571 3040 3740 3095 utris—

2152 3146 2257 3202 que
2288 3148 2507 3187 servare
2532 3134 2808 3202 competit,
2838 3143 3097 3202 utrosque
3129 3134 3403 3190 convenit.
3445 3131 3568 3187 Non
3598 3132 3739 3186 enim

2151 3223 2415 3278 auditores
2450 3224 2579 3294 legis
2590 3224 2725 3295 justi
2748 3234 2868 3280 sunt
2895 3225 3036 3295 apud
3062 3225 3249 3291 Deum,
3282 3224 3373 3279 sed
3408 3224 3635 3294 factores
3661 3222 3738 3275 le-

2150 3314 2229 3385 gis
2247 3315 2685 3386 justi/icabuntur
2715 3315 2891 3388 (Rom.
2927 3318 3009 3387 ιι).

2225 3403 2446 3476 Tempus
2484 3406 2619 3459 cnim
2656 3424 2814 3477 prope
2852 3417 2949 3462 est.
3000 3406 3242 3472 Scilicet,
3288 3417 3349 3463 ut
3382 3407 3592 3479 singula
3618 3422 3741 3477 qua!

2151 3495 2373 3551 dicenda
2401 3504 2527 3551 sunt
2548 3496 2892 3565 impleantur.

2218 3586 2452 3642 Joannes
2492 3598 2684 3659 septem
2726 3588 2999 3653 Ecclesiis,
3044 3605 3161 3659 qua’
3188 3597 3308 3642 sunt
3346 3589 3401 3642 in
3437 3590 3586 3643 Asia.
3625 3588 3734 3643 Hoc

2150 3688 2274 3744 est,
2321 3678 2414 3733 uni
2461 3679 2717 3734 Ecclesiae
2764 3678 3081 3748 septiformi.
3147 3678 3468 3747 Septenario
3511 3693 3737 3732 numero

2152 3784 2292 3840 δεῦρο
2319 3769 2500 3824 unitas
2544 3768 2829 3841 ﬁguratur,
2878 3783 2943 3823 eo
2972 3768 3113 3840 quod
3139 3782 3205 3823 ex
3244 3767 3421 3838 primo
3463 3768 3655 3837 impari
3682 3776 3737 3821 et

2148 3861 2325 3930 primo
2353 3859 2492 3930 pari,
2526 3859 2577 3914 id
2606 3869 2689 3914 est
2713 3860 2957 3915 ternario
2982 3868 3039 3915 et
3060 3859 3429 3929 quaternario,
3476 3867 3732 3927 tanquam

2150 3965 2217 4005 ex
2247 3950 2457 4005 diverso
2483 3950 2807 4023 universitas
2832 3958 2943 4004 tota
2970 3948 3273 4005 conﬁcitur.
3304 3946 3437 4002 Nam
3465 3958 3515 4003 et
3538 3947 3733 4001 animm

2129 4041 2499 4111 ’corporisque
2538 4041 2823 4097 diversitas
2854 4042 3024 4113 ipsam
3053 4040 3315 4096 unitatem
3343 4040 3553 4095 numeri
3574 4038 3732 4110 hujus

2149 4131 2544 4204 complectitur,
2596 4130 2690 4187 sed
2728 4132 2796 4186 ad
2824 4132 3062 4186 animam
3088 4131 3193 4186 tria
3223 4131 3526 4201 pertinent,
3569 4140 3623 4186 et
3665 4130 3733 4185 ad

2149 4241 2348 4296 corpus
2375 4235 2629 4297 quatuor.
2663 4226 2873 4281 Dicitur
2900 4242 3136 4298 namque
3158 4226 3463 4297 diligendus
3482 4233 3568 4281 est
3588 4223 3731 4280 Deus

2149 4329 2216 4371 ex
2248 4324 2359 4371 toto
2386 4317 2567 4381 corde,
2591 4332 2656 4371 ex
2688 4325 2799 4371 tota
2829 4318 3031 4382 anima,
3061 4327 3116 4372 et
3138 4332 3202 4372 ex
3233 4298 3345 4371 tota
3374 4322 3574 4371 mente.
3605 4312 3734 4369 Cor-

2148 4406 2299 4474 poris
2321 4415 2501 4461 autem
2527 4415 2684 4465 notas
2716 4408 2974 4464 habemus
3010 4416 3243 4478 quatuor
3270 4406 3558 4479 qualitates
3579 4446 3595 4470 ,
3639 4418 3732 4460 ca-

2153 4497 2319 4553 lidam
2344 4504 2398 4553 et
2434 4497 2680 4569 frigidam
2707 4540 2721 4564 ,
2766 4500 2967 4554 siccam
3018 4509 3075 4554 et
3116 4498 3392 4554 humidam
3420 4538 3436 4562 ,
3482 4505 3730 4568 propter-

2153 4603 2215 4642 ea
2246 4590 2408 4643 etiam
2455 4589 2671 4643 canitur
2709 4606 2722 4642 :
2772 4587 2971 4660 Sepries
2999 4591 3051 4643 in
3094 4591 3179 4644 die
3219 4586 3427 4643 laudent
3484 4588 3595 4649 diri
3634 4588 3729 4642 tibi

2155 4679 2327 4747 (Psal.
2357 4682 2568 4753 cxvtlt).

2223 4771 2410 4828 Gratia
2452 4774 2591 4829 vobis
2637 4785 2684 4828 et
2725 4790 2830 4844 pax
2858 4774 2922 4828 ab
2951 4791 3010 4828 eo
3048 4777 3140 4846 qui
3162 4785 3259 4841 est,
3305 4786 3352 4831 e.‘
3382 4774 3471 4846 qui
3505 4782 3637 4835 erat,
3679 4782 3727 4827 et

2150 4869 2237 4938 qui
2270 4875 2513 4921 venturus
2536 4876 2630 4920 est.
2663 4864 2985 4936 Licetjuxta
3016 4866 3351 4937 Apostolum,
3383 4864 3520 4920 Deus
3540 4863 3727 4917 eratin

2152 4955 2359 5011 Christo
2388 4956 2638 5010 mundum
2667 4958 3008 5010 reconrifians
3029 4957 3131 5011 sibi
3145 4955 3229 5027 (ll
3247 4954 3371 5011 Cor.
3397 4954 3474 5025 v),
3500 4952 3605 5014 vel.
3623 4953 3729 5007 εἰει

2151 5058 2211 5103 ut
2249 5050 2365 5117 ipse
2396 5055 2659 5114 testatur,
2707 5049 2798 5118 qui
2828 5061 2915 5102 me
2940 5049 3089 5104 misit
3130 5061 3342 5104 mecum
3369 5055 3473 5112 est,
3504 5052 3728 5117 propter

2150 5142 2412 5195 unitatem
2459 5141 2620 5195 unius
2651 5139 3003 5211 ejusdemque
3048 5147 3294 5204 naturas,
3339 5138 3408 5193 ad
3440 5149 3729 5208 pasonam

2151 5241 2330 5288 tamen
2376 5234 2470 5287 ﬁlii
2518 5234 2610 5288 hic
2647 5233 2880 5303 propriae
2926 5233 3248 5302 redigendos
3292 5238 3379 5287 est
3424 5228 3595 5285 locus.
3632 5228 3730 5285 Est

2150 5327 2297 5383 enim
2334 5327 2459 5396 quia
2495 5327 2636 5381 idem
2662 5333 2971 5399 permanet,
3005 5334 3124 5381 erat
3150 5326 3242 5399 qui
3278 5338 3400 5380 cum
3429 5331 3586 5396 patre
3612 5336 3730 5378 om-

2149 5421 2237 5476 nia
2267 5422 2529 5485 condidit,
2559 5430 2822 5475 venturus
2841 5430 2922 5475 cst
2947 5422 3013 5474 ad
3042 5419 3412 5490 iudicandum.

2220 5510 2288 5563 Et
2312 5528 2343 5563 a
2369 5522 2561 5582 septem
2589 5511 2858 5582 spiritibus
2880 5552 2894 5577 ,
2915 5512 3004 5582 qui
3024 5512 3078 5565 in
3105 5518 3381 5581 conspectu
3412 5506 3589 5561 throni
3613 5504 3730 5576 ejus

2146 5614 2286 5658 sunt.
2314 5603 2542 5677 Propter
2566 5605 2927 5675 septenariam
2955 5603 3323 5674 operationem
3342 5600 3576 5671 Spiritus
3602 5613 3729 5655 san-

2148 5697 2241 5761 cti,
2284 5695 2615 5767 septiformis
2639 5697 2861 5766 Spiritus
2893 5697 3120 5763 dicitur,
3154 5694 3204 5751 id
3254 5706 3332 5751 est
3368 5692 3648 5767 sapientis
3672 5697 3727 5747 et
