3952 6414
273 250 379 314 477

1081 255 1596 315 COLLELTIONES
1632 259 1699 314 ΙΝ
1737 258 2114 318 EPISTOLAS
2156 267 2242 322 ET
2283 269 2691 328 EVANGELIA.

3433 281 3536 343 ns
3608 358 3613 365 ἱ

275 364 603 433 intellectus,
632 367 840 423 consilii
879 374 932 422 et
959 366 1310 434 fortitudinis,
1339 370 1577 425 scientia:
1606 382 1660 425 et
1684 372 1853 442 pieta-
1878 372 1930 432 Α
1954 373 2256 443 prmlatum,
2294 379 2386 448 qui
2441 380 2496 433 in
2532 380 2833 437 redditione
2871 382 3053 439 tributi
3096 385 3320 443 Domino
3360 387 3533 448 fuerat

278 457 374 525 tis,
400 464 454 513 et
483 458 693 513 timoris
720 457 834 512 Dei.
868 457 1039 514 Unius
1062 459 1206 515 enim
1233 475 1449 531 semper
1469 462 1691 532 spiritus
1714 463 1855 518 dona

274 546 524 620 legaiiter
549 549 1016 614 commendantur,
1047 551 1259 620 quando
1279 566 1312 606 a
1342 560 1547 622 septem
1576 553 1855 624 spiritibus

275 656 386 712 pax
412 649 467 696 et
489 640 663 711 gratia
692 641 903 696 devotis
926 649 1201 711 optantur.

347 753 417 809 Et
443 754 509 808 ab
537 752 663 809 Iesu
690 752 920 821 Christo,
949 756 1038 826 qui
1061 766 1138 811 est
1158 757 1301 812 testis
1328 757 1521 829 ﬁdelis.
1551 757 1608 813 In
1637 760 1855 818 homine

276 855 526 921 suscepto
553 847 862 903 testimonio
888 850 1160 919 perhibuit
1199 851 1369 921 patri,
1400 867 1521 919 cum
1553 853 1854 921 praedicans

275 937 406 994 dicit
429 916 451 993 :7
496 916 567 994 ἐκ
592 949 772 995 notum
802 916 905 1010 feci
931 941 1007 995 eis
1044 916 1230 995 nomen
1258 950 1404 996 tuum
1429 983 1445 1009 ,
1485 918 1532 997 et
1556 916 1740 998 notum
1770 945 1855 1014 fa-

274 1028 413 1083 ciam
459 1026 642 1100 (Joan.
696 1032 869 1101 xvii),
916 1032 1060 1100 quod
1104 1031 1305 1087 Judteis
1350 1034 1549 1087 dudum
1599 1038 1851 1104 negatum

273 1117 583 1185 ostendens,
634 1121 800 1175 dicit:
852 1120 920 1175 Et
946 1138 1131 1176 nomen
1161 1132 1310 1176 tuum
1343 1124 1550 1177 Δάοιιαί
1582 1140 1684 1180 non
1712 1125 1854 1180 indi-

275 1207 392 1261 cavi
416 1208 490 1262 eis
512 1208 710 1281 (Exod.
740 1208 858 1281 vn).
904 1210 1120 1269 Credite
1146 1212 1290 1266 enim
1333 1212 1444 1268 lilio
1462 1254 1478 1277 ,
1518 1215 1690 1284 patris
1718 1230 1852 1285 quo-

273 1312 380 1367 que
412 1299 607 1354 notitia
647 1300 1005 1356 nihilominus
1041 1301 1330 1355 revelatur.
1383 1302 1519 1358 Nam
1561 1303 1704 1360 [ilius
1738 1320 1849 1361 non

273 1386 565 1458 diceretur,
603 1388 709 1443 nisi
754 1397 961 1457 patrem
1006 1391 1260 1457 haberet,
1291 1407 1466 1462 aeque
1509 1403 1695 1464 pater,
1744 1397 1850 1452 nisi

273 1475 443 1531 tilium
467 1477 763 1533 habuisset.
793 1477 947 1534 Alter
973 1480 1156 1550 itaque
1202 1482 1429 1537 alterius
1465 1485 1849 1553 praedicatione

269 1567 635 1637 cognoscitur,
664 1569 789 1637 quia
818 1577 973 1639 pater
994 1570 1048 1624 in
1079 1569 1211 1636 lilio,
1239 1579 1296 1627 et
1332 1571 1474 1627 ﬁlius
1497 1573 1553 1627 in
1581 1582 1739 1643 patre
1762 1590 1851 1631 ve-

268 1658 471 1714 raciter
492 1661 839 1730 approbatur.
890 1661 1018 1717 Sive
1042 1664 1219 1728 testis,
1247 1664 1372 1734 quia
1403 1680 1505 1734 per
1527 1681 1680 1721 suam
1702 1682 1845 1722 mor-

269 1756 379 1801 tem
433 1749 742 1805 testiﬁcavit
792 1749 1002 1806 Novum
1048 1753 1474 1810 Testamentum.
1534 1755 1649 1811 Nisi
1697 1757 1843 1812 enim

267 1844 392 1905 post
440 1846 669 1894 mortem
714 1839 949 1896 hominis
1005 1857 1113 1899 non
1167 1842 1475 1899 afﬁrmatur
1525 1845 1844 1902 Testamen-

268 1935 401 1983 tum.

339 2017 722 2089 Primogenitus
749 2030 1093 2076 mortuorum.
1139 2022 1274 2090 Quia
1309 2023 1518 2093 primus
1546 2027 1849 2081 resurrexit

266 2122 297 2161 a
330 2108 574 2174 mortuis,
599 2117 654 2164 et
673 2111 815 2180 quod
841 2111 1154 2167 testiﬁeavit
1178 2115 1247 2169 de
1269 2116 1673 2172 resurrectione
1697 2131 1841 2173 moro

267 2206 484 2252 tuorum
515 2198 567 2253 in
595 2214 652 2254 se
685 2200 917 2270 primum
941 2204 1198 2258 ostendit.

339 2285 404 2340 Et
429 2288 666 2360 princeps
711 2307 888 2361 regum
936 2301 1108 2348 terrae.
1150 2293 1208 2348 ιδ
1247 2301 1352 2361 est,
1395 2295 1759 2365 apostolorum
1786 2305 1846 2353 et

263 2380 503 2433 omnium
537 2388 866 2437 sanctorum.

336 2487 439 2555 Qui
480 2488 661 2544 dilexit
694 2508 787 2546 nos
826 2502 873 2546 et
905 2492 1031 2548 lavit
1057 2511 1151 2549 nos
1192 2512 1225 2549 a
1257 2498 1481 2566 peccatis
1509 2500 1563 2552 in
1588 2500 1842 2570 sanguine

261 2594 376 2631 suo.
406 2578 603 2637 Passus
628 2582 792 2638 etiam
822 2597 922 2637 suo
943 2599 1041 2639 nos
1067 2587 1327 2656 sanguine
1350 2588 1511 2642 solvit
1534 2603 1562 2642 a
1593 2597 1837 2659 peccato,

261 2671 354 2738 qui
384 2684 671 2742 resurgens
704 2669 831 2741 jure
872 2674 1259 2746 primogenitus
1294 2692 1324 2731 a
1370 2680 1598 2734 mortuis
1644 2680 1841 2750 pradi-

260 2775 323 2814 ου
330 2768 419 2814 ιω*

554 2870 892 2912 ενλκαειιωι
922 2871 1198 2921 ΙᾹΤἸἯΕΙ,
1228 2875 1347 2915 CAP.
1380 2876 1533 2918 XVIII.

335 2986 355 3018 ι
391 2968 747 3027 Accesserunt
779 2972 848 3027 ad
873 2969 1057 3028 Jesum
1086 2974 1333 3046 discipuli
1368 2977 1486 3048 ejus
1508 3020 1523 3044 ,
1555 2979 1792 3037 dicentes
1819 3001 1832 3036 :

1956 476 2321 538 comparatus,
2353 470 2471 527 ideo
2500 471 2836 543 interrogant
2861 491 2875 528 :
2909 475 3038 540 Quis
3078 478 3255 548 major
3274 478 3346 535 sit
3371 480 3431 553 in
3457 497 3539 536 re-

1952 572 2056 628 gno
2115 555 2407 613 caelorum?
2469 558 2776 630 Videasque
2821 560 2978 619 Jesus
3031 565 3389 637 cogitationes
3442 584 3539 627 eo-

1953 660 2096 711 rum,
2130 654 2185 702 et
2213 662 2404 702 causas
2440 648 2643 704 erroris
2680 650 3003 723 intelligens,
3047 648 3175 709 vult
3208 655 3535 717 desiderium

1954 736 2139 809 gloria:
2168 737 2487 796 humilitatis
2515 742 2860 800 contentione
2889 759 3104 801 sanare.

2027 851 2097 906 Et
2132 852 2395 907 aduocans
2436 852 2590 908 Iesus
2616 854 2901 924 parvulum
2918 856 3100 910 statuit
3129 874 3248 913 cum
3280 859 3341 915 in
3361 861 3532 919 medio

1951 960 2157 1009 eorum,
2183 953 2231 1000 et
2256 945 2391 1000 dixit
2414 959 2434 998 :
2462 946 2558 1002 Vel
2584 946 2905 1016 simpliciter
2926 949 3220 1017 quemlibet
3248 953 3532 1021 parvulum

1951 1043 2012 1089 ut
2043 1043 2256 1091 aetatem
2277 1045 2570 1106 quaereret,
2591 1045 2648 1093 et
2668 1036 3073 1095 similitudinem
3095 1039 3416 1098 innocentiae
3440 1043 3535 1099 de-

1951 1133 2305 1191 monstraret,
2327 1126 2411 1182 vel
2441 1135 2591 1184 certe
2616 1126 2902 1197 parvulum
2930 1129 3119 1185 statuit
3144 1129 3197 1185 in
3227 1131 3405 1195 medio
3434 1148 3532 1190 eo-

1951 1228 2070 1267 rum
2100 1214 2360 1283 seipsum;
2389 1216 2481 1283 qui
2510 1231 2616 1271 rion
2641 1216 2939 1274 ministrari
2965 1227 3211 1284 venerat,
3240 1221 3340 1277 sed
3371 1222 3535 1280 mini-

1950 1313 2150 1360 strare.
2188 1305 2261 1362 Ut
2286 1307 2366 1362 eis
2399 1307 2718 1364 humilitatis
2763 1309 3028 1367 tribueret
3059 1312 3385 1382 exemplum.
3423 1314 3533 1372 Alii

1948 1395 2230 1466 parvulum
2280 1398 2704 1469 interpretantur
2749 1400 3005 1472 spiritum
3053 1410 3323 1470 sanctum,
3367 1420 3531 1481 quem

1949 1486 2191 1555 posuerit
2227 1488 2285 1543 in
2316 1489 2568 1547 cordibus
2603 1489 3009 1561 discipulorum,
3048 1502 3111 1548 ut
3131 1496 3440 1566 superbiam
3470 1496 3530 1557 in

1949 1575 2310 1633 humilitatem
2335 1586 2595 1635 mutaret.

2017 1684 2182 1740 Amen
2223 1687 2342 1741 dico
2370 1687 2511 1743 vobis
2542 1703 2561 1740 :
2591 1689 2715 1745 Nisi
2747 1694 2982 1748 conversi
3008 1694 3216 1764 fueritis
3247 1706 3296 1752 et
3334 1699 3529 1769 efﬁcia-

1946 1774 2075 1828 mini
2102 1776 2237 1830 sicut
2256 1775 2484 1846 parvuli,
2515 1795 2621 1833 non
2648 1781 2911 1836 inn-abitis
2940 1784 2998 1838 in
3016 1798 3231 1855 regnum
3259 1786 3525 1843 calorum.

1944 1863 2060 1920 Non
2088 1867 2398 1939 prmeipitur
2427 1870 2684 1939 apostolis
2723 1880 2783 1927 ut
2808 1881 3023 1929 aetatem
3065 1875 3301 1932 habeant
3332 1893 3528 1949 parvu-

1942 1953 2141 2019 lorum,
2190 1956 2287 2010 sed
2322 1963 2383 2011 ut
2420 1950 2805 2027 innocentiam,
2853 1964 3077 2032 etquod
3124 1965 3199 2020 illi
3229 1982 3328 2037 per
3355 1983 3527 2024 annos

1942 2045 2241 2115 possident,
2271 2047 2327 2101 hi
2363 2050 2677 2118 possideant
2700 2064 2799 2121 per
2838 2053 3182 2124 industriam,
3216 2066 3275 2112 ut
3318 2059 3525 2151 malitia

1943 2152 2050 2191 non
2087 2134 2352 2208 sapientia
2378 2142 2588 2213 parvuli
2616 2143 2745 2198 sint.

1932 2223 1935 2225 “
2015 2226 2323 2299 Quicunque
2363 2246 2484 2301 ergo
2508 2232 2855 2289 humiliaverit
2880 2252 2936 2290 se
2964 2238 3099 2291 sicut
3118 2238 3369 2309 parvulus
3407 2242 3523 2309 iste,

1942 2317 2027 2371 Itic
2064 2328 2140 2373 est
2170 2320 2364 2391 ntajor,
2412 2332 2516 2379 etc.
2552 2324 2706 2381 Sicut
2732 2327 2835 2383 iste
2879 2331 3157 2400 parvulus,
3189 2332 3342 2402 cujus
3369 2336 3529 2393 vobis

1940 2411 2246 2481 exemplum
2289 2415 2488 2481 tribuo,
2520 2433 2626 2473 non
2657 2432 2965 2488 perseverat
2996 2423 3050 2476 in
3085 2423 3384 2491 iracundia,
3415 2443 3522 2482 non

1941 2498 2104 2555 laesus
2129 2504 2395 2568 meminit,
2422 2521 2526 2560 non
2549 2507 2739 2565 videns
2763 2510 3045 2578 pulchram
3073 2513 3349 2569 mulierem
3376 2517 3521 2572 dele-

1940 2598 2138 2658 ctatur,
2186 2609 2291 2648 non
2341 2595 2486 2650 aliud
2527 2598 2748 2668 cogitat,
2785 2609 2840 2655 et
2883 2600 3026 2657 aliud
3074 2601 3327 2673 loquitur,
3356 2606 3438 2661 sic
3465 2616 3520 2661 et

1939 2695 2056 2743 vos,
2113 2682 2218 2736 nisi
2266 2684 2423 2737 talem
2474 2686 2771 2742 habueritis
2818 2689 3218 2758 innocentiam,
3265 2703 3318 2749 et
3355 2695 3518 2750 animi

1939 2772 2254 2840 puritatem,
2292 2789 2515 2844 regnum
2551 2776 2813 2832 caelorum
2863 2795 2967 2835 non
3014 2783 3261 2854 poteritis
3291 2783 3514 2840 intrare.

1941 2862 2067 2917 Sive
2102 2863 2279 2928 aliter,
2303 2868 2599 2938 quicunque
2633 2869 2983 2926 humiliaverit
3013 2891 3069 2931 se
3105 2875 3237 2930 sicut
3264 2878 3515 2947 parvulus

1938 2955 2053 3020 iste,
2079 2955 2164 3009 hic
2198 2967 2272 3011 est
2314 2955 2489 3026 major
2515 2958 2569 3013 in
2618 2976 2773 3029 regno
2816 2962 3062 3020 caelorum
3092 2978 3112 3018 :
3137 2966 3227 3036 qui
3274 2966 3517 3024 imitatus

264 3078 284 3110 ι
332 3060 462 3127 Quis
489 3069 648 3131 pm“
668 3061 840 3132 major
866 3073 951 3119 es,
989 3064 1043 3121 in
1072 3081 1238 3135 regno
1258 3069 1560 3125 calorum?
1586 3072 1657 3127 Et
1673 3073 1837 3129 ad").
1863 3065 1907 3127 ρ
1941 3063 2026 3102 me
2052 3048 2235 3113 fuerit,
2279 3056 2336 3104 et
2382 3064 2440 3104 se
2475 3050 2530 3104 in
2568 3052 2870 3122 exemplum
2909 3055 3013 3110 mei
3043 3057 3423 3126 humillaverit,
3455 3069 3515 3118 ut

264 3167 283 3200 ι
327 3165 458 3205 cans
483 3148 639 3206 Jesus
661 3153 964 3223 parvulum,
992 3156 1185 3211 statuit
1205 3173 1326 3213 eum
1347 3159 1401 3214 in
1426 3162 1603 3218 medio
1623 3178 1832 3232 eorum,

261 3257 284 3294 ι
324 3248 381 3296 et
407 3242 541 3297 dixit
565 3261 578 3296 :
606 3242 776 3298 Amen
799 3245 920 3300 dico
948 3246 1119 3313 vobis,
1145 3248 1248 3302 nisi
1270 3252 1517 3306 conversi
1544 3251 1754 3310 fueritis
1781 3266 1841 3312 et

259 3347 283 3387 ι
325 3330 629 3388 elliciamini
666 3333 804 3388 sicut
829 3334 1057 3403 parvuli,
1083 3352 1189 3391 non
1221 3338 1491 3396 intrabitis
1522 3343 1576 3397 in
1607 3359 1832 3415 regnum

259 3437 282 3476 ο
324 3421 603 3479 emlorum.
638 3423 704 3477 Et
723 3424 816 3494 qui
851 3427 1147 3495 susceperit
1181 3444 1343 3482 mmm
1358 3430 1640 3501 parvulum
1669 3433 1831 3488 talem

258 3530 281 3566 ι
325 3514 379 3573 in
399 3515 614 3573 nomine
629 3531 771 3583 meo,
794 3533 879 3573 me
908 3505 1149 3590 suscipit.
1174 3519 1275 3587 Qui
1302 3531 1481 3595 autem
1501 3526 1834 3581 scandaliza-

259 3623 279 3658 t
323 3608 459 3663 verit
501 3624 666 3666 unum
707 3608 775 3664 de
818 3609 1026 3682 pusillis
1052 3611 1203 3676 istis,
1247 3612 1338 3681 qui
1372 3612 1423 3667 in
1465 3628 1552 3667 me
1580 3615 1828 3684 credunt,

259 3714 277 3746 ι
322 3698 537 3767 expedit
569 3698 619 3752 ei
653 3705 713 3752 ut
745 3700 1104 3770 suspendatur
1131 3701 1270 3757 mola
1314 3702 1548 3757 asinaria
1593 3704 1648 3758 in
1691 3705 1830 3761 collo

258 3802 276 3835 ι
321 3784 435 3854 ejus
458 3793 514 3840 et
532 3786 873 3856 demergatur
894 3787 946 3840 in
966 3785 1287 3856 profundum
1308 3790 1493 3845 maris.
1519 3792 1612 3846 Va:
1630 3796 1829 3851 mundo

257 3895 275 3926 ι
321 3877 388 3930 ab
432 3877 717 3933 scandalis.
765 3877 993 3939 Necesse
1034 3887 1119 3933 est
1164 3880 1308 3933 enim
1348 3889 1407 3936 ut
1427 3883 1648 3938 veniant
1672 3900 1828 3939 scan-

255 3983 275 4017 ι
318 3966 460 4022 dala.
492 3968 894 4035 Verumtamen,
925 3986 1003 4025 vze
1029 3970 1234 4026 homini
1274 3988 1370 4041 per
1397 3988 1555 4047 quem
1599 3977 1827 4035 scanda-

251 4076 271 4110 c
315 4058 427 4114 lum
452 4060 620 4115 venit.
646 4059 704 4114 Si
733 4069 914 4114 autem
947 4075 1140 4115 manus
1167 4068 1258 4114 tua
1291 4060 1372 4115 vel
1397 4077 1493 4131 pes
1517 4072 1640 4119 tuus
1669 4080 1825 4119 scan-

250 4166 270 4199 ι
316 4149 515 4209 dalizat
543 4158 613 4214 te,
665 4149 918 4205 abscinde
955 4154 1099 4215 eum,
1131 4159 1186 4204 et
1222 4150 1423 4221 projice
1464 4152 1561 4206 abs
1603 4162 1674 4209 te.
1722 4155 1823 4211 Bo-

249 4255 268 4287 s
316 4254 442 4292 num
475 4239 570 4293 tibi
605 4247 691 4293 est
734 4239 940 4308 ingredi
969 4239 1201 4293 debilem
1241 4240 1324 4293 vel
1352 4240 1621 4307 claudum,
1657 4259 1820 4313 quam

247 4348 266 4376 ι
311 4327 445 4381 duas
490 4342 718 4390 manus,
768 4327 848 4381 vel
882 4328 1016 4382 duos
1043 4327 1208 4401 pedes
1237 4329 1527 4383 habentem
1574 4332 1715 4387 mitti
1762 4334 1816 4388 in

245 4433 265 4464 ς
314 4415 489 4481 ignem
515 4421 797 4468 aeternum.
845 4413 909 4467 Et
949 4415 993 4469 si
1020 4414 1208 4469 oculus
1237 4423 1360 4473 tuus
1385 4418 1714 4477 scandalizat
1739 4430 1813 4489 te,

243 4524 263 4556 ι
309 4521 439 4560 erue
464 4518 587 4558 eum
616 4513 673 4560 et
697 4503 895 4577 projice
921 4506 1017 4561 abs
1043 4514 1113 4560 te.
1157 4505 1364 4562 Bonum
1392 4518 1476 4564 est
1504 4512 1602 4568 tibi
1647 4529 1814 4571 unum

241 4613 262 4648 ο
307 4594 520 4651 oculum
544 4593 829 4650 habentem
858 4597 1025 4651 vitam
1068 4598 1271 4653 intrare
1289 4640 1309 4665 ,
1334 4616 1497 4671 quam
1526 4603 1659 4661 duos
1684 4621 1814 4670 ocu-

241 4705 260 4739 ο
304 4685 384 4740 los
409 4685 694 4744 habentem
721 4687 858 4742 mitti
897 4688 951 4742 in
978 4689 1280 4759 gehennam
1316 4691 1475 4760 ignis.
1509 4694 1699 4754 Videte
1741 4714 1810 4754 ne

240 4796 259 4827 ο
302 4778 656 4833 contemnatis
690 4795 856 4834 unum
891 4796 959 4835 ex
1002 4782 1088 4839 bis
1114 4783 1342 4852 pusillis.
1386 4785 1519 4842 Dico
1541 4789 1683 4844 enim
1705 4806 1805 4847 vo-

239 4882 257 4914 ι
305 4864 424 4918 bis:
471 4863 606 4933 Quia
633 4866 822 4938 Angcli
864 4884 1050 4924 eorum
1098 4871 1152 4925 in
1192 4873 1345 4929 cmlis
1385 4875 1571 4933 vident
1609 4876 1803 4935 faciem

238 4971 258 5004 ι
301 4953 472 5023 patris
495 4953 630 5020 mel,
648 4956 755 5025 ,qui
789 4956 844 5011 in
868 4959 1020 5015 etelis
1045 4968 1147 5015 est.
1182 4979 1202 5013 ι

304 5063 635 5119 Accesserant
655 5064 726 5119 ad
740 5065 919 5121 Iesum
938 5068 1179 5139 discipuli
1197 5070 1424 5126 dicentes
1447 5087 1465 5124 :
1492 5073 1622 5138 Quis
1646 5087 1801 5146 putas

227 5155 401 5225 major
426 5166 502 5211 est
537 5158 593 5212 in
630 5175 783 5229 regno
812 5159 1078 5215 calorum.
1113 5161 1228 5231 (Ex
1255 5163 1506 5238 Hieron.)
1541 5167 1799 5239 Superius

226 5245 370 5301 enim
394 5246 659 5316 scriptum
692 5260 775 5302 est
808 5266 822 5301 :
853 5249 989 5315 Quia
1013 5251 1145 5307 dixit
1184 5252 1436 5309 Dominus
1463 5253 1644 5324 Petro,
1672 5262 1799 5315 vade

186 5342 197 5349 ’
225 5337 294 5392 ad
315 5352 485 5405 mare,
506 5347 557 5392 et
580 5339 723 5392 mitte
747 5340 981 5409 hamum,
1010 5352 1059 5396 et
1085 5360 1202 5397 eum
1224 5345 1434 5414 piscem,
1465 5348 1555 5418 qui
1572 5352 1797 5419 primum

224 5429 514 5483 ascenderit
542 5429 685 5494 tolle,
722 5441 770 5484 et
819 5443 996 5503 aperto
1027 5450 1115 5488 ore
1137 5436 1251 5506 ejus
1278 5437 1504 5493 invenies
1529 5450 1792 5508 staterem,

222 5519 370 5573 illaut
391 5537 599 5575 sumens
623 5521 691 5575 da
717 5523 789 5576 eis
822 5540 916 5592 pro
946 5541 1026 5579 me
1044 5537 1093 5578 et
1123 5537 1190 5580 te.
1224 5526 1300 5581 Ex
1337 5529 1439 5584 hac
1464 5532 1607 5585 enim
1636 5549 1794 5588 orca-

223 5610 372 5663 sione
397 5609 641 5667 arbitrati
670 5620 794 5667 sunt
818 5612 1067 5668 omnibus
1093 5618 1389 5687 apostolum
1423 5619 1639 5678 Petrum
1672 5642 1789 5682 esse

1941 3140 2147 3193 tantum
2210 3153 2269 3193 se
2328 3139 2562 3209 dejiciat,
2627 3153 2885 3213 quantum
2921 3161 3021 3217 ego
3074 3146 3242 3216 dejeci
3284 3148 3512 3209 formam

1936 3230 2077 3284 servi
2105 3230 2395 3299 accipiens,
2428 3232 2516 3286 hic
2550 3232 2776 3289 intrabit
2806 3234 2858 3288 in
2886 3251 3108 3306 regnum
3145 3238 3408 3293 cmlorum

2005 3341 2073 3400 Et
2102 3344 2191 3413 qui
2217 3345 2499 3414 susceperit
2538 3361 2700 3399 unum
2740 3345 3014 3417 parvulum
3042 3346 3200 3403 talem
3227 3350 3281 3404 in
3307 3352 3512 3409 nomine

1932 3449 2068 3497 meo,
2110 3450 2190 3488 me
2232 3436 2465 3506 suscipit.
2500 3435 2600 3504 Qui
2638 3438 2760 3515 talis
2806 3437 2986 3504 fuerit,
3026 3450 3084 3494 ut
3110 3440 3310 3496 Christi
3339 3444 3510 3498 imite-

1933 3531 2021 3577 tur
2044 3524 2399 3580 humilitatem
2421 3535 2475 3582 et
2500 3526 2883 3591 innocentiam,
2909 3529 2961 3583 in
2988 3545 3053 3584 eo
3072 3528 3322 3586 Christus
3342 3534 3510 3589 susci-

1930 3611 2091 3682 pitur.
2146 3613 2213 3668 Et
2257 3614 2552 3685 prudenter
2607 3615 2868 3687 temperat
2918 3633 3256 3689 responsum,
3288 3629 3346 3676 ut
3384 3637 3516 3682 eunv

1930 3702 2163 3757 delatum
2196 3703 2358 3759 fuerit
2393 3706 2650 3775 apostolis
2681 3723 2739 3762 se
2768 3717 2958 3779 putent
2985 3711 3325 3778 honoratum,
3358 3712 3508 3786 adje-

1927 3793 2021 3857 cit,
2062 3810 2166 3848 non
2210 3795 2330 3851 illos
2357 3798 2437 3852 sui
2466 3798 2679 3866 merito,
2708 3800 2802 3854 sed
2827 3801 3073 3872 magistri
3107 3803 3311 3860 honore
3337 3805 3516 3861 suscis

1926 3883 2169 3952 piendos.

1997 3971 2102 4038 Qui
2144 3986 2316 4029 autem
2361 3964 2800 4037 scandalizaverit
2836 4000 2997 4038 unum
3027 3986 3091 4042 de
3130 3986 3336 4057 pusillis
3365 3990 3514 4055 istis,

1910 4061 2013 4129 qui
2033 4063 2087 4114 in
2112 4079 2192 4117 me
2215 4066 2451 4120 credunt.
2479 4068 2616 4123 Nota
2647 4070 2789 4138 quod
2820 4074 2910 4140 qui
2949 4075 3351 4132 scandalizatur
3377 4092 3494 4148 pan

1921 4150 2080 4208 vulus
2098 4161 2199 4217 est,
2230 4153 2461 4222 majores
2483 4157 2626 4211 enim
2654 4160 2905 4218 scandala
2936 4177 3041 4216 non
3070 4164 3352 4233 recipiunt.

1993 4237 2102 4309 (Ea:
2120 4238 2313 4313 Beda.)
2341 4242 2641 4299 Notandum
2683 4262 2813 4303 sane
2841 4249 2981 4317 quod
3027 4251 3080 4304 in
3124 4261 3307 4307 nostro
3353 4255 3509 4313 bona

1902 4342 2083 4398 .opere
2110 4329 2400 4399 aliquando
2443 4336 2740 4389 cavendum
2770 4346 2854 4392 est
2895 4340 3206 4396 scandalum
3242 4346 3503 4414 proximi,

1841 4400 1894 4459 D
1920 4418 2205 4488 aliquando
2237 4435 2368 4477 vero
2396 4438 2495 4494 pro
2532 4425 2699 4481 nihilo
2725 4431 3193 4486 contemnendum.
3234 4400 3291 4489 in
3319 4400 3499 4503 quan:

1921 4516 2031 4563 tum
2057 4512 2202 4565 enim
2230 4512 2347 4568 sine
2370 4522 2592 4585 peccato
2611 4531 2913 4585 possumus,
2931 4521 3099 4579 vitare
3124 4525 3498 4592 proximorum

1916 4602 2225 4658 scandalum
2249 4604 2526 4661 debemus.
2559 4607 2616 4661 Si
2639 4617 2815 4665 autem
2845 4610 2911 4664 de
2931 4613 3158 4668 veritate
3176 4617 3494 4678 scandalum

1912 4693 2164 4761 sumitur,
2196 4696 2381 4751 utilius
2411 4699 2753 4768 permittitur
2775 4702 3083 4759 scandalum
3116 4708 3286 4774 nasci,
3324 4725 3491 4780 quam

1910 4785 2109 4840 veritas
2137 4786 2491 4858 relinquatur.

1979 4894 2202 4967 Expedit
2233 4900 2282 4953 ei
2314 4909 2368 4953 ut
2407 4906 2774 4973 suspendatur,
2815 4917 2918 4963 etc.
2964 4910 3270 4977 Secundum
3320 4918 3484 4976 ritum

1908 4988 2195 5058 provincia:
2214 4990 2469 5062 loquitur,
2491 4993 2597 5064 quo
2619 4998 2881 5068 majorum
2903 4993 3189 5063 criminum
3214 5009 3315 5064 iSta
3336 5013 3483 5082 apud

1906 5087 2117 5133 veteres
2142 5078 2355 5138 Iudaeos
2385 5101 2541 5156 poena
2574 5086 2755 5155 fuerit,
2787 5101 2845 5146 ut
2869 5094 2921 5149 in
2953 5096 3281 5173 profundum
3315 5078 3489 5177 ligato

1905 5181 2037 5222 saxo
2067 5168 2522 5253 demergercntur.
2574 5177 2799 5249 Expedit
2825 5194 3004 5240 autem
3035 5189 3106 5254 ei,
3150 5168 3276 5262 quia
3310 5168 3482 5253 nmlto
3508 5244 3524 5261 .

1905 5260 2097 5316 melius
2122 5274 2205 5317 est
2230 5281 2329 5335 pro
2351 5268 2502 5340 culpa
2533 5272 2750 5328 brevem
2786 5278 3025 5349 recipere
3050 5298 3287 5353 pmnam,
3314 5305 3476 5360 quam

1902 5354 2121 5444 aeternis
2153 5357 2355 5411 servire
2380 5357 2725 5421 cruciatibus.
2759 5366 2873 5423 Non
2916 5373 3058 5429 enim
3081 5354 3345 5445 judicalnt
3368 5382 3476 5436 Do-

1901 5445 2081 5500 minus
2102 5446 2187 5503 bis
2214 5448 2265 5502 in
2292 5449 2541 5520 idipsnm.

1970 5533 2087 5603 (Ex
2117 5530 2308 5611 Greg.)
2342 5540 2468 5595 Item
2510 5560 2606 5613 per
2640 5548 2835 5606 molam
2877 5556 3166 5611 asinariam
3201 5562 3474 5619 StI'Clllal’iS

1897 5624 2018 5684 νὶιίυ
2048 5631 2301 5689 circuitus
2328 5650 2389 5693 ac
2416 5636 2565 5693 labor
2584 5643 2923 5713 exprimitur,
2948 5659 2997 5702 ct
3020 5665 3119 5718 per
3147 5654 3467 5720 profundum
