3952 6420
493 278 596 336 479

1765 275 2118 334 ειιΑιιΑςυι
2156 274 2444 331 ABBATIS

3649 277 3767 336 ιεο

497 399 665 452 maris
714 399 955 447 extrema
1000 392 1273 447 damnatio
1311 392 1637 464 designatur.
1687 391 1790 459 Qui
1835 405 1967 461 ergo
1997 388 2063 442 ad
2093 391 2140 451 Α
2168 387 2372 456 angelis
2440 398 2675 457 quatuor
2734 390 3061 459 reliquarum
3126 391 3488 447 Ecclesiarum
3551 394 3777 451 scribe..

490 483 803 540 sanctitatis
826 483 1059 552 speciem
1099 482 1381 548 deductus,
1406 483 1491 537 vel
1528 483 1693 538 verbo
1727 491 1953 537 caeteros
1979 482 2073 537 de-

492 575 675 640 ‘strnit,
706 573 790 628 vel
825 574 1091 643 exemplo,
1116 574 1309 629 melius
1329 572 1571 644 profecto
1591 581 1730 639 erat,
1756 581 1819 629 ut
1838 573 1981 629 hunc
2001 571 2071 627 ad

496 674 726 721 mortem
769 664 869 719 sub
894 665 1149 720 exteriori
1181 665 1365 719 habitu
1394 674 1610 721 terrena
1647 674 1767 721 acta
1797 666 2069 721 constrin-

493 763 703 827 gerent,
767 770 929 825 quam
973 770 1128 810 sacra
1166 754 1337 810 ollicia
1368 756 1422 809 in
1460 756 1615 825 culpa
1648 757 1858 812 eazteris
1892 757 2069 811 imita-

486 844 650 899 bilem
673 845 1128 900 demonstrarent.
1153 844 1289 910 Quia
1312 845 1565 900 nimirum
1588 846 1632 901 si
1656 846 1804 902 solus
1826 847 2065 911 caderet,

488 947 763 1010 utcunque
807 936 949 991 hunc
981 935 1314 990 tolerabilior
1350 936 1547 992 inferni
1572 953 1732 1007 pruna
1775 939 2060 993 cruciaret.

566 1024 657 1080 Va:
678 1026 873 1080 mundo
894 1026 961 1078 ab
982 1025 1273 1091 scandulis,
1296 1044 1500 1082 necesse
1526 1038 1601 1081 est
1623 1028 1761 1081 enim
1782 1040 1836 1082 ut
1859 1029 2064 1084 veniant

445 1164 449 1171 .
483 1115 761 1180 scandala,
786 1124 893 1171 etc.
927 1115 1025 1187 (Ex
1054 1114 1300 1189 Hieron.)
1330 1116 1447 1172 Non
1487 1133 1595 1187 quo
1631 1132 1851 1174 necesse
1877 1119 1948 1174 sit
1973 1136 2064 1174 ve.

484 1206 604 1262 nire
648 1206 924 1270 scandala,
973 1208 1211 1277 alioquin
1259 1208 1461 1278 absque
1511 1208 1667 1279 culpa
1712 1218 1917 1275 essent,
1968 1211 2063 1281 qui

485 1296 801 1351 scandalum
829 1295 1052 1362 faciunt,
1083 1298 1176 1352 sed
1203 1312 1327 1352 cum
1353 1313 1577 1353 necesse
1613 1298 1684 1354 sit
1705 1299 1759 1353 in
1786 1298 1891 1355 isto
1912 1314 2064 1354 mun-

484 1385 553 1440 do
588 1385 705 1440 ﬁeri
748 1386 1022 1452 scandala,
1073 1388 1444 1457 unusquisque
1486 1403 1584 1444 suo
1627 1388 1759 1443 vitio
1794 1389 2062 1445 scandalis

479 1484 652 1546 patet,
679 1477 946 1548 simulque
967 1493 1064 1547 per
1082 1478 1385 1549 generalem
1411 1479 1737 1534 sententiam
1757 1480 2063 1549 percutitur

476 1550 675 1631 Iudas;
696 1569 787 1638 qui
810 1569 1114 1638 proditione
1138 1570 1379 1625 animum
1402 1580 1820 1641 praeparaverat.

553 1656 615 1712 Si
644 1670 818 1712 autem
860 1675 1044 1713 manus
1087 1670 1201 1725 tua,
1246 1659 1324 1714 vel
1360 1677 1449 1730 pes
1484 1671 1607 1715 tuus
1632 1662 1963 1716 scandalizat
1986 1673 2053 1726 te,

2174 475 2240 529 Et
2276 477 2564 547 Apostolus
2593 494 2804 550 quoque
2830 482 3086 551 pmeccpit
3114 482 3279 536 velati
3311 483 3362 537 in
3386 485 3633 541 ccclesiis
3655 502 3765 544 ca—

2170 568 2282 638 pita
2314 568 2633 625 feminarum
2658 580 2879 641 propter
2906 574 3144 642 angelos.

2346 700 2763 756 HEBDOMADA
2802 701 2896 756 XX
2939 701 3115 757 POST
3153 703 3577 763 PENTECOST.

2168 831 2423 872 ειιιδτοιι
2461 832 2617 870 υεΑτι
2655 832 2807 871 PAULI
2840 832 3089 871 ιιιοετοιι
3123 833 3190 872 Μ)
3229 833 3497 884 ειιιιεδιος,
3525 798 3643 876 (Mil.
3675 838 3754 877 IV.

2243 948 2262 980 ‹
2311 928 2663 984 Renovamini
2706 930 2899 998 spiritu
2943 930 3141 987 mentis
3180 939 3405 995 vestrae,
3443 942 3499 987 et
3544 932 3760 990 induite

2172 1038 2195 1069 ι
2237 1035 2434 1075 novum
2466 1020 2766 1084 hominem,
2790 1021 2881 1090 qui
2908 1021 3201 1076 secundum
3230 1025 3396 1078 Deum
3426 1035 3646 1082 creatus
3666 1034 3759 1081 est

2171 1129 2189 1160 ι
2235 1110 2290 1164 in
2335 1110 2544 1179 jnstitia
2587 1119 2641 1165 et
2686 1111 2978 1166 sanctitate
3025 1112 3291 1167 veritatis.
3340 1113 3565 1184 Propter
3603 1117 3754 1185 quod

2169 1218 2189 1251 ι
2232 1201 2561 1271 deponentes
2583 1203 2945 1266 mendacium,
2973 1202 3256 1272 loquimini
3282 1205 3562 1260 veritatem
3586 1222 3760 1263 unus-

2169 1309 2188 1343 ι
2232 1293 2460 1362 quisque
2493 1307 2615 1346 cum
2659 1293 2907 1362 proximo
2952 1308 3074 1356 suo,
3099 1296 3354 1363 quoniam
3391 1311 3576 1351 sumus
3611 1298 3756 1352 invi-

2167 1402 2186 1433 ι
2229 1397 2346 1437 cem
2376 1381 2636 1435 membra.
2668 1381 2965 1436 lrascimini
2988 1394 3041 1437 et
3064 1384 3231 1438 nolite
3257 1400 3497 1453 peccare.
3525 1386 3617 1440 Sol
3639 1403 3753 1442 non

2167 1493 2187 1526 ι
2230 1474 2442 1529 occidat
2476 1487 2641 1542 super
2680 1474 3016 1529 iracundiam
3061 1484 3317 1531 vestram.
3361 1477 3539 1532 Nolite
3567 1478 3751 1534 locum

2166 1584 2186 1617 ι
2232 1566 2364 1620 dare
2388 1564 2622 1619 diabolo.
2659 1564 2760 1631 Qui
2787 1563 3083 1629 iurabatur,
3110 1566 3223 1634 jam
3252 1583 3357 1622 non
3381 1567 3608 1624 furctur.
3635 1569 3753 1624 Ma-

2167 1676 2185 1708 ι
2231 1658 2313 1727 gis
2341 1666 2520 1711 autem
2552 1656 2759 1712 laboret
2799 1660 3073 1728 operando
3115 1659 3364 1715 manibus
3403 1662 3545 1726 suis,
3599 1662 3749 1733 quod

477 1748 723 1805 abscinde
743 1768 882 1815 eunt,
908 1761 958 1805 et
978 1754 1176 1823 projice
1204 1753 1297 1808 abs
1321 1763 1389 1809 te.
1420 1754 1626 1808 Bonum
1656 1756 1750 1809 tibi
1778 1757 1949 1810 estad
1983 1758 2044 1810 ri-

2164 1769 2183 1800 ι
2229 1749 2424 1804 bonum
2452 1757 2553 1816 est,
2579 1757 2640 1805 ut
2666 1750 2864 1806 habeat
2891 1753 3032 1806 unde
3071 1752 3337 1807 retribuat
3363 1754 3749 1809 necessitatem

481 1849 590 1894 tam
614 1842 817 1911 ingredi
847 1843 1066 1897 debilem
1092 1842 1171 1898 vel
1200 1844 1468 1910 claudunt,
1497 1862 1657 1915 quam
1684 1846 1818 1899 duas
1844 1861 2056 1910 manus,

478 1931 556 1987 rel
583 1932 715 1986 duos
738 1933 893 2003 pedes
923 1933 1191 1988 habentem
1214 1936 1349 1989 ntitti
1378 1935 1433 1989 in
1452 1936 1622 2005 ignem
1646 1945 1920 1999 aeternum,
1946 1946 2054 1991 etc.

477 2022 578 2093 (Ex
615 2023 805 2093 Beda.)
845 2023 981 2091 Quia
1014 2040 1177 2095 supra
1222 2026 1481 2081 docuerat
1522 2042 1592 2081 ne
1630 2026 2056 2083 scandalizemus

474 2131 570 2171 eos
604 2117 695 2186 qui
741 2118 968 2191 credunt
999 2118 1052 2172 in
1093 2134 1240 2184 eum,
1273 2134 1418 2173 nunc
1450 2129 1845 2190 consequenter
1871 2120 2055 2175 admo-

479 2215 592 2272 net,
616 2215 877 2276 quantum
903 2223 1094 2264 cavere
1126 2210 1416 2265 debeamus
1448 2225 1542 2265 eos
1567 2211 1657 2280 qui
1686 2210 2053 2265 scandalizare

472 2296 650 2357 nos.id
677 2305 782 2363 est,
816 2298 980 2353 verbo
1011 2298 1095 2353 vel
1123 2299 1367 2368 exemplo
1393 2315 1491 2355 suo
1512 2301 1578 2355 ad
1604 2301 1813 2355 ruinam
1843 2301 2050 2369 peccati

473 2385 772 2454 propellere
808 2396 1037 2442 certant.
1074 2387 1288 2443 Manum
1316 2389 1513 2459 quippe
1548 2400 1788 2445 nostram
1818 2389 2054 2459 appellat

470 2478 838 2533 necessarium
892 2481 1163 2544 amicum,
1220 2479 1374 2550 cujus
1427 2497 1591 2552 Opere
1638 2491 1802 2552 atque
1851 2482 2050 2537 auxilio

468 2568 786 2637 qaotidiano
819 2585 955 2639 opus
1002 2571 1279 2629 habemus.
1321 2571 1426 2628 Sed
1468 2573 1610 2637 talis,
1644 2574 1686 2629 si
1729 2590 1828 2629 nos
1856 2573 2048 2628 laedere

471 2658 523 2712 in
555 2673 719 2713 causa
747 2659 942 2715 anima:
969 2661 1217 2725 voluerit,
1256 2662 1621 2718 exclulcndus
1666 2673 1744 2719 est
1788 2679 1818 2717 a
1863 2672 2046 2718 nostra

470 2748 750 2812 societate,
780 2764 846 2803 ne
874 2749 918 2804 si
946 2764 1067 2804 cum
1112 2751 1322 2819 perdito
1369 2752 1422 2807 in
1451 2753 1553 2806 hac
1580 2752 1685 2806 vita
1715 2760 1921 2822 partem
1951 2752 2048 2806 ha-

468 2837 596 2893 bere
624 2839 887 2903 volumus,
919 2841 1078 2894 simul
1123 2842 1174 2895 in
1220 2840 1402 2896 futuro
1429 2858 1553 2897 cum
1601 2842 1694 2896 illo
1740 2857 2042 2911 pereamus.

468 2927 522 2982 In
547 2928 681 2997 pede
705 2930 846 2984 sicut
869 2939 923 2984 et
949 2931 1003 2986 in
1035 2947 1193 2986 manu
1226 2933 1418 2988 charos
1444 2931 1861 2988 inemendabiles
1888 2932 2046 2986 docet

466 3015 777 3072 alienandos
828 3035 858 3072 a
908 3021 1085 3084 nobis,
1138 3037 1203 3076 ne
1257 3036 1350 3091 per
1386 3023 1778 3076 immunditiam
1828 3037 2040 3087 eorum,

464 3124 601 3178 quos
640 3110 909 3180 castigare
958 3114 1262 3180 nequimus,
1297 3123 1353 3169 et
1390 3115 1488 3183 ipsi
1518 3114 1701 3183 polluti
1735 3130 2038 3184 pereamus.

466 3195 673 3259 Manus,
721 3210 944 3271 propter
990 3218 1125 3273 opus
1171 3205 1535 3260 necessarium
1593 3204 1778 3262 nobis.
1818 3216 2043 3275 possunt

463 3287 568 3341 diti
601 3289 755 3353 tales,
794 3302 1016 3361 propter
1041 3294 1395 3349 ministerium
1425 3296 1804 3365 discursusque
1850 3298 1903 3351 in
1946 3314 2042 3352 no-

463 3377 592 3431 stris
618 3379 801 3433 usibus
822 3383 1274 3438 accommodatas.
1300 3384 1355 3439 In
1384 3387 1540 3440 oculo
1574 3401 1787 3458 quoque
1823 3397 2041 3457 propter

462 3468 775 3524 scandalum
815 3474 1072 3539 eruendo,
1109 3475 1266 3531 iidem
1314 3479 1480 3533 nostri
1525 3482 1815 3535 carnaliter
1856 3483 2036 3549 amici,

462 3558 818 3628 spiritualiter
864 3578 992 3617 vero
1030 3565 1321 3622 adversarii
1351 3568 1721 3641 designantur.
1765 3570 1869 3627 Sed
1915 3588 2036 3627 cum

465 3668 565 3705 nos
592 3666 779 3716 eorum
807 3654 1051 3710 consulto
1076 3672 1139 3712 ac
1169 3659 1471 3729 provisione
1494 3677 1630 3732 opus
1658 3662 1936 3728 habemus,
1962 3662 2036 3718 illi

460 3757 590 3797 vero
620 3745 844 3800 consilio
872 3762 970 3802 nos
998 3764 1164 3819 pravo
1196 3749 1442 3821 decipere
1482 3761 1641 3823 atque
1667 3754 1734 3808 ad
1761 3753 1867 3807 iter
1888 3767 2037 3807 erro-

466 3832 543 3887 ris
567 3831 847 3891 dellectere
874 3849 1142 3908 quaerunt.
1177 3843 1447 3900 Σκὰνδαλον
1470 3845 1665 3914 quippe
1692 3858 1869 3898 sermo
1890 3841 2038 3897 Crte-

464 3939 561 3979 cus
606 3934 706 3989 cst,
750 3928 890 3997 quod
923 3946 1018 3985 nos
1056 3931 1431 3990 oll‘endiculum
1462 3934 1545 3989 vel
1587 3934 1817 3997 ruinam,
1856 3943 1912 3986 et
1938 3934 2038 3987 im-

462 4020 761 4087 pactionctn
792 4024 941 4092 pedis
972 4025 1151 4081 dicere
1177 4042 1480 4097 possumus.
1511 4023 1738 4091 Quidam
1762 4023 2037 4080 σκάνδαλον

462 4104 669 4171 Graece,
694 4108 881 4167 Latine
910 4114 1215 4186 scrupulum
1248 4117 1451 4171 dicunt.
1488 4113 1580 4186 ille
1610 4129 1738 4184 ergo
1772 4115 2036 4171 scantali-

460 4205 549 4250 λιιι
577 4196 815 4263 fratrem,
857 4203 946 4271 qui
985 4204 1034 4259 ei
1075 4206 1218 4259 dicto
1261 4203 1470 4258 factove
1502 4201 1680 4258 minus
1706 4212 1850 4259 recte
1878 4220 2038 4259 occa-

461 4289 664 4343 sionem
693 4292 861 4347 ruina:
882 4295 1091 4350 dederit
1118 4295 1226 4366 (Ex
1254 4292 1499 4365 Hieron.)
1534 4293 1718 4349 Potest
1752 4303 1808 4350 et
1833 4295 2035 4366 simpli-

456 4379 593 4434 citer
622 4382 747 4449 dici,
774 4384 818 4437 si
848 4387 969 4454 quis
995 4387 1068 4441 ita
1099 4384 1438 4441 necessarius
1464 4385 1617 4440 nobis
1642 4400 1764 4440 esse
1801 4386 2032 4450 videtur,

456 4478 513 4527 ut
541 4476 751 4541 manus,
793 4491 889 4546 pes
912 4485 967 4533 et
990 4477 1199 4543 oculus,
1225 4477 1373 4533 utilis
1398 4477 1648 4533 videlicet
1675 4486 1837 4548 atque
1880 4477 2028 4533 solli-

455 4563 594 4619 citas
619 4573 675 4620 et
702 4576 889 4622 acutus
915 4569 983 4623 ad
1010 4566 1457 4637 perspiciendum,
1503 4568 1814 4624 scandalum
1849 4578 2028 4624 autem

455 4653 610 4709 nobis
656 4653 803 4721 facit,
853 4665 909 4712 ct
937 4672 1033 4727 per
1074 4657 1462 4711 dissonantium
1497 4672 1708 4711 morum
1735 4673 1835 4712 nos
1864 4658 2031 4712 trahit

456 4742 508 4795 in
522 4744 855 4827 \gehennam,
882 4762 947 4800 ne
972 4745 1234 4814 siquidem
1257 4746 1638 4815 temporalibus
1658 4745 1772 4814 ejus
1794 4761 2027 4800 commo-

453 4834 559 4897 dis,
582 4851 706 4889 cum
737 4836 975 4908 periculo
1003 4836 1305 4890 animarum
1333 4844 1669 4900 nostrarum,
1714 4835 1790 4889 uti
1840 4850 1904 4889 ac
1947 4835 2027 4890 lo-

457 4926 567 4981 veri
598 4927 871 4982 debemus.
950 4944 958 4953 ·

536 5015 713 5070 Videte
737 5033 799 5069 ne
824 5016 1161 5070 contemnatis
1192 5033 1352 5071 unum
1386 5034 1451 5071 ea:
1482 5018 1563 5072 his
1590 5017 1816 5086 pusfllis.
1849 5016 2027 5086 Quan—

457 5115 565 5160 tam
596 5106 649 5160 in
679 5105 829 5159 vobis
853 5113 935 5159 est
955 5105 1118 5159 nolite
1155 5115 1520 5171 contemnere,
1545 5108 1637 5163 sed
1668 5124 1763 5178 per
1791 5116 2025 5164 vestram

449 5197 681 5253 salutem
710 5195 870 5249 etiam
902 5196 1111 5251 illorum
1141 5200 1365 5267 quaaritc
1399 5201 1706 5257 sanitatem.

528 5286 655 5340 Dico
682 5286 817 5339 enim
847 5287 985 5341 vobis
1013 5301 1030 5338 :
1064 5288 1201 5354 Quia
1239 5292 1409 5363 angeli
1438 5310 1617 5347 eorum
1647 5294 1700 5348 in
1727 5293 1888 5356 cains,
1916 5300 2021 5346 etc.

455 5379 643 5449 magna
674 5377 906 5448 dignitas
931 5381 1250 5446 animarum,
1283 5395 1340 5438 ιιι
1365 5401 1697 5456 unaquaeque
1738 5386 1944 5439 habeat-
1960 5385 2027 5439 ab

452 5480 574 5524 ortu
594 5471 891 5525 nativitatis
921 5472 972 5527 in
998 5476 1295 5530 custodiam
1326 5478 1405 5531 sui
1431 5476 1674 5548 angelum
1702 5475 2023 5546 delegatum,

428 5548 595 5614 ‘unde
619 5560 844 5632 legimus
879 5563 931 5616 in
955 5561 1268 5634 Apocalypsi
1294 5563 1516 5621 Joannis
1550 5583 1560 5618 :
1595 5564 1789 5634 Angela
1812 5564 2028 5634 Ephesi,

458 5648 741 5706 Thiathinc
766 5662 812 5705 et
852 5651 1034 5722 angelo
1065 5651 1437 5726 Philadelphia-
1471 5655 1649 5725 (Apoc.
1683 5670 1718 5719 ι,
1754 5669 1813 5718 ιι,
1844 5653 1948 5723 ιιι),
1976 5663 2027 5708 ct

1468 5736 1481 5761 ‘
1926 5736 1933 5751 Ι

2163 1856 2182 1889 s
2228 1840 2471 1907 patienti.
2522 1860 2540 1891 ι

2228 1927 2566 1983 Renovamini
2614 1932 2802 2001 spiritu
2849 1933 3036 1987 mentis
3081 1942 3280 1987 vestras.
3333 1933 3441 2005 (Ex
3481 1932 3748 2004 Hieron.)

2155 2017 2266 2073 Nec
2295 2020 2350 2075 in
2377 2034 2539 2074 sensu
2569 2036 2895 2076 renovamur
2924 2023 3128 2092 absque
3158 2022 3349 2094 spiritu
3368 2063 3382 2085 ,
3415 2039 3514 2078 nec
3544 2025 3744 2094 spiritu

2153 2109 2354 2177 absque
2398 2124 2578 2173 sensu,
2611 2112 2706 2165 sed
2752 2124 3077 2165 renovamur
3118 2111 3403 2183 conjuncte
3450 2115 3503 2169 in
3543 2115 3743 2185 spiritu

2153 2214 2345 2254 sensus
2379 2203 2570 2264 ηοω-ἱ,
2603 2209 2660 2256 ιιι
2684 2204 2958 2273 quomodo
2981 2203 3263 2274 psallimus
3304 2207 3522 2274 spiritu,
3550 2209 3742 2277 psalli—

2153 2308 2272 2348 mus
2314 2303 2369 2348 et
2398 2310 2583 2360 sensu,
2618 2311 2840 2351 oramus
2867 2298 3083 2367 spiritu,
3109 2312 3325 2353 oremus
3348 2307 3404 2354 et
3432 2314 3615 2365 sensu,
3656 2302 3742 2363 sic

2152 2383 2205 2436 in
2249 2385 2438 2454 spiritu
2482 2401 2671 2441 sensus
2711 2388 2882 2441 nostri
2912 2403 3267 2453 renovemur,
3308 2399 3369 2443 ut
3392 2406 3514 2444 cutn
3544 2406 3744 2446 sensus
3814 2382 3819 2399 ’

2150 2476 2383 2529 mundus
2413 2474 2575 2529 fuerit
2595 2516 2609 2540 ,
2643 2485 2807 2546 atque
2849 2486 3135 2547 purgatus,
3165 2489 3221 2532 et
3246 2479 3314 2534 ab
3340 2482 3483 2533 mnui
3526 2482 3740 2535 macula

2149 2565 2378 2620 sordida:
2398 2566 2761 2622 concretionis
2789 2567 3018 2633 alienus,
3046 2578 3174 2623 tunc
3198 2569 3247 2622 ei
3269 2567 3525 2639 jungatur
3552 2578 3607 2624 et
3634 2571 3743 2639 spi-

2149 2655 2307 2721 ritus,
2349 2665 2405 2711 et
2439 2657 2512 2711 ita
2538 2658 2771 2728 quodam
2801 2659 2939 2713 inter
2977 2674 3035 2713 se
3060 2657 3284 2714 unitatis
3321 2660 3525 2728 glutino
3564 2675 3738 2731 copu-

2148 2745 2348 2811 lentur,
2386 2755 2445 2801 ut
2470 2762 2807 2817 nequaquam
2838 2749 3062 2818 simplex
3111 2750 3488 2821 spiritus,'sed
3513 2752 3740 2822 spiritus

2146 2852 2339 2893 sensus
2364 2853 2483 2895 esse
2505 2840 2736 2895 dicatur.
3610 2844 3627 2855 ’

2217 2927 2286 2982 Et
2314 2927 2516 2982 induite
2552 2947 2735 2984 norum
2782 2932 3062 2989 hominem.
3115 2932 3170 2987 Id
3218 2935 3392 3005 ipsum
3438 2943 3568 3004 puto
3590 2950 3732 2996 esse.

2145 3020 2289 3089 quod
2320 3020 2372 3074 in
2417 3020 2520 3074 alio
2550 3020 2669 3075 loco
2707 3021 2940 3076 dicitur:
2975 3022 3185 3079 Induite
3222 3043 3308 3079 vos
3349 3023 3610 3081 Christum
3641 3026 3737 3081 Je-

2144 3124 2283 3161 snm.
2329 3107 2432 3162 Iste
2462 3108 2657 3180 quippe
2682 3120 2767 3164 est
2797 3127 2965 3165 novus
2993 3111 3173 3176 homo,
3206 3128 3312 3181 quo
3348 3115 3583 3170 universi
3615 3131 3737 3169 cre-

2143 3197 2333 3252 dentes
2375 3197 2632 3252 debemus
2673 3198 2818 3252 indni
2850 3208 3011 3270 atque
3063 3203 3266 3257 vestiri.
3311 3203 3446 3271 Quid
3492 3205 3634 3259 enim
3676 3206 3731 3259 in

2143 3286 2361 3341 homine
2388 3288 2478 3356 qui
2513 3304 2542 3342 a
2590 3286 2872 3343 Salvatore
2915 3299 3100 3346 nostro
3145 3304 3453 3365 assumptus
3495 3306 3577 3351 est
3621 3313 3729 3353 non

2143 3390 2337 3430 novum
2384 3377 2515 3430 fuit?
2559 3387 2867 3447 conceptus,
2899 3381 3175 3446 nativitas,
3214 3394 3419 3454 partus,
3480 3384 3727 3452 infantia,

2140 3463 2409 3530 doctrinm,
2453 3467 2586 3530 vita,
2615 3470 2819 3534 virtus,
2865 3479 2920 3523 ct
2945 3471 3011 3525 ad
3038 3481 3340 3527 extremum
3367 3492 3500 3531 crux
3526 3486 3580 3532 et
3607 3494 3732 3550 pas-
3818 3528 3821 3529 ν

2139 3556 2236 3619 sio,
2271 3557 2624 3628 exspoliantis
2655 3560 2708 3613 in
2734 3574 2794 3614 ea
2829 3562 3182 3631 principatus,
3212 3572 3263 3619 et
3290 3569 3593 3624 contrarias
3622 3568 3728 3624 [οι-

2139 3647 2396 3703 titudines
2438 3652 2673 3705 ostentui
2725 3650 2974 3711 habentis
2998 3695 3012 3719 ,
3058 3658 3384 3713 resurrectio
3422 3674 3635 3731 quoque
3673 3672 3729 3718 et

2136 3754 2396 3794 ascensus
2424 3740 2491 3795 ad
2518 3741 2737 3798 C(L'lum.
2768 3744 2867 3811 Qui
2895 3744 3060 3817 igitur
3088 3750 3556 3807 conversationem
3585 3753 3726 3807 illius

2136 3829 2336 3904 imitari
2368 3839 2586 3901 potest,
2646 3842 2700 3887 et
2744 3836 3024 3893 universas
3084 3838 3138 3893 in
3170 3854 3227 3894 se
3278 3842 3580 3911 exprimere
3616 3846 3723 3899 vir-

2137 3925 2300 3982 tutes,
2333 3928 2392 3972 ut
2429 3920 2499 3974 sit
2526 3934 2837 3979 mansuetus
2879 3925 3019 3981 sicut
3046 3926 3142 3981 fuit
3177 3927 3269 3984 ille
3300 3942 3631 3997 mansuetus,
3670 3944 3724 3991 et

2137 4009 2352 4067 humilis
2380 4013 2579 4077 corle,
2616 4022 2671 4069 et
2711 4026 2875 4086 ponat
2922 4017 3157 4073 animam
3203 4035 3352 4074 suam
3385 4037 3484 4092 pro
3532 4026 3722 4080 amicis

2136 4105 2267 4170 suis,
2297 4117 2357 4159 ut
2378 4106 2471 4162 ille
2512 4108 2690 4177 posuit
2719 4124 2817 4178 pro
2845 4109 3035 4165 ovibus
3064 4110 3175 4164 suis
3200 4153 3212 4173 ,
3269 4112 3581 4168 verberatus
3616 4113 3741 4171 non

2137 4199 2488 4268 respondeat,
2530 4200 2850 4255 maledictus
2876 4216 2983 4255 non
3023 4202 3397 4268 remaledicat,
3423 4205 3515 4260 sed
3542 4208 3721 4264 vincat

2136 4286 2189 4340 in
2220 4286 2521 4342 humilitate
2548 4290 2873 4360 superbiant,
2908 4291 3009 4345 iste
3047 4292 3265 4346 indutus
3291 4302 3370 4349 est
3401 4310 3597 4351 novum
3630 4297 3722 4352 ho-

2137 4380 2358 4443 minem,
2383 4390 2438 4435 et
2466 4381 2647 4436 dicere
2677 4397 2800 4437 cum
2830 4380 3086 4451 Apostolo
3117 4392 3293 4453 potest
3318 4403 3331 4438 :
3385 4383 3511 4441 Vivo
3546 4399 3718 4443 autem

2124 4471 2245 4539 jam
2274 4488 2376 4526 non
2401 4488 2523 4541 ego,
2550 4468 2668 4527 uicit
2698 4484 2869 4527 autem
2897 4475 2951 4528 in
2977 4492 3058 4530 me
3086 4474 3328 4531 Christus
3361 4476 3500 4548 (Gal.
3531 4480 3611 4549 ιι).

2206 4560 2310 4627 Qui
2337 4565 2621 4617 secundum
2673 4564 2836 4618 Deum
2880 4577 3084 4620 creatus
3114 4578 3207 4621 est.
3258 4568 3716 4625 Considerandum

2131 4652 2315 4724 igitur,
2360 4655 2483 4724 quia
2512 4655 2719 4710 creatio
2747 4663 2910 4725 atque
2950 4656 3188 4713 conditio
3224 4674 3497 4730 nunquam
3529 4661 3634 4716 nisi
3662 4663 3716 4716 in

2131 4742 2339 4814 magnis
2362 4744 2615 4814 operibus
2655 4746 3019 4801 nominentur.
3060 4747 3222 4803 Verbi
3256 4762 3449 4813 causa,
3487 4751 3717 4805 munzlus

2129 4841 2346 4889 creatus
2382 4841 2484 4897 est,
2524 4835 2653 4888 urhs
2676 4835 2891 4890 condita
2922 4845 3025 4901 est,
3062 4852 3128 4893 ex
3156 4852 3263 4907 quo
3287 4838 3717 4893 animadverten-

2133 4923 2258 4977 dum
2291 4923 2451 4978 istum
2492 4939 2688 4979 novum
2733 4926 3006 4981 hominem
3033 4968 3048 4992 ,
3098 4928 3188 4996 qui
3231 4925 3388 4995 juxta
3436 4927 3603 4982 Deum
3658 4927 3711 4983 in

2132 5010 2350 5065 Christo
2378 5021 2593 5068 creatus
2620 5022 2706 5070 est
2746 5030 2999 5086 magnum
3032 5016 3127 5071 Dei
3154 5032 3291 5088 opus
3318 5031 3457 5081 esse,
3502 5024 3553 5071 et
3581 5015 3714 5071 etni-

2129 5121 2259 5161 nere
2286 5106 2427 5161 ultra
2455 5119 2682 5163 creteras
2712 5121 3020 5174 creaturas,
3067 5127 3188 5166 cum
3218 5112 3295 5166 sic
3321 5113 3568 5167 conditus
3594 5126 3713 5167 esse

2129 5195 2377 5263 dicatur,
2431 5207 2490 5252 ut
2539 5200 2770 5254 mundus
2809 5209 2864 5254 et
2914 5202 3126 5257 initium
3171 5203 3381 5256 viarum
3426 5201 3520 5258 Dei
3556 5211 3616 5259 et
3658 5204 3712 5257 in

2129 5287 2350 5341 exordio
2375 5287 2767 5343 elementorum
2796 5291 3034 5344 omnium
3061 5293 3130 5346 sit
3154 5302 3390 5347 creatus.

2199 5374 2266 5429 In
2283 5376 2496 5446 justitia
2528 5390 2573 5431 et
2599 5380 2877 5432 sanctitate
2895 5420 2909 5445 ,
2939 5388 3043 5435 etc.
3071 5379 3229 5437 Jesus
3259 5397 3387 5452 ergo
3414 5396 3541 5438 vere
3566 5397 3715 5438 crea-

2130 5472 2216 5519 tus
2246 5476 2328 5521 cst
2356 5467 2407 5521 in
2433 5467 2643 5537 justitia
2693 5476 2746 5525 et
2776 5471 3067 5525 sanctitate
3105 5473 3373 5538 veritatis,
3415 5473 3540 5543 quia
3569 5471 3712 5528 Deus

2130 5574 2291 5613 verus
2324 5558 2417 5614 Dei
2451 5561 2561 5614 veri
2599 5560 2737 5616 [ilius
2766 5571 2867 5627 est,
2909 5572 2961 5618 et
2988 5571 3098 5619 tota
3142 5566 3193 5619 in
3223 5565 3310 5620 illo
3326 5566 3525 5636 rel'gio
3551 5574 3712 5636 atque

2122 5650 2329 5718 justitia
2362 5653 2455 5706 Dei
2484 5655 2707 5708 veritate
2736 5656 2997 5725 completa
3024 5665 3123 5710 est.
