3952 6412
273 290 362 345 ist
1079 294 1592 349 COl.l.ECIl0.\'l-LS
1632 291 1696 348 IN
1741 295 2122 349 Et‘lSTOl.AS
2163 297 2250 350 cr
2289 298 2699 360 evneum.

3413 311 3520 368 483

340 407 558 476 Propter
593 407 731 478 quod
773 407 1079 479 depensum
1123 427 1272 464 omne
1313 411 1639 466 mendacium
1676 411 1842 480 loqui-
1870 417 1914 475 Α
1945 427 2157 482 cunque
2179 413 2232 470 in
2265 417 2349 471 die
2374 417 2457 472 vel
2485 433 2648 489 opere
2676 420 2755 475 vel
2783 435 3050 488 sermone,
3084 423 3166 479 vel
3191 426 3519 493 cogitatione

260 498 390 551 mini
415 499 700 561 ueritatem,
733 508 837 552 etc.
891 498 1005 552 Non
1034 499 1369 570 simpliciter,
1416 511 1473 554 ut
1500 501 1715 571 quidam
1746 517 1840 570 pu-

262 598 420 655 tant,
471 602 568 643 nec
610 589 890 644 moraliter
913 590 1200 660 Apostolus
1241 592 1510 662 praecepit,
1559 591 1841 645 mendacio

261 679 518 734 derelicto
543 694 665 736 cum
695 680 959 748 proximis
996 681 1282 735 veritatem
1312 681 1653 750 loquendum.
1696 681 1842 734 Alio-

260 775 390 840 quin
422 773 466 827 si
497 781 706 828 tantum
752 789 874 829 cum
917 775 1177 845 proximis
1223 775 1836 848 loquimurveritatem,

259 870 565 939 quicunque
594 889 700 927 non
730 871 897 928 fuerit
940 875 1219 944 proximus
1257 876 1442 929 audire
1467 877 1650 930 dicunt
1690 859 1840 931 men-

259 962 495 1016 dacium.
547 963 699 1030 Quod
727 965 943 1034 quidem
984 973 1038 1018 et
1067 966 1121 1020 in
1163 966 1278 1035 lege
1319 974 1679 1035 praeceptum:
1715 966 1837 1021 Non

256 1052 574 1109 adulterabis
605 1071 818 1109 uxorem
847 1057 1072 1125 proximi
1097 1058 1174 1110 tui
1204 1056 1400 1128 (Exod.
1431 1055 1542 1128 xx).
1574 1056 1630 1111 Si
1659 1059 1835 1126 proxi-

255 1157 378 1198 mus
406 1152 612 1198 tantum
639 1147 992 1216 propinquus,
1021 1147 1107 1202 vel
1133 1147 1340 1202 amicus
1370 1147 1653 1216 accipitur,
1687 1147 1836 1202 adul-

255 1233 391 1285 teria
421 1234 474 1286 in
505 1233 710 1288 alienos
722 1234 848 1302 jure
872 1236 1154 1304 promittit.
1206 1235 1311 1288 Sed
1341 1227 1644 1305 proximum
1680 1246 1836 1290 vocat

251 1337 467 1375 omnem
499 1323 768 1376 hominem
793 1363 808 1387 ,
839 1325 928 1392 qui
957 1340 1022 1378 ex
1052 1327 1240 1380 eodem
1271 1325 1426 1380 nobis
1465 1341 1584 1380 cum
1613 1336 1834 1395 parente

251 1422 538 1478 generatus
559 1423 660 1467 est.
1459 1401 1464 1404 Ι

323 1500 585 1564 Quoniam
613 1521 793 1558 sumus
814 1507 1028 1560 invicem
1054 1509 1304 1561 membra.
1356 1508 1508 1574 Quod
1539 1517 1718 1561 autem
1751 1509 1833 1562 di-

247 1589 325 1642 cit
349 1609 360 1642 :
395 1591 816 1647 Sumusinvicem
843 1597 1269 1667 membra,tnagis
1298 1597 1426 1650 mihi
1444 1597 1654 1650 videtur
1668 1599 1831 1665 signi-

249 1681 413 1734 ticare
445 1683 781 1751 mysterium,
812 1694 867 1738 et
895 1684 961 1739 de
983 1686 1066 1740 his
1098 1687 1298 1751 dicere,
1335 1687 1425 1754 qui
1457 1687 1612 1740 nolis
1651 1686 1752 1741 [ide
1774 1695 1828 1741 et

246 1775 450 1830 virtute
476 1785 602 1830 sunt
630 1778 878 1846 proximi.
909 1777 1145 1832 Membra
1164 1779 1361 1847 quippe
1389 1779 1704 1832 alterutrum
1723 1793 1830 1832 non

246 1872 392 1928 sunt,
425 1865 528 1919 nisi
557 1865 740 1921 fideles
779 1867 1045 1932 ﬁdelium,
1083 1879 1139 1923 et
1173 1868 1465 1923 Christiani
1499 1869 1830 1923 Christiano-

247 1971 385 2008 rum.
419 1955 562 2027 Ergo
599 1958 701 2012 hoc
729 1956 916 2024 jubet,
950 1968 1007 2013 ut
1038 1960 1406 2029 unusquisque
1435 1960 1662 2030 mystica
1688 1975 1832 2030 qua:-

244 2064 349 2117 que
374 2058 534 2116 atque
564 2060 773 2104 secreta
799 2091 813 2111 ,
841 2061 896 2105 et
920 2067 981 2104 ea
1005 2067 1124 2120 qua:
1148 2051 1242 2106 Dei
1265 2053 1492 2106 veritate
1521 2060 1647 2107 sunt
1675 2053 1828 2122 plena

243 2135 495 2205 loquatur
521 2153 642 2192 eum
675 2139 920 2207 proximo
955 2154 1073 2204 suo,
1123 2147 1176 2194 et
1202 2156 1308 2194 non
1336 2139 1426 2194 det
1465 2148 1712 2194 sanctum
1738 2155 1828 2194 ca—

243 2225 421 2292 nibus,
453 2243 628 2297 neque
651 2230 828 2282 mittat
849 2231 1169 2300 margaritas
1195 2247 1320 2285 suas
1341 2239 1467 2286 ante
1495 2246 1708 2302 porcos,
1734 2235 1828 2285 sed

241 2317 548 2385 quicunque
590 2318 767 2373 oleum
806 2320 1053 2374 habuerit
1096 2323 1372 2387 veritatis,
1409 2322 1526 2376 illos
1558 2323 1610 2376 in
1653 2322 1826 2376 thala-

240 2423 389 2462 mutn
423 2413 602 2479 sponsi
635 2412 910 2466 cellarium
941 2422 994 2467 et
1029 2430 1224 2483 penum
1256 2415 1397 2484 regis
1427 2415 1665 2469 inducat.

312 2499 608 2556 lrascimiui
638 2515 685 2557 et
712 2505 869 2558 uo.’ite
893 2523 1123 2575 peccare.
1157 2507 1360 2576 Duplex
1398 2516 1578 2561 autem
1605 2523 1711 2562 non
1739 2522 1824 2560 so-

239 2589 349 2644 lum
381 2590 520 2660 apud
562 2607 680 2656 nos,
730 2610 918 2647 verum
951 2595 1114 2648 etiam
1159 2597 1297 2664 apud
1345 2595 1690 2665 philosophos
1730 2597 1822 2650 ira:

239 2698 436 2736 nomen
465 2683 751 2752 accipitur,
800 2683 880 2738 vel
909 2699 1053 2751 cum,
1087 2686 1280 2756 injuria
1308 2686 1565 2751 lacessiti,
1603 2697 1821 2740 natura-

235 2772 378 2828 libus
407 2773 641 2830 stimulis
669 2777 1023 2842 concitamur,
1058 2778 1138 2832 vel
1168 2793 1290 2833 cum
1322 2780 1695 2848 requiescente
1720 2779 1820 2832 im-

234 2872 361 2931 petu
409 2871 465 2916 et
512 2861 695 2917 furore
725 2867 1014 2931 restincto,
1056 2876 1232 2937 potest
1277 2882 1428 2922 mens
1460 2869 1656 2922 habere
1678 2867 1820 2936 judi-

233 2951 378 3005 cium
405 2993 419 3016 ,
465 2962 520 3007 et
549 2952 898 3010 nihilominus
931 2971 1092 3026 super
1129 2973 1194 3011 eo
1229 2958 1321 3027 qui
1361 2967 1582 3026 putatur
1615 2957 1818 3013 hesisse

233 3043 507 3099 desiderat
559 3045 837 3100 ultionem.
885 3048 1137 3103 Arbitror
1183 3051 1364 3119 itaque
1407 3053 1472 3105 de
1517 3053 1683 3121 priori
1734 3053 1816 3106 ira

235 3153 378 3193 nunc
407 3138 644 3203 dictum,
687 3148 741 3193 et
771 3140 926 3194 nobis
951 3179 968 3207 ,
1017 3142 1169 3210 quasi
1201 3143 1510 3197 hominibus
1539 3157 1658 3197 esse
1687 3159 1816 3198 con-

235 3244 465 3291 cessum,
512 3238 571 3283 ut
605 3230 673 3284 ad
701 3231 935 3302 indignae
981 3231 1210 3301 alicujus
1261 3233 1338 3287 rei
1382 3232 1573 3286 faciem
1602 3249 1818 3287 movea-

235 3335 378 3384 mur,
410 3320 963 3392 tranquillitatemque
990 3325 1204 3387 mentis,
1235 3323 1380 3378 velut
1407 3322 1544 3377 lenis
1569 3323 1816 3392 quadam

233 3426 386 3473 aura,
437 3413 762 3478 conturbet,
792 3430 1128 3484 nequaquam
1175 3424 1353 3469 tamen
1396 3414 1816 3470 intumescentes

232 3503 459 3574 gurgitis
487 3503 687 3560 furoris
713 3504 916 3576 impetu
944 3507 1306 3563 subleventur.

305 3589 396 3644 Sol
423 3610 525 3647 non
551 3595 752 3648 occidat
782 3612 939 3666 super
972 3597 1300 3651 iracundiam
1330 3607 1568 3650 uestram.
1599 3597 1654 3652 Si
1685 3598 1814 3652 sim-

230 3681 444 3751 pliciter
484 3684 627 3739 hunc
653 3686 820 3740 solem
867 3687 1214 3758 intelligimus
1238 3729 1251 3751 ,
1297 3688 1388 3758 qui
1427 3688 1600 3744 oculis
1633 3691 1814 3744 carnis

230 3774 508 3842 aspicitur,
537 3791 846 3846 peccamus,
888 3779 1102 3845 quando
1131 3777 1418 3832 irascimur
1444 3787 1498 3832 et
1533 3780 1813 3834 occidente

229 3863 340 3918 sole
391 3864 668 3920 iracundia
714 3873 1048 3936 perseverat.
1105 3864 1221 3920 Non
1270 3882 1556 3935 peccamus
1605 3879 1809 3932 autem,

228 3954 462 4022 quando,
493 3956 642 4010 verbi
668 3957 873 4028 gratia,
906 3971 936 4010 a
965 3957 1140 4028 prima
1177 3957 1310 4011 hora
1338 3971 1508 4026 usque
1547 3960 1613 4011 ad
1646 3961 1812 4013 unde-

227 4046 422 4100 cimam
466 4047 762 4105 irascentes
787 4087 804 4111 ,
840 4047 1068 4104 faciams
1091 4049 1230 4117 quod
1263 4048 1558 4116 indignatio
1580 4089 1594 4112 ,
1640 4047 1806 4113 furor,

227 4135 328 4201 ira,
356 4139 739 4207 suggesserim.
792 4136 909 4204 Quo
935 4153 1097 4192 sensu
1143 4137 1274 4190 nihil
1312 4137 1440 4190 mihi
1473 4138 1681 4192 videtur
1718 4139 1810 4193 ab-

225 4228 461 4291 surdius,
492 4228 644 4296 quasi
675 4244 781 4282 non
811 4236 976 4296 queat
1003 4226 1268 4295 quispiam
1311 4226 1378 4279 ab
1400 4235 1524 4279 ortu
1557 4228 1686 4282 solis
1724 4245 1810 4284 us-

222 4337 327 4391 que
353 4322 419 4375 ad
445 4335 698 4376 occasum
731 4321 784 4374 in
815 4327 962 4374 tanta
993 4319 1195 4374 scelera
1227 4318 1571 4384 debacchari,
1603 4329 1806 4389 quanta

225 4420 338 4467 tota
372 4412 478 4464 \ita
513 4426 610 4465 sua
638 4426 744 4466 non
775 4411 950 4480 possit
996 4409 1246 4480 lacrymis
1272 4410 1514 4478 expiare.
1565 4411 1672 4464 Aut
1701 4427 1805 4464 non

1941 505 2176 574 peccatis
2200 547 2213 569 ,
2277 507 2390 563 haec
2434 509 2754 567 succedente
2793 514 3111 582 poenitentia
3152 527 3376 586 purgate
3422 536 3520 590 per

1940 604 2176 661 noctem,
2207 606 2262 651 et
2292 598 2370 652 ira
2400 601 2471 654 sit
2498 601 2694 667 brevis,
2722 618 2824 659 nee
2847 603 2905 658 in
2935 603 3077 660 diem
3106 607 3400 662 crastinum
3421 610 3518 666 dil-

1940 686 2163 743 feratur.

2011 798 2188 852 Nolite
2215 799 2387 852 locum
2413 802 2540 855 dare
2566 801 2796 857 diabolo.
2829 803 3086 860 Diabolus
3119 805 3364 862 Gnaeum
3394 823 3518 863 ver-

1937 889 2062 943 bum
2092 899 2176 944 est
2213 889 2444 952 διάϐολος
2469 932 2482 956 ,
2527 894 2670 962 quod
2714 894 2904 950 Latine
2940 895 3137 951 dicitur
3176 899 3513 956 criminator.

1936 981 2139 1050 Lingua
2171 998 2298 1036 vero
2320 982 2580 1037 Hebraica
2770 985 2935 1040 Satan
2972 987 3286 1057 appellatur,
3325 991 3501 1045 adven

1935 1075 2112 1128 sarius
2135 1074 2248 1128 sive
2271 1075 2573 1128 contrarius
2592 1116 2606 1138 ,
2633 1085 2688 1129 et
2711 1078 2779 1130 ab
2801 1077 3042 1146 apostolo
3068 1079 3255 1144 Belial,
3281 1079 3382 1135 hoc
3408 1092 3508 1144 est,

1935 1165 2138 1232 absque
2164 1163 2313 1235 jugo,
2339 1165 2483 1233 quod
2512 1164 2579 1218 de
2608 1166 2745 1221 collo
2787 1183 2884 1221 suo
2925 1167 3021 1221 Dei
3051 1167 3310 1238 abjccerit
3342 1171 3512 1227 servi—

1936 1263 2140 1320 tutem,
2189 1271 2348 1324 quem
2386 1256 2578 1326 Aquila
2623 1265 2925 1326 apostatam
2983 1259 3282 1314 transtulit.
3335 1260 3515 1315 Nolite

1933 1351 2151 1418 itaque,
2192 1351 2289 1414 ait,
2337 1351 2464 1404 dare
2503 1351 2672 1406 locum
2703 1353 2931 1417 diabolo,
2979 1355 3162 1420 idest,
3206 1356 3505 1424 irascendo,

1931 1443 2012 1496 vel
2043 1442 2282 1512 quolibet
2306 1443 2410 1498 alio
2436 1445 2593 1500 modo
2617 1447 2907 1515 p::ecando.
2940 1445 3116 1501 Locus
3143 1449 3287 1502 enim
3313 1450 3512 1505 diaboli

1930 1545 2210 1604 peccatum
2260 1546 2361 1590 est.
2418 1537 2672 1592 Diabolus
2699 1540 2843 1592 enim
2899 1547 3153 1608 tanquam
3182 1540 3266 1594 leo
3294 1542 3512 1610 rugiens

1928 1625 2123 1694 qumrit
2146 1626 2373 1690 aditum,
2425 1642 2522 1696 per
2548 1643 2708 1696 quem
2750 1628 2920 1697 possit
2945 1629 3258 1697 irrumpere,
3303 1638 3510 1685 etcum

1934 1717 2105 1769 locum
2131 1714 2436 1771 dederimus
2463 1717 2778 1787 ingreditur.
2830 1717 2978 1772 Solet
3005 1726 3185 1772 autem
3221 1725 3508 1788 antequam

1934 1806 2135 1869 veniat,
2163 1805 2408 1874 quaedam
2431 1805 2606 1872 jacula
2635 1808 2962 1876 przemittere
2985 1847 2999 1872 ,
3036 1815 3090 1862 et
3120 1823 3510 1877 przecursorem

1932 1896 2193 1949 adventus
2239 1895 2320 1949 sui
2364 1893 2543 1950 facere
2588 1897 2996 1965 cogitationem,
3047 1897 3185 1950 hanc
3223 1897 3268 1951 si
3316 1913 3415 1952 nos
3452 1899 3507 1952 in

1931 1984 2095 2037 corde
2126 1991 2310 2037 nostro
2336 1993 2638 2063 susceptam
2666 1984 3046 2050 nutrierimus,
3073 1991 3128 2038 et
3157 1985 3269 2053 ipse
3301 1985 3506 2040 intrare

1931 2075 2168 2129 audebit.

2001 2184 2105 2251 Qui
2142 2185 2422 2248 furabatur
2446 2225 2461 2249 ,
2488 2185 2607 2254 jam
2634 2202 2737 2238 non
2781 2183 3003 2254 furatur.
3051 2186 3186 2252 Quia
3227 2187 3280 2241 hi
3329 2188 3504 2257 quiin

1927 2276 2050 2329 vit-.e
2090 2275 2246 2330 Istius
2273 2275 2500 2343 negotiis
2529 2285 2918 2329 conversantur
2937 2316 2952 2339 ,
3005 2286 3224 2346 propter
3251 2276 3504 2332 alimenta

1925 2373 1981 2418 et
2005 2381 2134 2419 usus
2181 2365 2517 2420 necessarios
2552 2375 2820 2436 coguntur
2864 2365 3041 2434 aliqtta
3073 2367 3155 2420 vel
3197 2381 3379 2422 emere
3419 2369 3503 2422 vel

1924 2455 2179 2518 vendere,
2215 2464 2268 2510 et
2291 2455 2438 2510 lucra
2463 2455 2528 2510 de
2554 2456 2916 2527 negotiatione
2939 2457 3164 2523 sectari,
3218 2466 3504 2527 propterea

1924 2558 2068 2597 nunc
2093 2545 2351 2613 Ephesnos
2373 2554 2577 2610 monet,
2604 2560 2671 2599 ne
2695 2545 2796 2600 sub
2823 2546 3106 2600 occasione
3133 2546 3501 2610 emolumenti,

1925 2632 2053 2687 furti
2097 2636 2304 2690 crimen
2368 2637 2668 2690 incurrant.
2726 2635 2954 2690 Furtum
2998 2637 3284 2690 nominans
3343 2651 3502 2691 omne

1921 2727 2066 2796 quod
2094 2725 2314 2780 alterius
2346 2727 2541 2780 damno
2571 2727 2889 2796 acquiritur.
2929 2728 3110 2783 Potest
3139 2738 3318 2784 autem
3348 2741 3401 2784 et
3430 2729 3506 2783 alo

1925 2821 2029 2873 tius
2057 2819 2320 2888 intelligi:
2363 2818 2466 2884 Qui
2489 2819 2768 2889 [ttrabatur
2794 2821 2912 2890 jam
2957 2837 3058 2874 non
3087 2821 3310 2891 furatur.
3363 2820 3498 2876 Pro-

1920 2919 2040 2980 pter
2087 2909 2216 2963 illud
2247 2909 2388 2978 quod
2419 2910 2681 2980 scriptum
2723 2919 2823 2974 est,
2873 2910 2938 2964 de
2977 2911 3496 2981 pseudOprophetis:

1922 3002 2025 3067 Qui
2057 3002 2308 3071 [urantur
2355 3017 2616 3055 sermones
2662 3001 3013 3072 unusquisque
3053 3019 3085 3054 a
3125 3004 3364 3073 proximo
3401 3020 3497 3056 suo

1921 3089 2055 3160 (Jer.
2104 3090 2282 3161 mu),
2333 3098 2388 3143 et
2432 3089 2562 3143 illud
2610 3107 2622 3142 :
2679 3087 2910 3152 Omnes,
2951 3099 3202 3160 quotquot
3249 3101 3498 3144 uenerunt

1917 3191 2037 3236 ante
2065 3198 2165 3248 me,
2205 3181 2346 3251 {ures
2371 3181 2586 3252 fuerunt
2609 3191 2657 3234 et
2679 3181 2905 3234 latrones
2932 3179 3112 3253 (Joan.
3139 3179 3218 3252 χ).
3250 3180 3358 3237 llos
3377 3197 3499 3252 pro-

1915 3274 2064 3329 hibet
2090 3273 2230 3328 furta
2254 3273 2434 3329 facere
2461 3273 2745 3343 spiritalia.

1986 3387 2158 3459 Magis
2190 3399 2363 3443 autem
2389 3388 2608 3454 laboret,
2654 3395 2759 3442 etc.
2806 3386 2991 3456 Neque
3020 3400 3146 3440 vero
3183 3387 3280 3450 ait,
3329 3387 3496 3457 magis

1913 3492 2086 3534 autem
2124 3480 2322 3533 laboret
2372 3479 2636 3550 operando
2681 3478 2921 3531 manibus
2947 3477 3076 3538 suis,
3120 3475 3258 3547 quod
3302 3477 3494 3530 bonum

1912 3583 2011 3638 est,
2053 3581 2111 3627 ut
2141 3589 2244 3626 non
2275 3573 2528 3642 indigeat,
2579 3579 2630 3625 et
2659 3571 2854 3624 haheat
2879 3572 3098 3635 victum,
3140 3577 3193 3622 et
3224 3568 3351 3622 nulli
3377 3584 3496 3622 mo-

1912 3664 2122 3719 lestiam
2155 3664 2428 3730 exhibeat,
2467 3663 2561 3718 sed
2588 3663 2816 3726 laboret,
2848 3663 3041 3731 inquit,
3085 3661 3334 3715 manibus
3359 3662 3490 3726 suis,

1913 3757 2056 3825 qqu
2084 3756 2287 3810 bonum
2328 3764 2410 3809 est
2432 3793 2447 3819 ,
2479 3763 2540 3807 ut
2566 3754 2761 3808 habeat
2788 3753 2930 3806 unde
2965 3752 3172 3817 foveat,
3200 3753 3498 3806 communi-

1912 3855 1999 3899 cet
2042 3844 2419 3913 indigentibus.
2471 3843 2569 3910 Qui
2599 3843 2761 3911 igitur
2793 3842 2859 3896 ad
2900 3841 3001 3896 hoc
3026 3850 3231 3897 tantum
3261 3841 3492 3904 laborat,

1911 3948 1970 3991 ut
2000 3939 2113 4007 ipse
2142 3954 2245 3990 non
2280 3946 2433 4005 egeat
2459 3976 2473 4000 ,
2522 3944 2575 3989 et
2611 3951 2641 3989 a
2671 3935 2881 3989 caeteris
2920 3935 3207 3988 contrahat
3246 3950 3487 3998 manum,

1911 4029 2159 4096 quamvis
2213 4027 2500 4095 applaudat
2545 4028 2685 4091 sibi,
2739 4036 2918 4080 tamen
2963 4026 3186 4095 apostoli
3231 4035 3495 4094 praecepta

1911 4131 2016 4168 non
2068 4115 2212 4169 fecit.
2261 4116 2430 4186 Igitur
2470 4126 2728 4185 operatur
2773 4117 3003 4180 bonum,
3053 4115 3144 4185 qui
3185 4115 3414 4170 declinat
3460 4133 3492 4169 a

1911 4205 2052 4260 malo
2099 4215 2154 4260 et
2203 4205 2332 4259 facit
2381 4206 2614 4271 bonum,
2663 4215 2718 4260 et
2758 4215 3013 4274 operatur
3049 4206 3100 4258 in
3132 4220 3262 4274 agro
3299 4205 3493 4259 anima:

1911 4314 2040 4361 sue,
2093 4307 2150 4350 ut
2195 4297 2562 4367 spiritu-ilibus
2610 4297 2834 4366 panibus
2868 4297 3192 4366 impleatur,
3239 4305 3293 4349 ct
3317 4297 3490 4366 possit

1909 4388 2238 4441 commodari
2297 4388 2556 4442 esurienti
2614 4397 2669 4442 et
2731 4387 3115 4442 necessitatem
3176 4388 3485 4453 sustinenti,

228 4461 338 4467 ’-τῇ
384 4461 476 4464 -ννῂ
514 4461 609 4465 --ᾐ
640 4461 743 4466 -νήν-
775 4461 947 4480 r-W-ii
1000 4461 1007 4462 ί
1057 4461 1242 4480 νῖδηη*
1282 4461 1295 4463 ἡ
1341 4461 1357 4478 ⁸
1380 4461 1448 4463 γηή
1471 4461 1512 4464 vv
1566 4461 1671 4464 ῗ-ᾑ-
1702 4461 1803 4464 iri"
2073 4480 2084 4491 ο
2461 4482 2473 4492 .
2582 4481 2595 4494 .
2893 4481 2902 4491 ς
3033 4481 3044 4493 ο

222 4502 396 4572 magis
421 4502 500 4556 ira
531 4501 709 4556 locum
738 4501 794 4555 in
827 4501 915 4555 die
940 4500 1127 4554 habeat
1155 4540 1170 4564 ,
1213 4515 1334 4554 cum
1374 4500 1558 4570 utique
1583 4517 1686 4555 nox
1719 4516 1803 4555 re-
1838 4461 1883 4519 Β
1909 4481 2042 4535 (ἶθηδ
2073 4497 2125 4534 ¹¹¹
2160 4490 2401 4550 ωηψοιό
2426 4482 2631 4536 “bar”
2659 4496 2935 4536 conserv”
2964 4497 3096 4535 “"5-

222 4594 453 4666 quiescit
483 4592 701 4660 furoris,
748 4604 802 4648 et
833 4590 1156 4648 succedente
1196 4608 1406 4658 somno,
1433 4596 1598 4650 etiam
1631 4595 1674 4649 si
1704 4595 1806 4648 ira-

222 4687 444 4750 scimur,
476 4684 528 4738 in
560 4684 700 4739 diem
739 4683 1069 4738 iracundiam
1098 4683 1426 4739 dilfcramus.
1473 4685 1607 4752 Quia
1640 4685 1804 4754 igitur

223 4789 384 4828 verus
412 4773 490 4829 sol
516 4773 655 4830 sicut
679 4772 878 4829 occidit
915 4788 1077 4840 super
1107 4773 1276 4827 malos
1298 4773 1606 4843 prephetas,
1645 4771 1798 4841 juxta

221 4866 352 4922 illud
375 4866 517 4936 quod
544 4867 806 4935 scriptum
838 4875 921 4920 est
949 4883 961 4918 :
996 4863 1199 4918 Occidit
1229 4864 1310 4918 sol
1337 4882 1492 4935 super
1523 4867 1799 4936 prophetas

221 4970 412 5014 vestros
443 4959 496 5012 in
523 4958 739 5012 meridie
776 4956 977 5028 (Amos.
1010 4955 1150 5026 vm),
1206 4957 1278 5010 ita
1309 4957 1470 5012 etiam
1499 4972 1660 5026 super
1686 4974 1800 5011 οιιιο

221 5063 317 5102 nes
345 5046 543 5102 occidit
568 5055 900 5120 peccatores,
950 5061 1290 5114 nequaquam
1317 5046 1396 5101 eis
1424 5055 1576 5102 ortus
1604 5050 1684 5101 sui
1723 5048 1802 5100 lu-

221 5155 343 5192 mcn
386 5138 705 5209 indulgens,
757 5137 1000 5207 praecipit
1041 5151 1186 5192 nunc
1216 5135 1522 5206 Apostolus,
1573 5153 1640 5192 ne
1676 5138 1800 5192 talia

222 5229 484 5287 faciamus
526 5230 707 5287 furore
735 5230 1004 5300 superati,
1059 5244 1156 5300 per
1209 5245 1330 5300 quae
1373 5229 1526 5283 nobis
1552 5229 1628 5283 sol
1658 5230 1800 5284 oeci-

220 5323 334 5385 tlat,
366 5331 421 5377 ct
464 5323 759 5393 principale
802 5322 982 5378 cordis
1012 5321 1249 5376 tenebris
1293 5321 1616 5375 iuvolvatur.
1665 5322 1795 5388 Qui-

218 5413 340 5467 dam
387 5419 579 5480 putant
621 5412 700 5466 sit:
745 5411 1114 5478 accipiendum
1157 5410 1260 5464 hoc
1303 5423 1422 5464 esse
1461 5409 1794 5478 simpliciter,

217 5506 486 5575 quomnlo
512 5513 564 5558 rt
593 5503 720 5559 illud
746 5503 921 5572 quarti
955 5503 1140 5572 p-almi
1159 5543 1172 5564 ,
1203 5503 1344 5555 unde
1375 5510 1427 5554 et
1458 5502 1629 5570 ipsum
1655 5517 1799 5555 sunt-

219 5609 365 5666 ptun‘i
399 5597 647 5650 videtur:
695 5594 824 5660 Qtttt’
855 5595 1026 5646 dicitis
1049 5595 1102 5646 in
1133 5589 1372 5647 cordibus
1415 5596 1590 5647 uestris
1611 5635 1623 5654 ,
1673 5605 1718 5646 el
1749 5596 1799 5648 in

227 5690 472 5746 rabilibus
501 5692 678 5743 reatris
706 5685 1300 5758 comptmqimini(Ptul.
1334 5690 1430 5757 tv),
1458 5689 1505 5741 id
1529 5697 1628 5749 οδε,
1664 5702 1801 5754 qua:-

2237 4608 2572 4648 EYANGELIUI
2608 4608 2885 4657 IATTU£I,
2918 4606 3035 4646 CAP.
3065 4608 3139 4647 II.

1984 4701 2002 4734 ι
2050 4682 2361 4739 Ascendens
2405 4682 2638 4739 Jesusin
2678 4682 2978 4746 naviculam
3034 4680 3404 4738 translretavit
3431 4691 3486 4741 et

1910 4789 1928 4821 ‹
1971 4773 2116 4826 venit
2146 4773 2198 4827 in
2227 4773 2499 4829 civitatem
2523 4788 2695 4830 suam.
2744 4773 2812 4828 Et
2833 4788 2958 4827 ecce
2987 4771 3285 4828 oﬂ‘crebant
3319 4773 3368 4828 ei
3393 4788 3488 4845 pa-

1910 4879 1927 4911 ι
1977 4862 2257 4933 ralyticum
2281 4864 2553 4934 iacentem
2586 4864 2638 4918 in
2661 4862 2818 4917 lecto.
2850 4861 2917 4916 Et
2938 4862 3126 4917 videns
3147 4859 3307 4917 Jesus
3326 4861 3486 4918 (idem

1903 4977 1922 5010 ι
1969 4961 2202 5021 illorum,
2232 4957 2369 5010 dixit
2394 4956 2730 5027 paralytico:
2762 4953 3000 5019 Conlide,
3041 4954 3114 5008 fili
3139 4995 3154 5020 ,
3200 4954 3484 5010 remittun-

1905 5073 1922 5106 ι
1970 5063 2058 5107 tur
2103 5052 2199 5106 tibi
2229 5058 2448 5121 peccata
2488 5057 2600 5102 tua.
2649 5049 2716 5103 Et
2755 5062 2884 5103 ecce
2913 5048 3132 5119 quidam
3181 5047 3248 5102 de
3289 5047 3483 5103 scribis

1905 5163 1923 5195 ι
1965 5145 2216 5198 dixerunt
2243 5141 2382 5194 intra
2408 5155 2468 5194 se
2493 5158 2506 5192 :
2547 5138 2647 5194 Hic
2679 5137 3037 5208 blasphemat.
3067 5138 3135 5192 Et
3165 5153 3289 5193 cum
3319 5137 3483 5192 vidis-

1905 5253 1924 5284 ι
1963 5241 2047 5289 set
2071 5231 2227 5286 Jesus
2253 5231 2609 5300 cogitationes
2637 5245 2844 5295 eorum,
2877 5229 3048 5285 dixit:
3085 5229 3155 5285 Ut
3179 5230 3307 5299 quid
3331 5229 3479 5299 cogi-

1903 5344 1921 5374 α
1971 5323 2098 5378 tatis
2125 5321 2261 5376 mala
2294 5321 2348 5375 in
2377 5320 2627 5375 cordibus
2648 5319 2885 5376 vestris?
2911 5319 3050 5388 Quid
3063 5328 3144 5374 est
3170 5317 3378 5372 facilius
3400 5317 3478 5370 di-

1905 5431 1923 5463 ι
1968 5427 2114 5475 cere,
2143 5411 2484 5466 dimittuntur
2514 5409 2610 5463 tibi
2632 5417 2851 5478 peccata
2870 5449 2884 5474 ,
2915 5424 2982 5463 an
3010 5407 3210 5471 dicere,
3243 5418 3400 5474 surge
3425 5412 3481 5457 et

1907 5523 1924 5552 ‹
1975 5501 2188 5556 ambula
2211 5501 2232 5554 ‘?
2261 5499 2330 5556 Ut
2361 5499 2545 5555 sciatis
2571 5507 2770 5565 autem,
2806 5497 3060 5568 quoniam
3087 5495 3226 5550 filius
3247 5492 3480 5548 hominis

1909 5615 1925 5646 t
1975 5596 2139 5648 habet
2211 5601 2530 5663 potestatem
2582 5592 2634 5645 in
2691 5600 2833 5645 terra
2883 5589 3183 5644 dimittendi
3233 5595 3476 5656 peccata,

1910 5706 1926 5737 ι
1977 5697 2102 5740 tunc
2127 5685 2198 5738 ait
2227 5683 2524 5756 paralytieu
2553 5701 2564 5736 :
2600 5684 2791 5753 Surge,
2826 5680 2950 5733 tolle
2984 5679 3178 5732 lectum
3224 5689 3394 5741 tuum,
3423 5687 3476 5731 et
