3952 6416
1805 288 2158 347 SMARACDI
2192 291 2479 349 ABBATIS
3668 302 3781 360 484

508 301 612 355 483

516 436 533 468 ι
579 414 715 470 vade
735 412 790 467 in
821 410 1038 467 domum
1066 419 1232 466 tuam.
1280 408 1340 464 Et
1386 409 1621 465 surrexit
1649 421 1702 464 et
1738 409 1868 464 abiit
1902 409 1954 463 in
1993 407 2086 461 do-
2115 412 2163 467 Α
2261 406 2328 460 Et
2362 425 2477 462 ecce
2500 406 2712 481 quidam
2743 407 2808 464 de
2843 408 3029 464 scribis
3071 409 3315 466 dixerunt
3361 413 3501 466 intra
3529 429 3622 476 se:
3670 414 3782 473 me

513 526 532 559 ι
573 520 717 560 mum
748 518 920 558 suam.
966 502 1223 557 Videntes
1247 508 1423 555 autem
1459 500 1627 554 turba:
1666 501 1979 558 timuerunt,
2032 506 2087 552 et
2188 495 2530 569 blasphemia,
2566 499 2650 553 vel
2678 501 2971 556 secundum
3016 500 3256 556 Marcum
3288 501 3459 569 :Quis
3486 513 3656 574 potest
3685 507 3777 561 di-

511 614 529 646 c
574 593 1009 661 glorificaverunt
1032 592 1199 647 Deum
1219 630 1233 657 ,
1258 592 1348 669 qui
1381 591 1530 648 dedit
1559 599 1881 662 potestatem
1921 590 2084 646 talem

510 704 527 736 ι
572 684 899 739 hominibus.
928 704 949 738 ι

571 777 866 831 Ascendens
892 775 1049 832 Iesus
1083 777 1137 831 in
1179 774 1494 841 naviculam,
1546 784 1653 830 etc.
1702 774 1803 845 (Ex
1843 772 2079 846 Figulo.)

499 867 713 923 Marcus
753 884 860 923 non
903 869 1006 923 hoc
1045 868 1101 922 in
1128 869 1348 924 civitate
1373 868 1512 938 ejus,
1548 881 1667 935 qua:
1689 864 1955 919 Natareth
1987 878 2081 919 vo-

498 966 677 1022 catur,
706 958 838 1013 dicit
877 956 1106 1021 t‘actum,
1153 957 1248 1013 sed
1274 957 1329 1012 in
1355 956 1730 1027 Capharnaum
1757 996 1771 1020 ,
1810 955 1914 1009 nisi
1940 953 2079 1008 forte

496 1047 697 1115 poterit
719 1047 827 1102 dici
853 1054 963 1101 tota
986 1044 1200 1101 Galiltea
1229 1046 1424 1102 civitas
1462 1045 1698 1111 Christi,
1743 1046 1798 1099 in
1838 1060 2079 1114 quocun-

497 1153 603 1208 que
626 1139 680 1193 in
711 1154 773 1193 ea
800 1139 994 1209 oppido
1018 1147 1162 1194 esset
1185 1139 1450 1193 Christus.
1483 1138 1539 1194 in
1565 1136 1783 1193 Galilaaa
1806 1138 1950 1193 enim
1978 1135 2080 1191 Na-

497 1233 683 1297 zareth
710 1241 761 1287 et
784 1231 1157 1303 Capharnaum
1179 1233 1465 1290 habentur.
1495 1232 1621 1287 Sive
1651 1232 1725 1285 ita
1755 1232 2070 1302 legendum:

494 1319 565 1373 Et
589 1320 871 1377 ascendens
904 1323 957 1376 in
992 1321 1309 1386 naviculam,
1345 1321 1727 1390 transfretarit,
1771 1332 1818 1375 et
1861 1322 1993 1375 venit
2019 1323 2075 1375 in

493 1412 753 1467 civitatem
780 1427 949 1478 suam,
978 1412 1032 1466 id
1059 1421 1162 1476 est,
1190 1412 1494 1477 Nazareth;
1525 1420 1581 1465 et
1611 1411 1739 1482 quid
1765 1411 1836 1465 ibi
1864 1418 2074 1480 gestum

491 1501 600 1567 sit,
650 1501 934 1563 Matthqu
982 1502 1346 1571 praetermisit.
1415 1501 1564 1555 Mare
1615 1500 1759 1571 quod
1814 1499 2073 1555 Dominus

2186 586 2390 641 mittere
2406 597 2639 657 peccata,
2656 589 2756 644 nisi
2772 590 2919 645 solus
2935 590 3078 645 Deus
3090 591 3116 645 ?
3128 591 3328 646 Verum
3349 592 3533 649 dicunt
3553 595 3770 662 scribe,

2185 677 2310 745 quia
2335 692 2494 733 nemo
2519 679 2790 736 dimittere
2826 693 3071 751 peccata,
3102 683 3207 738 nisi
3252 682 3394 739 Dens
3423 695 3640 757 potest,
3675 689 3769 759 qui

2184 778 2284 837 per
2318 783 2416 823 eos
2454 786 2668 840 quoque
2709 772 2972 838 dimittat,
3002 774 3198 844 quibus
3239 776 3544 833 dimittendi
3579 779 3770 835 tribuit

2183 866 2528 928 potestatem,
2551 872 2606 916 et
2638 861 2757 917 ideo
2783 863 3032 920 Christus
3058 881 3216 921 verus
3245 860 3387 923 Deus
3417 884 3540 925 esse
3562 873 3767 941 proba-

2183 959 2293 1016 tur,
2318 953 2445 1022 quia
2476 954 2745 1009 dimittere
2764 963 2984 1024 peccata
3017 958 3171 1026 quasi
3200 957 3341 1013 Deus
3362 968 3559 1029 potest.

2252 1044 2320 1100 Et
2349 1063 2465 1100 cum
2496 1047 2702 1103 vidisset
2722 1047 2878 1104 Iesus
2906 1051 3241 1120 cogitationes
3271 1069 3449 1105 eorum
3477 1054 3611 1109 dixit
3632 1068 3653 1108 .'
3693 1055 3765 1111 Ut

2179 1137 2304 1209 quid
2330 1139 2569 1208 cogitatis
2603 1139 2745 1193 mala
2782 1142 2837 1193 in
2877 1141 3121 1196 cordibus
3160 1142 3384 1197 vestris?
3423 1143 3673 1200 Ostendit
3704 1162 3766 1200 se

2181 1226 2372 1295 Deum,
2398 1231 2486 1299 qui
2509 1238 2688 1299 potest
2716 1231 2895 1286 cordis
2922 1232 3131 1286 occulta
3163 1248 3512 1302 cognoscere,
3545 1243 3764 1305 etquo-

2176 1317 2464 1375 dammodo
2493 1330 2677 1375 tacens
2706 1320 2943 1402 loquitur
2967 1341 2981 1374 :
3020 1322 3219 1377 Eadem
3270 1322 3552 1392 majestate
3576 1336 3634 1381 et
3660 1341 3763 1397 po-

2179 1410 2363 1471 tentia.
2416 1425 2520 1480 qua
2560 1411 2913 1481 cogitationes
2944 1419 3150 1467 vestras
3180 1413 3659 1483 intueor,,possum
3698 1429 3759 1471 et

2176 1499 2483 1555 hominibus
2516 1500 2712 1555 delicta
2732 1500 3025 1567 dimittere,
3047 1516 3113 1556 ex
3138 1503 3289 1558 vobis
3312 1505 3591 1577 intelligite
3620 1508 3757 1580 quid

492 1591 885 1660 transfretavit,
926 1594 1181 1648 saeculum
1209 1593 1350 1647 istud
1390 1591 1674 1662 significat.
1712 1591 1874 1645 Navis
1919 1605 2068 1655 vero,
2173 1589 2506 1659 paralyticus
2532 1588 2911 1659 consequatur.
3200 1666 3203 1669 _

490 1686 548 1741 in
574 1701 735 1757 quam
767 1684 1025 1750 ascendit,
1060 1682 1347 1754 aliquoties
1368 1700 1563 1755 corpus
1601 1684 1736 1753 ejus,
1781 1680 2141 1757 aliquoties.__
2248 1677 2389 1743 Quid
2418 1687 2494 1733 est
2523 1679 2735 1748 facilius
2767 1680 2940 1735 dicere
2970 1697 2992 1735 :
3027 1680 3380 1738 Dimittuntur
3407 1686 3501 1741 tibi
3535 1697 3753 1757 peccare

487 1749 725 1842 crucem,
754 1776 1040 1845 aliquoties
1062 1749 1191 1830 vero
1219 1749 1727 1829 animam-sanctam
1764 1749 2072 1843 specialiter
2100 1749 2147 1807 Β
2171 1776 2287 1833 tua,
2315 1784 2384 1821 an
2412 1769 2588 1821 dicere
2606 1784 2628 1821 .-
2668 1767 2834 1839 Surge
2865 1778 2916 1823 et
2939 1769 3151 1825 ambula
3169 1773 3313 1843 2(Ex
3337 1749 3580 1848 llieron'.)
3605 1777 3755 1833 inter

486 1866 575 1921 vel
609 1866 934 1937 generaliter
976 1873 1146 1921 totam
1187 1861 1459 1935 significat
1501 1864 1818 1918 Ecclesiam.
1865 1863 2069 1919 Civitas
2172 1858 2353 1912 dicere
2381 1866 2438 1912 et
2466 1856 2646 1912 facere
2685 1859 2853 1912 multa
2875 1859 3129 1915 distantia
3159 1870 3278 1928 est;
3317 1871 3496 1919 utrum
3523 1867 3632 1920 sint
3654 1881 3753 1937 pa-

486 1968 617 2013 vero
640 1970 758 2019 sua,
800 1969 921 2025 qute
950 1951 1222 2009 Nazareth
1262 1963 1514 2018 vocatur,
1563 1954 1632 2007 ad
1656 1968 1818 2023 quam
1857 1954 2071 2008 miseri-

487 2047 721 2103 corditer
743 2047 923 2111 venit,
972 2061 1092 2116 qua:
1118 2046 1315 2100 munda
1358 2046 1471 2099 sive
1507 2046 1775 2100 custodita
1807 2046 2071 2116 interpre-

486 2144 662 2204 tatur,
716 2138 890 2208 ipsam
935 2136 1260 2208 generaliter
1324 2145 1493 2192 totam
1562 2136 1831 2198 significat
1884 2137 2068 2195 Eccle-

482 2228 639 2283 siam.

552 2318 622 2373 Et
668 2336 784 2375 ecce
833 2322 1100 2390 offerunt,
1149 2330 1259 2377 etc.
1308 2318 1528 2375 Curatio
1580 2320 1861 2390 paralytici
1906 2316 2067 2391 hujus

481 2410 674 2465 animae
711 2418 835 2481 post
874 2411 1184 2465 diuturnam
1230 2410 1497 2465 illecebrae
1526 2410 1763 2465 carnalis
1812 2412 2065 2468 inertiam

481 2502 551 2557 ad
595 2500 869 2556 Christum
911 2500 1234 2569 suspirantis
1275 2501 1477 2557 indicat
1510 2501 1893 2565 salvationent,
1942 2518 2065 2572 qua

478 2592 655 2660 primo
677 2592 918 2645 omnium
947 2590 1234 2656 ministris,
1257 2592 1347 2660 qui
1372 2606 1494 2646 eam
1522 2591 1823 2657 sublevant,
1845 2600 1897 2647 et
1914 2588 2067 2647 Chri-

478 2688 566 2735 sto
603 2679 851 2746 afferant,
892 2680 945 2734 id
972 2687 1085 2746 est,
1117 2681 1274 2736 bonis
1300 2681 1573 2750 operibus,
1603 2684 1935 2745 doctoribus,
1969 2684 2061 2753 qui

478 2786 627 2842 spem
668 2772 963 2828 sanationis
991 2787 1253 2842 opemque
1280 2774 1684 2830 intercessionis
1731 2784 2057 2846 suggerant,

437 2920 447 2930 ,
479 2862 698 2932 indiget.
738 2861 842 2929 Qui
869 2863 1028 2929 bene,
1073 2862 1254 2919 Marco
1289 2873 1569 2929 narrante,
1617 2874 1850 2933 quatuor
1892 2864 2060 2922 fuisse

475 2953 845 3022 reperiuntur,
876 2952 988 3009 sive
1016 2953 1141 3024 quia
1181 2963 1415 3023 quatuor
1449 2954 1723 3026 Evangelii
1758 2956 1911 3011 libris
1946 2972 2062 3011 ont-

470 3044 559 3098 nis
586 3043 993 3113 praedicandum
1023 3045 1218 3109 virtus,
1247 3046 1425 3100 omnis
1455 3060 1635 3100 sermo
1660 3045 1925 3111 ﬁrmatur,
1961 3062 2053 3102 seu

2170 1946 2396 2017 ralytieo
2427 1956 2649 2017 peccata
2678 1947 2899 2003 dimissa
2929 1949 3076 2005 solus
3103 1960 3360 2018 noverat,
3393 1954 3485 2024 qui
3511 1955 3752 2013 dimitte—

2168 2035 2281 2089 bat.
2306 2036 2477 2107 Surge
2505 2045 2686 2092 autem
2707 2048 2756 2092 et
2783 2039 3019 2106 ambula,
3051 2049 3158 2096 tam
3187 2042 3305 2108 ille,
3334 2046 3425 2114 qui
3456 2048 3747 2118 surgebat,

2166 2141 2328 2196 quam
2349 2127 2404 2181 hi
2427 2127 2517 2197 qui
2553 2137 2862 2198 surgentem
2885 2131 3136 2187 videbant
3156 2137 3453 2205 approbare
3473 2148 3743 2207 poterant.

2137 2215 2263 2298 .Fit
2282 2217 2448 2289 igitur
2472 2220 2689 2274 carnale
2716 2220 2949 2290 signum,
2983 2233 3039 2276 ut
3060 2224 3317 2292 probetur
3340 2228 3633 2297 spirituale.
3656 2231 3750 2284 da»

2164 2316 2256 2362 tur
2275 2310 2430 2365 nobis
2448 2311 2824 2383 intelligentia,
2839 2324 3059 2384 propter
3075 2325 3293 2385 peccata
3311 2320 3604 2390 plerasque
3622 2337 3749 2377 eve-

2164 2400 2285 2452 nire
2308 2413 2596 2468 corporum
2632 2402 2955 2459 debilitates.
2984 2404 3236 2474 Quinque
3254 2407 3408 2461 enim
3432 2415 3559 2463 sunt
3584 2408 3744 2464 (πίσε-

2164 2490 2357 2545 rentize
2398 2505 2685 2547 causarum
2728 2509 2828 2563 pro
2865 2497 3063 2566 quibus
3104 2498 3158 2552 in
3187 2498 3290 2554 hac
3317 2500 3428 2555 vita
3475 2501 3741 2559 molestiis

2162 2582 2535 2651 corporalibus
2562 2583 2879 2655 allligamur.

2233 2671 2345 2742 (Ea:
2384 2671 2571 2745 Beda).
2601 2675 2708 2729 Aut
2739 2676 2883 2731 enim
2910 2677 2984 2732 ad
3018 2680 3207 2735 merita
3228 2684 3477 2752 augenda
3509 2700 3607 2755 per
3635 2699 3741 2756 pa-

2160 2762 2407 2816 tientiam
2429 2762 2560 2832 justi
2586 2767 2833 2835 corporis
2856 2768 3171 2826 inﬁmitate
3196 2781 3503 2842 gravantur,
3530 2784 3591 2830 ut
3612 2776 3743 2833 bet-

2162 2861 2249 2908 tus
2269 2851 2371 2911 Job
2393 2866 2447 2911 et
2473 2856 2689 2913 Tobias.
2713 2857 2819 2914 Aut
2840 2861 2907 2915 ad
2920 2863 3222 2919 custodiam
3240 2864 3519 2932 virtutum,
3536 2882 3739 2938 praece-

2158 2953 2394 3015 ptorum,
2428 2963 2495 3002 ne
2521 2950 2769 3018 superbia
2807 2958 3047 3007 tentante
3081 2954 3393 3024 dispereant
3430 2955 3570 3011 sicut
3603 2973 3736 3028 apo:-

2160 3033 2331 3089 stolus
2352 3035 2568 3104 Paulus,
2598 3038 2704 3104 cui,
2734 3054 2800 3092 ne
2826 3041 3194 3111 magnitudine
3221 3042 3607 3099 revelationum
3636 3060 3736 3100 ex-

471 3089 854 3207 quiarquatuor
887 3144 1015 3192 sunt
1042 3089 1292 3201 virtutes,
1323 3128 1520 3206 quibus
1548 3137 1615 3190 ad
1640 3138 2054 3206 promerendam
2082 3089 2128 3153 Ο
2163 3123 2441 3179 ιοηθνθῑυΐ
2457 3164 2472 3191 ν
2518 3127 2676 3181 datus
2718 3137 2804 3182 οει
2850 3131 3100 3187 Slimlﬂus
3134 3121 3316 3191 carnis
3348 3135 3439 3209 .(U
3472 3135 3594 3192 Cor.
3608 3140 3732 3211 xu).

470 3228 781 3297 sospitatcm
835 3228 1028 3283 fiducia
1084 3229 1281 3284 mentis
1325 3229 1584 3299 erigitur,
1636 3228 1702 3283 de
1756 3228 1952 3298 quibus
2001 3229 2055 3284 in
2155 3216 2264 3271 Αυῑ
2308 3218 2377 3272 ad
2418 3218 2761 3289 ἱηιθηῑεθηάο
2802 3229 2858 3276 οἱ
2896 3225 3210 3295 corrisenda
3258 3236 3480 3297 Deccata
3522 3238 3732 3300 “05m:

469 3308 681 3373 aeternae
709 3317 986 3389 sapientia:
1008 3319 1209 3374 dicitur
1241 3318 1417 3383 laude,
1458 3319 1805 3373 sobrietatem
1832 3320 1975 3375 enim
2000 3327 2055 3374 et
2155 3310 2296 3365 Βίουί
2319 3311 2649 3381 Ι⁹³τ³¹Ῡῑίευ³
2677 3313 2810 3378 ἰδίαν
2856 3314 2921 3369 de
2966 3330 3073 3385 (ιιιο
3104 3324 3436 3384 tradamus,
3485 3320 3578 3390 (illi
3623 3336 3732 3378 non

469 3408 785 3479 Sapientiam
834 3409 1012 3473 docet,
1053 3416 1107 3462 et
1139 3406 1405 3476 justitiam
1440 3416 1494 3461 et
1524 3408 1805 3475 virtutem,
1855 3409 2051 3480 quibus

2158 3399 2258 3453 nisi
2296 3400 2533 3455 dimissis
2578 3401 2754 3469 primo
2787 3406 3059 3471 peccatis,
3094 3407 3280 3474 ,potuit
3305 3408 3375 3461 ab
3412 3408 3732 3466 infirmitate

467 3497 654 3552 utilius
698 3497 830 3551 nihil
875 3505 959 3552 est
987 3498 1042 3551 in
1086 3497 1197 3552 vita
1243 3497 1571 3553 hominibus.
1624 3499 1765 3566 Quas
1807 3499 2047 3555 nonnulli

465 3590 640 3643 versis
667 3589 973 3645 nominibus
1008 3590 1382 3659 prudentiam,
1431 3589 1804 3649 fortitudinem
1862 3601 1917 3648 et
1960 3592 2050 3663 ju-

465 3680 667 3735 stitiam
694 3679 985 3750 appellant.

534 3768 602 3821 Et
621 3770 795 3823 videns
819 3768 977 3839 ﬁdem
998 3768 1207 3823 illorum
1229 3770 1361 3824 dixit
1383 3769 1698 3842 paralytico.
1720 3771 2043 3826 Intuendum

463 3874 593 3913 sane
615 3860 799 3930 quanti
822 3860 1035 3930 propria
1055 3860 1314 3930 cujusque
1338 3860 1470 3916 fides
1493 3863 1633 3933 apud
1654 3862 1820 3916 Deum
1844 3860 2036 3928 valeat,

460 3951 553 4005 ubi
578 3950 710 4019 tanti
739 3950 908 4005 valuit
945 3951 1120 4005 aliena
1143 3992 1158 4016 ,
1194 3960 1254 4007 ut
1292 3961 1437 4007 totus
1468 3954 1630 4009 homo
1665 3960 1903 4021 repente.
1936 3951 2039 4007 hoc

459 4049 564 4106 est,
605 4043 843 4097 exterius
880 4042 1210 4114 interiusque
1247 4042 1360 4113 jam
1408 4044 1647 4100 salvatus
1686 4053 2034 4116 exsurgeret,

457 4132 791 4202 aliorumque
808 4134 1000 4190 merito
1016 4134 1137 4190 aliis
1155 4135 1527 4190 relaxarentur
1542 4143 1742 4189 errata.
1758 4133 1873 4190 Non
1894 4135 2036 4191 enim

456 4223 531 4276 ait
556 4222 900 4294 Evangelium
920 4239 939 4278 :
979 4226 1179 4281 Videas
1202 4223 1360 4280 Jesus
1395 4225 1552 4281 fidem
1581 4224 1696 4295 ejus
1723 4226 1815 4298 qui
1845 4225 2036 4285 offere-

452 4312 629 4378 batur,
662 4315 754 4369 sed
780 4331 966 4371 eorum
996 4317 1086 4386 qui
1109 4316 1429 4373 efferebant.

2150 3492 2348 3546 curari.
2376 3492 2481 3545 Aut
2519 3493 2585 3548 ad
2613 3493 2838 3563 gloriam
2876 3494 2969 3548 Dei
3010 3492 3311 3561 salvandis,
3360 3498 3477 3552 sive
3521 3514 3727 3569 perse-

2150 3580 2345 3649 ipsum,
2372 3581 2486 3636 sive
2514 3597 2612 3651 per
2636 3581 2866 3637 famulos
2894 3597 3054 3647 suos,
3104 3583 3245 3638 sicut
3282 3599 3458 3640 caicus
3487 3596 3645 3643 natus
3670 3589 3723 3644 in
3778 3624 3785 3630 -

2146 3671 2437 3741 Evangelio
2463 3671 2644 3744 (Joan.
2672 3673 2770 3747 ix),
2802 3675 2943 3729 sicut
2964 3673 3223 3742 Lazarus,
3254 3676 3410 3748 cuius
3439 3678 3724 3734 infirmitas

2144 3775 2252 3814 non
2270 3759 2451 3815 fuitad
2469 3772 2720 3829 mortem,
2748 3765 2840 3819 sed
2864 3774 3087 3836 propter
3110 3766 3466 3837 gloriambei,
3485 3770 3723 3841 utglori-

2145 3851 2398 3908 ﬁcaretur
2418 3855 2585 3912 Filius
2600 3856 2693 3912 Dei
2710 3875 2809 3928 per
2824 3875 2949 3937 eum
2966 3859 3150 3930 (Joau.
3167 3860 3267 3932 at).
3284 3860 3393 3916 Aut
3412 3863 3479 3916 ad
3502 3863 3725 3919 inchoa-

2145 3944 2343 3999 tionem
2373 3947 2733 4003 damnationis
2760 3962 2975 4005 mterna:
2994 3992 3009 4018 ,
3057 3953 3200 4022 quod
3230 3955 3586 4024 reproborum
3609 3965 3715 4024 est,

2138 4034 2277 4089 sicut
2297 4033 2596 4092 Antiochus
2615 4046 2671 4092 et
2702 4037 2974 4107 llerodes,
3004 4043 3097 4113 qui
3137 4042 3283 4112 quod
3323 4052 3715 4102 tormentorum

2134 4126 2192 4180 in
2224 4130 2470 4200 gehenna
2492 4141 2750 4202 perpetua
2771 4134 2989 4202 passuri
3015 4144 3229 4203 essent,
3263 4139 3611 4207 pmsentium
3634 4138 3715 4193 af-

2134 4216 2437 4275 ﬂictionum
2469 4222 2683 4277 miseria
2711 4224 2922 4279 cunctis
2944 4226 3298 4282 ostendebant
3316 4268 3331 4294 ,
3360 4228 3555 4298 quibus
3583 4245 3712 4286 eoa-

2132 4309 2277 4378 gruit
2309 4311 2437 4365 illud
2463 4311 2784 4381 Prophelm:
2827 4313 2897 4368 Et
2932 4314 3130 4387 duplici
3168 4318 3479 4373 contritione
3507 4331 3713 4378 contere

516 4400 757 4472 Conﬁde,
784 4406 883 4474 fili,
912 4408 1252 4461 remittuntur
1278 4405 1371 4460 tibi
1399 4416 1613 4477 peccata
1640 4416 1754 4461 tua.
1788 4407 1888 4478 (Ex
1914 4408 2033 4463 ilic-

2158 4415 2261 4463 “os;
2295 4400 2439 4454 unde
2466 4417 2689 4457 necesse
2717 4411 2829 4467 estt,
2862 4413 2919 4458 ut
2953 4407 3007 4459 in
3034 4408 3313 4473 omnibus,
3342 4422 3461 4479 qua:
3505 4418 3711 4482 tempo-

446 4494 595 4562 ron.)
626 4492 670 4548 0
699 4494 835 4548 mira
864 4494 1161 4559 humilitas,
1200 4494 1511 4565 despectum
1533 4504 1591 4549 et
1618 4496 1848 4550 debilem
1875 4498 2028 4552 totis-

440 4599 555 4655 que
579 4586 940 4641 membrorum
958 4588 1307 4658 compagibus
1330 4588 1647 4642 dissolutum
1670 4586 1836 4640 filium
1848 4597 2026 4655 vocat,

441 4690 608 4745 quem
631 4676 938 4731 sacerdotes
960 4692 1067 4731 non
1090 4678 1452 4747 dignabantur
1472 4676 1757 4745 attingere,
1774 4685 1864 4729 aut
1880 4686 2028 4731 cene

444 4764 570 4819 ilco
598 4766 763 4820 filium
783 4807 799 4832 ,
844 4766 969 4835 quia
997 4765 1344 4820 dimittuntur
1372 4765 1421 4818 ei
1462 4773 1681 4834 peccata
1711 4779 1826 4819 sua.
1864 4764 2023 4821 quta

443 4854 801 4925 tr0pologiam
830 4853 1099 4910 interdum
1127 4854 1306 4907 anima
1347 4853 1535 4923 jacens
1573 4855 1626 4908 in
1647 4869 1883 4924 corpore
1922 4858 2024 4913 sub

443 4945 577 4998 totis
617 4946 984 4999 membrorum
1026 4943 1317 4998 virtutibus
1363 4943 1671 5010 dissolutis,
1713 4962 1742 4999 a
1778 4946 2022 5015 perfecto

2136 4488 2322 4542 raliter
2343 4491 2567 4543 adversa
2580 4494 2825 4560 patimur
2848 4509 2970 4548 cum
2993 4496 3316 4563 humilitate,
3341 4497 3568 4553 Domino
3585 4515 3709 4571 gra-

2134 4577 2240 4632 tias
2268 4594 2509 4649 agamus,
2542 4591 2597 4635 et
2635 4581 2966 4640 infirmitatis
2992 4575 3191 4643 nostra:
3228 4589 3454 4651 conscii,
3500 4590 3567 4645 de
3592 4589 3704 4645 eol-

2126 4668 2256 4721 latis
2285 4670 2438 4725 nobis
2466 4674 2716 4729 remediis
2744 4677 3093 4745 gratulemur.

2203 4756 2269 4811 Ut
2293 4760 2469 4815 sciatis
2505 4773 2678 4817 autent
2711 4766 2955 4836 quoniam
2987 4769 3131 4838 ﬁlius
3150 4769 3396 4835 hominis,
3431 4780 3534 4826 etc.
3554 4771 3702 4828 idem

2122 4850 2245 4920 ipse
2265 4859 2319 4903 et
2348 4852 2488 4907 Deus
2513 4861 2567 4907 et
2591 4854 2729 4911 ﬁlius
2767 4855 3000 4913 hominis
3028 4852 3141 4925 est,
3172 4872 3229 4915 et
3267 4868 3324 4915 ut
3352 4864 3515 4917 homo
3534 4862 3702 4919 Chri-

2126 4950 2242 4996 stus
2267 4957 2363 5012 per
2386 4943 2686 5000 divinitatis
2716 4962 2827 5002 sum
2849 4951 3143 5017 potentiam
3173 4962 3395 5021 peccata
3431 4954 3702 5011 dimittam

441 5033 667 5087 doctore
694 5031 917 5086 ol‘ienur
935 5030 1179 5087 curanda
1203 5031 1453 5096 Domino,
1477 5034 1630 5103 quasi
1654 5034 2021 5092 misericordia
2115 5036 2321 5103 possit,
2355 5043 2409 5088 et
2436 5036 2575 5091 idem
2614 5037 2756 5093 Deus
2802 5039 3049 5096 Christus
3086 5055 3186 5112 per
3212 5043 3563 5100 humanitatis
3589 5061 3701 5101 sua:

440 5122 563 5191 ejus
588 5131 777 5178 sanata
806 5121 990 5186 fuerit,
1022 5130 1230 5175 tantum
1255 5121 1466 5179 roboris
1501 5125 1729 5196 accepit,
1756 5137 1817 5182 ut
1846 5136 2025 5199 portet

440 5215 624 5269 statim
655 5214 853 5268 lectum
867 5226 1063 5269 suum.
1400 5216 1411 5223 ’

511 5306 622 5377 (Ea:
650 5305 839 5378 Beda.)
873 5304 1172 5362 Curaturus
1203 5308 1478 5367 hominem
1510 5326 1541 5365 a
1570 5311 1805 5384 paralysi
1832 5313 2018 5368 Domi-

441 5411 545 5451 nus
587 5397 764 5467 primo
809 5406 1155 5467 peccatorum
1182 5398 1396 5454 vincula
1432 5400 1714 5466 dissolvit,
1745 5410 1805 5456 ut
1832 5411 2014 5457 osten-

440 5487 591 5541 deret
621 5502 743 5544 eum
789 5487 1036 5543 obnoxiis
1077 5489 1356 5560 culparum
1399 5502 1621 5548 actuum
1666 5495 2017 5561 dissolutione

438 5574 606 5633 fuisse
637 5580 966 5643 damnatum,
991 5595 1089 5633 nec
1113 5580 1212 5634 nisi
1239 5583 1322 5636 his
1348 5584 1626 5651 relaxatis,
1649 5584 2009 5647 membrorum

447 5683 598 5735 jussu
628 5670 1035 5730 rerum-ratione
1067 5674 1269 5725 sanari.

2124 5126 2466 5199 fragilitatem
2491 5145 2593 5199 pro
2620 5133 2996 5199 peccatoribus
3017 5136 3179 5188 mori.
3391 5197 3397 5201 ,

2198 5219 2341 5273 Tum:
2363 5222 2436 5274 ait
2462 5223 2787 5293 paralytico:
2820 5222 3018 5295 Surge,
3050 5225 3175 5280 tolle
3199 5226 3387 5280 lectum
3428 5236 3608 5292 ταωνι,
3648 5237 3698 5283 et

2123 5310 2252 5364 uade
2278 5310 2331 5364 in
2360 5311 2573 5365 domum
2602 5322 2776 5379 tuam,
2806 5323 2907 5368 etc.
2937 5314 3309 5385 Spiritualiter
3341 5332 3471 5388 ergo
3495 5318 3561 5373 de
3586 5318 3693 5373 fra-

2121 5400 2324 5472 gilitate
2344 5417 2567 5470 surgere
2595 5414 2674 5457 est
2692 5443 2713 5467 ,
2740 5405 2975 5458 animam
3005 5420 3063 5460 se
3089 5421 3122 5459 a
3147 5407 3457 5462 carnalibus
3484 5409 3698 5465 deside-

2120 5493 2238 5557 riis,
2285 5494 2377 5548 ubi
2420 5509 2561 5564 a'gra
2596 5494 2834 5563 jacebat,
2862 5486 3197 5553 abstrahere.
3239 5497 3536 5553 Crabatum
3568 5514 3699 5555 vero

2118 5584 2308 5638 tollere
2357 5595 2439 5638 est
2481 5586 2651 5653 ipsam
2695 5601 2906 5655 quoque
2954 5602 3174 5643 carnem
3213 5603 3310 5659 per
3353 5590 3589 5643 continet
3615 5591 3701 5643 tiae

2113 5674 2265 5729 iri-na
2290 5686 2592 5745 correptam
2619 5694 2711 5747 spe
2732 5680 3027 5736 ctulzstium
3047 5683 3416 5751 preemiorum,
3437 5699 3467 5737 a
3488 5682 3698 5740 deliti's
