3952 6446
213 311 315 370 683

1038 298 1557 359 COLLECTIONES
1592 296 1659 351 ΙΝ
1701 291 2080 350 εμιδτοιλὸ
2116 293 2203 348 ΕΤ
2245 290 2654 349 EVANCELIA.

3356 296 3467 353 486

214 435 495 496 segregare
533 418 786 475 terrenis.
830 415 1271 471 Sublato'autem
1308 412 1533 482 grabato
1573 410 1791 464 domum
1829 406 1870 463 Α
1897 404 2050 458 rabat
2070 404 2352 496 propheta,
2380 400 2842 496 stue_calaniitatis
2869 414 3002 496 erat.
3027 399 3302 476 Laeryma:
3323 395 3467 463 enim

218 518 295 572 ire
317 512 384 568 ad
409 510 717 584 paradisum
755 506 933 562 redire
973 511 1059 561 est
1075 542 1091 568 ,
1121 504 1237 558 haec
1262 502 1411 558 enim
1441 515 1567 555 vera
1589 507 1673 555 est
1697 498 1793 554 do-

220 619 356 658 mus.
379 599 515 657 Nam
540 612 660 669 qua:
687 594 1049 671 hominemin
1074 592 1247 664 prima
1273 592 1528 661 suscepit,
1553 605 1656 645 non
1670 587 1795 657 jure

220 695 438 759 amissa,
486 692 583 749 Sed
611 688 800 746 fraude
834 686 1049 742 tandem
1078 687 1360 757 restituta,
1404 700 1500 754 per
1537 699 1677 744 eum,
1701 683 1793 750 qui

223 783 557 843 fraudulento
581 781 723 837 hosti
752 778 885 834 nihil
912 778 1114 834 debuit.
1148 775 1322 831 Aliter
1350 791 1514 830 sanus
1550 774 1642 843 qui
1672 774 1793 827 lan-

221 882 428 946 guerat,
450 873 596 930 domi
624 878 864 933 reportat
890 870 1188 941 grabatum,
1222 883 1345 923 cum
1382 866 1563 921 anima
1599 865 1790 919 remis-

221 967 370 1023 sione
393 976 609 1036 recepta
629 970 992 1033 peccatorum,
1010 960 1078 1015 ad
1093 960 1360 1014 internum
1372 957 1457 1011 sui
1472 955 1792 1020 custodiam,

221 1071 345 1113 cum
383 1055 503 1127 ipso
543 1068 604 1111 se
644 1066 869 1123 corpore
912 1048 1099 1114 refert,
1141 1063 1212 1105 ne
1247 1047 1376 1119 quid
1401 1055 1523 1117 post
1550 1045 1791 1111 veniam,

222 1145 362 1201 unde
390 1146 583 1200 iterum
604 1143 751 1214 juste
778 1140 1005 1196 feriatur
1030 1139 1299 1194 admittat.
1398 1200 1413 1210 δ

298 1233 541 1291 Videntes
565 1241 740 1287 autem
767 1231 953 1295 turbis,
976 1230 1260 1283 timuerunt
1291 1234 1338 1279 et
1374 1224 1798 1295 gloriﬁcauerunt

222 1324 409 1391 Desint,
438 1325 528 1396 qui
568 1322 709 1378 dedit
733 1329 1043 1391 potestatein
1083 1316 1240 1373 talem
1273 1315 1586 1370 hominibus.
1625 1314 1797 1381 Quam

222 1416 463 1472 miranda
485 1415 679 1471 divina:
705 1411 963 1484 potentiae
988 1409 1192 1472 virtus,
1223 1407 1314 1461 ubi
1357 1405 1501 1460 nulla
1543 1404 1800 1474 temporis

222 1508 607 1564 interveniente
647 1502 874 1568 merula,
896 1500 1049 1571 jussa
1079 1500 1376 1555 Salvatoris
1415 1497 1563 1554 salus
1609 1496 1798 1553 festina

222 1602 528 1658 comitatur.
562 1596 754 1653 Merito
796 1599 889 1666 qui
935 1593 1225 1649 adfuerant
1260 1589 1623 1661 damnationis
1651 1588 1797 1643 blas-

221 1689 449 1760 phemiae
467 1687 683 1758 jacuiis,
706 1687 776 1743 ad
797 1685 1008 1742 laudem
1032 1691 1194 1738 tantm
1213 1680 1510 1750 maiestatis
1528 1679 1800 1750 stupentia

223 1779 388 1835 corda
415 1787 758 1835 convertunt.

397 1910 818 1976 BEBDOMADA
852 1909 977 1965 xxr
1012 1904 1188 1963 posr
1223 1876 1647 1961 PEN'l‘ECOS'l‘.

239 2043 496 2087 ῑιιητοω
522 2039 682 2081 BBATI
710 2036 866 2078 PAULI
891 2037 1145 2078 APOSTOL!
1172 2036 1238 2075 AD
1270 2032 1536 2081 EPHESIOS,
1568 2031 1686 2071 CAP.
1720 2031 1772 2069 ν.

303 2163 324 2196 s
360 2142 551 2198 Videte
594 2140 777 2209 itaque
821 2137 1090 2207 quomodo
1132 2141 1293 2191 caute
1332 2130 1645 2196 ambuletis,
1696 2143 1804 2183 non

233 2252 253 2286 ι
286 2232 439 2304 quasi
463 2230 798 2299 insipientes,
812 2227 908 2283 sed
922 2233 980 2280 ut
994 2226 1285 2296 sapientes.
1298 2221 1648 2277 Redimentes
1673 2227 1809 2273 tem—

234 2342 253 2373 ι
302 2337 430 2393 pus,
461 2319 719 2392 quoniam
745 2316 874 2388 dies
910 2314 1037 2369 mali
1079 2320 1237 2378 sunt,
1271 2323 1556 2382 propterea
1583 2350 1597 2375 ,
1641 2307 1807 2362 nolite

235 2432 254 2465 ι
292 2412 405 2469 fieri
431 2407 819 2481 imprudentes,
846 2406 940 2462 sed
969 2403 1353 2473 intelligentes,
1384 2413 1504 2470 quae
1529 2399 1600 2453 sit
1618 2397 1809 2452 volun-

233 2526 255 2560 ι
295 2516 376 2563 tas
396 2506 512 2563 Dei.
540 2503 609 2560 Et
635 2502 802 2559 nolite
841 2499 1101 2557 inebriari
1128 2498 1286 2564 vino,
1317 2497 1372 2553 in
1402 2510 1510 2565 quo
1536 2503 1621 2548 est
1653 2495 1809 2549 luxu-

236 2616 255 2648 s
287 2597 393 2663 ria,
420 2595 515 2652 sed
539 2591 864 2662 impleamini
899 2589 1104 2660 Spiritu
1133 2596 1354 2655 sancto,
1402 2588 1687 2656 loquentes
1712 2600 1809 2639 vo-

234 2706 256 2741 s
289 2686 621 2757 bismetipsis
649 2684 703 2740 in
730 2682 976 2755 psalmis,
1001 2680 1218 2752 hymnis
1238 2687 1293 2735 et
1312 2679 1538 2733 canticis
1566 2676 1811 2748 spiritua-

235 2797 254 2829 s
288 2776 462 2840 libus,
501 2782 786 2830 cantantes
832 2780 890 2827 et
934 2770 1224 2842 psallentes
1249 2770 1302 2824 in
1342 2769 1593 2824 cordibus
1617 2766 1813 2823 vestris

235 2887 255 2919 ι
288 2866 537 2923 Domino.
567 2863 786 2921 Gratias
823 2871 1046 2934 agentes
1082 2876 1296 2931 semper
1339 2861 1394 2916 in
1433 2860 1718 2924 omnibus,
1757 2860 1813 2915 in

235 2980 256 3011 ι
291 2958 512 3015 nomine
537 2956 748 3012 Domini
781 2954 951 3011 neStri
994 2952 1122 3009 Jesu
1163 2952 1383 3016 Christi,
1418 2951 1528 3007 Deo
1562 2958 1620 3006 et
1641 2950 1810 3006 Patri.

235 3072 252 3104 ι
293 3048 534 3121 Subjeeti
560 3048 793 3104 invicem
815 3048 869 3101 in
891 3047 1090 3102 timore
1117 3044 1341 3102 Christi.
1387 3064 1406 3097 ι

712 3099 1482 3211 cauteambuletis,
1521 3151 1626 3189 non
1662 3135 1814 3204 quasi
1840 3099 1886 3160 Ο

230 3232 555 3304 insipientes,
584 3230 676 3288 sed
707 3240 794 3295 ut,
824 3237 930 3286 etc.
963 3228 1064 3300 (Ex
1104 3227 1347 3300 Hieron.)
1379 3226 1545 3281 Recte
1569 3225 1817 3296 Ephesiis

233 3325 456 3391 dicitur,
481 3332 543 3381 ut
561 3331 720 3381 caute
744 3322 1043 3387 ambulent,
1072 3321 1164 3391 qui
1189 3322 1461 3376 habebant
1486 3320 1818 3375 exercitatos

233 3432 425 3477 sensus
466 3415 535 3471 ad
578 3416 990 3473 discernendum
1014 3415 1212 3471 bonum
1242 3421 1299 3468 et
1335 3414 1568 3480 malum,
1599 3421 1657 3468 et
1691 3428 1819 3483 pro-

235 3508 430 3564 bantes
456 3509 660 3574 omnia,
692 3508 746 3563 id
793 3507 937 3578 quod
973 3513 1276 3562 statuerant
1302 3506 1502 3562 bonum
1530 3520 1650 3561 esse
1689 3505 1819 3560 reti-

236 3600 456 3657 nebant.
483 3598 589 3667 Qui
613 3612 791 3655 autem
816 3599 983 3662 videt,
1008 3592 1279 3669 quomOdo
1301 3596 1557 3661 ambulet,
1583 3604 1638 3651 et
1655 3610 1819 3666 quam

235 3700 398 3749 caute
423 3691 551 3764 ligat
575 3692 825 3763 gradum,
855 3705 923 3746 ne
948 3690 1088 3746 forte
1117 3690 1353 3746 oil‘endat
1378 3690 1445 3744 ad
1469 3689 1701 3759 lapidem
1722 3703 1820 3758 pe-

239 3786 362 3841 dem
388 3800 570 3853 suum,
600 3792 657 3840 et
697 3766 871 3839 dicit;
902 3781 1140 3857 Lucerna
1182 3780 1398 3851 pedibus
1436 3780 1566 3833 meis
1610 3778 1819 3835 verbum

238 3884 409 3941 suum,
445 3874 668 3930 Domine
697 3871 869 3944 (Psal.
895 3870 1111 3939 cxvm),
1141 3872 1328 3942 utique
1351 3870 1565 3941 sapiens
1586 3878 1694 3925 est.

313 3965 644 4020 Redimentes
675 3973 901 4036 tempus,
940 3962 1190 4036 quoniam
1231 3961 1345 4015 dies
1383 3959 1509 4013 mali
1543 3969 1686 4013 sunt.
1719 3958 1822 4030 (Ex

237 4054 402 4127 Aug.)
430 4055 717 4113 Redimere
744 4064 955 4124 tempus
985 4055 1088 4110 hoc
1112 4060 1216 4117 est,
1248 4052 1464 4122 quando
1501 4051 1696 4120 aliquis
1726 4049 1822 4104 tibi

240 4147 406 4204 infert
432 4148 598 4211 litem,
630 4146 795 4221 perde
824 4145 1050 4216 aliquid,
1080 4151 1140 4197 ut
1164 4144 1275 4198 Deo
1297 4157 1459 4197 vaces
1483 4156 1588 4195 non
1612 4140 1827 4203 litibus,

241 4237 320 4294 Ex
361 4253 425 4295 eo
467 4238 609 4294 enim
631 4278 647 4304 ,
673 4236 818 4306 quod
858 4234 1090 4304 perdes,
1133 4232 1366 4300 pretium
1413 4238 1497 4283 est
1544 4230 1820 4298 temporis.

1827 1748 1874 1808 B

1897 502 2067 549 testes
2077 492 2464 547 miseriaesunt.
2483 493 2621 559 Quid
2635 494 2776 548 enim
2797 494 3188 563 prophetahat?
3209 498 3262 550 in
3285 495 3470 554 labore

1897 588 2086 656 utique
2109 600 2168 641 se
2190 584 2430 663 futurum
2454 587 2539 640 vel
2566 587 2617 640 in
2652 587 2880 641 timore?
2897 586 3063 641 etiam
3090 587 3135 643 si
3162 588 3297 644 bene
3323 589 3470 644 vine.

1897 677 1993 741 rit,
2028 685 2076 729 et
2115 673 2298 743 justus
2324 672 2505 737 fuerit,
2540 675 2591 727 in
2631 675 2821 728 mediis
2849 676 3055 744 positus
3085 677 3467 733 tentationibus

1896 781 2111 837 semper
2136 765 2378 820 timebat.
2412 764 2503 826 Ait
2529 764 2674 819 enim
2698 763 3016 835 Apostolus:
3053 763 3242 820 Omnes
3269 768 3359 837 qui
3385 784 3468 821 ro—

1897 857 2009 911 lunt
2054 858 2108 911 in
2156 853 2363 910 Christo
2394 855 2476 926 pie
2505 855 2702 920 vivere,
2749 855 3155 924 persecutionem
3181 858 3466 928 patientur.

1896 948 2038 1004 Ecce
2058 946 2327 1017 quomodo
2354 946 2469 1000 dies
2488 946 2612 1000 mali
2641 946 2807 1000 sunt?

1971 1038 2079 1110 (Ea:
2118 1035 2298 1108 Greg.)
2349 1036 2585 1106 Tempus
2614 1039 2812 1107 quippe
2862 1030 3207 1102 redimimus,
3258 1041 3473 1108 quando

1900 1132 2131 1186 activam
2157 1131 2344 1195 vitam,
2369 1144 2531 1200 quam
2561 1131 2890 1186 lasciviendo
2916 1131 3271 1201 perdidimus,
3300 1131 3475 1189 ﬂendo

1900 1236 2090 1289 repara
2100 1233 2237 1273 mus.

1973 1308 2081 1379 (Ex
2114 1306 2358 1379 Hieron.)
2385 1306 2618 1379 Tempus
2640 1317 2819 1364 autem
2849 1308 3188 1376 redimimus,
3212 1311 3340 1380 quia
3361 1312 3477 1367 dies

1900 1400 2026 1455 mali
2055 1410 2202 1464 sunt,
2237 1398 2452 1469 quando
2483 1400 2536 1453 in
2575 1400 2717 1455 bono
2752 1414 2917 1470 opere
2957 1410 3169 1471 tempus
3204 1403 3469 1457 consumi-

1901 1506 2044 1556 mus,
2075 1492 2306 1547 emimus
2333 1498 2387 1544 et
2408 1491 2685 1560 proprium
2710 1489 2956 1558 facimus,
2984 1492 3128 1562 quod
3151 1493 3357 1548 malitia
3383 1494 3469 1548 ho-

1902 1582 2108 1636 minum
2156 1578 2430 1637 venditum
2473 1578 2669 1634 fuerat.
2720 1579 2890 1636 Nemo
2928 1591 3107 1636 autem
3153 1585 3278 1637 vitae
3316 1582 3476 1652 hujus

1902 1687 2148 1744 qumrens
2177 1674 2504 1739 necessaria,
2533 1675 2673 1729 etde
2694 1674 2896 1730 divitiis
2919 1685 2975 1730 et
3002 1675 3472 1739 sollicitudinibus,

1902 1780 2036 1834 quas
2083 1764 2430 1836 Evangelium
2474 1764 2658 1833 spinas
2695 1772 2965 1834 nuncupat
2994 1766 3273 1836 cogitans,
3302 1776 3482 1837 potest

1903 1854 2005 1910 sibi
2042 1861 2255 1924 tempus
2302 1854 2588 1908 redimere.
2626 1853 2973 1911 Redimentes
3006 1863 3187 1911 autem
3235 1859 3486 1927 tempus,

1904 1947 2159 2016 quoniam
2188 1946 2243 1999 in
2268 1946 2458 2001 diebus
2485 1945 2642 2001 malis
2671 1952 2772 2012 est,
2803 1948 3198 2017 quodammodo
3228 1947 3483 2004 immuta-

1876 2104 1877 2107 η
1906 2050 2025 2089 mus
2048 2035 2198 2100 illud,
2225 2043 2278 2089 et
2305 2035 2421 2089 dies
2450 2036 2619 2090 malos
2645 2036 2698 2090 in
2728 2035 2898 2092 bonos
2922 2038 3216 2105 vertimus,
3263 2049 3317 2095 et
3348 2041 3484 2096 facia

1907 2142 2027 2182 mus
2054 2126 2174 2180 illos
2206 2141 2313 2182 non
2343 2126 2622 2196 praesentis
2649 2120 2853 2191 saeculi,
2884 2127 2977 2182 sed
3006 2126 3196 2183 fuuiri.

1978 2216 2264 2290 Propterea
2289 2218 2448 2274 nolite
2475 2218 2590 2287 ﬁeri
2620 2219 2989 2290 imprudentes,
3020 2221 3111 2276 sed
3143 2220 3487 2294 intelligentes

1906 2325 2024 2381 qua:
2046 2310 2113 2363 sit
2142 2309 2378 2363 uoluntas
2399 2308 2517 2363 Dei.
2538 2309 2592 2363 ln
2615 2310 2762 2365 omni
2782 2324 2913 2379 ergo
2932 2326 3093 2381 opere
3112 2313 3345 2382 primum
3367 2330 3491 2369 cou-

1909 2401 2251 2456 siderandum
2302 2401 2430 2470 quid
2468 2400 2597 2456 velit
2636 2402 2808 2467 Deus,
2860 2411 2914 2458 et
2949 2403 3135 2458 habito
3164 2403 3405 2473 judicio,
3436 2407 3489 2463 id

1908 2502 2097 2565 postea
2140 2493 2447 2549 faciendum
2465 2535 2481 2560 ,
2524 2494 2668 2565 quod
2701 2494 2777 2550 illi
2806 2494 3022 2566 placere
3052 2496 3215 2553 fuerit
3243 2514 3492 2569 compro-

1909 2587 2118 2643 batum.

1984 2680 2163 2735 Nolite
2182 2680 2435 2735 inebriari
2456 2681 2570 2754 vino
2598 2681 2653 2735 in
2674 2697 2774 2752 quo
2801 2691 2877 2735 est
2904 2680 3136 2749 luxuria,
3168 2682 3260 2737 sed
3280 2682 3495 2754 implea-

1911 2773 2041 2827 mini
2087 2774 2296 2843 spiritu.
2343 2752 2622 2839 Quomodo
2671 2788 2771 2828 nos
2812 2789 2918 2828 non
2958 2789 3243 2844 possumus
3288 2752 3496 2830 duobus

1913 2864 2148 2921 dominis
2168 2865 2374 2919 servire
2397 2865 2507 2918 Deo
2527 2872 2582 2918 et
2606 2879 2950 2929 mammonae,
2974 2865 3053 2920 sic
3075 2880 3179 2919 non
3208 2880 3494 2935 possumus

1914 2954 2102 3024 Spiritu
2129 2953 2337 3024 impleri
2369 2953 2577 3023 pariter
2606 2962 2662 3008 et
2681 2954 2833 3018 .vino.
2863 2953 2964 3021 Qui
2994 2955 3141 3009 enim
3173 2956 3365 3025 spiritu
3396 2957 3498 3010 im-

1914 3044 2115 3113 pletur,
2142 3043 2308 3098 habet
2337 3043 2699 3115 prudentiam,
2730 3044 3217 3108 mansuetudinem,
3242 3042 3531 3100 verecuni

1918 3134 2084 3200 diam,
2109 3133 2412 3189 eastitatcm
2436 3150 2453 3199 ;
2485 3133 2576 3203 qui
2602 3134 2728 3188 vino
2747 3174 2763 3199 ,
2792 3133 2956 3189 habet
2988 3133 3387 3204 insipientiam,
3416 3133 3499 3189 fu-

1919 3242 2120 3293 rorem,
2143 3226 2555 3295 procacitatem,
2584 3224 2887 3292 libidinem,
2919 3226 3023 3282 hoc
3055 3226 3253 3297 quippe
3286 3227 3498 3285 aestimo

1918 3335 2027 3374 uno
2040 3321 2207 3374 verbo
2223 3319 2530 3388 significare
2549 3318 2836 3374 luxuriam.
2863 3319 3049 3374 Potest
3062 3327 3248 3374 autem
3274 3319 3415 3384 vino,
3438 3321 3496 3375 in

1917 3428 2019 3484 quo
2032 3423 2106 3466 est
2119 3410 2355 3477 luxuria,
2372 3420 2427 3466 et
2437 3411 2565 3466 illud
2581 3411 2821 3483 intelligi,
2841 3411 2907 3467 de
2918 3426 3027 3483 quo
3041 3410 3096 3467 in
3111 3411 3325 3467 cantico
3339 3410 3503 3466 Musis

1919 3505 2152 3560 dicitur:
2176 3502 2356 3558 Furor
2380 3503 2672 3558 draconum
2694 3505 2869 3560 vinum
2892 3520 3093 3569 eorum,
3117 3515 3162 3558 et
3184 3503 3338 3574 furor
3362 3505 3505 3575 aspi-

1919 3595 2046 3649 dum
2087 3594 2417 3661 insanabilis,
2449 3593 2592 3665 quod
2617 3594 2796 3650 omnis
2820 3594 2916 3666 qui
2953 3592 3136 3651 smculi
3161 3594 3321 3650 istius
3359 3595 3506 3666 cogi-

1921 3689 2156 3745 tationes
2182 3687 2319 3743 ebrii
2344 3695 2488 3754 sunt,
2524 3687 2732 3751 bibunt,
2777 3694 2834 3742 et
2860 3685 3137 3743 insaniunt
3162 3692 3219 3744 et
3242 3695 3504 3755 vomunt,

1920 3789 1975 3835 et
2003 3780 2624 3852 prmcipitesccorruunt.
2692 3794 2703 3803 ·

1990 3874 2283 3949 Loquentes
2323 3860 2718 3949 robismetipsis,
2745 3877 2963 3949 psalmis
3005 3886 3055 3933 et
3098 3879 3317 3947 canticis
3340 3879 3503 3950 spiri~

1923 3969 2174 4032 tualibus,
2208 3977 2479 4022 cantantes
2512 3977 2562 4022 et
2603 3967 2882 4039 psallentes
2911 3970 2969 4024 in
3013 3970 3257 4025 cordibus
3300 3971 3507 4026 vestris.

1925 4058 2027 4128 (Ex
2058 4056 2303 4129 Hieron.)
2332 4057 2434 4125 Qui
2470 4072 2529 4112 se
2550 4057 2875 4113 abstinuerit
2906 4060 2975 4114 ab
3002 4059 3267 4114 ebrietate
3288 4059 3421 4124 vini,
3453 4060 3509 4113 in

1925 4160 2032 4217 quo
2055 4154 2141 4200 est
2166 4145 2402 4210 luxuria,
2446 4154 2500 4202 et
2527 4160 2628 4216 pro
2670 4147 2776 4202 hoc
2814 4147 3009 4216 spiritu
3039 4146 3209 4202 fuerit
3230 4147 3511 4218 impletus,

1925 4236 2028 4291 iste
2068 4236 2252 4290 omnia
2300 4244 2482 4306 potest
2520 4236 2769 4307 accipere
2808 4236 3185 4307 spiritualiter.
3230 4235 3511 4303 Psalmos,

243 4330 524 4398 Quomodo
551 4343 682 4399 ergo
708 4327 891 4398 perdis
914 4339 1183 4391 nummos,
1215 4322 1268 4379 id
1295 4332 1400 4389 est,
1431 4323 1528 4379 das
1558 4323 1733 4390 alteri,
1767 4333 1827 4380 ut
1926 4328 2159 4398 hymnos
2184 4333 2239 4381 ct
2262 4327 2474 4382 cantica
2501 4316 2557 4382 in
2585 4326 2845 4397 psalterio
2881 4325 3192 4396 plenissime
3223 4326 3509 4401 discimus.

242 4434 396 4475 emas
412 4412 637 4488 aliquid,
668 4416 749 4474 sic
774 4416 940 4489 perde
965 4431 1213 4470 nummos
1229 4456 1247 4480 ,
1284 4424 1344 4469 ut
1366 4430 1518 4471 emas
1542 4415 1638 4471 tibi
1669 4417 1823 4485 quic—
1845 4443 1901 4503 Β
1927 4415 2169 4488 ilymnos
2194 4431 2315 4471 esse
2341 4417 2646 4484 dicendum,
2675 4417 2768 4488 qui
2788 4415 3159 4475 fortitudinem
3182 4426 3240 4474 et
3257 4402 3512 4489 majesta—

245 4520 378 4566 tem.
431 4506 724 4580 Antiquom
777 4506 923 4563 enim
972 4507 1314 4577 proverbium
1360 4515 1479 4575 est:
1532 4506 1823 4563 Nummum
1927 4519 2034 4565 tem
2066 4510 2361 4589 pnedicant
2388 4510 2507 4577 Dei,
2544 4519 2601 4567 et
2624 4510 2872 4581 ejusdem
2897 4524 3113 4581 semper
3138 4512 3222 4567 vel
3246 4512 3511 4568 beneﬁcia

244 4600 438 4674 qurerit
466 4597 785 4671 pestilentia,
816 4599 922 4654 duo
942 4597 1016 4653 illi
1039 4599 1126 4664 da,
1149 4606 1204 4653 ct
1226 4599 1388 4654 ducat
1414 4613 1504 4664 se;
1529 4599 1657 4669 quid
1679 4599 1825 4656 aliud

244 4696 383 4750 dixit
414 4694 575 4758 Deus,
612 4708 773 4763 quam
805 4692 1134 4746 redimeutes
1172 4700 1412 4762 tempus,
1452 4692 1668 4760 quando
1707 4691 1823 4746 ait:

249 4784 443 4855 Siquis
464 4782 570 4839 vult
582 4781 790 4854 judicio
809 4790 979 4837 tecum
999 4780 1329 4847 contendere,
1352 4792 1400 4836 et
1422 4782 1651 4836 tunicam
1680 4790 1826 4836 tuam

248 4872 395 4926 tollet
425 4882 453 4940 ‘,
469 4872 672 4927 dimitte
690 4869 768 4927 illi
788 4877 837 4926 et
860 4870 1098 4943 pallium.
1117 4868 1379 4938 Quoniam
1404 4872 1514 4926 dies
1534 4872 1661 4926 mali
1681 4882 1822 4928 sunt.

249 4964 375 5019 Dies
410 4963 577 5019 malos
597 4966 716 5020 dua:
743 4979 834 5022 res
860 4960 1087 5029 faciunt,
1119 4963 1325 5018 malitia
1348 4964 1629 5020 hominum
1653 4972 1708 5019 et
1729 4965 1829 5019 mi-

249 5056 412 5112 seria.
442 5056 706 5112 Caeterum
734 5057 852 5114 dies
882 5056 994 5123 isti,
1019 5065 1280 5127 quantum
1304 5058 1537 5127 pertinet
1563 5058 1631 5113 ad
1655 5059 1829 5127 spatia

248 5148 529 5212 horarum,
546 5146 778 5203 ordinati
801 5156 946 5205 sunt.
961 5147 1176 5204 Ducunt
1193 5147 1360 5213 vices,
1378 5156 1543 5220 agunt
1563 5160 1827 5221 tempora,

249 5237 426 5294 oritur
469 5237 631 5292 solet
659 5237 889 5303 occidit,
934 5244 1219 5294 transeunt
1263 5246 1545 5308 tempora,
1598 5247 1653 5294 et
1699 5240 1829 5296 nulli

251 5325 481 5383 molesta
507 5335 665 5395 sunt,
708 5329 813 5384 nisi
842 5328 944 5383 sibi
990 5329 1237 5385 homines
1274 5328 1383 5383 sint
1414 5329 1645 5384 molesti.
1690 5331 1832 5401 Ergo

250 5415 370 5472 dies
394 5416 568 5473 malos
602 5406 820 5475 miseria
859 5426 916 5474 et
952 5418 1157 5484 malitia
1194 5419 1472 5475 hominum
1499 5418 1721 5475 faciunt.
1750 5422 1831 5477 Es

252 5520 363 5576 quo
390 5507 534 5562 enim
561 5508 745 5578 lapsus
777 5514 867 5565 est
904 5508 1077 5564 Adam
1124 5509 1191 5564 de
1238 5511 1521 5580 paradiso,
1559 5527 1830 5581 nunquam

253 5596 474 5653 fuerunt
502 5599 618 5655 dies
642 5599 746 5657 nisi
775 5599 922 5655 mali.
949 5599 1254 5656 Nascuntur
1277 5604 1449 5671 pueri,
1481 5612 1535 5659 et
1566 5620 1594 5659 a
1623 5605 1832 5675 pitu-ain

257 5687 538 5758 incipiunt,
568 5700 687 5760 post
718 5692 901 5747 nescio
934 5703 1066 5763 quot
1090 5693 1205 5749 dies
1235 5694 1427 5749 rident.
1466 5697 1693 5763 Quando
1723 5698 1832 5767 plo-

1924 4602 2010 4657 rel
2035 4601 2177 4656 facta
2211 4601 2495 4662 mirantur,
2530 4602 2675 4673 quod
2720 4616 2911 4658 omnes
2952 4601 3146 4672 psalmi
3191 4601 3510 4667 continent,

1926 4692 2123 4761 quibus
2164 4690 2378 4747 alleluia
2412 4690 2496 4746 vel
2534 4691 2885 4762 pnepositum
2923 4691 3010 4747 vel
3052 4689 3355 4762 subjectum
3402 4702 3507 4749 est.

1926 4783 2126 4838 Psalmi
2157 4791 2336 4837 autem
2364 4784 2582 4853 proprie
2604 4783 2671 4838 ad
2699 4784 2939 4839 ethieum
2977 4784 3158 4841 locum
3200 4786 3512 4855 pertinent,

1929 4887 1991 4933 ut
2009 4894 2107 4948 per
2131 4893 2394 4949 organum
2428 4878 2674 4947 corporis
2696 4877 2826 4948 quid
2859 4876 3167 4934 faciendum
3191 4889 3250 4936 et
3280 4881 3409 4950 quid
3438 4882 3513 4937 vi-

1932 4972 2151 5027 tandum
2178 4972 2251 5027 sit
2276 4971 2609 5026 noverimus.
2641 4970 2741 5038 Qui
2772 4986 2900 5027 vero
2919 4972 2986 5028 de
3005 4972 3376 5043 superioribus
3404 4974 3516 5031 dis-

1930 5072 2103 5134 putat,
2126 5073 2183 5118 et
2199 5071 2522 5119 conventum
2546 5064 3114 5135 mundi,omniumque
3139 5074 3516 5123 creaturarum

1930 5154 2175 5210 ordinem
2201 5163 2366 5222 atque
2389 5152 2733 5208 concordiam
2754 5155 2966 5210 subtilis
2984 5156 3287 5227 disputator
3308 5158 3513 5213 edisse-

1931 5242 2025 5308 rit,
2055 5242 2158 5297 iste
2180 5242 2460 5313 spirituale
2485 5243 2757 5299 canticum
2784 5246 2951 5310 canit,
2979 5245 3067 5302 vel
3095 5254 3244 5303 certe
3260 5288 3279 5315 ,
3302 5256 3364 5303 ut
3385 5263 3513 5317 pro-

1932 5342 2058 5405 pter
2103 5333 2463 5405 simpliciores
2497 5334 2841 5392 manifestius
2881 5335 3233 5407 eloquamur,
3271 5339 3518 5410 psalmus

1935 5428 2002 5481 ad
2030 5442 2248 5497 corpus,
2283 5428 2551 5482 canticum
2578 5427 2811 5483 refertur
2833 5431 2902 5486 ad
2925 5439 3179 5486 utentem.
3202 5431 3270 5486 Et
3295 5445 3514 5496 canere,

1936 5518 2099 5590 igitur
2129 5527 2183 5573 et
2208 5519 2437 5590 psallere
2464 5527 2519 5575 et
2546 5518 2766 5575 laudare
2794 5520 3104 5588 Dominum,
3130 5524 3305 5594 magis
3330 5523 3512 5579 animo

1935 5626 2098 5679 quam
2128 5625 2256 5664 \‘occ
2280 5610 2558 5673 debemus,
2590 5612 2689 5664 hoc
2717 5619 2829 5674 est,
2869 5612 3067 5681 quippe
3106 5614 3249 5681 quod
3277 5608 3475 5669 dicitur
3498 5631 3517 5668 :

1937 5700 2220 5755 Cantantes
2260 5711 2307 5754 et
2351 5701 2628 5771 psallentes
2672 5703 2723 5754 in
2761 5690 3003 5771 cordibus
3044 5704 3220 5757 castris
3270 5703 3515 5759 Domino.
