3952 6442
510 302 612 359 ἇ87

1784 242 2138 340 έιιΑιιιςιιι
2177 278 2471 338 sanans

3665 270 3770 326 188

508 419 740 475 Audiant
772 414 887 468 haec
914 406 1326 469 aJolesrentuli,
1373 403 1593 458 audiant
1621 407 1693 466 ιιῑ,
1722 400 1918 471 quibus
1938 395 2080 468 psal-
2105 397 2154 457 Α
2180 396 2324 466 gatio
2357 394 2627 463 iustorum
2675 404 2897 461 regnum
2942 387 3203 444 calorum
3249 386 3467 442 dicitur.
3518 384 3767 456 Regnum

506 512 647 578 lendi
697 511 749 563 in
800 504 1035 561 Ecclesia
1064 500 1297 555 ollicium
1337 506 1421 553 est
1450 496 1593 559 Deo,
1646 508 1751 548 non
1788 507 1936 552 voce,
1986 488 2080 544 sed

504 603 665 659 corde
692 597 1017 656 cantandum
1050 595 1104 649 in
1141 594 1367 657 timore,
1412 590 1466 644 in
1506 601 1702 657 opere,
1749 585 1803 640 in
1854 581 2080 638 scientia

505 693 927 764 Scripturarum.
969 686 1029 742 Si
1057 685 1196 740 bona
1225 698 1387 754 opera
1434 666 1703 742 habuerit,
1737 675 1906 732 dulcis
1941 670 2082 743 apud

504 786 671 839 Deum
698 789 891 837 cantor
917 787 1019 834 est.
1048 775 1143 832 Sic
1175 780 1357 829 cantet
1391 784 1579 825 servus
1622 765 1844 830 Christi,
1889 770 1946 817 ut
1972 775 2080 816 non

499 890 605 928 vox
630 872 896 933 canentis,
935 869 1030 923 sed
1052 866 1214 921 verba
1245 863 1491 933 placeant
1521 871 1639 927 quae
1668 855 1931 925 leguntur.

572 964 797 1018 Domino
822 962 1020 1033 gratias
1048 966 1257 1029 agentes
1279 968 1478 1022 semper
1497 966 1591 1020 pro
1614 944 1871 1001 omnibus.
1900 941 2082 1012 anli-
2116 986 2121 991 .

502 1057 641 1114 citer
669 1054 1003 1116 intuendum,
1033 1058 1095 1104 ut
1121 1056 1176 1103 et
1210 1047 1262 1101 in
1294 1043 1439 1099 omni
1484 1049 1721 1108 tempore
1754 1044 1807 1091 et
1834 1050 1934 1105 pro
1960 1048 2079 1087 om-

503 1148 683 1211 nibus,
714 1160 833 1215 qua:
857 1142 1010 1197 nobis
1032 1138 1282 1195 accidunt
1308 1135 1420 1189 Deo
1448 1132 1651 1202 gratias
1676 1125 1997 1188 referamus,
2023 1129 2081 1176 ut

502 1252 610 1291 non
638 1213 847 1289 tantum
874 1246 970 1301 pro
1009 1229 1113 1291 his,
1141 1239 1261 1295 quae
1284 1224 1425 1278 bona
1462 1228 1732 1290 putamus,
1775 1219 1872 1270 sed
1915 1213 2079 1275 etiam

502 1341 622 1397 qua:
647 1339 746 1379 nos
773 1328 1071 1378 coarctaut.
1095 1326 1149 1372 θῑ
1170 1322 1360 1370 contra
1386 1320 1629 1366 nostram
1651 1313 1875 1360 veniunt
1898 1303 2081 1357 ι’(ιιιιη-

503 1394 693 1479 tatem,
714 1412 769 1468 in
790 1411 884 1466 Dei
904 1406 1230 1481 praeconium
1256 1417 1408 1458 mens
1437 1401 1555 1454 laeta
1576 1404 1910 1467 prorumpat,
1930 1394 2082 1447 Chri-

503 1507 799 1562 stianorum
838 1499 1057 1573 propria
1086 1498 1257 1552 virtus
1282 1501 1386 1559 est,
1427 1491 1590 1546 etiam
1631 1488 1684 1542 in
1713 1487 1799 1542 his
1824 1502 1946 1557 qnze
1986 1483 2082 1538 ad-

502 1614 659 1655 versa
684 1603 957 1668 putantur,
989 1590 1191 1646 referre
1213 1586 1414 1658 gratias
1452 1581 1719 1637 Creatori.

577 1690 643 1745 In
675 1667 880 1743 nomine
902 1683 1111 1739 Domini
1137 1681 1301 1735 nostri
1326 1678 1453 1732 Jesu
1476 1672 1670 1728 Christi
1696 1672 1805 1725 Deo
1826 1680 1873 1724 et
1906 1667 2076 1723 Patri.

2182 486 2445 542 ccelorum
2468 483 2707 538 Ecclesia
2729 489 2811 536 est
2828 482 3119 551 iustorum,
3135 479 3258 550 quia
3283 479 3580 535 electorum
3602 479 3767 534 corda

2181 577 2238 631 in
2274 584 2420 631 terra
2447 573 2524 628 nil
2551 572 2816 637 ambiunt,
2850 585 2949 640 per
2973 570 3074 625 hoc
3103 570 3247 639 quod
3273 568 3340 623 ad
3372 581 3605 640 superna
3641 584 3767 624 sus-

2177 666 2391 736 pirant,
2431 663 2545 735 jam
2584 662 2641 716 iu
2684 661 2765 715 eis
2810 659 3103 725 Dominus,
3144 660 3299 730 quasi
3347 659 3404 714 in
3453 660 3767 715 cmlestibus

2180 765 2389 829 regnat.

2252 848 2362 921 (E1:
2403 846 2650 920 Hieron.)
2680 846 2798 901 Rex
2827 844 2930 899 iste
2968 843 3060 913 qui
3103 842 3231 898 fecit
3271 843 3484 913 nuptias
3511 843 3622 898 lilio
3660 859 3761 900 suo

2181 936 2326 991 Deus
2353 937 2692 1008 omnipotens
2713 942 2818 999 est,
2838 931 2968 988 fecit
2986 940 3168 987 autem
3189 932 3405 1001 nuptias
3423 932 3651 987 Domino
3671 950 3763 988 no-

2180 1035 2297 1083 stro
2323 1026 2454 1083 Jesu
2483 1026 2703 1082 Christo
2728 1031 2784 1078 et
2828 1022 3082 1077 Ecclesia:
3103 1062 3119 1087 ,
3148 1036 3268 1091 quae
3307 1029 3418 1077 tam
3447 1037 3512 1078 ex
3538 1021 3759 1091 Ιιιάωἰε.

2180 1133 2341 1187 quam
2372 1133 2440 1173 ex
2467 1115 2719 1187 gentibus
2746 1122 3070 1184 congregata
3098 1122 3182 1167 est
3645 1098 3661 1113 ’

2251 1208 2362 1281 (Ea:
2386 1205 2566 1277 Greg.)
2612 1205 2669 1259 In
2714 1205 2817 1259 hoc
2859 1212 3015 1273 pater
3055 1202 3165 1273 regi
3211 1202 3320 1257 lilio
3360 1201 3576 1271 nuptias
3606 1200 3759 1269 facit,

2181 1314 2289 1368 quo
2313 1299 2364 1354 ei
2392 1312 2490 1368 per
2514 1293 2905 1350 incarnationis
2942 1292 3261 1363 mysterium
3293 1300 3536 1345 sanctam
3573 1289 3761 1345 Eccle-

2181 1392 2316 1445 siam
2347 1388 2593 1445 sociavit.
2620 1386 2820 1442 Uterus
2844 1394 3022 1439 autem
3047 1383 3327 1453 genitricis
3350 1382 3576 1453 virginis
3598 1382 3759 1450 hujus

2182 1481 2364 1553 sponsi
2398 1478 2669 1534 thalamus
2690 1476 2811 1541 fuit,
2841 1475 2985 1530 unde
3010 1473 3296 1529 Psalmista
3334 1474 3448 1527 ait:
3489 1472 3610 1544 Ipse
3635 1483 3757 1528 tan-

2180 1587 2337 1642 quam
2367 1584 2587 1640 sponsus
2624 1566 2907 1637 procedens
2940 1564 3005 1618 de
3034 1565 3266 1617 thalamo
3289 1563 3755 1638 suo(Psal.xvttt).

2183 1663 2463 1731 Tanquam
2494 1672 2723 1728 sponsus
2746 1657 2944 1726 quippe
2971 1655 3038 1710 de
3065 1652 3306 1708 thalamo
3329 1654 3634 1725 processit,
3663 1656 3754 1724 qni

501 1739 995 1850 Qu-i'aut'emgicnt
1018 1772 1272 1835 diximus,
1308 1767 1511 1839 gratias
1544 1764 1655 1831 agit
1678 1764 1785 1817 Deo
1812 1769 1867 1816 et
1904 1760 2074 1825 Patri,
2106 1739 2152 1797 Β
2180 1753 2246 1808 ad
2273 1749 2699 1820 coniungendam
2726 1746 2829 1802 sibi
2859 1744 3157 1848 Declesiam
3186 1744 3501 1799 incarnatus
3520 1743 3663 1800 Deus
3691 1745 3758 1799 de

501 1876 557 1930 in
602 1869 899 1927 mediatore
937 1864 1032 1921 Dei
1077 1869 1133 1917 et
1168 1860 1445 1916 hominum
1488 1854 1689 1911 referat
1729 1868 1822 1907 eas
1861 1850 2076 1906 Christo

497 1964 623 2020 Iesu
643 2005 659 2029 ,
692 1962 818 2033 quia
860 1958 964 2015 nisi
987 1972 1083 2029 per
1113 1954 1263 2010 illum
1292 1950 1551 2007 accedere
1592 1964 1698 2003 non
1727 1945 1967 2001 valemus
2010 1944 2076 1998 al

498 2056 739 2112 Patrem.

573 2142 806 2215 Subjecti
832 2140 1048 2195 invicem
1079 2137 1133 2190 in
1165 2136 1349 2188 timore
1378 2128 1588 2185 Christi.
1618 2128 1691 2209 Et
1711 2128 1764 2183 in
1794 2128 1898 2183 alio
1924 2127 2072 2182 loco:

504 2236 610 2291 Per
633 2233 937 2289 charitatem
963 2228 1145 2283 senile
1163 2226 1401 2280 invicem.
1424 2221 1657 2276 Audiant
1683 2220 1796 2274 hsce
1816 2219 2075 2288 episcopi,

501 2328 715 2384 audiant
746 2320 1068 2394 presbyteri,
1094 2317 1317 2373 audiant
1343 2328 1533 2368 omnes
1562 2310 1872 2374 orthodoxi,
1908 2310 2079 2379 subje-

501 2420 607 2474 ctis
640 2418 751 2473 suis
793 2429 853 2469 se
891 2426 1011 2467 esse
1049 2407 1348 2475 subjectos,
1395 2412 1450 2459 et
1488 2403 1766 2457 imitentur
1808 2400 2077 2455 dicentem

500 2507 819 2579 Apostolnm
844 2521 858 2558 :
890 2502 1020 2557 Cum
1050 2500 1186 2554 enim
1211 2512 1373 2552 essent
1401 2494 1531 2548 liber
1557 2510 1621 2547 ea:
1650 2491 1887 2546 omnibus
1915 2491 2080 2544 homi-

499 2603 687 2665 nibus,
727 2598 978 2668 meipsum
1017 2606 1222 2647 servum
1264 2589 1363 2659 feci
1381 2630 1396 2653 ,
1423 2597 1479 2641 ut
1511 2603 1687 2640 omnes
1716 2583 2078 2653 lucrifacerem

500 2692 555 2765 (1
584 2690 708 2746 Cor.
735 2688 834 2760 ts).
869 2686 975 2742 Sed
1003 2684 1106 2739 hoc
1132 2680 1273 2751 quod
1298 2679 1403 2733 ait:
1443 2677 1511 2731 In
1539 2676 1723 2730 timore
1751 2672 1968 2738 Christi,
1998 2673 2079 2728 sic

501 2780 894 2852 accipiendum,
920 2784 979 2830 ut
1001 2775 1113 2845 ipsa
1134 2771 1393 2840 subiectio
1414 2784 1519 2823 non
1554 2774 1776 2837 propter
1797 2765 2077 2820 hominum

499 2873 747 2945 gloriam,
771 2868 862 2925 sed
890 2875 1108 2937 propter
1133 2862 1378 2918 timorem
1403 2857 1606 2915 Christi
1634 2855 1750 2920 ﬁat,
1778 2854 1905 2909 dum
1929 2852 2077 2907 illum

499 2967 751 3021 timemus
775 2960 1067 3017 oll'enderc.

806 3065 1137 3108 BVANGELIIJI
1169 3060 1449 3109 ιιλττιιβι,
1476 3058 1594 3098 CAP.
1626 3056 1758 3095 XXII.

2178 1842 2496 1911 incorrupto
2524 1847 2681 1895 utero
2696 1835 2924 1908 virginis
2950 1834 3137 1890 exivit.

2247 1929 2317 1984 Et
2349 1928 2489 1983 misit
2516 1943 2688 1982 servos
2709 1942 2831 1980 suos
2856 1941 3038 1979 vocare
3062 1924 3306 1978 invitatos
3331 1923 3400 1976 ad
3428 1923 3667 1993 nuptias,
3709 1933 3759 1977 et

2178 2019 2420 2075 nolebant
2445 2017 2636 2071 venire.
2659 2014 2807 2070 Misit
2835 2028 2964 2087 ergo
2985 2026 3192 2078 servos,
3214 2019 3275 2067 ut
3302 2013 3371 2067 ad
3394 2013 3523 2067 istas
3544 2013 3758 2081 nuptias

2178 2110 2384 2165 amicos
2414 2108 2726 2172 invitarent,
2764 2106 2912 2161 misit
2947 2104 3136 2169 semel,
3178 2104 3327 2159 misit
3353 2104 3585 2168 iterum,
3632 2104 3758 2173 quia

2180 2201 2570 2257 incarnationis
2595 2199 2888 2254 Dominicze
2921 2197 3324 2268 praedicatores,
3351 2205 3408 2251 et
3440 2196 3592 2268 prius
3627 2212 3757 2267 pro-

2178 2294 2390 2364 phetas,
2431 2299 2486 2345 et
2510 2289 2853 2362 postmodum
2881 2287 3172 2357 apostolos.
3218 2286 3310 2342 Bis
3349 2287 3531 2357 itaque
3558 2303 3760 2343 .servos

2180 2382 2247 2436 ad
2272 2381 2606 2436 invitandum
2635 2379 2801 2445 misit,
2846 2379 2973 2449 quia
3017 2376 3443 2432 incarnationem
3473 2378 3758 2448 unigeniti,

2179 2482 2235 2529 et
2258 2488 2355 2544 per
2381 2472 2673 2544 prophetas
2689 2470 2828 2526 dixit
2850 2469 3104 2536 futuram,
3128 2475 3185 2522 et
3205 2482 3304 2539 per
3328 2466 3600 2538 apostolos
3625 2483 3762 2523 nun-

2182 2560 2338 2616 tiavit
2368 2560 2589 2616 factam.

2252 2650 2361 2723 (Ea:
2388 2648 2639 2722 Hieron.)
2668 2648 2934 2719 Mittitque
2953 2661 3168 2703 servum
3202 2661 3358 2702 suum
3386 2646 3639 2723 invitatos
3665 2661 3762 2701 vo-

2179 2722 2308 2800 care
2333 2742 2402 2796 ad
2421 2741 2656 2811 nuptias,
2678 2738 2821 2793 haud
2841 2739 3082 2804 dubium,
3101 2737 3230 2808 quin
3255 2735 3461 2802 Mosen,
3479 2722 3580 2806 per
3598 2750 3761 2805 quem

2179 2836 2353 2906 legem
2382 2834 2624 2890 invitatis
2654 2832 2821 2888 dedit.
2848 2830 2905 2885 Si
2928 2838 3108 2886 autem
3137 2845 3324 2886 servos
3346 2829 3667 2900 legerimus,
3703 2837 3764 2881 ut

2178 2926 2437 3005 pleraque
2466 2925 2666 2980 habent
2694 2922 3041 2992 exemplaria,
3072 2922 3139 2977 ad
3181 2923 3476 2993 prophetas
3516 2918 3763 2975 referen-

2182 3018 2309 3074 dum
2332 3026 2438 3083 est,
2464 3016 2607 3086 quod
2626 3015 2837 3070 invitati
2858 3030 2956 3085 per
2974 3029 3069 3069 eos
3091 3014 3277 3069 venire
3302 3021 3761 3083 contempserunt.

573 3165 593 3199 ι
630 3103 1152 3216 ιοηιιθὶξῷιῖ-ιξεαε
1179 3152 1302 3193 cum
1328 3103 1603 3204 discipulis
1626 3130 1740 3185 suis
1762 3129 1817 3183 in
1845 3127 2072 3198 parabo-
2100 3103 2144 3164 C
2249 3108 2447 3165 Iterum
2461 3108 2601 3216 misit
2615 3108 2750 3163 alios
2763 3124 2934 3163 servos
2948 3105 3761 3173 suos,dicens:Diciteittvitatis,

504 3258 526 3291 ι
556 3239 626 3295 lis
654 3238 875 3293 dicens:
910 3231 1099 3289 Simile
1119 3228 1319 3283 factum
1345 3234 1430 3280 est
1451 3236 1674 3294 regnum
1698 3218 1957 3275 caelorum
1980 3219 2078 3272 ho-

505 3352 525 3386 ι
564 3331 696 3388 ιιιἰηί
723 3330 860 3401 regi,
875 3327 968 3397 qui
984 3324 1111 3380 fecit
1125 3321 1338 3392 nuptias
1354 3317 1466 3372 lilio
1492 3331 1609 3372 suo.
1626 3314 1696 3368 Et
1722 3312 1869 3367 misit
1893 3326 2079 3367 servos

438 3468 441 3471 λ
502 3443 525 3476 ι
561 3438 689 3479 suos
707 3433 904 3476 vocare
924 3416 1176 3472 invitatos
1195 3411 1263 3466 ad
1280 3408 1521 3479 nuptias,
1535 3415 1589 3460 et
1607 3403 1860 3460 nolebant
1871 3402 2075 3457 venire.

507 3536 526 3568 ι
561 3515 760 3570 lterum
789 3509 937 3564 misit
966 3506 1100 3562 alios
1124 3517 1308 3559 servos
1342 3500 1559 3554 dicens:
1588 3496 1760 3552 Dicite
1792 3494 2036 3549 invitatis
2060 3509 2074 3545 :

510 3622 531 3658 ι
567 3604 706 3660 Ecce
733 3599 1018 3671 prandium
1043 3609 1218 3651 meum
1256 3589 1462 3663 paravi,
1500 3587 1637 3643 tauri
1675 3585 1782 3640 mei
1821 3593 1875 3640 et
1912 3584 2079 3638 altilia

508 3713 530 3746 ι
565 3692 746 3748 occisa
787 3695 932 3752 sunt,
975 3693 1030 3741 et
1074 3682 1256 3739 omnia
1289 3687 1502 3751 parata,
1530 3677 1713 3732 venite
1742 3675 1809 3729 ad
1840 3674 2075 3749 nuptias.

509 3802 529 3837 ι
560 3782 643 3838 llli
673 3790 856 3837 autem
885 3777 1235 3848 neglexerunt
1258 3779 1314 3827 et
1343 3770 1609 3833 abierunt,
1643 3766 1782 3821 alios
1811 3766 1865 3819 in
1898 3763 2079 3817 villam

508 3893 527 3927 ι
562 3888 737 3937 suam,
767 3870 904 3925 alius
930 3881 1059 3922 vero
1086 3864 1153 3919 ad
1194 3860 1613 3934 negotiationem
1657 3871 1829 3912 suam.
1866 3851 2079 3923 Reliqui

502 3983 531 4018 -ι
564 3976 692 4017 vero
726 3965 1012 4017 tenuerunt
1038 3969 1225 4012 servos
1259 3952 1378 4022 ejus
1402 3960 1458 4005 et
1482 3944 1823 4003 contumeliis
1859 3942 2080 3999 affectos

510 4073 532 4107 ι
566 4054 897 4111 occiderunt.
922 4048 1038 4103 Rex
1067 4053 1247 4114 autem
1274 4058 1397 4099 cum
1426 4040 1687 4103 audisset,
1717 4037 1888 4092 iratus
1914 4042 1997 4090 est
2024 4042 2080 4089 et

507 4168 528 4201 α
567 4147 747 4204 missis
768 4143 1097 4201 exercitibus
1122 4141 1236 4196 suis
1261 4137 1497 4209 perdidit
1519 4134 1820 4191 homicidas
1854 4132 1995 4196 illos,
2025 4139 2081 4186 et

507 4259 527 4287 ι
560 4239 832 4294 civitatem
857 4234 1072 4290 illorum
1101 4227 1397 4287 succendit.
1426 4226 1578 4281 Tunc
1618 4226 1696 4280 ait
1722 4223 1894 4280 servis
1925 4222 2037 4279 suis
2062 4239 2075 4274 :

508 4349 528 4380 ι
565 4328 772 4402 Nuptiae
800 4325 1016 4397 quidem
1042 4327 1248 4393 paratas
1274 4324 1423 4383 sunt,
1451 4317 1545 4371 sed
1570 4316 1661 4386 qui
1689 4315 1899 4370 invitati
1922 4317 2081 4366 erant

511 4439 530 4473 ι
562 4436 670 4475 non
700 4418 919 4474 fuerunt
954 4415 1123 4485 digni.
1170 4412 1246 4466 lle
1272 4425 1400 4480 ergo
1437 4411 1504 4465 ad
1535 4410 1714 4465 exitus
1741 4407 1950 4460 viarum
1973 4446 1986 4470 ,
2023 4414 2078 4458 et

507 4530 529 4564 ι
563 4521 911 4580 quoscunque
934 4501 1248 4558 inveneritis
1262 4507 1449 4555 vocate
1464 4500 1529 4554 ad
1544 4499 1776 4567 nuptias.
1792 4496 1859 4550 Et
1877 4495 2080 4565 egressi

511 4620 531 4653 ι
567 4599 710 4656 servi
745 4596 862 4666 ejus
889 4596 945 4649 in
969 4593 1107 4657 vias,
1138 4580 1598 4661 congregaverant
1616 4601 1807 4642 omnes
1831 4600 1969 4655 quos
2000 4584 2081 4638 in-

510 4711 530 4745 ι
568 4699 850 4753 venerunt,
880 4688 1051 4743 bonos
1077 4693 1133 4738 et
1152 4682 1356 4748 malos,
1375 4689 1433 4737 et
1463 4679 1695 4748 impletae
1725 4686 1851 4731 sunt
1882 4675 2082 4744 nuptia:

512 4801 530 4834 ι
569 4776 1039 4836 discumbentium.
1067 4772 1288 4827 Intravit
1321 4781 1503 4826 autem
1531 4783 1626 4824 rex
1656 4774 1717 4820 ut
1740 4766 1949 4819 videret
1971 4764 2083 4818 dis-

510 4891 531 4924 ι
564 4870 897 4930 cumbcntes,
937 4873 994 4920 et
1020 4864 1153 4919 vidit
1175 4863 1245 4917 ibi
1271 4863 1542 4919 hominem
1573 4874 1679 4912 non
1706 4856 1961 4910 vestitum
1987 4868 2083 4908 ve-

513 4984 532 5016 ι
571 4972 653 5017 ste
675 4958 919 5031 nuptiali.
959 4958 1027 5013 Et
1055 4957 1130 5010 ait
1154 4955 1269 5010 illi:
1310 4952 1518 5016 Amice,
1553 4947 1826 5019 quomodo
1867 4945 1974 4999 huc
2002 4945 2083 4998 iu-

513 5072 535 5103 (
570 5051 723 5106 trasti
751 5065 857 5104 non
885 5048 1086 5103 habens
1113 5053 1318 5101 vestem
1339 5031 1669 5111 nuptialem?
1687 5035 1756 5091 At
1785 5035 1874 5090 ille
1893 5034 2084 5088 obmu-

516 5163 538 5195 ι
573 5143 691 5197 ιιιὶι.
722 5141 873 5196 Tunc
892 5140 1029 5195 dixit
1055 5153 1152 5193 rex
1175 5132 1437 5223 ministris
1464 5149 1478 5184 :
1518 5128 1697 5198 ligatis
1717 5126 1945 5195 pedibus
1967 5123 2084 5192 ejus

520 5253 541 5283 ι
579 5241 634 5288 et
660 5231 929 5297 manibus,
949 5229 1147 5284 mittite
1166 5240 1294 5280 eum
1318 5223 1370 5276 in
1395 5213 1649 5275 tenebras
1668 5215 1987 5269 exteriores.
2007 5213 2083 5268 lbi

519 5344 538 5376 ε
577 5325 684 5381 erit
704 5323 862 5380 lletns
892 5331 949 5377 et
966 5319 1171 5377 stridor
1196 5313 1461 5370 dentium.
1495 5307 1645 5363 Multi
1673 5306 1815 5363 enim
1843 5316 1969 5361 sunt
1990 5321 2086 5361 vo-

522 5436 544 5473 ι
575 5417 703 5484 cati,
727 5415 882 5487 pauci
909 5427 1040 5470 vero
1060 5409 1238 5466 electi.
1281 5425 1302 5459 ι

508 5496 515 5503 ’
583 5508 912 5580 Loquebatur
944 5503 1103 5561 Iesus
1131 5513 1249 5561 cum
1280 5489 1551 5562 discipulis
1580 5488 1690 5541 suis
1725 5496 1779 5541 tn
1803 5489 2085 5559 parabolis,

514 5578 729 5654 dicens:
771 5597 956 5654 Simile
993 5594 1190 5661 factum
1237 5595 1311 5640 est
1359 5598 1572 5653 regnum
1616 5578 1860 5635 calorum
1892 5582 2090 5638 [contini

519 5694 643 5761 regi,
671 5694 758 5763 qui
785 5691 906 5763 fecit
936 5683 1143 5747 nuptias
1179 5679 1289 5749 ﬁlio
1321 5692 1435 5730 suo.
1467 5674 1579 5747 (Ex
1622 5671 1819 5743 Grcg.)
1855 5672 2092 5746 Congre—

2176 3219 2292 3258 ecce
2315 3202 2599 3275 prandium
2629 3218 2799 3257 meum
2826 3202 3038 3273 paravi,
3068 3205 3210 3256 tauri
3242 3199 3345 3257 mei
3372 3212 3421 3257 et
3460 3200 3634 3256 altilia
3675 3218 3765 3255 oc-

2178 3295 2308 3357 cisa,
2340 3302 2388 3347 et
2431 3293 2607 3347 omnia
2632 3301 2841 3363 parata,
2879 3292 3043 3346 venite
3087 3291 3158 3345 ad
3202 3293 3435 3363 nuptias,
3474 3290 3555 3345 illi
3584 3300 3761 3344 autem

2179 3384 2535 3457 neglexerunt.
2585 3383 2876 3439 Prandium
2915 3390 3195 3452 paratum,
3235 3391 3293 3437 et
3329 3382 3470 3437 tauri
3506 3390 3566 3437 et
3594 3381 3761 3436 altilia

2179 3480 2377 3544 occisa,
2413 3476 2499 3532 vel
2522 3490 2622 3547 per
2647 3475 3021 3544 metaphoram
3047 3488 3178 3544 opes
3203 3474 3365 3544 regia:
3390 3473 3763 3545 intelligantur

2179 3568 2498 3640 spiritualis,
2549 3565 2635 3621 vel
2677 3571 2828 3620 certe
2875 3564 3184 3634 dogmatum
3225 3561 3543 3632 magnitudo
3574 3571 3631 3617 et
3663 3562 3763 3640 do-

2179 3636 2352 3714 ctrina
2377 3658 2471 3712 Dei
2498 3657 2617 3726 lege
2644 3654 3179 3725 plenissima'sentirc
3203 3661 3404 3724 potest.
3704 3636 3735 3655 ‘

2253 3771 2361 3846 (Ea:
2379 3770 2421 3825 ϐ
2430 3769 2562 3840 reg.)
2584 3768 2722 3836 Quid
2744 3768 2797 3822 in
2825 3748 2994 3822 tauris
3015 3765 3097 3821 vel
3119 3764 3379 3827 altilihus,
3412 3762 3611 3819 fratres
3630 3763 3762 3819 cha-

2180 3860 2405 3925 rissimi,
2436 3859 2539 3914 nisi
2568 3858 2702 3914 Novi
2727 3873 2791 3912 ac
2812 3858 3022 3913 Veteris
3042 3854 3374 3911 Testamenti
3402 3853 3590 3910 Patres
3614 3854 3763 3908 acci-

2178 3952 2375 4023 pimus.
2407 3949 2548 4016 Quid
2573 3963 2704 4019 ergo
2728 3962 2828 4018 per
2850 3954 3052 4011 tauros,
3080 3946 3181 4000 nisi
3206 3944 3401 4000 Patres
3425 3944 3760 3999 Testamenti

2182 4042 2395 4098 Veteris
2419 4039 2813 4110 signiﬁcantur,
2843 4052 2970 4092 nam
2998 4037 3126 4091 dum
3153 4052 3220 4091 ex
3243 4035 3597 4107 promissione
3621 4035 3763 4105 legis

2179 4142 2520 4207 acceperant,
2568 4141 2834 4204 quatenus
2863 4131 3202 4186 adversarios
3241 4146 3367 4185 suos
3391 4131 3498 4185 odii
3522 4130 3763 4185 retribu-

2182 4228 2327 4282 tione
2351 4230 2714 4295 percuterent,
2731 4232 2791 4277 ut
2813 4222 2886 4275 ita
2909 4222 3102 4287 dicam,
3123 4220 3251 4291 quid
3268 4218 3413 4275 aliud
3435 4234 3591 4289 quam
3616 4218 3762 4274 tauri

2179 4323 2351 4379 erant,
2382 4316 2475 4385 qui
2498 4312 2748 4369 inimicos
2778 4325 2906 4366 suos
2937 4311 3157 4366 virtutis
3183 4323 3454 4380 corporeae
3482 4323 3648 4364 cosnu
3677 4306 3767 4363 fe-

2184 4407 2415 4462 riebant.
2436 4404 2580 4471 Quid
2604 4416 2734 4457 vero
2754 4415 2852 4471 per
2875 4400 3064 4466 altilia,
3086 4401 3188 4455 nisi
3214 4398 3403 4454 Patres
3423 4398 3761 4453 Testamenti

2183 4497 2316 4552 Novi
2343 4496 2666 4565 ﬁgurantur,
2690 4492 2781 4561 qui
2796 4491 2923 4545 dum
2938 4492 3163 4561 gratiam
3176 4488 3517 4561 pinguedinis
3533 4488 3760 4542 interna!

2180 4572 2505 4658 percipiunt,
2542 4598 2575 4637 a
2605 4582 2835 4637 terrenis
2862 4581 3148 4637 desideriis
3183 4589 3364 4636 mente
3389 4580 3454 4634 ad
3481 4577 3759 4644 sublimia,

2182 4670 2654 4742 contemplationis
2689 4684 2800 4723 suae
2834 4669 2998 4738 pinna
3040 4668 3409 4723 sublevantur.
3457 4664 3620 4721 Tauri
3649 4664 3760 4719 mei

2184 4774 2238 4822 et
2264 4765 2430 4820 altilia
2458 4765 2637 4821 occisa
2667 4770 2793 4817 sunt
2812 4770 2867 4817 et
2884 4763 3064 4817 omnia
3090 4771 3295 4833 parata,
3333 4775 3397 4816 ac
3436 4761 3481 4816 si
3518 4759 3762 4830 apertius

2184 4857 2429 4911 dicatur:
2467 4855 2686 4910 Patrum
2707 4854 3124 4922 praecedentium
3170 4860 3373 4907 mortes
3418 4851 3677 4922 aspicite,
3700 4859 3761 4904 et

2187 4944 2426 5001 remedia
2448 4945 2573 4999 vitae
2602 4952 2795 4998 vestrm
2822 4942 3073 5013 cogitate.

2257 5037 2327 5091 Et
2355 5036 2616 5100 abierunt,
2641 5034 2777 5088 alius
2805 5034 2861 5088 in
2879 5032 3057 5089 rillam
3079 5048 3250 5099 suam,
3273 5031 3411 5086 alius
3431 5046 3548 5086 vero
3574 5030 3643 5083 ad
3672 5045 3764 5083 ne-

2187 5126 2540 5196 gotiatianem.
2576 5123 2634 5177 In
2662 5123 2784 5177 villa
2814 5122 2895 5178 ire
2919 5131 3005 5176 est
3037 5120 3210 5176 labori
3253 5130 3469 5176 terreno
3501 5118 3766 5175 immode-

2189 5223 2306 5269 rate
2340 5214 2664 5276 incumbere,
2694 5213 2749 5266 in
2780 5211 3200 5282 negotiationem
3242 5226 3373 5266 vero
3407 5211 3519 5275 ire,
3550 5218 3635 5264 est
3671 5224 3767 5265 ac-

2171 5307 2335 5374 ,tione
2371 5304 2707 5360 szucularinm
2737 5302 2900 5357 lucris
2928 5302 3155 5357 inhiare.
3189 5300 3325 5369 Quia
3350 5301 3493 5357 enim
3515 5300 3653 5355 alius
3680 5298 3770 5353 in-

2188 5408 2372 5455 tentus
2399 5397 2569 5454 labori
2598 5406 2831 5461 terreno,
2858 5394 2994 5449 alius
3020 5409 3148 5450 vero
3176 5394 3363 5449 mundi
3400 5391 3561 5461 hujus
3592 5391 3770 5446 actio-

2189 5492 2349 5546 nibus
2381 5490 2629 5553 deditus,
2679 5488 2993 5558 mysterium
3041 5483 3430 5540 incarnationis
3474 5482 3771 5538 Dominicxe

2192 5596 2440 5652 pensare,
2478 5587 2535 5633 et
2572 5558 3021 5632 secundumlillud
3050 5576 3232 5629 vivere
3256 5572 3577 5636 dissimulat,
3610 5571 3770 5640 quasi

2192 5673 2257 5728 ad
2288 5673 2465 5729 villam
2497 5671 2576 5726 vel
2609 5670 2881 5740 negmium
2909 5683 3160 5739 pergens,
3190 5666 3372 5722 venire
3399 5665 3465 5719 ad
3497 5666 3640 5736 regis
3671 5679 3768 5718 uu-
