  <div class='ocr_page' id='page_1' title='image "/cluster/home/n/w/nwhite01/storage/ocr_20150623/102/umn.31951002477395f/252.png"; bbox 0 0 3952 6470; ppageno 0'>
   <div class='ocr_carea' id='block_1_1' title="bbox 326 277 427 333">
    <p class='ocr_par' dir='ltr' id='par_1_1' title="bbox 326 277 427 333">
     <span class='ocr_line' id='line_1_1' title="bbox 326 277 427 333; baseline 0.01 -1"><span class='ocrx_word' id='word_1_1' title='bbox 326 277 427 333; x_wconf 68' lang='grc'><strong>480</strong></span> 
     </span>
    </p>
   </div>
   <div class='ocr_carea' id='block_1_2' title="bbox 1124 264 2737 332">
    <p class='ocr_par' dir='ltr' id='par_1_2' title="bbox 1124 264 2737 332">
     <span class='ocr_line' id='line_1_2' title="bbox 1124 264 2737 332; baseline -0.007 0"><span class='ocrx_word' id='word_1_2' title='bbox 1124 270 1637 332; x_wconf 82' lang='lat' dir='ltr'><strong>COLLECTIONES</strong></span> <span class='ocrx_word' id='word_1_3' title='bbox 1674 270 1742 327; x_wconf 85' lang='lat' dir='ltr'><strong>IN</strong></span> <span class='ocrx_word' id='word_1_4' title='bbox 1781 267 2161 328; x_wconf 79' lang='lat' dir='ltr'><strong>EPISTOLAS</strong></span> <span class='ocrx_word' id='word_1_5' title='bbox 2198 269 2285 324; x_wconf 84' lang='lat' dir='ltr'><strong>ET</strong></span> <span class='ocrx_word' id='word_1_6' title='bbox 2326 264 2737 323; x_wconf 61' lang='lat' dir='ltr'><strong>EVANGEUA.</strong></span> 
     </span>
    </p>
   </div>
   <div class='ocr_carea' id='block_1_3' title="bbox 3443 267 3549 322">
    <p class='ocr_par' dir='ltr' id='par_1_3' title="bbox 3443 267 3549 322">
     <span class='ocr_line' id='line_1_3' title="bbox 3443 267 3549 322; baseline -0.019 -1"><span class='ocrx_word' id='word_1_7' title='bbox 3443 267 3549 322; x_wconf 61' lang='lat'><strong>400</strong></span> 
     </span>
    </p>
   </div>
   <div class='ocr_carea' id='block_1_4' title="bbox 323 378 3567 466">
    <p class='ocr_par' dir='ltr' id='par_1_4' title="bbox 323 378 3567 466">
     <span class='ocr_line' id='line_1_4' title="bbox 323 378 3567 466; baseline -0.006 -16"><span class='ocrx_word' id='word_1_8' title='bbox 323 396 463 466; x_wconf 85' lang='lat' dir='ltr'><strong>ptias</strong></span> <span class='ocrx_word' id='word_1_9' title='bbox 494 399 735 457; x_wconf 83' lang='lat' dir='ltr'><strong>recusat,</strong></span> <span class='ocrx_word' id='word_1_10' title='bbox 782 400 837 446; x_wconf 91' lang='lat' dir='ltr'><strong>et</strong></span> <span class='ocrx_word' id='word_1_11' title='bbox 884 390 1198 460; x_wconf 83' lang='lat' dir='ltr'><strong>plerumque</strong></span> <span class='ocrx_word' id='word_1_12' title='bbox 1221 389 1365 461; x_wconf 89' lang='lat' dir='ltr'><strong>quod</strong></span> <span class='ocrx_word' id='word_1_13' title='bbox 1388 397 1473 444; x_wconf 89' lang='lat' dir='ltr'><strong>est</strong></span> <span class='ocrx_word' id='word_1_14' title='bbox 1496 388 1716 460; x_wconf 81' lang='lat' dir='ltr'><strong>gravius</strong></span> <span class='ocrx_word' id='word_1_15' title='bbox 1753 400 1889 440; x_wconf 87' lang='lat' dir='ltr'><strong>non—</strong></span> <span class='ocrx_word' id='word_1_16' title='bbox 1915 386 1966 446; x_wconf 75' lang='grc' dir='ltr'><strong>Α</strong></span> <span class='ocrx_word' id='word_1_17' title='bbox 1992 382 2078 438; x_wconf 89' lang='lat' dir='ltr'><strong>Sic</strong></span> <span class='ocrx_word' id='word_1_18' title='bbox 2102 383 2239 437; x_wconf 83' lang='lat' dir='ltr'><strong>enim</strong></span> <span class='ocrx_word' id='word_1_19' title='bbox 2267 381 2449 436; x_wconf 75' lang='lat' dir='ltr'><strong>dilexit</strong></span> <span class='ocrx_word' id='word_1_20' title='bbox 2478 380 2625 451; x_wconf 45' lang='lat' dir='ltr'><strong>Deus.</strong></span> <span class='ocrx_word' id='word_1_21' title='bbox 2660 380 2935 445; x_wconf 75' lang='lat' dir='ltr'><strong>mundum,</strong></span> <span class='ocrx_word' id='word_1_22' title='bbox 2981 389 3035 433; x_wconf 88' lang='lat' dir='ltr'><strong>ut</strong></span> <span class='ocrx_word' id='word_1_23' title='bbox 3065 378 3232 448; x_wconf 61' lang='lat' dir='ltr'><strong>[iiium</strong></span> <span class='ocrx_word' id='word_1_24' title='bbox 3261 394 3412 433; x_wconf 81' lang='lat' dir='ltr'><strong>suum</strong></span> <span class='ocrx_word' id='word_1_25' title='bbox 3447 381 3567 434; x_wconf 80' lang='lat' dir='ltr'><strong>uni-</strong></span> 
     </span>
    </p>
   </div>
   <div class='ocr_carea' id='block_1_5' title="bbox 323 478 1886 555">
    <p class='ocr_par' dir='ltr' id='par_1_5' title="bbox 323 478 1886 555">
     <span class='ocr_line' id='line_1_5' title="bbox 323 478 1886 555; baseline -0.004 -15"><span class='ocrx_word' id='word_1_26' title='bbox 323 485 453 541; x_wconf 86' lang='lat' dir='ltr'><strong>nulli</strong></span> <span class='ocrx_word' id='word_1_27' title='bbox 473 483 714 540; x_wconf 88' lang='lat' dir='ltr'><strong>vocantis</strong></span> <span class='ocrx_word' id='word_1_28' title='bbox 735 483 965 555; x_wconf 86' lang='lat' dir='ltr'><strong>gratiam</strong></span> <span class='ocrx_word' id='word_1_29' title='bbox 985 498 1094 538; x_wconf 89' lang='lat' dir='ltr'><strong>non</strong></span> <span class='ocrx_word' id='word_1_30' title='bbox 1120 482 1291 537; x_wconf 88' lang='lat' dir='ltr'><strong>solum</strong></span> <span class='ocrx_word' id='word_1_31' title='bbox 1315 489 1590 552; x_wconf 85' lang='lat' dir='ltr'><strong>respuunt,</strong></span> <span class='ocrx_word' id='word_1_32' title='bbox 1608 479 1700 535; x_wconf 87' lang='lat' dir='ltr'><strong>sed</strong></span> <span class='ocrx_word' id='word_1_33' title='bbox 1722 478 1886 535; x_wconf 85' lang='lat' dir='ltr'><strong>etiam</strong></span> 
     </span>
    </p>
   </div>
   <div class='ocr_carea' id='block_1_6' title="bbox 323 573 1298 647">
    <p class='ocr_par' dir='ltr' id='par_1_6' title="bbox 323 573 1298 647">
     <span class='ocr_line' id='line_1_6' title="bbox 323 573 1298 647; baseline -0.004 -16"><span class='ocrx_word' id='word_1_34' title='bbox 323 582 754 647; x_wconf 87' lang='lat' dir='ltr'><strong>persequuntur;</strong></span> <span class='ocrx_word' id='word_1_35' title='bbox 785 574 926 629; x_wconf 90' lang='lat' dir='ltr'><strong>unde</strong></span> <span class='ocrx_word' id='word_1_36' title='bbox 952 582 1009 629; x_wconf 88' lang='lat' dir='ltr'><strong>et</strong></span> <span class='ocrx_word' id='word_1_37' title='bbox 1030 573 1298 628; x_wconf 79' lang='lat' dir='ltr'><strong>subditur.</strong></span> 
     </span>
    </p>
   </div>
   <div class='ocr_carea' id='block_1_7' title="bbox 396 658 1889 736">
    <p class='ocr_par' dir='ltr' id='par_1_7' title="bbox 396 658 1889 736">
     <span class='ocr_line' id='line_1_7' title="bbox 396 658 1889 736; baseline -0.003 -17"><span class='ocrx_word' id='word_1_38' title='bbox 396 665 601 736; x_wconf 75' lang='lat' dir='ltr'><strong>Reliqui</strong></span> <span class='ocrx_word' id='word_1_39' title='bbox 631 682 747 720; x_wconf 83' lang='lat' dir='ltr'><strong>vero</strong></span> <span class='ocrx_word' id='word_1_40' title='bbox 770 672 1043 719; x_wconf 84' lang='lat' dir='ltr'><strong>tenuerunt</strong></span> <span class='ocrx_word' id='word_1_41' title='bbox 1081 680 1253 718; x_wconf 79' lang='lat' dir='ltr'><strong>servos</strong></span> <span class='ocrx_word' id='word_1_42' title='bbox 1288 663 1441 734; x_wconf 78' lang='lat' dir='ltr'><strong>ejus,</strong></span> <span class='ocrx_word' id='word_1_43' title='bbox 1479 671 1528 717; x_wconf 91' lang='lat' dir='ltr'><strong>et</strong></span> <span class='ocrx_word' id='word_1_44' title='bbox 1564 658 1889 716; x_wconf 64' lang='lat' dir='ltr'><strong>contumeliis</strong></span> 
     </span>
    </p>
   </div>
   <div class='ocr_carea' id='block_1_8' title="bbox 324 752 1893 827">
    <p class='ocr_par' dir='ltr' id='par_1_8' title="bbox 324 752 1893 827">
     <span class='ocr_line' id='line_1_8' title="bbox 324 752 1893 827; baseline -0.004 -15"><span class='ocrx_word' id='word_1_45' title='bbox 324 758 535 826; x_wconf 66' lang='lat' dir='ltr'><strong>allectos</strong></span> <span class='ocrx_word' id='word_1_46' title='bbox 555 756 873 810; x_wconf 74' lang='lat' dir='ltr'><strong>occiderunt.</strong></span> <span class='ocrx_word' id='word_1_47' title='bbox 894 753 993 827; x_wconf 78' lang='lat' dir='ltr'><strong>(Ex</strong></span> <span class='ocrx_word' id='word_1_48' title='bbox 1018 752 1262 825; x_wconf 82' lang='lat' dir='ltr'><strong>Hieron.)</strong></span> <span class='ocrx_word' id='word_1_49' title='bbox 1288 754 1432 809; x_wconf 81' lang='lat' dir='ltr'><strong>Inter</strong></span> <span class='ocrx_word' id='word_1_50' title='bbox 1448 768 1546 809; x_wconf 88' lang='lat' dir='ltr'><strong>eos</strong></span> <span class='ocrx_word' id='word_1_51' title='bbox 1563 752 1654 823; x_wconf 93' lang='lat' dir='ltr'><strong>qui</strong></span> <span class='ocrx_word' id='word_1_52' title='bbox 1678 767 1784 807; x_wconf 89' lang='lat' dir='ltr'><strong>non</strong></span> <span class='ocrx_word' id='word_1_53' title='bbox 1813 766 1893 806; x_wconf 88' lang='lat' dir='ltr'><strong>re-</strong></span> 
     </span>
    </p>
   </div>
   <div class='ocr_carea' id='block_1_9' title="bbox 324 843 1888 918">
    <p class='ocr_par' dir='ltr' id='par_1_9' title="bbox 324 843 1888 918">
     <span class='ocr_line' id='line_1_9' title="bbox 324 843 1888 918; baseline -0.004 -17"><span class='ocrx_word' id='word_1_54' title='bbox 324 847 528 918; x_wconf 90' lang='lat' dir='ltr'><strong>cipiunt</strong></span> <span class='ocrx_word' id='word_1_55' title='bbox 575 844 845 915; x_wconf 73' lang='lat' dir='ltr'><strong>Evangelii</strong></span> <span class='ocrx_word' id='word_1_56' title='bbox 888 844 1205 909; x_wconf 71' lang='lat' dir='ltr'><strong>veritatem,</strong></span> <span class='ocrx_word' id='word_1_57' title='bbox 1239 843 1409 898; x_wconf 89' lang='lat' dir='ltr'><strong>multa</strong></span> <span class='ocrx_word' id='word_1_58' title='bbox 1449 843 1733 898; x_wconf 78' lang='lat' dir='ltr'><strong>diversitas</strong></span> <span class='ocrx_word' id='word_1_59' title='bbox 1770 850 1888 907; x_wconf 84' lang='lat' dir='ltr'><strong>est;</strong></span> 
     </span>
    </p>
   </div>
   <div class='ocr_carea' id='block_1_10' title="bbox 325 931 1894 1004">
    <p class='ocr_par' dir='ltr' id='par_1_10' title="bbox 325 931 1894 1004">
     <span class='ocr_line' id='line_1_10' title="bbox 325 931 1894 1004; baseline -0.003 -13"><span class='ocrx_word' id='word_1_60' title='bbox 325 935 549 991; x_wconf 88' lang='lat' dir='ltr'><strong>minoris</strong></span> <span class='ocrx_word' id='word_1_61' title='bbox 576 935 719 988; x_wconf 89' lang='lat' dir='ltr'><strong>enim</strong></span> <span class='ocrx_word' id='word_1_62' title='bbox 750 933 992 990; x_wconf 87' lang='lat' dir='ltr'><strong>criminis</strong></span> <span class='ocrx_word' id='word_1_63' title='bbox 1018 942 1143 990; x_wconf 90' lang='lat' dir='ltr'><strong>sunt</strong></span> <span class='ocrx_word' id='word_1_64' title='bbox 1169 934 1260 1004; x_wconf 90' lang='lat' dir='ltr'><strong>qui</strong></span> <span class='ocrx_word' id='word_1_65' title='bbox 1299 932 1549 1003; x_wconf 79' lang='lat' dir='ltr'><strong>occupati</strong></span> <span class='ocrx_word' id='word_1_66' title='bbox 1587 932 1708 985; x_wconf 88' lang='lat' dir='ltr'><strong>aliis</strong></span> <span class='ocrx_word' id='word_1_67' title='bbox 1731 931 1894 986; x_wconf 91' lang='lat' dir='ltr'><strong>rebus</strong></span> 
     </span>
    </p>
   </div>
   <div class='ocr_carea' id='block_1_11' title="bbox 326 1019 1892 1093">
    <p class='ocr_par' dir='ltr' id='par_1_11' title="bbox 326 1019 1892 1093">
     <span class='ocr_line' id='line_1_11' title="bbox 326 1019 1892 1093; baseline -0.002 -16"><span class='ocrx_word' id='word_1_68' title='bbox 326 1026 507 1079; x_wconf 87' lang='lat' dir='ltr'><strong>venire</strong></span> <span class='ocrx_word' id='word_1_69' title='bbox 529 1024 835 1089; x_wconf 89' lang='lat' dir='ltr'><strong>noluerunt,</strong></span> <span class='ocrx_word' id='word_1_70' title='bbox 855 1023 942 1078; x_wconf 89' lang='lat' dir='ltr'><strong>his</strong></span> <span class='ocrx_word' id='word_1_71' title='bbox 959 1023 1050 1093; x_wconf 86' lang='lat' dir='ltr'><strong>qui</strong></span> <span class='ocrx_word' id='word_1_72' title='bbox 1073 1030 1381 1093; x_wconf 89' lang='lat' dir='ltr'><strong>contempto</strong></span> <span class='ocrx_word' id='word_1_73' title='bbox 1402 1022 1678 1076; x_wconf 80' lang='lat' dir='ltr'><strong>invitantis</strong></span> <span class='ocrx_word' id='word_1_74' title='bbox 1697 1019 1892 1075; x_wconf 76' lang='lat' dir='ltr'><strong>affectu</strong></span> 
     </span>
    </p>
   </div>
   <div class='ocr_carea' id='block_1_12' title="bbox 326 1111 1893 1176">
    <p class='ocr_par' dir='ltr' id='par_1_12' title="bbox 326 1111 1893 1176">
     <span class='ocr_line' id='line_1_12' title="bbox 326 1111 1893 1176; baseline -0.001 -10"><span class='ocrx_word' id='word_1_75' title='bbox 326 1120 603 1172; x_wconf 87' lang='lat' dir='ltr'><strong>verterunt</strong></span> <span class='ocrx_word' id='word_1_76' title='bbox 643 1112 1028 1167; x_wconf 77' lang='lat' dir='ltr'><strong>humanitatem</strong></span> <span class='ocrx_word' id='word_1_77' title='bbox 1073 1112 1127 1167; x_wconf 91' lang='lat' dir='ltr'><strong>in</strong></span> <span class='ocrx_word' id='word_1_78' title='bbox 1174 1111 1578 1176; x_wconf 80' lang='lat' dir='ltr'><strong>crudelitatem,</strong></span> <span class='ocrx_word' id='word_1_79' title='bbox 1625 1117 1682 1165; x_wconf 86' lang='lat' dir='ltr'><strong>et</strong></span> <span class='ocrx_word' id='word_1_80' title='bbox 1717 1116 1893 1164; x_wconf 79' lang='lat' dir='ltr'><strong>tentes</strong></span> 
     </span>
    </p>
   </div>
   <div class='ocr_carea' id='block_1_13' title="bbox 324 1197 1892 1274">
    <p class='ocr_par' dir='ltr' id='par_1_13' title="bbox 324 1197 1892 1274">
     <span class='ocr_line' id='line_1_13' title="bbox 324 1197 1892 1274; baseline -0.004 -16"><span class='ocrx_word' id='word_1_81' title='bbox 324 1218 510 1259; x_wconf 87' lang='lat' dir='ltr'><strong>servos</strong></span> <span class='ocrx_word' id='word_1_82' title='bbox 536 1203 714 1274; x_wconf 86' lang='lat' dir='ltr'><strong>regis,</strong></span> <span class='ocrx_word' id='word_1_83' title='bbox 757 1201 842 1258; x_wconf 80' lang='lat' dir='ltr'><strong>vel</strong></span> <span class='ocrx_word' id='word_1_84' title='bbox 877 1201 1220 1257; x_wconf 80' lang='lat' dir='ltr'><strong>contumeliis</strong></span> <span class='ocrx_word' id='word_1_85' title='bbox 1266 1199 1596 1267; x_wconf 79' lang='lat' dir='ltr'><strong>allecerunt,</strong></span> <span class='ocrx_word' id='word_1_86' title='bbox 1627 1199 1713 1254; x_wconf 91' lang='lat' dir='ltr'><strong>vel</strong></span> <span class='ocrx_word' id='word_1_87' title='bbox 1745 1197 1892 1255; x_wconf 90' lang='lat' dir='ltr'><strong>occi-</strong></span> 
     </span>
    </p>
   </div>
   <div class='ocr_carea' id='block_1_14' title="bbox 320 1294 1693 1359">
    <p class='ocr_par' dir='ltr' id='par_1_14' title="bbox 320 1294 1693 1359">
     <span class='ocr_line' id='line_1_14' title="bbox 320 1294 1693 1359; baseline -0.001 -10"><span class='ocrx_word' id='word_1_88' title='bbox 320 1294 538 1349; x_wconf 88' lang='lat' dir='ltr'><strong>derunt.</strong></span> <span class='ocrx_word' id='word_1_89' title='bbox 1688 1354 1693 1359; x_wconf 33' lang='lat'><strong>,</strong></span> 
     </span>
    </p>
   </div>
   <div class='ocr_carea' id='block_1_15' title="bbox 400 1381 1896 1451">
    <p class='ocr_par' dir='ltr' id='par_1_15' title="bbox 400 1381 1896 1451">
     <span class='ocr_line' id='line_1_15' title="bbox 400 1381 1896 1451; baseline -0.004 -11"><span class='ocrx_word' id='word_1_90' title='bbox 400 1386 509 1441; x_wconf 80' lang='lat' dir='ltr'><strong>Rea:</strong></span> <span class='ocrx_word' id='word_1_91' title='bbox 535 1394 729 1451; x_wconf 70' lang='lat' dir='ltr'><strong>autem,</strong></span> <span class='ocrx_word' id='word_1_92' title='bbox 760 1401 878 1441; x_wconf 76' lang='lat' dir='ltr'><strong>cunt</strong></span> <span class='ocrx_word' id='word_1_93' title='bbox 903 1384 1154 1447; x_wconf 81' lang='lat' dir='ltr'><strong>audisset,</strong></span> <span class='ocrx_word' id='word_1_94' title='bbox 1178 1383 1345 1438; x_wconf 86' lang='lat' dir='ltr'><strong>iratus</strong></span> <span class='ocrx_word' id='word_1_95' title='bbox 1369 1390 1467 1447; x_wconf 83' lang='lat' dir='ltr'><strong>est,</strong></span> <span class='ocrx_word' id='word_1_96' title='bbox 1482 1389 1530 1435; x_wconf 87' lang='lat' dir='ltr'><strong>et</strong></span> <span class='ocrx_word' id='word_1_97' title='bbox 1553 1381 1724 1436; x_wconf 84' lang='lat' dir='ltr'><strong>missis</strong></span> <span class='ocrx_word' id='word_1_98' title='bbox 1744 1396 1896 1435; x_wconf 72' lang='lat' dir='ltr'><strong>exer-</strong></span> 
     </span>
    </p>
   </div>
   <div class='ocr_carea' id='block_1_16' title="bbox 324 1468 1896 1545">
    <p class='ocr_par' dir='ltr' id='par_1_16' title="bbox 324 1468 1896 1545">
     <span class='ocr_line' id='line_1_16' title="bbox 324 1468 1896 1545; baseline -0.005 -15"><span class='ocrx_word' id='word_1_99' title='bbox 324 1476 514 1532; x_wconf 79' lang='lat' dir='ltr'><strong>citibus</strong></span> <span class='ocrx_word' id='word_1_100' title='bbox 540 1476 650 1529; x_wconf 84' lang='lat' dir='ltr'><strong>suis</strong></span> <span class='ocrx_word' id='word_1_101' title='bbox 688 1473 913 1545; x_wconf 78' lang='lat' dir='ltr'><strong>perdidit</strong></span> <span class='ocrx_word' id='word_1_102' title='bbox 951 1471 1240 1528; x_wconf 85' lang='lat' dir='ltr'><strong>homicidas</strong></span> <span class='ocrx_word' id='word_1_103' title='bbox 1277 1470 1418 1535; x_wconf 85' lang='lat' dir='ltr'><strong>illos,</strong></span> <span class='ocrx_word' id='word_1_104' title='bbox 1457 1479 1505 1525; x_wconf 89' lang='lat' dir='ltr'><strong>et</strong></span> <span class='ocrx_word' id='word_1_105' title='bbox 1538 1470 1798 1525; x_wconf 72' lang='lat' dir='ltr'><strong>civitatem</strong></span> <span class='ocrx_word' id='word_1_106' title='bbox 1822 1468 1896 1523; x_wconf 87' lang='lat' dir='ltr'><strong>il-</strong></span> 
     </span>
    </p>
   </div>
   <div class='ocr_carea' id='block_1_17' title="bbox 325 1559 1899 1630">
    <p class='ocr_par' dir='ltr' id='par_1_17' title="bbox 325 1559 1899 1630">
     <span class='ocr_line' id='line_1_17' title="bbox 325 1559 1899 1630; baseline -0.004 -8"><span class='ocrx_word' id='word_1_107' title='bbox 325 1568 496 1622; x_wconf 77' lang='lat' dir='ltr'><strong>lorum</strong></span> <span class='ocrx_word' id='word_1_108' title='bbox 520 1564 807 1621; x_wconf 73' lang='lat' dir='ltr'><strong>succendit.</strong></span> <span class='ocrx_word' id='word_1_109' title='bbox 832 1564 1121 1620; x_wconf 70' lang='lat' dir='ltr'><strong>Exercitus</strong></span> <span class='ocrx_word' id='word_1_110' title='bbox 1157 1579 1253 1619; x_wconf 88' lang='lat' dir='ltr'><strong>seu</strong></span> <span class='ocrx_word' id='word_1_111' title='bbox 1288 1561 1493 1616; x_wconf 87' lang='lat' dir='ltr'><strong>ultores</strong></span> <span class='ocrx_word' id='word_1_112' title='bbox 1535 1560 1758 1630; x_wconf 90' lang='lat' dir='ltr'><strong>angelos</strong></span> <span class='ocrx_word' id='word_1_113' title='bbox 1774 1600 1791 1624; x_wconf 89' lang='lat'><strong>,</strong></span> <span class='ocrx_word' id='word_1_114' title='bbox 1829 1559 1899 1615; x_wconf 88' lang='lat' dir='ltr'><strong>de</strong></span> 
     </span>
    </p>
   </div>
   <div class='ocr_carea' id='block_1_18' title="bbox 1988 469 3558 544">
    <p class='ocr_par' dir='ltr' id='par_1_18' title="bbox 1988 469 3558 544">
     <span class='ocr_line' id='line_1_18' title="bbox 1988 469 3558 544; baseline -0.001 -17"><span class='ocrx_word' id='word_1_115' title='bbox 1988 474 2219 544; x_wconf 80' lang='lat' dir='ltr'><strong>genitum</strong></span> <span class='ocrx_word' id='word_1_116' title='bbox 2258 471 2408 526; x_wconf 85' lang='lat' dir='ltr'><strong>daret</strong></span> <span class='ocrx_word' id='word_1_117' title='bbox 2444 486 2544 542; x_wconf 91' lang='lat' dir='ltr'><strong>pro</strong></span> <span class='ocrx_word' id='word_1_118' title='bbox 2569 470 2725 527; x_wconf 91' lang='lat' dir='ltr'><strong>nobis</strong></span> <span class='ocrx_word' id='word_1_119' title='bbox 2772 469 2954 543; x_wconf 80' lang='lat' dir='ltr'><strong>(Joan.</strong></span> <span class='ocrx_word' id='word_1_120' title='bbox 2985 470 3090 541; x_wconf 86' lang='lat' dir='ltr'><strong>tu).</strong></span> <span class='ocrx_word' id='word_1_121' title='bbox 3138 469 3242 537; x_wconf 92' lang='lat' dir='ltr'><strong>Qui</strong></span> <span class='ocrx_word' id='word_1_122' title='bbox 3284 486 3414 542; x_wconf 90' lang='lat' dir='ltr'><strong>ergo</strong></span> <span class='ocrx_word' id='word_1_123' title='bbox 3459 486 3558 541; x_wconf 88' lang='lat' dir='ltr'><strong>per</strong></span> 
     </span>
    </p>
   </div>
   <div class='ocr_carea' id='block_1_19' title="bbox 1989 560 3556 625">
    <p class='ocr_par' dir='ltr' id='par_1_19' title="bbox 1989 560 3556 625">
     <span class='ocr_line' id='line_1_19' title="bbox 1989 560 3556 625; baseline 0 -7"><span class='ocrx_word' id='word_1_124' title='bbox 1989 562 2309 619; x_wconf 84' lang='lat' dir='ltr'><strong>charitatem</strong></span> <span class='ocrx_word' id='word_1_125' title='bbox 2348 562 2495 616; x_wconf 80' lang='lat' dir='ltr'><strong>venit</strong></span> <span class='ocrx_word' id='word_1_126' title='bbox 2522 560 2591 617; x_wconf 87' lang='lat' dir='ltr'><strong>ad</strong></span> <span class='ocrx_word' id='word_1_127' title='bbox 2616 561 2894 625; x_wconf 86' lang='lat' dir='ltr'><strong>homines,</strong></span> <span class='ocrx_word' id='word_1_128' title='bbox 2944 560 3191 616; x_wconf 88' lang='lat' dir='ltr'><strong>eamdem</strong></span> <span class='ocrx_word' id='word_1_129' title='bbox 3234 561 3556 618; x_wconf 86' lang='lat' dir='ltr'><strong>charitatem</strong></span> 
     </span>
    </p>
   </div>
   <div class='ocr_carea' id='block_1_20' title="bbox 1992 649 3556 720">
    <p class='ocr_par' dir='ltr' id='par_1_20' title="bbox 1992 649 3556 720">
     <span class='ocr_line' id='line_1_20' title="bbox 1992 649 3556 720; baseline 0.003 -16"><span class='ocrx_word' id='word_1_130' title='bbox 1992 649 2223 704; x_wconf 87' lang='lat' dir='ltr'><strong>innotuit</strong></span> <span class='ocrx_word' id='word_1_131' title='bbox 2249 657 2452 704; x_wconf 84' lang='lat' dir='ltr'><strong>vestem</strong></span> <span class='ocrx_word' id='word_1_132' title='bbox 2482 664 2605 704; x_wconf 88' lang='lat' dir='ltr'><strong>esse</strong></span> <span class='ocrx_word' id='word_1_133' title='bbox 2628 649 2941 720; x_wconf 76' lang='lat' dir='ltr'><strong>nuptialem.</strong></span> <span class='ocrx_word' id='word_1_134' title='bbox 2968 649 3078 705; x_wconf 86' lang='lat' dir='ltr'><strong>Nos</strong></span> <span class='ocrx_word' id='word_1_135' title='bbox 3100 666 3309 715; x_wconf 84' lang='lat' dir='ltr'><strong>sumus,</strong></span> <span class='ocrx_word' id='word_1_136' title='bbox 3340 651 3556 718; x_wconf 82' lang='lat' dir='ltr'><strong>fratres,</strong></span> 
     </span>
    </p>
   </div>
   <div class='ocr_carea' id='block_1_21' title="bbox 1990 739 3562 811">
    <p class='ocr_par' dir='ltr' id='par_1_21' title="bbox 1990 739 3562 811">
     <span class='ocr_line' id='line_1_21' title="bbox 1990 739 3562 811; baseline 0.004 -17"><span class='ocrx_word' id='word_1_137' title='bbox 1990 741 2081 811; x_wconf 94' lang='lat' dir='ltr'><strong>qui</strong></span> <span class='ocrx_word' id='word_1_138' title='bbox 2106 740 2158 794; x_wconf 92' lang='lat' dir='ltr'><strong>in</strong></span> <span class='ocrx_word' id='word_1_139' title='bbox 2190 740 2392 811; x_wconf 80' lang='lat' dir='ltr'><strong>nuptiis</strong></span> <span class='ocrx_word' id='word_1_140' title='bbox 2418 740 2577 795; x_wconf 78' lang='lat' dir='ltr'><strong>Verbi</strong></span> <span class='ocrx_word' id='word_1_141' title='bbox 2605 739 3014 805; x_wconf 85' lang='lat' dir='ltr'><strong>discumhimus,</strong></span> <span class='ocrx_word' id='word_1_142' title='bbox 3046 741 3136 811; x_wconf 87' lang='lat' dir='ltr'><strong>qui</strong></span> <span class='ocrx_word' id='word_1_143' title='bbox 3158 740 3270 810; x_wconf 90' lang='lat' dir='ltr'><strong>jam</strong></span> <span class='ocrx_word' id='word_1_144' title='bbox 3299 742 3352 797; x_wconf 85' lang='lat' dir='ltr'><strong>in</strong></span> <span class='ocrx_word' id='word_1_145' title='bbox 3378 743 3562 800; x_wconf 82' lang='lat' dir='ltr'><strong>Eccle-</strong></span> 
     </span>
    </p>
   </div>
   <div class='ocr_carea' id='block_1_22' title="bbox 1991 829 3560 902">
    <p class='ocr_par' dir='ltr' id='par_1_22' title="bbox 1991 829 3560 902">
     <span class='ocr_line' id='line_1_22' title="bbox 1991 829 3560 902; baseline 0.002 -16"><span class='ocrx_word' id='word_1_146' title='bbox 1991 830 2070 886; x_wconf 90' lang='lat' dir='ltr'><strong>sia</strong></span> <span class='ocrx_word' id='word_1_147' title='bbox 2101 830 2382 895; x_wconf 86' lang='lat' dir='ltr'><strong>habemus,</strong></span> <span class='ocrx_word' id='word_1_148' title='bbox 2423 829 2517 899; x_wconf 91' lang='lat' dir='ltr'><strong>qui</strong></span> <span class='ocrx_word' id='word_1_149' title='bbox 2548 831 2829 900; x_wconf 67' lang='lat' dir='ltr'><strong>scripturas</strong></span> <span class='ocrx_word' id='word_1_150' title='bbox 2856 845 3024 886; x_wconf 70' lang='lat' dir='ltr'><strong>sacrre</strong></span> <span class='ocrx_word' id='word_1_151' title='bbox 3047 831 3221 901; x_wconf 85' lang='lat' dir='ltr'><strong>epulis</strong></span> <span class='ocrx_word' id='word_1_152' title='bbox 3264 833 3560 902; x_wconf 88' lang='lat' dir='ltr'><strong>pascimur,</strong></span> 
     </span>
    </p>
   </div>
   <div class='ocr_carea' id='block_1_23' title="bbox 1991 908 3562 990">
    <p class='ocr_par' dir='ltr' id='par_1_23' title="bbox 1991 908 3562 990">
     <span class='ocr_line' id='line_1_23' title="bbox 1991 908 3562 990; baseline 0.003 -17"><span class='ocrx_word' id='word_1_153' title='bbox 1991 919 2082 990; x_wconf 86' lang='lat' dir='ltr'><strong>qui</strong></span> <span class='ocrx_word' id='word_1_154' title='bbox 2103 917 2444 987; x_wconf 90' lang='lat' dir='ltr'><strong>conjunctam</strong></span> <span class='ocrx_word' id='word_1_155' title='bbox 2472 919 2584 973; x_wconf 90' lang='lat' dir='ltr'><strong>Deo</strong></span> <span class='ocrx_word' id='word_1_156' title='bbox 2607 918 2899 974; x_wconf 85' lang='lat' dir='ltr'><strong>Ecclesiam</strong></span> <span class='ocrx_word' id='word_1_157' title='bbox 2926 933 3046 973; x_wconf 88' lang='lat' dir='ltr'><strong>esse</strong></span> <span class='ocrx_word' id='word_1_158' title='bbox 3072 908 3386 989; x_wconf 76' lang='lat' dir='ltr'><strong>gaudemus.</strong></span> <span class='ocrx_word' id='word_1_159' title='bbox 3420 920 3562 978; x_wconf 84' lang='lat' dir='ltr'><strong>Ecce</strong></span> 
     </span>
    </p>
   </div>
   <div class='ocr_carea' id='block_1_24' title="bbox 1992 1007 3560 1079">
    <p class='ocr_par' dir='ltr' id='par_1_24' title="bbox 1992 1007 3560 1079">
     <span class='ocr_line' id='line_1_24' title="bbox 1992 1007 3560 1079; baseline 0.001 -15"><span class='ocrx_word' id='word_1_160' title='bbox 1992 1023 2088 1066; x_wconf 80' lang='lat' dir='ltr'><strong>rex</strong></span> <span class='ocrx_word' id='word_1_161' title='bbox 2116 1009 2186 1064; x_wconf 91' lang='lat' dir='ltr'><strong>ad</strong></span> <span class='ocrx_word' id='word_1_162' title='bbox 2210 1008 2426 1079; x_wconf 83' lang='lat' dir='ltr'><strong>nuptias</strong></span> <span class='ocrx_word' id='word_1_163' title='bbox 2466 1007 2787 1079; x_wconf 73' lang='lat' dir='ltr'><strong>ingreditur,</strong></span> <span class='ocrx_word' id='word_1_164' title='bbox 2819 1015 2879 1062; x_wconf 87' lang='lat' dir='ltr'><strong>et</strong></span> <span class='ocrx_word' id='word_1_165' title='bbox 2913 1007 3092 1063; x_wconf 89' lang='lat' dir='ltr'><strong>cordis</strong></span> <span class='ocrx_word' id='word_1_166' title='bbox 3120 1008 3287 1062; x_wconf 88' lang='lat' dir='ltr'><strong>nostri</strong></span> <span class='ocrx_word' id='word_1_167' title='bbox 3317 1009 3560 1066; x_wconf 87' lang='lat' dir='ltr'><strong>habitum</strong></span> 
     </span>
    </p>
   </div>
   <div class='ocr_carea' id='block_1_25' title="bbox 1993 1098 3564 1170">
    <p class='ocr_par' dir='ltr' id='par_1_25' title="bbox 1993 1098 3564 1170">
     <span class='ocr_line' id='line_1_25' title="bbox 1993 1098 3564 1170; baseline -0.001 -14"><span class='ocrx_word' id='word_1_168' title='bbox 1993 1098 2404 1170; x_wconf 86' lang='lat' dir='ltr'><strong>contemplatur,</strong></span> <span class='ocrx_word' id='word_1_169' title='bbox 2433 1106 2597 1170; x_wconf 89' lang='lat' dir='ltr'><strong>atque</strong></span> <span class='ocrx_word' id='word_1_170' title='bbox 2621 1099 2670 1154; x_wconf 90' lang='lat' dir='ltr'><strong>ei</strong></span> <span class='ocrx_word' id='word_1_171' title='bbox 2698 1113 2859 1169; x_wconf 89' lang='lat' dir='ltr'><strong>quem</strong></span> <span class='ocrx_word' id='word_1_172' title='bbox 2884 1098 3151 1154; x_wconf 89' lang='lat' dir='ltr'><strong>charitate</strong></span> <span class='ocrx_word' id='word_1_173' title='bbox 3172 1099 3427 1154; x_wconf 88' lang='lat' dir='ltr'><strong>vestitum</strong></span> <span class='ocrx_word' id='word_1_174' title='bbox 3455 1114 3564 1155; x_wconf 89' lang='lat' dir='ltr'><strong>non</strong></span> 
     </span>
    </p>
   </div>
   <div class='ocr_carea' id='block_1_26' title="bbox 1994 1190 3565 1262">
    <p class='ocr_par' dir='ltr' id='par_1_26' title="bbox 1994 1190 3565 1262">
     <span class='ocr_line' id='line_1_26' title="bbox 1994 1190 3565 1262; baseline 0 -16"><span class='ocrx_word' id='word_1_175' title='bbox 1994 1192 2220 1255; x_wconf 86' lang='lat' dir='ltr'><strong>invenit,</strong></span> <span class='ocrx_word' id='word_1_176' title='bbox 2266 1190 2512 1262; x_wconf 82' lang='lat' dir='ltr'><strong>protinus</strong></span> <span class='ocrx_word' id='word_1_177' title='bbox 2556 1190 2728 1246; x_wconf 88' lang='lat' dir='ltr'><strong>iratus</strong></span> <span class='ocrx_word' id='word_1_178' title='bbox 2754 1190 2924 1245; x_wconf 86' lang='lat' dir='ltr'><strong>dicit:</strong></span> <span class='ocrx_word' id='word_1_179' title='bbox 2954 1190 3153 1256; x_wconf 83' lang='lat' dir='ltr'><strong>Amice,</strong></span> <span class='ocrx_word' id='word_1_180' title='bbox 3182 1191 3439 1261; x_wconf 82' lang='lat' dir='ltr'><strong>quomodo</strong></span> <span class='ocrx_word' id='word_1_181' title='bbox 3463 1191 3565 1247; x_wconf 71' lang='lat' dir='ltr'><strong>huc</strong></span> 
     </span>
    </p>
   </div>
   <div class='ocr_carea' id='block_1_27' title="bbox 1992 1277 3567 1348">
    <p class='ocr_par' dir='ltr' id='par_1_27' title="bbox 1992 1277 3567 1348">
     <span class='ocr_line' id='line_1_27' title="bbox 1992 1277 3567 1348; baseline 0.002 -15"><span class='ocrx_word' id='word_1_182' title='bbox 1992 1279 2225 1345; x_wconf 75' lang='lat' dir='ltr'><strong>intrasti,</strong></span> <span class='ocrx_word' id='word_1_183' title='bbox 2278 1295 2381 1333; x_wconf 88' lang='lat' dir='ltr'><strong>non</strong></span> <span class='ocrx_word' id='word_1_184' title='bbox 2416 1277 2610 1334; x_wconf 80' lang='lat' dir='ltr'><strong>habens</strong></span> <span class='ocrx_word' id='word_1_185' title='bbox 2651 1287 2836 1333; x_wconf 80' lang='lat' dir='ltr'><strong>vestem</strong></span> <span class='ocrx_word' id='word_1_186' title='bbox 2886 1277 3170 1348; x_wconf 80' lang='lat' dir='ltr'><strong>nuptialem</strong></span> <span class='ocrx_word' id='word_1_187' title='bbox 3190 1280 3218 1333; x_wconf 73' lang='lat'><strong><em>2</em></strong></span> <span class='ocrx_word' id='word_1_188' title='bbox 3265 1279 3567 1336; x_wconf 77' lang='lat' dir='ltr'><strong>Mirandum</strong></span> 
     </span>
    </p>
   </div>
   <div class='ocr_carea' id='block_1_28' title="bbox 1993 1368 3567 1438">
    <p class='ocr_par' dir='ltr' id='par_1_28' title="bbox 1993 1368 3567 1438">
     <span class='ocr_line' id='line_1_28' title="bbox 1993 1368 3567 1438; baseline 0.003 -15"><span class='ocrx_word' id='word_1_189' title='bbox 1993 1370 2152 1425; x_wconf 86' lang='lat' dir='ltr'><strong>valde</strong></span> <span class='ocrx_word' id='word_1_190' title='bbox 2192 1377 2302 1432; x_wconf 90' lang='lat' dir='ltr'><strong>est,</strong></span> <span class='ocrx_word' id='word_1_191' title='bbox 2332 1368 2529 1425; x_wconf 80' lang='lat' dir='ltr'><strong>fratres</strong></span> <span class='ocrx_word' id='word_1_192' title='bbox 2547 1368 2875 1434; x_wconf 88' lang='lat' dir='ltr'><strong>charissimi,</strong></span> <span class='ocrx_word' id='word_1_193' title='bbox 2904 1369 3047 1438; x_wconf 89' lang='lat' dir='ltr'><strong>quod</strong></span> <span class='ocrx_word' id='word_1_194' title='bbox 3069 1369 3213 1425; x_wconf 90' lang='lat' dir='ltr'><strong>hunc</strong></span> <span class='ocrx_word' id='word_1_195' title='bbox 3251 1377 3307 1424; x_wconf 91' lang='lat' dir='ltr'><strong>et</strong></span> <span class='ocrx_word' id='word_1_196' title='bbox 3330 1371 3567 1428; x_wconf 88' lang='lat' dir='ltr'><strong>amicum</strong></span> 
     </span>
    </p>
   </div>
   <div class='ocr_carea' id='block_1_29' title="bbox 1994 1456 3572 1531">
    <p class='ocr_par' dir='ltr' id='par_1_29' title="bbox 1994 1456 3572 1531">
     <span class='ocr_line' id='line_1_29' title="bbox 1994 1456 3572 1531; baseline 0.004 -19"><span class='ocrx_word' id='word_1_197' title='bbox 1994 1464 2154 1512; x_wconf 90' lang='lat' dir='ltr'><strong>vocat</strong></span> <span class='ocrx_word' id='word_1_198' title='bbox 2173 1464 2229 1513; x_wconf 89' lang='lat' dir='ltr'><strong>et</strong></span> <span class='ocrx_word' id='word_1_199' title='bbox 2256 1459 2562 1531; x_wconf 87' lang='lat' dir='ltr'><strong>reprobum.</strong></span> <span class='ocrx_word' id='word_1_200' title='bbox 2589 1456 2670 1513; x_wconf 82' lang='lat' dir='ltr'><strong>Ac</strong></span> <span class='ocrx_word' id='word_1_201' title='bbox 2691 1457 2739 1512; x_wconf 91' lang='lat' dir='ltr'><strong>si</strong></span> <span class='ocrx_word' id='word_1_202' title='bbox 2768 1458 2815 1513; x_wconf 89' lang='lat' dir='ltr'><strong>ei</strong></span> <span class='ocrx_word' id='word_1_203' title='bbox 2846 1458 3082 1529; x_wconf 84' lang='lat' dir='ltr'><strong>apertius</strong></span> <span class='ocrx_word' id='word_1_204' title='bbox 3105 1458 3271 1524; x_wconf 89' lang='lat' dir='ltr'><strong>dicat,</strong></span> <span class='ocrx_word' id='word_1_205' title='bbox 3312 1461 3485 1517; x_wconf 87' lang='lat' dir='ltr'><strong>amice</strong></span> <span class='ocrx_word' id='word_1_206' title='bbox 3512 1472 3572 1518; x_wconf 87' lang='lat' dir='ltr'><strong>et</strong></span> 
     </span>
    </p>
   </div>
   <div class='ocr_carea' id='block_1_30' title="bbox 1996 1547 3567 1621">
    <p class='ocr_par' dir='ltr' id='par_1_30' title="bbox 1996 1547 3567 1621">
     <span class='ocr_line' id='line_1_30' title="bbox 1996 1547 3567 1621; baseline 0.005 -22"><span class='ocrx_word' id='word_1_207' title='bbox 1996 1559 2105 1600; x_wconf 90' lang='lat' dir='ltr'><strong>non</strong></span> <span class='ocrx_word' id='word_1_208' title='bbox 2131 1547 2323 1602; x_wconf 88' lang='lat' dir='ltr'><strong>amice.</strong></span> <span class='ocrx_word' id='word_1_209' title='bbox 2346 1547 2533 1603; x_wconf 81' lang='lat' dir='ltr'><strong>Amice</strong></span> <span class='ocrx_word' id='word_1_210' title='bbox 2558 1562 2656 1619; x_wconf 89' lang='lat' dir='ltr'><strong>per</strong></span> <span class='ocrx_word' id='word_1_211' title='bbox 2677 1547 2836 1602; x_wconf 88' lang='lat' dir='ltr'><strong>tidem</strong></span> <span class='ocrx_word' id='word_1_212' title='bbox 2859 1556 3042 1602; x_wconf 90' lang='lat' dir='ltr'><strong>etnon</strong></span> <span class='ocrx_word' id='word_1_213' title='bbox 3069 1548 3241 1604; x_wconf 87' lang='lat' dir='ltr'><strong>amice</strong></span> <span class='ocrx_word' id='word_1_214' title='bbox 3261 1564 3359 1618; x_wconf 90' lang='lat' dir='ltr'><strong>per</strong></span> <span class='ocrx_word' id='word_1_215' title='bbox 3375 1566 3567 1621; x_wconf 81' lang='lat' dir='ltr'><strong>opera-</strong></span> 
     </span>
    </p>
   </div>
   <div class='ocr_carea' id='block_1_31' title="bbox 326 1636 1912 1726">
    <p class='ocr_par' dir='ltr' id='par_1_31' title="bbox 326 1649 1900 1726">
     <span class='ocr_line' id='line_1_31' title="bbox 326 1649 1900 1726; baseline -0.003 -16"><span class='ocrx_word' id='word_1_216' title='bbox 326 1656 521 1726; x_wconf 87' lang='lat' dir='ltr'><strong>quibus</strong></span> <span class='ocrx_word' id='word_1_217' title='bbox 542 1654 599 1711; x_wconf 91' lang='lat' dir='ltr'><strong>in</strong></span> <span class='ocrx_word' id='word_1_218' title='bbox 611 1653 838 1711; x_wconf 88' lang='lat' dir='ltr'><strong>Psalmis</strong></span> <span class='ocrx_word' id='word_1_219' title='bbox 863 1650 1310 1725; x_wconf 79' lang='lat' dir='ltr'><strong>scribitur(Psal.</strong></span> <span class='ocrx_word' id='word_1_220' title='bbox 1333 1649 1538 1722; x_wconf 76' lang='lat' dir='ltr'><strong>uxvn)</strong></span> <span class='ocrx_word' id='word_1_221' title='bbox 1564 1669 1578 1705; x_wconf 90' lang='lat'><strong>:</strong></span> <span class='ocrx_word' id='word_1_222' title='bbox 1606 1649 1900 1706; x_wconf 86' lang='lat' dir='ltr'><strong>lmmissio-</strong></span> 
     </span>
    </p>
   </div>
   <div class='ocr_carea' id='block_1_32' title="bbox 2003 1636 3567 1726">
    <p class='ocr_par' dir='ltr' id='par_1_32' title="bbox 2003 1636 3567 1711">
     <span class='ocr_line' id='line_1_32' title="bbox 2003 1636 3567 1711; baseline 0.006 -23"><span class='ocrx_word' id='word_1_223' title='bbox 2003 1636 2220 1693; x_wconf 85' lang='lat' dir='ltr'><strong>tionem.</strong></span> <span class='ocrx_word' id='word_1_224' title='bbox 2265 1637 2373 1708; x_wconf 78' lang='lat' dir='ltr'><strong>(Ea:</strong></span> <span class='ocrx_word' id='word_1_225' title='bbox 2423 1636 2666 1711; x_wconf 78' lang='lat' dir='ltr'><strong>Hieron.)</strong></span> <span class='ocrx_word' id='word_1_226' title='bbox 2734 1638 2801 1693; x_wconf 79' lang='lat' dir='ltr'><strong>lli</strong></span> <span class='ocrx_word' id='word_1_227' title='bbox 2846 1639 2940 1708; x_wconf 86' lang='lat' dir='ltr'><strong>qui</strong></span> <span class='ocrx_word' id='word_1_228' title='bbox 2983 1639 3195 1695; x_wconf 85' lang='lat' dir='ltr'><strong>invitati</strong></span> <span class='ocrx_word' id='word_1_229' title='bbox 3244 1641 3461 1703; x_wconf 79' lang='lat' dir='ltr'><strong>fuerant</strong></span> <span class='ocrx_word' id='word_1_230' title='bbox 3498 1649 3567 1703; x_wconf 88' lang='lat' dir='ltr'><strong>ad</strong></span> 
     </span>
    </p>
   </div>
   <div class='ocr_carea' id='block_1_33' title="bbox 326 1723 3570 1816">
    <p class='ocr_par' dir='ltr' id='par_1_33' title="bbox 326 1723 3570 1816">
     <span class='ocr_line' id='line_1_33' title="bbox 326 1723 3570 1816; baseline -0.001 -31"><span class='ocrx_word' id='word_1_231' title='bbox 326 1723 450 1801; x_wconf 64' lang='grc' dir='ltr'><strong>ιζεω</strong></span> <span class='ocrx_word' id='word_1_232' title='bbox 476 1759 575 1816; x_wconf 67' lang='grc' dir='ltr'><strong>ρετ</strong></span> <span class='ocrx_word' id='word_1_233' title='bbox 596 1743 816 1815; x_wconf 61' lang='lat' dir='ltr'><strong>angelos</strong></span> <span class='ocrx_word' id='word_1_234' title='bbox 854 1743 1044 1808; x_wconf 64' lang='lat' dir='ltr'><strong>malos,</strong></span> <span class='ocrx_word' id='word_1_235' title='bbox 1088 1723 1183 1799; x_wconf 63' lang='grc' dir='ltr'><strong>βω</strong></span> <span class='ocrx_word' id='word_1_236' title='bbox 1211 1742 1485 1798; x_wconf 65' lang='lat' dir='ltr'><strong>Romanos</strong></span> <span class='ocrx_word' id='word_1_237' title='bbox 1511 1740 1892 1811; x_wconf 60' lang='lat' dir='ltr'><strong>intelligamus,</strong></span> <span class='ocrx_word' id='word_1_238' title='bbox 1918 1723 1969 1784; x_wconf 86' lang='lat' dir='ltr'><strong>B</strong></span> <span class='ocrx_word' id='word_1_239' title='bbox 1995 1727 2210 1796; x_wconf 87' lang='lat' dir='ltr'><strong>nuptias</strong></span> <span class='ocrx_word' id='word_1_240' title='bbox 2236 1728 2303 1783; x_wconf 91' lang='lat' dir='ltr'><strong>de</strong></span> <span class='ocrx_word' id='word_1_241' title='bbox 2327 1727 2544 1799; x_wconf 89' lang='lat' dir='ltr'><strong>sepihus</strong></span> <span class='ocrx_word' id='word_1_242' title='bbox 2575 1735 2632 1782; x_wconf 90' lang='lat' dir='ltr'><strong>et</strong></span> <span class='ocrx_word' id='word_1_243' title='bbox 2670 1727 2880 1798; x_wconf 82' lang='lat' dir='ltr'><strong>angulis</strong></span> <span class='ocrx_word' id='word_1_244' title='bbox 2919 1736 2974 1783; x_wconf 87' lang='lat' dir='ltr'><strong>et</strong></span> <span class='ocrx_word' id='word_1_245' title='bbox 2998 1728 3210 1799; x_wconf 83' lang='lat' dir='ltr'><strong>plateis,</strong></span> <span class='ocrx_word' id='word_1_246' title='bbox 3255 1737 3312 1786; x_wconf 90' lang='lat' dir='ltr'><strong>et</strong></span> <span class='ocrx_word' id='word_1_247' title='bbox 3341 1728 3570 1786; x_wconf 86' lang='lat' dir='ltr'><strong>diversis</strong></span> 
     </span>
    </p>
   </div>
   <div class='ocr_carea' id='block_1_34' title="bbox 325 1827 1899 1903">
    <p class='ocr_par' dir='ltr' id='par_1_34' title="bbox 325 1827 1899 1903">
     <span class='ocr_line' id='line_1_34' title="bbox 325 1827 1899 1903; baseline -0.003 -14"><span class='ocrx_word' id='word_1_248' title='bbox 325 1836 428 1892; x_wconf 92' lang='lat' dir='ltr'><strong>sub</strong></span> <span class='ocrx_word' id='word_1_249' title='bbox 458 1835 596 1891; x_wconf 90' lang='lat' dir='ltr'><strong>duce</strong></span> <span class='ocrx_word' id='word_1_250' title='bbox 616 1833 944 1903; x_wconf 75' lang='lat' dir='ltr'><strong>Vespasiano</strong></span> <span class='ocrx_word' id='word_1_251' title='bbox 982 1839 1038 1889; x_wconf 90' lang='lat' dir='ltr'><strong>et</strong></span> <span class='ocrx_word' id='word_1_252' title='bbox 1061 1831 1203 1898; x_wconf 85' lang='lat' dir='ltr'><strong>Tito,</strong></span> <span class='ocrx_word' id='word_1_253' title='bbox 1230 1830 1325 1902; x_wconf 88' lang='lat' dir='ltr'><strong>qui</strong></span> <span class='ocrx_word' id='word_1_254' title='bbox 1358 1829 1554 1889; x_wconf 85' lang='lat' dir='ltr'><strong>occisis</strong></span> <span class='ocrx_word' id='word_1_255' title='bbox 1575 1827 1774 1887; x_wconf 64' lang='lat' dir='ltr'><strong>Iudaee</strong></span> <span class='ocrx_word' id='word_1_256' title='bbox 1798 1844 1899 1901; x_wconf 76' lang='grc' dir='ltr'><strong>ρο-</strong></span> 
     </span>
    </p>
   </div>
   <div class='ocr_carea' id='block_1_35' title="bbox 325 1919 1739 1997">
    <p class='ocr_par' dir='ltr' id='par_1_35' title="bbox 325 1919 1739 1997">
     <span class='ocr_line' id='line_1_35' title="bbox 325 1919 1739 1997; baseline -0.006 -15"><span class='ocrx_word' id='word_1_257' title='bbox 325 1925 488 1997; x_wconf 90' lang='lat' dir='ltr'><strong>pulis,</strong></span> <span class='ocrx_word' id='word_1_258' title='bbox 515 1923 1001 1996; x_wconf 66' lang='lat' dir='ltr'><strong>praevaricatrieem</strong></span> <span class='ocrx_word' id='word_1_259' title='bbox 1027 1922 1424 1979; x_wconf 80' lang='lat' dir='ltr'><strong>suceendemnt</strong></span> <span class='ocrx_word' id='word_1_260' title='bbox 1445 1919 1739 1977; x_wconf 87' lang='lat' dir='ltr'><strong>civitatem.</strong></span> 
     </span>
    </p>
   </div>
   <div class='ocr_carea' id='block_1_36' title="bbox 395 2010 1897 2087">
    <p class='ocr_par' dir='ltr' id='par_1_36' title="bbox 395 2010 1897 2087">
     <span class='ocr_line' id='line_1_36' title="bbox 395 2010 1897 2087; baseline -0.001 -18"><span class='ocrx_word' id='word_1_261' title='bbox 395 2013 505 2087; x_wconf 77' lang='lat' dir='ltr'><strong>(Eat</strong></span> <span class='ocrx_word' id='word_1_262' title='bbox 528 2010 707 2086; x_wconf 72' lang='lat' dir='ltr'><strong>Greg.)</strong></span> <span class='ocrx_word' id='word_1_263' title='bbox 745 2012 1054 2069; x_wconf 81' lang='lat' dir='ltr'><strong>Homicidas</strong></span> <span class='ocrx_word' id='word_1_264' title='bbox 1075 2011 1332 2082; x_wconf 88' lang='lat' dir='ltr'><strong>perdidit,</strong></span> <span class='ocrx_word' id='word_1_265' title='bbox 1359 2011 1487 2081; x_wconf 89' lang='lat' dir='ltr'><strong>quia</strong></span> <span class='ocrx_word' id='word_1_266' title='bbox 1509 2017 1897 2080; x_wconf 83' lang='lat' dir='ltr'><strong>persequentes</strong></span> 
     </span>
    </p>
   </div>
   <div class='ocr_carea' id='block_1_37' title="bbox 327 2099 1900 2173">
    <p class='ocr_par' dir='ltr' id='par_1_37' title="bbox 327 2099 1900 2173">
     <span class='ocr_line' id='line_1_37' title="bbox 327 2099 1900 2173; baseline -0.003 -13"><span class='ocrx_word' id='word_1_267' title='bbox 327 2104 623 2171; x_wconf 85' lang='lat' dir='ltr'><strong>interimit;</strong></span> <span class='ocrx_word' id='word_1_268' title='bbox 653 2104 925 2160; x_wconf 87' lang='lat' dir='ltr'><strong>civitatem</strong></span> <span class='ocrx_word' id='word_1_269' title='bbox 944 2116 1138 2161; x_wconf 84' lang='lat' dir='ltr'><strong>eorum</strong></span> <span class='ocrx_word' id='word_1_270' title='bbox 1159 2102 1283 2173; x_wconf 83' lang='lat' dir='ltr'><strong>igne</strong></span> <span class='ocrx_word' id='word_1_271' title='bbox 1303 2100 1604 2165; x_wconf 87' lang='lat' dir='ltr'><strong>succendit,</strong></span> <span class='ocrx_word' id='word_1_272' title='bbox 1630 2100 1758 2169; x_wconf 87' lang='lat' dir='ltr'><strong>quia</strong></span> <span class='ocrx_word' id='word_1_273' title='bbox 1780 2099 1900 2156; x_wconf 89' lang='lat' dir='ltr'><strong>illo-</strong></span> 
     </span>
    </p>
   </div>
   <div class='ocr_carea' id='block_1_38' title="bbox 327 2191 1900 2262">
    <p class='ocr_par' dir='ltr' id='par_1_38' title="bbox 327 2191 1900 2262">
     <span class='ocr_line' id='line_1_38' title="bbox 327 2191 1900 2262; baseline -0.005 -9"><span class='ocrx_word' id='word_1_274' title='bbox 327 2212 447 2253; x_wconf 88' lang='lat' dir='ltr'><strong>rum</strong></span> <span class='ocrx_word' id='word_1_275' title='bbox 476 2212 585 2253; x_wconf 88' lang='lat' dir='ltr'><strong>non</strong></span> <span class='ocrx_word' id='word_1_276' title='bbox 608 2196 779 2252; x_wconf 92' lang='lat' dir='ltr'><strong>solum</strong></span> <span class='ocrx_word' id='word_1_277' title='bbox 798 2195 1029 2261; x_wconf 82' lang='lat' dir='ltr'><strong>animae,</strong></span> <span class='ocrx_word' id='word_1_278' title='bbox 1065 2194 1160 2250; x_wconf 86' lang='lat' dir='ltr'><strong>sed</strong></span> <span class='ocrx_word' id='word_1_279' title='bbox 1187 2208 1316 2248; x_wconf 88' lang='lat' dir='ltr'><strong>caro</strong></span> <span class='ocrx_word' id='word_1_280' title='bbox 1342 2206 1553 2262; x_wconf 83' lang='lat' dir='ltr'><strong>quoque</strong></span> <span class='ocrx_word' id='word_1_281' title='bbox 1581 2192 1636 2247; x_wconf 91' lang='lat' dir='ltr'><strong>in</strong></span> <span class='ocrx_word' id='word_1_282' title='bbox 1669 2206 1777 2262; x_wconf 90' lang='lat' dir='ltr'><strong>qua</strong></span> <span class='ocrx_word' id='word_1_283' title='bbox 1802 2191 1900 2246; x_wconf 90' lang='lat' dir='ltr'><strong>ha-</strong></span> 
     </span>
    </p>
   </div>
   <div class='ocr_carea' id='block_1_39' title="bbox 327 2279 1900 2355">
    <p class='ocr_par' dir='ltr' id='par_1_39' title="bbox 327 2279 1900 2355">
     <span class='ocr_line' id='line_1_39' title="bbox 327 2279 1900 2355; baseline -0.003 -15"><span class='ocrx_word' id='word_1_284' title='bbox 327 2282 636 2341; x_wconf 85' lang='lat' dir='ltr'><strong>bitaverunt</strong></span> <span class='ocrx_word' id='word_1_285' title='bbox 656 2292 869 2340; x_wconf 72' lang='lat' dir='ltr'><strong>aeterna:</strong></span> <span class='ocrx_word' id='word_1_286' title='bbox 893 2284 1152 2355; x_wconf 65' lang='lat' dir='ltr'><strong>gehennte</strong></span> <span class='ocrx_word' id='word_1_287' title='bbox 1169 2280 1382 2336; x_wconf 81' lang='lat' dir='ltr'><strong>ﬂamma</strong></span> <span class='ocrx_word' id='word_1_288' title='bbox 1404 2280 1698 2336; x_wconf 88' lang='lat' dir='ltr'><strong>cruciatur.</strong></span> <span class='ocrx_word' id='word_1_289' title='bbox 1722 2279 1900 2336; x_wconf 72' lang='lat' dir='ltr'><strong>Missis</strong></span> 
     </span>
    </p>
   </div>
   <div class='ocr_carea' id='block_1_40' title="bbox 326 2371 1898 2441">
    <p class='ocr_par' dir='ltr' id='par_1_40' title="bbox 326 2371 1898 2441">
     <span class='ocr_line' id='line_1_40' title="bbox 326 2371 1898 2441; baseline -0.004 -9"><span class='ocrx_word' id='word_1_290' title='bbox 326 2391 456 2433; x_wconf 88' lang='lat' dir='ltr'><strong>vero</strong></span> <span class='ocrx_word' id='word_1_291' title='bbox 485 2376 812 2433; x_wconf 85' lang='lat' dir='ltr'><strong>exercitibus</strong></span> <span class='ocrx_word' id='word_1_292' title='bbox 837 2374 1162 2431; x_wconf 72' lang='lat' dir='ltr'><strong>exstinxisse</strong></span> <span class='ocrx_word' id='word_1_293' title='bbox 1198 2373 1497 2430; x_wconf 90' lang='lat' dir='ltr'><strong>homicidas</strong></span> <span class='ocrx_word' id='word_1_294' title='bbox 1524 2373 1742 2438; x_wconf 88' lang='lat' dir='ltr'><strong>dicitur,</strong></span> <span class='ocrx_word' id='word_1_295' title='bbox 1772 2371 1898 2441; x_wconf 85' lang='lat' dir='ltr'><strong>quia</strong></span> 
     </span>
    </p>
   </div>
   <div class='ocr_carea' id='block_1_41' title="bbox 328 2462 1833 2535">
    <p class='ocr_par' dir='ltr' id='par_1_41' title="bbox 328 2462 1833 2535">
     <span class='ocr_line' id='line_1_41' title="bbox 328 2462 1833 2535; baseline -0.003 -15"><span class='ocrx_word' id='word_1_296' title='bbox 328 2466 385 2521; x_wconf 92' lang='lat' dir='ltr'><strong>in</strong></span> <span class='ocrx_word' id='word_1_297' title='bbox 407 2464 659 2522; x_wconf 84' lang='lat' dir='ltr'><strong>omnibus</strong></span> <span class='ocrx_word' id='word_1_298' title='bbox 684 2480 844 2523; x_wconf 84' lang='lat' dir='ltr'><strong>omne</strong></span> <span class='ocrx_word' id='word_1_299' title='bbox 864 2462 1127 2535; x_wconf 90' lang='lat' dir='ltr'><strong>judicium</strong></span> <span class='ocrx_word' id='word_1_300' title='bbox 1161 2478 1258 2533; x_wconf 86' lang='lat' dir='ltr'><strong>per</strong></span> <span class='ocrx_word' id='word_1_301' title='bbox 1284 2462 1505 2535; x_wconf 88' lang='lat' dir='ltr'><strong>angelos</strong></span> <span class='ocrx_word' id='word_1_302' title='bbox 1531 2463 1833 2518; x_wconf 78' lang='lat' dir='ltr'><strong>exhibetur.</strong></span> 
     </span>
    </p>
   </div>
   <div class='ocr_carea' id='block_1_42' title="bbox 400 2555 1896 2626">
    <p class='ocr_par' dir='ltr' id='par_1_42' title="bbox 400 2555 1896 2626">
     <span class='ocr_line' id='line_1_42' title="bbox 400 2555 1896 2626; baseline -0.003 -14"><span class='ocrx_word' id='word_1_303' title='bbox 400 2556 546 2612; x_wconf 79' lang='lat' dir='ltr'><strong>Tunc</strong></span> <span class='ocrx_word' id='word_1_304' title='bbox 573 2556 649 2610; x_wconf 83' lang='lat' dir='ltr'><strong>ait</strong></span> <span class='ocrx_word' id='word_1_305' title='bbox 687 2556 880 2621; x_wconf 80' lang='lat' dir='ltr'><strong>servis,</strong></span> <span class='ocrx_word' id='word_1_306' title='bbox 909 2556 1104 2626; x_wconf 66' lang='lat' dir='ltr'><strong>nuptiae</strong></span> <span class='ocrx_word' id='word_1_307' title='bbox 1127 2555 1339 2626; x_wconf 80' lang='lat' dir='ltr'><strong>quidem</strong></span> <span class='ocrx_word' id='word_1_308' title='bbox 1363 2564 1566 2626; x_wconf 76' lang='lat' dir='ltr'><strong>parua:</strong></span> <span class='ocrx_word' id='word_1_309' title='bbox 1603 2564 1723 2611; x_wconf 74' lang='lat' dir='ltr'><strong>sunt</strong></span> <span class='ocrx_word' id='word_1_310' title='bbox 1742 2593 1758 2617; x_wconf 91' lang='lat'><strong>,</strong></span> <span class='ocrx_word' id='word_1_311' title='bbox 1788 2562 1896 2609; x_wconf 89' lang='lat' dir='ltr'><strong>etc.</strong></span> 
     </span>
    </p>
   </div>
   <div class='ocr_carea' id='block_1_43' title="bbox 330 2632 1900 2719">
    <p class='ocr_par' dir='ltr' id='par_1_43' title="bbox 330 2632 1900 2719">
     <span class='ocr_line' id='line_1_43' title="bbox 330 2632 1900 2719; baseline -0.001 -16"><span class='ocrx_word' id='word_1_312' title='bbox 330 2647 389 2704; x_wconf 91' lang='lat' dir='ltr'><strong>Si</strong></span> <span class='ocrx_word' id='word_1_313' title='bbox 408 2632 465 2704; x_wconf 81' lang='lat' dir='ltr'><strong>in</strong></span> <span class='ocrx_word' id='word_1_314' title='bbox 485 2648 760 2719; x_wconf 88' lang='lat' dir='ltr'><strong>Scriptura</strong></span> <span class='ocrx_word' id='word_1_315' title='bbox 773 2648 893 2704; x_wconf 87' lang='lat' dir='ltr'><strong>vias</strong></span> <span class='ocrx_word' id='word_1_316' title='bbox 906 2648 1146 2704; x_wconf 86' lang='lat' dir='ltr'><strong>actiones</strong></span> <span class='ocrx_word' id='word_1_317' title='bbox 1164 2647 1478 2717; x_wconf 86' lang='lat' dir='ltr'><strong>accipimus,</strong></span> <span class='ocrx_word' id='word_1_318' title='bbox 1493 2648 1671 2703; x_wconf 80' lang='lat' dir='ltr'><strong>exitus</strong></span> <span class='ocrx_word' id='word_1_319' title='bbox 1688 2646 1900 2702; x_wconf 89' lang='lat' dir='ltr'><strong>viarum</strong></span> 
     </span>
    </p>
   </div>
   <div class='ocr_carea' id='block_1_44' title="bbox 329 2737 1905 2810">
    <p class='ocr_par' dir='ltr' id='par_1_44' title="bbox 329 2737 1905 2810">
     <span class='ocr_line' id='line_1_44' title="bbox 329 2737 1905 2810; baseline -0.001 -15"><span class='ocrx_word' id='word_1_320' title='bbox 329 2740 676 2810; x_wconf 75' lang='lat' dir='ltr'><strong>intelligimus</strong></span> <span class='ocrx_word' id='word_1_321' title='bbox 700 2739 943 2796; x_wconf 85' lang='lat' dir='ltr'><strong>defectus</strong></span> <span class='ocrx_word' id='word_1_322' title='bbox 966 2739 1260 2803; x_wconf 88' lang='lat' dir='ltr'><strong>actionum,</strong></span> <span class='ocrx_word' id='word_1_323' title='bbox 1297 2737 1426 2808; x_wconf 83' lang='lat' dir='ltr'><strong>quia</strong></span> <span class='ocrx_word' id='word_1_324' title='bbox 1471 2738 1547 2793; x_wconf 91' lang='lat' dir='ltr'><strong>illi</strong></span> <span class='ocrx_word' id='word_1_325' title='bbox 1585 2738 1905 2808; x_wconf 84' lang='lat' dir='ltr'><strong>plerumque</strong></span> 
     </span>
    </p>
   </div>
   <div class='ocr_carea' id='block_1_45' title="bbox 330 2830 1904 2904">
    <p class='ocr_par' dir='ltr' id='par_1_45' title="bbox 330 2830 1904 2904">
     <span class='ocr_line' id='line_1_45' title="bbox 330 2830 1904 2904; baseline 0.001 -19"><span class='ocrx_word' id='word_1_326' title='bbox 330 2831 486 2888; x_wconf 83' lang='lat' dir='ltr'><strong>facile</strong></span> <span class='ocrx_word' id='word_1_327' title='bbox 532 2832 601 2887; x_wconf 91' lang='lat' dir='ltr'><strong>ad</strong></span> <span class='ocrx_word' id='word_1_328' title='bbox 646 2832 815 2887; x_wconf 86' lang='lat' dir='ltr'><strong>Deum</strong></span> <span class='ocrx_word' id='word_1_329' title='bbox 859 2832 1115 2897; x_wconf 89' lang='lat' dir='ltr'><strong>veniunt,</strong></span> <span class='ocrx_word' id='word_1_330' title='bbox 1147 2846 1284 2904; x_wconf 91' lang='lat' dir='ltr'><strong>quos</strong></span> <span class='ocrx_word' id='word_1_331' title='bbox 1323 2832 1377 2886; x_wconf 87' lang='lat' dir='ltr'><strong>in</strong></span> <span class='ocrx_word' id='word_1_332' title='bbox 1415 2831 1646 2887; x_wconf 86' lang='lat' dir='ltr'><strong>terrenis</strong></span> <span class='ocrx_word' id='word_1_333' title='bbox 1691 2830 1904 2887; x_wconf 86' lang='lat' dir='ltr'><strong>actibus</strong></span> 
     </span>
    </p>
   </div>
   <div class='ocr_carea' id='block_1_46' title="bbox 329 2920 1126 2992">
    <p class='ocr_par' dir='ltr' id='par_1_46' title="bbox 329 2920 1126 2992">
     <span class='ocr_line' id='line_1_46' title="bbox 329 2920 1126 2992; baseline 0 -17"><span class='ocrx_word' id='word_1_334' title='bbox 329 2935 587 2992; x_wconf 85' lang='lat' dir='ltr'><strong>prospera</strong></span> <span class='ocrx_word' id='word_1_335' title='bbox 608 2920 755 2977; x_wconf 91' lang='lat' dir='ltr'><strong>nulla</strong></span> <span class='ocrx_word' id='word_1_336' title='bbox 778 2922 1126 2977; x_wconf 84' lang='lat' dir='ltr'><strong>comitantur.</strong></span> 
     </span>
    </p>
   </div>
   <div class='ocr_carea' id='block_1_47' title="bbox 400 3011 1899 3084">
    <p class='ocr_par' dir='ltr' id='par_1_47' title="bbox 400 3011 1899 3084">
     <span class='ocr_line' id='line_1_47' title="bbox 400 3011 1899 3084; baseline 0.001 -17"><span class='ocrx_word' id='word_1_337' title='bbox 400 3011 612 3081; x_wconf 76' lang='lat' dir='ltr'><strong>Egressi</strong></span> <span class='ocrx_word' id='word_1_338' title='bbox 649 3011 782 3067; x_wconf 73' lang='lat' dir='ltr'><strong>servi</strong></span> <span class='ocrx_word' id='word_1_339' title='bbox 807 3011 924 3081; x_wconf 82' lang='lat' dir='ltr'><strong>ejus</strong></span> <span class='ocrx_word' id='word_1_340' title='bbox 964 3013 1019 3067; x_wconf 85' lang='lat' dir='ltr'><strong>in</strong></span> <span class='ocrx_word' id='word_1_341' title='bbox 1058 3012 1186 3073; x_wconf 67' lang='lat' dir='ltr'><strong>uias,</strong></span> <span class='ocrx_word' id='word_1_342' title='bbox 1238 3020 1673 3084; x_wconf 71' lang='lat' dir='ltr'><strong>congregaverant</strong></span> <span class='ocrx_word' id='word_1_343' title='bbox 1720 3027 1899 3069; x_wconf 78' lang='lat' dir='ltr'><strong>omnes</strong></span> 
     </span>
    </p>
   </div>
   <div class='ocr_carea' id='block_1_48' title="bbox 1996 1817 3566 1891">
    <p class='ocr_par' dir='ltr' id='par_1_48' title="bbox 1996 1817 3566 1891">
     <span class='ocr_line' id='line_1_48' title="bbox 1996 1817 3566 1891; baseline 0.003 -19"><span class='ocrx_word' id='word_1_344' title='bbox 1996 1817 2130 1874; x_wconf 89' lang='lat' dir='ltr'><strong>locis</strong></span> <span class='ocrx_word' id='word_1_345' title='bbox 2154 1833 2363 1874; x_wconf 74' lang='lat' dir='ltr'><strong>coenam</strong></span> <span class='ocrx_word' id='word_1_346' title='bbox 2403 1818 2547 1889; x_wconf 86' lang='lat' dir='ltr'><strong>regis</strong></span> <span class='ocrx_word' id='word_1_347' title='bbox 2587 1819 2959 1890; x_wconf 82' lang='lat' dir='ltr'><strong>impleverant,</strong></span> <span class='ocrx_word' id='word_1_348' title='bbox 2995 1821 3088 1878; x_wconf 87' lang='lat' dir='ltr'><strong>sed</strong></span> <span class='ocrx_word' id='word_1_349' title='bbox 3113 1830 3297 1891; x_wconf 87' lang='lat' dir='ltr'><strong>postea</strong></span> <span class='ocrx_word' id='word_1_350' title='bbox 3319 1838 3442 1877; x_wconf 90' lang='lat' dir='ltr'><strong>cum</strong></span> <span class='ocrx_word' id='word_1_351' title='bbox 3471 1837 3566 1877; x_wconf 91' lang='lat' dir='ltr'><strong>ve-</strong></span> 
     </span>
    </p>
   </div>
   <div class='ocr_carea' id='block_1_49' title="bbox 1994 1908 3569 1974">
    <p class='ocr_par' dir='ltr' id='par_1_49' title="bbox 1994 1908 3569 1974">
     <span class='ocr_line' id='line_1_49' title="bbox 1994 1908 3569 1974; baseline 0.003 -12"><span class='ocrx_word' id='word_1_352' title='bbox 1994 1908 2165 1965; x_wconf 87' lang='lat' dir='ltr'><strong>nisset</strong></span> <span class='ocrx_word' id='word_1_353' title='bbox 2189 1924 2306 1974; x_wconf 80' lang='lat' dir='ltr'><strong>rex,</strong></span> <span class='ocrx_word' id='word_1_354' title='bbox 2336 1918 2397 1964; x_wconf 92' lang='lat' dir='ltr'><strong>ut</strong></span> <span class='ocrx_word' id='word_1_355' title='bbox 2434 1910 2639 1965; x_wconf 85' lang='lat' dir='ltr'><strong>videret</strong></span> <span class='ocrx_word' id='word_1_356' title='bbox 2664 1910 3064 1966; x_wconf 87' lang='lat' dir='ltr'><strong>discumbentes</strong></span> <span class='ocrx_word' id='word_1_357' title='bbox 3095 1912 3148 1966; x_wconf 91' lang='lat' dir='ltr'><strong>in</strong></span> <span class='ocrx_word' id='word_1_358' title='bbox 3172 1912 3422 1968; x_wconf 88' lang='lat' dir='ltr'><strong>convivio</strong></span> <span class='ocrx_word' id='word_1_359' title='bbox 3447 1927 3569 1974; x_wconf 86' lang='lat' dir='ltr'><strong>suo,</strong></span> 
     </span>
    </p>
   </div>
   <div class='ocr_carea' id='block_1_50' title="bbox 1996 1997 3569 2069">
    <p class='ocr_par' dir='ltr' id='par_1_50' title="bbox 1996 1997 3569 2069">
     <span class='ocr_line' id='line_1_50' title="bbox 1996 1997 3569 2069; baseline 0.003 -16"><span class='ocrx_word' id='word_1_360' title='bbox 1996 1997 2098 2054; x_wconf 89' lang='lat' dir='ltr'><strong>hoc</strong></span> <span class='ocrx_word' id='word_1_361' title='bbox 2126 2006 2228 2065; x_wconf 89' lang='lat' dir='ltr'><strong>est,</strong></span> <span class='ocrx_word' id='word_1_362' title='bbox 2255 1998 2309 2054; x_wconf 89' lang='lat' dir='ltr'><strong>in</strong></span> <span class='ocrx_word' id='word_1_363' title='bbox 2335 2013 2433 2054; x_wconf 89' lang='lat' dir='ltr'><strong>sua</strong></span> <span class='ocrx_word' id='word_1_364' title='bbox 2462 1999 2614 2069; x_wconf 89' lang='lat' dir='ltr'><strong>quasi</strong></span> <span class='ocrx_word' id='word_1_365' title='bbox 2641 2000 2744 2055; x_wconf 82' lang='lat' dir='ltr'><strong>fide</strong></span> <span class='ocrx_word' id='word_1_366' title='bbox 2770 2001 3190 2069; x_wconf 83' lang='lat' dir='ltr'><strong>requiescentes,</strong></span> <span class='ocrx_word' id='word_1_367' title='bbox 3239 2010 3300 2057; x_wconf 90' lang='lat' dir='ltr'><strong>ut</strong></span> <span class='ocrx_word' id='word_1_368' title='bbox 3334 2002 3390 2057; x_wconf 90' lang='lat' dir='ltr'><strong>in</strong></span> <span class='ocrx_word' id='word_1_369' title='bbox 3423 2002 3569 2057; x_wconf 89' lang='lat' dir='ltr'><strong>diem</strong></span> 
     </span>
    </p>
   </div>
   <div class='ocr_carea' id='block_1_51' title="bbox 1988 2088 3573 2159">
    <p class='ocr_par' dir='ltr' id='par_1_51' title="bbox 1988 2088 3573 2159">
     <span class='ocr_line' id='line_1_51' title="bbox 1988 2088 3573 2159; baseline 0.003 -15"><span class='ocrx_word' id='word_1_370' title='bbox 1988 2088 2179 2159; x_wconf 90' lang='lat' dir='ltr'><strong>judicii</strong></span> <span class='ocrx_word' id='word_1_371' title='bbox 2213 2090 2458 2146; x_wconf 87' lang='lat' dir='ltr'><strong>visitaret</strong></span> <span class='ocrx_word' id='word_1_372' title='bbox 2486 2091 2762 2157; x_wconf 84' lang='lat' dir='ltr'><strong>convivas,</strong></span> <span class='ocrx_word' id='word_1_373' title='bbox 2791 2100 2846 2146; x_wconf 92' lang='lat' dir='ltr'><strong>ct</strong></span> <span class='ocrx_word' id='word_1_374' title='bbox 2878 2092 3208 2148; x_wconf 87' lang='lat' dir='ltr'><strong>discerneret</strong></span> <span class='ocrx_word' id='word_1_375' title='bbox 3239 2094 3430 2148; x_wconf 87' lang='lat' dir='ltr'><strong>merita</strong></span> <span class='ocrx_word' id='word_1_376' title='bbox 3459 2094 3573 2149; x_wconf 88' lang='lat' dir='ltr'><strong>sin-</strong></span> 
     </span>
    </p>
   </div>
   <div class='ocr_carea' id='block_1_52' title="bbox 1995 2179 3574 2252">
    <p class='ocr_par' dir='ltr' id='par_1_52' title="bbox 1995 2179 3574 2252">
     <span class='ocr_line' id='line_1_52' title="bbox 1995 2179 3574 2252; baseline 0.002 -17"><span class='ocrx_word' id='word_1_377' title='bbox 1995 2179 2264 2251; x_wconf 88' lang='lat' dir='ltr'><strong>gulorum,</strong></span> <span class='ocrx_word' id='word_1_378' title='bbox 2308 2180 2512 2235; x_wconf 87' lang='lat' dir='ltr'><strong>invenit</strong></span> <span class='ocrx_word' id='word_1_379' title='bbox 2545 2195 2712 2235; x_wconf 90' lang='lat' dir='ltr'><strong>unum</strong></span> <span class='ocrx_word' id='word_1_380' title='bbox 2746 2180 2838 2252; x_wconf 90' lang='lat' dir='ltr'><strong>qui</strong></span> <span class='ocrx_word' id='word_1_381' title='bbox 2874 2188 3022 2236; x_wconf 85' lang='lat' dir='ltr'><strong>veste</strong></span> <span class='ocrx_word' id='word_1_382' title='bbox 3063 2181 3280 2239; x_wconf 86' lang='lat' dir='ltr'><strong>indutus</strong></span> <span class='ocrx_word' id='word_1_383' title='bbox 3321 2198 3429 2239; x_wconf 90' lang='lat' dir='ltr'><strong>non</strong></span> <span class='ocrx_word' id='word_1_384' title='bbox 3455 2190 3574 2238; x_wconf 88' lang='lat' dir='ltr'><strong>erat</strong></span> 
     </span>
    </p>
   </div>
   <div class='ocr_carea' id='block_1_53' title="bbox 1996 2272 3568 2346">
    <p class='ocr_par' dir='ltr' id='par_1_53' title="bbox 1996 2272 3568 2346">
     <span class='ocr_line' id='line_1_53' title="bbox 1996 2272 3568 2346; baseline 0.003 -19"><span class='ocrx_word' id='word_1_385' title='bbox 1996 2272 2254 2343; x_wconf 90' lang='lat' dir='ltr'><strong>nuptiali:</strong></span> <span class='ocrx_word' id='word_1_386' title='bbox 2285 2288 2425 2328; x_wconf 92' lang='lat' dir='ltr'><strong>unus</strong></span> <span class='ocrx_word' id='word_1_387' title='bbox 2446 2272 2550 2329; x_wconf 89' lang='lat' dir='ltr'><strong>iste</strong></span> <span class='ocrx_word' id='word_1_388' title='bbox 2576 2289 2765 2329; x_wconf 90' lang='lat' dir='ltr'><strong>omnes</strong></span> <span class='ocrx_word' id='word_1_389' title='bbox 2791 2274 2882 2346; x_wconf 89' lang='lat' dir='ltr'><strong>qui</strong></span> <span class='ocrx_word' id='word_1_390' title='bbox 2910 2275 3095 2330; x_wconf 89' lang='lat' dir='ltr'><strong>sociati</strong></span> <span class='ocrx_word' id='word_1_391' title='bbox 3124 2284 3250 2330; x_wconf 90' lang='lat' dir='ltr'><strong>sunt</strong></span> <span class='ocrx_word' id='word_1_392' title='bbox 3275 2275 3568 2331; x_wconf 83' lang='lat' dir='ltr'><strong>malitiain—</strong></span> 
     </span>
    </p>
   </div>
   <div class='ocr_carea' id='block_1_54' title="bbox 1996 2361 3574 2435">
    <p class='ocr_par' dir='ltr' id='par_1_54' title="bbox 1996 2361 3574 2435">
     <span class='ocr_line' id='line_1_54' title="bbox 1996 2361 3574 2435; baseline 0.003 -18"><span class='ocrx_word' id='word_1_393' title='bbox 1996 2361 2328 2434; x_wconf 85' lang='lat' dir='ltr'><strong>tellignntur,</strong></span> <span class='ocrx_word' id='word_1_394' title='bbox 2360 2364 2529 2419; x_wconf 86' lang='lat' dir='ltr'><strong>vestis</strong></span> <span class='ocrx_word' id='word_1_395' title='bbox 2555 2373 2735 2419; x_wconf 88' lang='lat' dir='ltr'><strong>autem</strong></span> <span class='ocrx_word' id='word_1_396' title='bbox 2760 2363 3012 2435; x_wconf 86' lang='lat' dir='ltr'><strong>nuptialis</strong></span> <span class='ocrx_word' id='word_1_397' title='bbox 3035 2374 3300 2435; x_wconf 62' lang='lat' dir='ltr'><strong>praecepta</strong></span> <span class='ocrx_word' id='word_1_398' title='bbox 3327 2372 3452 2421; x_wconf 89' lang='lat' dir='ltr'><strong>sunt</strong></span> <span class='ocrx_word' id='word_1_399' title='bbox 3475 2366 3574 2422; x_wconf 90' lang='lat' dir='ltr'><strong>Do-</strong></span> 
     </span>
    </p>
   </div>
   <div class='ocr_carea' id='block_1_55' title="bbox 1996 2451 3570 2528">
    <p class='ocr_par' dir='ltr' id='par_1_55' title="bbox 1996 2451 3570 2528">
     <span class='ocr_line' id='line_1_55' title="bbox 1996 2451 3570 2528; baseline 0.003 -20"><span class='ocrx_word' id='word_1_400' title='bbox 1996 2451 2149 2518; x_wconf 89' lang='lat' dir='ltr'><strong>mini,</strong></span> <span class='ocrx_word' id='word_1_401' title='bbox 2179 2461 2234 2509; x_wconf 89' lang='lat' dir='ltr'><strong>et</strong></span> <span class='ocrx_word' id='word_1_402' title='bbox 2258 2468 2421 2525; x_wconf 90' lang='lat' dir='ltr'><strong>opera</strong></span> <span class='ocrx_word' id='word_1_403' title='bbox 2444 2468 2563 2525; x_wconf 67' lang='lat' dir='ltr'><strong>quae</strong></span> <span class='ocrx_word' id='word_1_404' title='bbox 2584 2454 2923 2526; x_wconf 88' lang='lat' dir='ltr'><strong>complentur</strong></span> <span class='ocrx_word' id='word_1_405' title='bbox 2942 2470 3009 2511; x_wconf 71' lang='lat' dir='ltr'><strong>ex</strong></span> <span class='ocrx_word' id='word_1_406' title='bbox 3036 2456 3152 2526; x_wconf 87' lang='lat' dir='ltr'><strong>lege</strong></span> <span class='ocrx_word' id='word_1_407' title='bbox 3180 2468 3235 2511; x_wconf 92' lang='lat' dir='ltr'><strong>et</strong></span> <span class='ocrx_word' id='word_1_408' title='bbox 3265 2456 3570 2528; x_wconf 81' lang='lat' dir='ltr'><strong>Evangelia,</strong></span> 
     </span>
    </p>
   </div>
   <div class='ocr_carea' id='block_1_56' title="bbox 1997 2544 3575 2618">
    <p class='ocr_par' dir='ltr' id='par_1_56' title="bbox 1997 2544 3575 2618">
     <span class='ocr_line' id='line_1_56' title="bbox 1997 2544 3575 2618; baseline 0.001 -19"><span class='ocrx_word' id='word_1_409' title='bbox 1997 2546 2229 2615; x_wconf 89' lang='lat' dir='ltr'><strong>novique</strong></span> <span class='ocrx_word' id='word_1_410' title='bbox 2254 2545 2489 2603; x_wconf 89' lang='lat' dir='ltr'><strong>hominis</strong></span> <span class='ocrx_word' id='word_1_411' title='bbox 2515 2544 2753 2602; x_wconf 74' lang='lat' dir='ltr'><strong>elﬁciunt</strong></span> <span class='ocrx_word' id='word_1_412' title='bbox 2779 2546 3178 2602; x_wconf 84' lang='lat' dir='ltr'><strong>vestimentum.</strong></span> <span class='ocrx_word' id='word_1_413' title='bbox 3225 2546 3284 2603; x_wconf 86' lang='lat' dir='ltr'><strong>Si</strong></span> <span class='ocrx_word' id='word_1_414' title='bbox 3317 2548 3441 2617; x_wconf 87' lang='lat' dir='ltr'><strong>quis</strong></span> <span class='ocrx_word' id='word_1_415' title='bbox 3470 2547 3575 2618; x_wconf 87' lang='lat' dir='ltr'><strong>igi-</strong></span> 
     </span>
    </p>
   </div>
   <div class='ocr_carea' id='block_1_57' title="bbox 1998 2636 3578 2710">
    <p class='ocr_par' dir='ltr' id='par_1_57' title="bbox 1998 2636 3578 2710">
     <span class='ocr_line' id='line_1_57' title="bbox 1998 2636 3578 2710; baseline -0.002 -17"><span class='ocrx_word' id='word_1_416' title='bbox 1998 2646 2088 2693; x_wconf 91' lang='lat' dir='ltr'><strong>tur</strong></span> <span class='ocrx_word' id='word_1_417' title='bbox 2126 2639 2182 2694; x_wconf 90' lang='lat' dir='ltr'><strong>in</strong></span> <span class='ocrx_word' id='word_1_418' title='bbox 2227 2646 2470 2710; x_wconf 86' lang='lat' dir='ltr'><strong>tempore</strong></span> <span class='ocrx_word' id='word_1_419' title='bbox 2503 2637 2693 2708; x_wconf 84' lang='lat' dir='ltr'><strong>judicii</strong></span> <span class='ocrx_word' id='word_1_420' title='bbox 2743 2638 2993 2695; x_wconf 84' lang='lat' dir='ltr'><strong>inventus</strong></span> <span class='ocrx_word' id='word_1_421' title='bbox 3030 2636 3192 2694; x_wconf 89' lang='lat' dir='ltr'><strong>fuerit</strong></span> <span class='ocrx_word' id='word_1_422' title='bbox 3230 2636 3333 2695; x_wconf 79' lang='lat' dir='ltr'><strong>sub</strong></span> <span class='ocrx_word' id='word_1_423' title='bbox 3358 2638 3578 2693; x_wconf 87' lang='lat' dir='ltr'><strong>nomine</strong></span> 
     </span>
    </p>
   </div>
   <div class='ocr_carea' id='block_1_58' title="bbox 1997 2726 3575 2799">
    <p class='ocr_par' dir='ltr' id='par_1_58' title="bbox 1997 2726 3575 2799">
     <span class='ocr_line' id='line_1_58' title="bbox 1997 2726 3575 2799; baseline -0.002 -15"><span class='ocrx_word' id='word_1_424' title='bbox 1997 2726 2326 2793; x_wconf 84' lang='lat' dir='ltr'><strong>Christiano,</strong></span> <span class='ocrx_word' id='word_1_425' title='bbox 2357 2745 2466 2784; x_wconf 89' lang='lat' dir='ltr'><strong>non</strong></span> <span class='ocrx_word' id='word_1_426' title='bbox 2512 2729 2711 2785; x_wconf 88' lang='lat' dir='ltr'><strong>habere</strong></span> <span class='ocrx_word' id='word_1_427' title='bbox 2741 2738 2942 2783; x_wconf 80' lang='lat' dir='ltr'><strong>vestem</strong></span> <span class='ocrx_word' id='word_1_428' title='bbox 2973 2727 3287 2799; x_wconf 76' lang='lat' dir='ltr'><strong>nuptialem,</strong></span> <span class='ocrx_word' id='word_1_429' title='bbox 3332 2728 3437 2783; x_wconf 91' lang='lat' dir='ltr'><strong>hoc</strong></span> <span class='ocrx_word' id='word_1_430' title='bbox 3466 2736 3575 2791; x_wconf 88' lang='lat' dir='ltr'><strong>est,</strong></span> 
     </span>
    </p>
   </div>
   <div class='ocr_carea' id='block_1_59' title="bbox 1997 2816 3574 2888">
    <p class='ocr_par' dir='ltr' id='par_1_59' title="bbox 1997 2816 3574 2888">
     <span class='ocr_line' id='line_1_59' title="bbox 1997 2816 3574 2888; baseline -0.001 -17"><span class='ocrx_word' id='word_1_431' title='bbox 1997 2824 2204 2872; x_wconf 89' lang='lat' dir='ltr'><strong>vestem</strong></span> <span class='ocrx_word' id='word_1_432' title='bbox 2233 2832 2427 2888; x_wconf 91' lang='lat' dir='ltr'><strong>superc</strong></span> <span class='ocrx_word' id='word_1_433' title='bbox 2444 2835 2462 2871; x_wconf 85' lang='grc' dir='ltr'>ι</span> <span class='ocrx_word' id='word_1_434' title='bbox 2481 2816 2629 2881; x_wconf 80' lang='lat' dir='ltr'><strong>lestis</strong></span> <span class='ocrx_word' id='word_1_435' title='bbox 2656 2818 2888 2872; x_wconf 87' lang='lat' dir='ltr'><strong>hominis</strong></span> <span class='ocrx_word' id='word_1_436' title='bbox 2905 2857 2920 2881; x_wconf 94' lang='lat'><strong>,</strong></span> <span class='ocrx_word' id='word_1_437' title='bbox 2948 2819 3041 2873; x_wconf 90' lang='lat' dir='ltr'><strong>sed</strong></span> <span class='ocrx_word' id='word_1_438' title='bbox 3065 2826 3270 2873; x_wconf 86' lang='lat' dir='ltr'><strong>vestem</strong></span> <span class='ocrx_word' id='word_1_439' title='bbox 3296 2816 3574 2886; x_wconf 70' lang='lat' dir='ltr'><strong>pollutam,</strong></span> 
     </span>
    </p>
   </div>
   <div class='ocr_carea' id='block_1_60' title="bbox 2001 2908 3573 2979">
    <p class='ocr_par' dir='ltr' id='par_1_60' title="bbox 2001 2908 3573 2979">
     <span class='ocr_line' id='line_1_60' title="bbox 2001 2908 3573 2979; baseline -0.001 -16"><span class='ocrx_word' id='word_1_440' title='bbox 2001 2908 2054 2963; x_wconf 89' lang='lat' dir='ltr'><strong>id</strong></span> <span class='ocrx_word' id='word_1_441' title='bbox 2075 2916 2177 2972; x_wconf 91' lang='lat' dir='ltr'><strong>est,</strong></span> <span class='ocrx_word' id='word_1_442' title='bbox 2212 2908 2411 2965; x_wconf 82' lang='lat' dir='ltr'><strong>veteris</strong></span> <span class='ocrx_word' id='word_1_443' title='bbox 2435 2908 2670 2965; x_wconf 89' lang='lat' dir='ltr'><strong>hominis</strong></span> <span class='ocrx_word' id='word_1_444' title='bbox 2693 2908 2971 2974; x_wconf 81' lang='lat' dir='ltr'><strong>excubias,</strong></span> <span class='ocrx_word' id='word_1_445' title='bbox 3020 2909 3109 2963; x_wconf 90' lang='lat' dir='ltr'><strong>hic</strong></span> <span class='ocrx_word' id='word_1_446' title='bbox 3134 2909 3315 2964; x_wconf 87' lang='lat' dir='ltr'><strong>statim</strong></span> <span class='ocrx_word' id='word_1_447' title='bbox 3345 2908 3573 2979; x_wconf 49' lang='lat' dir='ltr'><strong>corripi-</strong></span> 
     </span>
    </p>
   </div>
   <div class='ocr_carea' id='block_1_61' title="bbox 2004 2995 3577 3068">
    <p class='ocr_par' dir='ltr' id='par_1_61' title="bbox 2004 2995 3577 3068">
     <span class='ocr_line' id='line_1_61' title="bbox 2004 2995 3577 3068; baseline -0.001 -16"><span class='ocrx_word' id='word_1_448' title='bbox 2004 3006 2092 3053; x_wconf 87' lang='lat' dir='ltr'><strong>tur</strong></span> <span class='ocrx_word' id='word_1_449' title='bbox 2134 3007 2188 3054; x_wconf 91' lang='lat' dir='ltr'><strong>ct</strong></span> <span class='ocrx_word' id='word_1_450' title='bbox 2235 2998 2434 3054; x_wconf 88' lang='lat' dir='ltr'><strong>dicitur</strong></span> <span class='ocrx_word' id='word_1_451' title='bbox 2477 2998 2527 3053; x_wconf 90' lang='lat' dir='ltr'><strong>ei</strong></span> <span class='ocrx_word' id='word_1_452' title='bbox 2565 3015 2578 3050; x_wconf 92' lang='lat'><strong>:</strong></span> <span class='ocrx_word' id='word_1_453' title='bbox 2627 2997 2838 3063; x_wconf 84' lang='lat' dir='ltr'><strong>Amice,</strong></span> <span class='ocrx_word' id='word_1_454' title='bbox 2889 2999 3146 3068; x_wconf 82' lang='lat' dir='ltr'><strong>quomodo</strong></span> <span class='ocrx_word' id='word_1_455' title='bbox 3182 2998 3284 3052; x_wconf 79' lang='lat' dir='ltr'><strong>huc</strong></span> <span class='ocrx_word' id='word_1_456' title='bbox 3326 2995 3577 3053; x_wconf 83' lang='lat' dir='ltr'><strong>intrasti?</strong></span> 
     </span>
    </p>
   </div>
   <div class='ocr_carea' id='block_1_62' title="bbox 326 3068 1912 3175">
    <p class='ocr_par' dir='ltr' id='par_1_62' title="bbox 326 3068 1897 3175">
     <span class='ocr_line' id='line_1_62' title="bbox 326 3068 1897 3175; baseline 0.003 -21"><span class='ocrx_word' id='word_1_457' title='bbox 326 3068 784 3171; x_wconf 51' lang='lat' dir='ltr'><strong>quosvinvenerttnl</strong></span> <span class='ocrx_word' id='word_1_458' title='bbox 807 3068 960 3168; x_wconf 40' lang='lat' dir='ltr'><strong>,vetc.</strong></span> <span class='ocrx_word' id='word_1_459' title='bbox 993 3102 1094 3173; x_wconf 77' lang='lat' dir='ltr'><strong>(Ex</strong></span> <span class='ocrx_word' id='word_1_460' title='bbox 1125 3068 1369 3174; x_wconf 35' lang='lat' dir='ltr'><strong>Hieroni)</strong></span> <span class='ocrx_word' id='word_1_461' title='bbox 1403 3068 1695 3159; x_wconf 44' lang='lat' dir='ltr'><strong>(gentilium</strong></span> <span class='ocrx_word' id='word_1_462' title='bbox 1722 3117 1897 3175; x_wconf 79' lang='lat' dir='ltr'><strong>popu-</strong></span> 
     </span>
    </p>
   </div>
   <div class='ocr_carea' id='block_1_63' title="bbox 2003 3068 3574 3175">
    <p class='ocr_par' dir='ltr' id='par_1_63' title="bbox 2003 3086 3574 3159">
     <span class='ocr_line' id='line_1_63' title="bbox 2003 3086 3574 3159; baseline -0.001 -18"><span class='ocrx_word' id='word_1_463' title='bbox 2003 3086 2244 3143; x_wconf 83' lang='lat' dir='ltr'><strong>Amicum</strong></span> <span class='ocrx_word' id='word_1_464' title='bbox 2270 3096 2449 3151; x_wconf 84' lang='lat' dir='ltr'><strong>vocat,</strong></span> <span class='ocrx_word' id='word_1_465' title='bbox 2478 3086 2620 3157; x_wconf 88' lang='lat' dir='ltr'><strong>quod</strong></span> <span class='ocrx_word' id='word_1_466' title='bbox 2651 3087 2907 3142; x_wconf 83' lang='lat' dir='ltr'><strong>invitatus</strong></span> <span class='ocrx_word' id='word_1_467' title='bbox 2934 3087 3000 3141; x_wconf 86' lang='lat' dir='ltr'><strong>ad</strong></span> <span class='ocrx_word' id='word_1_468' title='bbox 3023 3088 3236 3157; x_wconf 86' lang='lat' dir='ltr'><strong>nuptias</strong></span> <span class='ocrx_word' id='word_1_469' title='bbox 3255 3095 3369 3152; x_wconf 87' lang='lat' dir='ltr'><strong>est;</strong></span> <span class='ocrx_word' id='word_1_470' title='bbox 3400 3087 3574 3159; x_wconf 85' lang='lat' dir='ltr'><strong>arguit</strong></span> 
     </span>
    </p>
   </div>
   <div class='ocr_carea' id='block_1_64' title="bbox 329 3190 1899 3262">
    <p class='ocr_par' dir='ltr' id='par_1_64' title="bbox 329 3190 1899 3262">
     <span class='ocr_line' id='line_1_64' title="bbox 329 3190 1899 3262; baseline 0.003 -17"><span class='ocrx_word' id='word_1_471' title='bbox 329 3190 412 3247; x_wconf 83' lang='lat' dir='ltr'><strong>lus</strong></span> <span class='ocrx_word' id='word_1_472' title='bbox 433 3207 538 3246; x_wconf 92' lang='lat' dir='ltr'><strong>non</strong></span> <span class='ocrx_word' id='word_1_473' title='bbox 569 3200 686 3247; x_wconf 88' lang='lat' dir='ltr'><strong>erat</strong></span> <span class='ocrx_word' id='word_1_474' title='bbox 715 3191 767 3245; x_wconf 94' lang='lat' dir='ltr'><strong>in</strong></span> <span class='ocrx_word' id='word_1_475' title='bbox 808 3191 932 3257; x_wconf 90' lang='lat' dir='ltr'><strong>viis,</strong></span> <span class='ocrx_word' id='word_1_476' title='bbox 971 3192 1066 3247; x_wconf 87' lang='lat' dir='ltr'><strong>sed</strong></span> <span class='ocrx_word' id='word_1_477' title='bbox 1088 3192 1146 3247; x_wconf 91' lang='lat' dir='ltr'><strong>in</strong></span> <span class='ocrx_word' id='word_1_478' title='bbox 1171 3192 1404 3249; x_wconf 82' lang='lat' dir='ltr'><strong>exitibus</strong></span> <span class='ocrx_word' id='word_1_479' title='bbox 1428 3192 1659 3249; x_wconf 88' lang='lat' dir='ltr'><strong>viarum.</strong></span> <span class='ocrx_word' id='word_1_480' title='bbox 1689 3192 1899 3262; x_wconf 70' lang='lat' dir='ltr'><strong>Quaeri-</strong></span> 
     </span>
    </p>
   </div>
   <div class='ocr_carea' id='block_1_65' title="bbox 329 3283 1899 3354">
    <p class='ocr_par' dir='ltr' id='par_1_65' title="bbox 329 3283 1899 3354">
     <span class='ocr_line' id='line_1_65' title="bbox 329 3283 1899 3354; baseline 0.001 -16"><span class='ocrx_word' id='word_1_481' title='bbox 329 3293 418 3338; x_wconf 92' lang='lat' dir='ltr'><strong>tur</strong></span> <span class='ocrx_word' id='word_1_482' title='bbox 460 3293 638 3338; x_wconf 87' lang='lat' dir='ltr'><strong>autem</strong></span> <span class='ocrx_word' id='word_1_483' title='bbox 678 3283 945 3354; x_wconf 90' lang='lat' dir='ltr'><strong>quomodo</strong></span> <span class='ocrx_word' id='word_1_484' title='bbox 976 3283 1028 3338; x_wconf 93' lang='lat' dir='ltr'><strong>in</strong></span> <span class='ocrx_word' id='word_1_485' title='bbox 1061 3283 1261 3354; x_wconf 86' lang='lat' dir='ltr'><strong>bisqui</strong></span> <span class='ocrx_word' id='word_1_486' title='bbox 1288 3283 1419 3339; x_wconf 91' lang='lat' dir='ltr'><strong>foris</strong></span> <span class='ocrx_word' id='word_1_487' title='bbox 1441 3292 1599 3340; x_wconf 88' lang='lat' dir='ltr'><strong>crant</strong></span> <span class='ocrx_word' id='word_1_488' title='bbox 1623 3285 1765 3341; x_wconf 86' lang='lat' dir='ltr'><strong>inter</strong></span> <span class='ocrx_word' id='word_1_489' title='bbox 1786 3299 1899 3341; x_wconf 80' lang='lat' dir='ltr'><strong>ma-</strong></span> 
     </span>
    </p>
   </div>
   <div class='ocr_carea' id='block_1_66' title="bbox 329 3371 1899 3445">
    <p class='ocr_par' dir='ltr' id='par_1_66' title="bbox 329 3371 1899 3445">
     <span class='ocr_line' id='line_1_66' title="bbox 329 3371 1899 3445; baseline 0.003 -19"><span class='ocrx_word' id='word_1_490' title='bbox 329 3371 430 3439; x_wconf 91' lang='lat' dir='ltr'><strong>los,</strong></span> <span class='ocrx_word' id='word_1_491' title='bbox 466 3381 525 3428; x_wconf 91' lang='lat' dir='ltr'><strong>et</strong></span> <span class='ocrx_word' id='word_1_492' title='bbox 546 3372 668 3428; x_wconf 87' lang='lat' dir='ltr'><strong>boni</strong></span> <span class='ocrx_word' id='word_1_493' title='bbox 697 3372 862 3443; x_wconf 86' lang='lat' dir='ltr'><strong>aliqui</strong></span> <span class='ocrx_word' id='word_1_494' title='bbox 902 3380 1029 3427; x_wconf 89' lang='lat' dir='ltr'><strong>sunt</strong></span> <span class='ocrx_word' id='word_1_495' title='bbox 1053 3372 1273 3443; x_wconf 90' lang='lat' dir='ltr'><strong>reperti.</strong></span> <span class='ocrx_word' id='word_1_496' title='bbox 1302 3372 1457 3428; x_wconf 73' lang='lat' dir='ltr'><strong>Hunc</strong></span> <span class='ocrx_word' id='word_1_497' title='bbox 1477 3372 1653 3429; x_wconf 88' lang='lat' dir='ltr'><strong>locum</strong></span> <span class='ocrx_word' id='word_1_498' title='bbox 1686 3373 1899 3445; x_wconf 85' lang='lat' dir='ltr'><strong>plenius</strong></span> 
     </span>
    </p>
   </div>
   <div class='ocr_carea' id='block_1_67' title="bbox 330 3462 1895 3533">
    <p class='ocr_par' dir='ltr' id='par_1_67' title="bbox 330 3462 1895 3533">
     <span class='ocr_line' id='line_1_67' title="bbox 330 3462 1895 3533; baseline -0.001 -13"><span class='ocrx_word' id='word_1_499' title='bbox 330 3470 525 3520; x_wconf 86' lang='lat' dir='ltr'><strong>tractat</strong></span> <span class='ocrx_word' id='word_1_500' title='bbox 546 3462 832 3533; x_wconf 80' lang='lat' dir='ltr'><strong>Apostolus</strong></span> <span class='ocrx_word' id='word_1_501' title='bbox 859 3462 924 3517; x_wconf 89' lang='lat' dir='ltr'><strong>ad</strong></span> <span class='ocrx_word' id='word_1_502' title='bbox 950 3462 1239 3527; x_wconf 83' lang='lat' dir='ltr'><strong>Romanos,</strong></span> <span class='ocrx_word' id='word_1_503' title='bbox 1278 3462 1422 3532; x_wconf 87' lang='lat' dir='ltr'><strong>quod</strong></span> <span class='ocrx_word' id='word_1_504' title='bbox 1445 3470 1634 3533; x_wconf 88' lang='lat' dir='ltr'><strong>gentes</strong></span> <span class='ocrx_word' id='word_1_505' title='bbox 1675 3469 1895 3518; x_wconf 87' lang='lat' dir='ltr'><strong>natura-</strong></span> 
     </span>
    </p>
   </div>
   <div class='ocr_carea' id='block_1_68' title="bbox 328 3550 1893 3624">
    <p class='ocr_par' dir='ltr' id='par_1_68' title="bbox 328 3550 1893 3624">
     <span class='ocr_line' id='line_1_68' title="bbox 328 3550 1893 3624; baseline -0.001 -15"><span class='ocrx_word' id='word_1_506' title='bbox 328 3553 452 3609; x_wconf 89' lang='lat' dir='ltr'><strong>liter</strong></span> <span class='ocrx_word' id='word_1_507' title='bbox 475 3554 731 3609; x_wconf 88' lang='lat' dir='ltr'><strong>facientes</strong></span> <span class='ocrx_word' id='word_1_508' title='bbox 742 3568 806 3609; x_wconf 85' lang='lat' dir='ltr'><strong>ea</strong></span> <span class='ocrx_word' id='word_1_509' title='bbox 829 3567 947 3623; x_wconf 70' lang='lat' dir='ltr'><strong>qua:</strong></span> <span class='ocrx_word' id='word_1_510' title='bbox 968 3553 1102 3624; x_wconf 89' lang='lat' dir='ltr'><strong>legis</strong></span> <span class='ocrx_word' id='word_1_511' title='bbox 1125 3561 1271 3619; x_wconf 90' lang='lat' dir='ltr'><strong>sunt,</strong></span> <span class='ocrx_word' id='word_1_512' title='bbox 1286 3553 1643 3609; x_wconf 88' lang='lat' dir='ltr'><strong>condemnent</strong></span> <span class='ocrx_word' id='word_1_513' title='bbox 1659 3550 1893 3618; x_wconf 69' lang='lat' dir='ltr'><strong>Judmos,</strong></span> 
     </span>
    </p>
   </div>
   <div class='ocr_carea' id='block_1_69' title="bbox 328 3643 1898 3716">
    <p class='ocr_par' dir='ltr' id='par_1_69' title="bbox 328 3643 1898 3716">
     <span class='ocr_line' id='line_1_69' title="bbox 328 3643 1898 3716; baseline -0.001 -16"><span class='ocrx_word' id='word_1_514' title='bbox 328 3647 419 3716; x_wconf 89' lang='lat' dir='ltr'><strong>qui</strong></span> <span class='ocrx_word' id='word_1_515' title='bbox 453 3645 708 3715; x_wconf 86' lang='lat' dir='ltr'><strong>scriptam</strong></span> <span class='ocrx_word' id='word_1_516' title='bbox 730 3645 900 3715; x_wconf 83' lang='lat' dir='ltr'><strong>legem</strong></span> <span class='ocrx_word' id='word_1_517' title='bbox 928 3660 1033 3700; x_wconf 91' lang='lat' dir='ltr'><strong>non</strong></span> <span class='ocrx_word' id='word_1_518' title='bbox 1064 3644 1308 3701; x_wconf 82' lang='lat' dir='ltr'><strong>fecerint.</strong></span> <span class='ocrx_word' id='word_1_519' title='bbox 1349 3643 1493 3699; x_wconf 89' lang='lat' dir='ltr'><strong>Inter</strong></span> <span class='ocrx_word' id='word_1_520' title='bbox 1515 3644 1660 3716; x_wconf 90' lang='lat' dir='ltr'><strong>ipsos</strong></span> <span class='ocrx_word' id='word_1_521' title='bbox 1681 3659 1898 3715; x_wconf 88' lang='lat' dir='ltr'><strong>quoque</strong></span> 
     </span>
    </p>
   </div>
   <div class='ocr_carea' id='block_1_70' title="bbox 328 3734 1896 3798">
    <p class='ocr_par' dir='ltr' id='par_1_70' title="bbox 328 3734 1896 3798">
     <span class='ocr_line' id='line_1_70' title="bbox 328 3734 1896 3798; baseline 0.001 -9"><span class='ocrx_word' id='word_1_522' title='bbox 328 3736 572 3792; x_wconf 70' lang='lat' dir='ltr'><strong>ethnicos</strong></span> <span class='ocrx_word' id='word_1_523' title='bbox 601 3743 683 3791; x_wconf 86' lang='lat' dir='ltr'><strong>est</strong></span> <span class='ocrx_word' id='word_1_524' title='bbox 726 3735 934 3790; x_wconf 88' lang='lat' dir='ltr'><strong>intinita</strong></span> <span class='ocrx_word' id='word_1_525' title='bbox 961 3734 1287 3798; x_wconf 79' lang='lat' dir='ltr'><strong>diversitas,</strong></span> <span class='ocrx_word' id='word_1_526' title='bbox 1330 3750 1453 3790; x_wconf 90' lang='lat' dir='ltr'><strong>cum</strong></span> <span class='ocrx_word' id='word_1_527' title='bbox 1481 3735 1719 3791; x_wconf 88' lang='lat' dir='ltr'><strong>sciamus</strong></span> <span class='ocrx_word' id='word_1_528' title='bbox 1760 3735 1896 3791; x_wconf 91' lang='lat' dir='ltr'><strong>alios</strong></span> 
     </span>
    </p>
   </div>
   <div class='ocr_carea' id='block_1_71' title="bbox 328 3824 1896 3894">
    <p class='ocr_par' dir='ltr' id='par_1_71' title="bbox 328 3824 1896 3894">
     <span class='ocr_line' id='line_1_71' title="bbox 328 3824 1896 3894; baseline 0.003 -17"><span class='ocrx_word' id='word_1_529' title='bbox 328 3834 446 3880; x_wconf 79' lang='lat' dir='ltr'><strong>csSe</strong></span> <span class='ocrx_word' id='word_1_530' title='bbox 475 3824 737 3894; x_wconf 88' lang='lat' dir='ltr'><strong>proclives</strong></span> <span class='ocrx_word' id='word_1_531' title='bbox 762 3824 828 3880; x_wconf 90' lang='lat' dir='ltr'><strong>ad</strong></span> <span class='ocrx_word' id='word_1_532' title='bbox 854 3824 1008 3888; x_wconf 90' lang='lat' dir='ltr'><strong>vitia,</strong></span> <span class='ocrx_word' id='word_1_533' title='bbox 1040 3831 1096 3878; x_wconf 88' lang='lat' dir='ltr'><strong>et</strong></span> <span class='ocrx_word' id='word_1_534' title='bbox 1121 3831 1339 3880; x_wconf 83' lang='lat' dir='ltr'><strong>mentes</strong></span> <span class='ocrx_word' id='word_1_535' title='bbox 1364 3824 1433 3879; x_wconf 89' lang='lat' dir='ltr'><strong>ad</strong></span> <span class='ocrx_word' id='word_1_536' title='bbox 1460 3824 1621 3889; x_wconf 89' lang='lat' dir='ltr'><strong>mala,</strong></span> <span class='ocrx_word' id='word_1_537' title='bbox 1665 3824 1799 3881; x_wconf 89' lang='lat' dir='ltr'><strong>alios</strong></span> <span class='ocrx_word' id='word_1_538' title='bbox 1825 3826 1896 3881; x_wconf 93' lang='lat' dir='ltr'><strong>ob</strong></span> 
     </span>
    </p>
   </div>
   <div class='ocr_carea' id='block_1_72' title="bbox 330 3911 1475 3970">
    <p class='ocr_par' dir='ltr' id='par_1_72' title="bbox 330 3911 1475 3970">
     <span class='ocr_line' id='line_1_72' title="bbox 330 3911 1475 3970; baseline -0.003 -1"><span class='ocrx_word' id='word_1_539' title='bbox 330 3916 661 3970; x_wconf 71' lang='lat' dir='ltr'><strong>honestatem</strong></span> <span class='ocrx_word' id='word_1_540' title='bbox 693 3928 903 3969; x_wconf 89' lang='lat' dir='ltr'><strong>morum</strong></span> <span class='ocrx_word' id='word_1_541' title='bbox 926 3911 1217 3967; x_wconf 88' lang='lat' dir='ltr'><strong>virtutibus</strong></span> <span class='ocrx_word' id='word_1_542' title='bbox 1247 3911 1475 3968; x_wconf 89' lang='lat' dir='ltr'><strong>deditos.</strong></span> 
     </span>
    </p>
   </div>
   <div class='ocr_carea' id='block_1_73' title="bbox 401 3999 1892 4077">
    <p class='ocr_par' dir='ltr' id='par_1_73' title="bbox 401 3999 1892 4077">
     <span class='ocr_line' id='line_1_73' title="bbox 401 3999 1892 4077; baseline -0.001 -19"><span class='ocrx_word' id='word_1_543' title='bbox 401 4005 507 4077; x_wconf 63' lang='lat' dir='ltr'><strong>(lia:</strong></span> <span class='ocrx_word' id='word_1_544' title='bbox 534 4002 715 4073; x_wconf 68' lang='grc' dir='ltr'><strong>(ἔνθα.)</strong></span> <span class='ocrx_word' id='word_1_545' title='bbox 751 4002 888 4057; x_wconf 85' lang='lat' dir='ltr'><strong>Ecce</strong></span> <span class='ocrx_word' id='word_1_546' title='bbox 908 3999 1022 4070; x_wconf 89' lang='lat' dir='ltr'><strong>jam</strong></span> <span class='ocrx_word' id='word_1_547' title='bbox 1050 4001 1165 4073; x_wconf 90' lang='lat' dir='ltr'><strong>ipsa</strong></span> <span class='ocrx_word' id='word_1_548' title='bbox 1194 4000 1456 4071; x_wconf 81' lang='lat' dir='ltr'><strong>qualitate</strong></span> <span class='ocrx_word' id='word_1_549' title='bbox 1494 4001 1892 4056; x_wconf 88' lang='lat' dir='ltr'><strong>convivantium</strong></span> 
     </span>
    </p>
   </div>
   <div class='ocr_carea' id='block_1_74' title="bbox 330 4091 1893 4167">
    <p class='ocr_par' dir='ltr' id='par_1_74' title="bbox 330 4091 1893 4167">
     <span class='ocr_line' id='line_1_74' title="bbox 330 4091 1893 4167; baseline -0.001 -19"><span class='ocrx_word' id='word_1_550' title='bbox 330 4104 513 4167; x_wconf 78' lang='lat' dir='ltr'><strong>aperte</strong></span> <span class='ocrx_word' id='word_1_551' title='bbox 554 4093 874 4156; x_wconf 87' lang='lat' dir='ltr'><strong>ostenditur,</strong></span> <span class='ocrx_word' id='word_1_552' title='bbox 919 4092 1042 4162; x_wconf 88' lang='lat' dir='ltr'><strong>quia</strong></span> <span class='ocrx_word' id='word_1_553' title='bbox 1072 4107 1169 4161; x_wconf 90' lang='lat' dir='ltr'><strong>per</strong></span> <span class='ocrx_word' id='word_1_554' title='bbox 1196 4093 1293 4147; x_wconf 88' lang='lat' dir='ltr'><strong>has</strong></span> <span class='ocrx_word' id='word_1_555' title='bbox 1322 4091 1466 4160; x_wconf 83' lang='lat' dir='ltr'><strong>regis</strong></span> <span class='ocrx_word' id='word_1_556' title='bbox 1496 4092 1711 4163; x_wconf 88' lang='lat' dir='ltr'><strong>nuptias</strong></span> <span class='ocrx_word' id='word_1_557' title='bbox 1751 4107 1893 4161; x_wconf 77' lang='lat' dir='ltr'><strong>pra:-</strong></span> 
     </span>
    </p>
   </div>
   <div class='ocr_carea' id='block_1_75' title="bbox 329 4180 1895 4252">
    <p class='ocr_par' dir='ltr' id='par_1_75' title="bbox 329 4180 1895 4252">
     <span class='ocr_line' id='line_1_75' title="bbox 329 4180 1895 4252; baseline -0.004 -11"><span class='ocrx_word' id='word_1_558' title='bbox 329 4203 452 4242; x_wconf 86' lang='lat' dir='ltr'><strong>sens</strong></span> <span class='ocrx_word' id='word_1_559' title='bbox 484 4185 719 4239; x_wconf 75' lang='lat' dir='ltr'><strong>Ecclesia</strong></span> <span class='ocrx_word' id='word_1_560' title='bbox 751 4183 847 4237; x_wconf 90' lang='lat' dir='ltr'><strong>Dei</strong></span> <span class='ocrx_word' id='word_1_561' title='bbox 893 4181 1239 4252; x_wconf 85' lang='lat' dir='ltr'><strong>designatur,</strong></span> <span class='ocrx_word' id='word_1_562' title='bbox 1291 4180 1342 4234; x_wconf 91' lang='lat' dir='ltr'><strong>in</strong></span> <span class='ocrx_word' id='word_1_563' title='bbox 1372 4196 1476 4250; x_wconf 91' lang='lat' dir='ltr'><strong>qua</strong></span> <span class='ocrx_word' id='word_1_564' title='bbox 1507 4196 1628 4235; x_wconf 88' lang='lat' dir='ltr'><strong>cum</strong></span> <span class='ocrx_word' id='word_1_565' title='bbox 1658 4180 1813 4236; x_wconf 88' lang='lat' dir='ltr'><strong>bonis</strong></span> <span class='ocrx_word' id='word_1_566' title='bbox 1840 4189 1895 4235; x_wconf 91' lang='lat' dir='ltr'><strong>et</strong></span> 
     </span>
    </p>
   </div>
   <div class='ocr_carea' id='block_1_76' title="bbox 332 4266 1897 4339">
    <p class='ocr_par' dir='ltr' id='par_1_76' title="bbox 332 4266 1897 4339">
     <span class='ocr_line' id='line_1_76' title="bbox 332 4266 1897 4339; baseline -0.003 -8"><span class='ocrx_word' id='word_1_567' title='bbox 332 4277 453 4331; x_wconf 82' lang='lat' dir='ltr'><strong>mali</strong></span> <span class='ocrx_word' id='word_1_568' title='bbox 501 4274 844 4329; x_wconf 85' lang='lat' dir='ltr'><strong>conveniunt.</strong></span> <span class='ocrx_word' id='word_1_569' title='bbox 898 4271 1172 4326; x_wconf 81' lang='lat' dir='ltr'><strong>Permixta</strong></span> <span class='ocrx_word' id='word_1_570' title='bbox 1219 4268 1413 4339; x_wconf 84' lang='lat' dir='ltr'><strong>quippe</strong></span> <span class='ocrx_word' id='word_1_571' title='bbox 1461 4277 1545 4325; x_wconf 88' lang='lat' dir='ltr'><strong>est</strong></span> <span class='ocrx_word' id='word_1_572' title='bbox 1585 4266 1897 4326; x_wconf 86' lang='lat' dir='ltr'><strong>diversitate</strong></span> 
     </span>
    </p>
   </div>
   <div class='ocr_carea' id='block_1_77' title="bbox 333 4360 1893 4431">
    <p class='ocr_par' dir='ltr' id='par_1_77' title="bbox 333 4360 1893 4431">
     <span class='ocr_line' id='line_1_77' title="bbox 333 4360 1893 4431; baseline -0.004 -9"><span class='ocrx_word' id='word_1_573' title='bbox 333 4368 584 4423; x_wconf 74' lang='lat' dir='ltr'><strong>liliorum.</strong></span> <span class='ocrx_word' id='word_1_574' title='bbox 620 4362 749 4416; x_wconf 80' lang='lat' dir='ltr'><strong>Betti</strong></span> <span class='ocrx_word' id='word_1_575' title='bbox 782 4361 924 4416; x_wconf 90' lang='lat' dir='ltr'><strong>enim</strong></span> <span class='ocrx_word' id='word_1_576' title='bbox 954 4360 1050 4416; x_wconf 90' lang='lat' dir='ltr'><strong>soli</strong></span> <span class='ocrx_word' id='word_1_577' title='bbox 1082 4376 1344 4431; x_wconf 84' lang='lat' dir='ltr'><strong>nusquam</strong></span> <span class='ocrx_word' id='word_1_578' title='bbox 1374 4370 1519 4425; x_wconf 91' lang='lat' dir='ltr'><strong>sunt,</strong></span> <span class='ocrx_word' id='word_1_579' title='bbox 1540 4361 1642 4416; x_wconf 88' lang='lat' dir='ltr'><strong>nisi</strong></span> <span class='ocrx_word' id='word_1_580' title='bbox 1668 4361 1720 4416; x_wconf 92' lang='lat' dir='ltr'><strong>in</strong></span> <span class='ocrx_word' id='word_1_581' title='bbox 1736 4362 1893 4428; x_wconf 64' lang='lat' dir='ltr'><strong>caelo,</strong></span> 
     </span>
    </p>
   </div>
   <div class='ocr_carea' id='block_1_78' title="bbox 329 4453 1900 4523">
    <p class='ocr_par' dir='ltr' id='par_1_78' title="bbox 329 4453 1900 4523">
     <span class='ocr_line' id='line_1_78' title="bbox 329 4453 1900 4523; baseline -0.001 -13"><span class='ocrx_word' id='word_1_582' title='bbox 329 4467 386 4510; x_wconf 90' lang='lat' dir='ltr'><strong>ct</strong></span> <span class='ocrx_word' id='word_1_583' title='bbox 434 4454 558 4509; x_wconf 89' lang='lat' dir='ltr'><strong>mali</strong></span> <span class='ocrx_word' id='word_1_584' title='bbox 590 4454 688 4509; x_wconf 89' lang='lat' dir='ltr'><strong>soli</strong></span> <span class='ocrx_word' id='word_1_585' title='bbox 734 4468 996 4523; x_wconf 81' lang='lat' dir='ltr'><strong>nusquam</strong></span> <span class='ocrx_word' id='word_1_586' title='bbox 1036 4461 1202 4518; x_wconf 88' lang='lat' dir='ltr'><strong>sunt,</strong></span> <span class='ocrx_word' id='word_1_587' title='bbox 1250 4453 1352 4508; x_wconf 89' lang='lat' dir='ltr'><strong>nisi</strong></span> <span class='ocrx_word' id='word_1_588' title='bbox 1395 4453 1449 4509; x_wconf 89' lang='lat' dir='ltr'><strong>in</strong></span> <span class='ocrx_word' id='word_1_589' title='bbox 1487 4453 1717 4509; x_wconf 84' lang='lat' dir='ltr'><strong>inferno.</strong></span> <span class='ocrx_word' id='word_1_590' title='bbox 1774 4453 1900 4510; x_wconf 66' lang='lat' dir='ltr'><strong>llaec</strong></span> 
     </span>
    </p>
   </div>
   <div class='ocr_carea' id='block_1_79' title="bbox 332 4541 1900 4613">
    <p class='ocr_par' dir='ltr' id='par_1_79' title="bbox 332 4541 1900 4613">
     <span class='ocr_line' id='line_1_79' title="bbox 332 4541 1900 4613; baseline -0.001 -13"><span class='ocrx_word' id='word_1_591' title='bbox 332 4554 508 4601; x_wconf 84' lang='lat' dir='ltr'><strong>autem</strong></span> <span class='ocrx_word' id='word_1_592' title='bbox 554 4543 696 4608; x_wconf 84' lang='lat' dir='ltr'><strong>vita,</strong></span> <span class='ocrx_word' id='word_1_593' title='bbox 728 4558 846 4613; x_wconf 76' lang='lat' dir='ltr'><strong>qua:</strong></span> <span class='ocrx_word' id='word_1_594' title='bbox 888 4541 1030 4597; x_wconf 89' lang='lat' dir='ltr'><strong>inter</strong></span> <span class='ocrx_word' id='word_1_595' title='bbox 1056 4543 1250 4598; x_wconf 83' lang='lat' dir='ltr'><strong>coelum</strong></span> <span class='ocrx_word' id='word_1_596' title='bbox 1280 4551 1334 4597; x_wconf 90' lang='lat' dir='ltr'><strong>et</strong></span> <span class='ocrx_word' id='word_1_597' title='bbox 1359 4542 1628 4598; x_wconf 88' lang='lat' dir='ltr'><strong>infernum</strong></span> <span class='ocrx_word' id='word_1_598' title='bbox 1664 4544 1765 4598; x_wconf 90' lang='lat' dir='ltr'><strong>sita</strong></span> <span class='ocrx_word' id='word_1_599' title='bbox 1794 4552 1900 4609; x_wconf 83' lang='lat' dir='ltr'><strong>est,</strong></span> 
     </span>
    </p>
   </div>
   <div class='ocr_carea' id='block_1_80' title="bbox 330 4632 1901 4704">
    <p class='ocr_par' dir='ltr' id='par_1_80' title="bbox 330 4632 1901 4704">
     <span class='ocr_line' id='line_1_80' title="bbox 330 4632 1901 4704; baseline -0.002 -13"><span class='ocrx_word' id='word_1_600' title='bbox 330 4638 469 4692; x_wconf 86' lang='lat' dir='ltr'><strong>sicut</strong></span> <span class='ocrx_word' id='word_1_601' title='bbox 497 4634 551 4689; x_wconf 89' lang='lat' dir='ltr'><strong>in</strong></span> <span class='ocrx_word' id='word_1_602' title='bbox 584 4634 759 4689; x_wconf 90' lang='lat' dir='ltr'><strong>medio</strong></span> <span class='ocrx_word' id='word_1_603' title='bbox 791 4632 1055 4698; x_wconf 87' lang='lat' dir='ltr'><strong>subsistit,</strong></span> <span class='ocrx_word' id='word_1_604' title='bbox 1086 4633 1159 4688; x_wconf 89' lang='lat' dir='ltr'><strong>ita</strong></span> <span class='ocrx_word' id='word_1_605' title='bbox 1189 4640 1539 4704; x_wconf 81' lang='lat' dir='ltr'><strong>utrarumque</strong></span> <span class='ocrx_word' id='word_1_606' title='bbox 1568 4634 1799 4703; x_wconf 87' lang='lat' dir='ltr'><strong>partium</strong></span> <span class='ocrx_word' id='word_1_607' title='bbox 1830 4635 1901 4689; x_wconf 89' lang='lat' dir='ltr'><strong>ci-</strong></span> 
     </span>
    </p>
   </div>
   <div class='ocr_carea' id='block_1_81' title="bbox 333 4722 1039 4795">
    <p class='ocr_par' dir='ltr' id='par_1_81' title="bbox 333 4722 1039 4795">
     <span class='ocr_line' id='line_1_81' title="bbox 333 4722 1039 4795; baseline -0.004 -14"><span class='ocrx_word' id='word_1_608' title='bbox 333 4746 424 4784; x_wconf 81' lang='lat' dir='ltr'><strong>ves</strong></span> <span class='ocrx_word' id='word_1_609' title='bbox 446 4722 803 4783; x_wconf 84' lang='lat' dir='ltr'><strong>communiter</strong></span> <span class='ocrx_word' id='word_1_610' title='bbox 830 4723 1039 4795; x_wconf 90' lang='lat' dir='ltr'><strong>recipit.</strong></span> 
     </span>
    </p>
   </div>
   <div class='ocr_carea' id='block_1_82' title="bbox 404 4816 1897 4880">
    <p class='ocr_par' dir='ltr' id='par_1_82' title="bbox 404 4816 1897 4880">
     <span class='ocr_line' id='line_1_82' title="bbox 404 4816 1897 4880; baseline -0.001 -8"><span class='ocrx_word' id='word_1_611' title='bbox 404 4816 621 4872; x_wconf 81' lang='lat' dir='ltr'><strong>Intrarit</strong></span> <span class='ocrx_word' id='word_1_612' title='bbox 649 4826 820 4871; x_wconf 82' lang='lat' dir='ltr'><strong>autent</strong></span> <span class='ocrx_word' id='word_1_613' title='bbox 852 4833 959 4880; x_wconf 69' lang='lat' dir='ltr'><strong>rex,</strong></span> <span class='ocrx_word' id='word_1_614' title='bbox 990 4826 1045 4870; x_wconf 85' lang='lat' dir='ltr'><strong>ut</strong></span> <span class='ocrx_word' id='word_1_615' title='bbox 1076 4816 1265 4871; x_wconf 78' lang='lat' dir='ltr'><strong>videret</strong></span> <span class='ocrx_word' id='word_1_616' title='bbox 1295 4816 1670 4872; x_wconf 77' lang='lat' dir='ltr'><strong>discumbentes</strong></span> <span class='ocrx_word' id='word_1_617' title='bbox 1695 4826 1743 4872; x_wconf 86' lang='lat' dir='ltr'><strong>et</strong></span> <span class='ocrx_word' id='word_1_618' title='bbox 1770 4817 1897 4871; x_wconf 82' lang='lat' dir='ltr'><strong>vidit</strong></span> 
     </span>
    </p>
   </div>
   <div class='ocr_carea' id='block_1_83' title="bbox 335 4906 1899 4980">
    <p class='ocr_par' dir='ltr' id='par_1_83' title="bbox 335 4906 1899 4980">
     <span class='ocr_line' id='line_1_83' title="bbox 335 4906 1899 4980; baseline -0.001 -17"><span class='ocrx_word' id='word_1_619' title='bbox 335 4911 403 4963; x_wconf 83' lang='lat' dir='ltr'><strong>ib.‘</strong></span> <span class='ocrx_word' id='word_1_620' title='bbox 426 4911 704 4973; x_wconf 83' lang='lat' dir='ltr'><strong>hominem,</strong></span> <span class='ocrx_word' id='word_1_621' title='bbox 736 4906 841 4964; x_wconf 73' lang='lat' dir='ltr'><strong>etc.</strong></span> <span class='ocrx_word' id='word_1_622' title='bbox 870 4907 1008 4975; x_wconf 85' lang='lat' dir='ltr'><strong>Quid</strong></span> <span class='ocrx_word' id='word_1_623' title='bbox 1033 4923 1161 4980; x_wconf 88' lang='lat' dir='ltr'><strong>ergo</strong></span> <span class='ocrx_word' id='word_1_624' title='bbox 1189 4909 1444 4963; x_wconf 87' lang='lat' dir='ltr'><strong>debemus</strong></span> <span class='ocrx_word' id='word_1_625' title='bbox 1473 4908 1773 4979; x_wconf 88' lang='lat' dir='ltr'><strong>intelligere</strong></span> <span class='ocrx_word' id='word_1_626' title='bbox 1797 4923 1899 4962; x_wconf 90' lang='lat' dir='ltr'><strong>nu-</strong></span> 
     </span>
    </p>
   </div>
   <div class='ocr_carea' id='block_1_84' title="bbox 335 4999 1897 5073">
    <p class='ocr_par' dir='ltr' id='par_1_84' title="bbox 335 4999 1897 5073">
     <span class='ocr_line' id='line_1_84' title="bbox 335 4999 1897 5073; baseline -0.003 -14"><span class='ocrx_word' id='word_1_627' title='bbox 335 5004 549 5073; x_wconf 78' lang='lat' dir='ltr'><strong>ptiulem</strong></span> <span class='ocrx_word' id='word_1_628' title='bbox 579 5010 805 5067; x_wconf 88' lang='lat' dir='ltr'><strong>vestem,</strong></span> <span class='ocrx_word' id='word_1_629' title='bbox 836 5000 938 5055; x_wconf 91' lang='lat' dir='ltr'><strong>nisi</strong></span> <span class='ocrx_word' id='word_1_630' title='bbox 969 5002 1307 5056; x_wconf 86' lang='lat' dir='ltr'><strong>charitatem.</strong></span> <span class='ocrx_word' id='word_1_631' title='bbox 1339 5000 1508 5055; x_wconf 85' lang='lat' dir='ltr'><strong>Intrat</strong></span> <span class='ocrx_word' id='word_1_632' title='bbox 1529 5000 1673 5056; x_wconf 91' lang='lat' dir='ltr'><strong>enim</strong></span> <span class='ocrx_word' id='word_1_633' title='bbox 1705 4999 1772 5055; x_wconf 88' lang='lat' dir='ltr'><strong>ad</strong></span> <span class='ocrx_word' id='word_1_634' title='bbox 1794 5015 1897 5055; x_wconf 89' lang='lat' dir='ltr'><strong>nu-</strong></span> 
     </span>
    </p>
   </div>
   <div class='ocr_carea' id='block_1_85' title="bbox 333 5090 1900 5165">
    <p class='ocr_par' dir='ltr' id='par_1_85' title="bbox 333 5090 1900 5165">
     <span class='ocr_line' id='line_1_85' title="bbox 333 5090 1900 5165; baseline 0.001 -18"><span class='ocrx_word' id='word_1_635' title='bbox 333 5094 491 5165; x_wconf 87' lang='lat' dir='ltr'><strong>ptias,</strong></span> <span class='ocrx_word' id='word_1_636' title='bbox 520 5092 613 5148; x_wconf 82' lang='lat' dir='ltr'><strong>sed</strong></span> <span class='ocrx_word' id='word_1_637' title='bbox 641 5107 760 5147; x_wconf 90' lang='lat' dir='ltr'><strong>cum</strong></span> <span class='ocrx_word' id='word_1_638' title='bbox 795 5090 1018 5161; x_wconf 88' lang='lat' dir='ltr'><strong>nuptiali</strong></span> <span class='ocrx_word' id='word_1_639' title='bbox 1050 5099 1196 5146; x_wconf 85' lang='lat' dir='ltr'><strong>veste</strong></span> <span class='ocrx_word' id='word_1_640' title='bbox 1224 5105 1328 5145; x_wconf 90' lang='lat' dir='ltr'><strong>non</strong></span> <span class='ocrx_word' id='word_1_641' title='bbox 1354 5090 1541 5156; x_wconf 88' lang='lat' dir='ltr'><strong>intrat,</strong></span> <span class='ocrx_word' id='word_1_642' title='bbox 1573 5092 1665 5161; x_wconf 90' lang='lat' dir='ltr'><strong>qui</strong></span> <span class='ocrx_word' id='word_1_643' title='bbox 1694 5091 1748 5147; x_wconf 92' lang='lat' dir='ltr'><strong>in</strong></span> <span class='ocrx_word' id='word_1_644' title='bbox 1771 5105 1900 5148; x_wconf 84' lang='lat' dir='ltr'><strong>san-</strong></span> 
     </span>
    </p>
   </div>
   <div class='ocr_carea' id='block_1_86' title="bbox 333 5179 1900 5245">
    <p class='ocr_par' dir='ltr' id='par_1_86' title="bbox 333 5179 1900 5245">
     <span class='ocr_line' id='line_1_86' title="bbox 333 5179 1900 5245; baseline -0.002 -6"><span class='ocrx_word' id='word_1_645' title='bbox 333 5192 421 5239; x_wconf 86' lang='lat' dir='ltr'><strong>cta</strong></span> <span class='ocrx_word' id='word_1_646' title='bbox 452 5179 693 5237; x_wconf 82' lang='lat' dir='ltr'><strong>Ecclesia</strong></span> <span class='ocrx_word' id='word_1_647' title='bbox 718 5182 977 5238; x_wconf 88' lang='lat' dir='ltr'><strong>assistens</strong></span> <span class='ocrx_word' id='word_1_648' title='bbox 1008 5181 1163 5236; x_wconf 81' lang='lat' dir='ltr'><strong>fidem</strong></span> <span class='ocrx_word' id='word_1_649' title='bbox 1205 5182 1400 5245; x_wconf 84' lang='lat' dir='ltr'><strong>habet,</strong></span> <span class='ocrx_word' id='word_1_650' title='bbox 1444 5183 1537 5238; x_wconf 84' lang='lat' dir='ltr'><strong>sed</strong></span> <span class='ocrx_word' id='word_1_651' title='bbox 1575 5182 1900 5237; x_wconf 81' lang='lat' dir='ltr'><strong>charitatem</strong></span> 
     </span>
    </p>
   </div>
   <div class='ocr_carea' id='block_1_87' title="bbox 335 5268 1903 5341">
    <p class='ocr_par' dir='ltr' id='par_1_87' title="bbox 335 5268 1903 5341">
     <span class='ocr_line' id='line_1_87' title="bbox 335 5268 1903 5341; baseline 0.001 -14"><span class='ocrx_word' id='word_1_652' title='bbox 335 5288 439 5327; x_wconf 87' lang='lat' dir='ltr'><strong>non</strong></span> <span class='ocrx_word' id='word_1_653' title='bbox 471 5269 652 5328; x_wconf 88' lang='lat' dir='ltr'><strong>habet.</strong></span> <span class='ocrx_word' id='word_1_654' title='bbox 703 5268 867 5326; x_wconf 80' lang='lat' dir='ltr'><strong>Recte</strong></span> <span class='ocrx_word' id='word_1_655' title='bbox 891 5270 1034 5325; x_wconf 90' lang='lat' dir='ltr'><strong>enim</strong></span> <span class='ocrx_word' id='word_1_656' title='bbox 1074 5271 1309 5326; x_wconf 87' lang='lat' dir='ltr'><strong>charitas</strong></span> <span class='ocrx_word' id='word_1_657' title='bbox 1333 5271 1583 5341; x_wconf 89' lang='lat' dir='ltr'><strong>nuptialis</strong></span> <span class='ocrx_word' id='word_1_658' title='bbox 1616 5273 1782 5327; x_wconf 90' lang='lat' dir='ltr'><strong>vestis</strong></span> <span class='ocrx_word' id='word_1_659' title='bbox 1810 5288 1903 5328; x_wconf 84' lang='lat' dir='ltr'><strong>vo-</strong></span> 
     </span>
    </p>
   </div>
   <div class='ocr_carea' id='block_1_88' title="bbox 334 5361 1899 5433">
    <p class='ocr_par' dir='ltr' id='par_1_88' title="bbox 334 5361 1899 5433">
     <span class='ocr_line' id='line_1_88' title="bbox 334 5361 1899 5433; baseline 0.001 -16"><span class='ocrx_word' id='word_1_660' title='bbox 334 5373 511 5427; x_wconf 81' lang='lat' dir='ltr'><strong>catur,</strong></span> <span class='ocrx_word' id='word_1_661' title='bbox 538 5362 663 5433; x_wconf 90' lang='lat' dir='ltr'><strong>quia</strong></span> <span class='ocrx_word' id='word_1_662' title='bbox 690 5362 828 5418; x_wconf 89' lang='lat' dir='ltr'><strong>hanc</strong></span> <span class='ocrx_word' id='word_1_663' title='bbox 856 5361 907 5416; x_wconf 93' lang='lat' dir='ltr'><strong>in</strong></span> <span class='ocrx_word' id='word_1_664' title='bbox 934 5374 992 5417; x_wconf 89' lang='lat' dir='ltr'><strong>se</strong></span> <span class='ocrx_word' id='word_1_665' title='bbox 1021 5362 1268 5417; x_wconf 83' lang='lat' dir='ltr'><strong>conditor</strong></span> <span class='ocrx_word' id='word_1_666' title='bbox 1296 5371 1480 5418; x_wconf 89' lang='lat' dir='ltr'><strong>noster</strong></span> <span class='ocrx_word' id='word_1_667' title='bbox 1505 5363 1727 5428; x_wconf 88' lang='lat' dir='ltr'><strong>habuit,</strong></span> <span class='ocrx_word' id='word_1_668' title='bbox 1772 5364 1899 5419; x_wconf 87' lang='lat' dir='ltr'><strong>dum</strong></span> 
     </span>
    </p>
   </div>
   <div class='ocr_carea' id='block_1_89' title="bbox 332 5452 1902 5524">
    <p class='ocr_par' dir='ltr' id='par_1_89' title="bbox 332 5452 1902 5524">
     <span class='ocr_line' id='line_1_89' title="bbox 332 5452 1902 5524; baseline -0.003 -10"><span class='ocrx_word' id='word_1_669' title='bbox 332 5455 401 5514; x_wconf 79' lang='lat' dir='ltr'><strong>ad</strong></span> <span class='ocrx_word' id='word_1_670' title='bbox 429 5453 694 5509; x_wconf 65' lang='lat' dir='ltr'><strong>sociandae</strong></span> <span class='ocrx_word' id='word_1_671' title='bbox 716 5452 816 5506; x_wconf 88' lang='lat' dir='ltr'><strong>sibi</strong></span> <span class='ocrx_word' id='word_1_672' title='bbox 844 5452 1093 5507; x_wconf 78' lang='lat' dir='ltr'><strong>Ecclesia:</strong></span> <span class='ocrx_word' id='word_1_673' title='bbox 1120 5454 1334 5524; x_wconf 86' lang='lat' dir='ltr'><strong>nuptias</strong></span> <span class='ocrx_word' id='word_1_674' title='bbox 1359 5454 1525 5509; x_wconf 86' lang='lat' dir='ltr'><strong>venit.</strong></span> <span class='ocrx_word' id='word_1_675' title='bbox 1554 5452 1680 5509; x_wconf 88' lang='lat' dir='ltr'><strong>Sola</strong></span> <span class='ocrx_word' id='word_1_676' title='bbox 1704 5454 1902 5524; x_wconf 86' lang='lat' dir='ltr'><strong>quippe</strong></span> 
     </span>
    </p>
   </div>
   <div class='ocr_carea' id='block_1_90' title="bbox 332 5541 1903 5616">
    <p class='ocr_par' dir='ltr' id='par_1_90' title="bbox 332 5541 1903 5616">
     <span class='ocr_line' id='line_1_90' title="bbox 332 5541 1903 5616; baseline -0.001 -14"><span class='ocrx_word' id='word_1_677' title='bbox 332 5543 618 5602; x_wconf 80' lang='lat' dir='ltr'><strong>dilectione</strong></span> <span class='ocrx_word' id='word_1_678' title='bbox 645 5542 736 5598; x_wconf 88' lang='lat' dir='ltr'><strong>Dei</strong></span> <span class='ocrx_word' id='word_1_679' title='bbox 765 5541 964 5596; x_wconf 84' lang='lat' dir='ltr'><strong>factum</strong></span> <span class='ocrx_word' id='word_1_680' title='bbox 990 5552 1095 5606; x_wconf 90' lang='lat' dir='ltr'><strong>est,</strong></span> <span class='ocrx_word' id='word_1_681' title='bbox 1128 5552 1186 5597; x_wconf 91' lang='lat' dir='ltr'><strong>ut</strong></span> <span class='ocrx_word' id='word_1_682' title='bbox 1214 5542 1331 5612; x_wconf 81' lang='lat' dir='ltr'><strong>ejus</strong></span> <span class='ocrx_word' id='word_1_683' title='bbox 1359 5544 1664 5616; x_wconf 83' lang='lat' dir='ltr'><strong>unigenitus</strong></span> <span class='ocrx_word' id='word_1_684' title='bbox 1694 5551 1903 5600; x_wconf 88' lang='lat' dir='ltr'><strong>mentes</strong></span> 
     </span>
    </p>
   </div>
   <div class='ocr_carea' id='block_1_91' title="bbox 334 5632 1898 5692">
    <p class='ocr_par' dir='ltr' id='par_1_91' title="bbox 334 5632 1898 5692">
     <span class='ocr_line' id='line_1_91' title="bbox 334 5632 1898 5692; baseline -0.002 0"><span class='ocrx_word' id='word_1_685' title='bbox 334 5632 435 5692; x_wconf 79' lang='lat' dir='ltr'><strong>sibi</strong></span> <span class='ocrx_word' id='word_1_686' title='bbox 464 5633 759 5691; x_wconf 78' lang='lat' dir='ltr'><strong>electorum</strong></span> <span class='ocrx_word' id='word_1_687' title='bbox 785 5634 1058 5687; x_wconf 88' lang='lat' dir='ltr'><strong>hominum</strong></span> <span class='ocrx_word' id='word_1_688' title='bbox 1087 5633 1280 5687; x_wconf 88' lang='lat' dir='ltr'><strong>uniret.</strong></span> <span class='ocrx_word' id='word_1_689' title='bbox 1334 5634 1483 5690; x_wconf 86' lang='lat' dir='ltr'><strong>l‘mle</strong></span> <span class='ocrx_word' id='word_1_690' title='bbox 1511 5632 1707 5689; x_wconf 74' lang='lat' dir='ltr'><strong>Paulus</strong></span> <span class='ocrx_word' id='word_1_691' title='bbox 1734 5633 1898 5689; x_wconf 89' lang='lat' dir='ltr'><strong>dicit:</strong></span> 
     </span>
    </p>
   </div>
   <div class='ocr_carea' id='block_1_92' title="bbox 729 5721 1170 5788">
    <p class='ocr_par' dir='ltr' id='par_1_92' title="bbox 729 5721 1170 5788">
     <span class='ocr_line' id='line_1_92' title="bbox 729 5721 1170 5788; baseline -0.007 0"><span class='ocrx_word' id='word_1_692' title='bbox 729 5727 1004 5788; x_wconf 71' lang='lat' dir='ltr'><strong>Parum.</strong></span> <span class='ocrx_word' id='word_1_693' title='bbox 1043 5721 1170 5785; x_wconf 79' lang='lat' dir='ltr'><strong>Cll.</strong></span> 
     </span>
    </p>
   </div>
   <div class='ocr_carea' id='block_1_93' title="bbox 1999 3176 3576 3251">
    <p class='ocr_par' dir='ltr' id='par_1_93' title="bbox 1999 3176 3576 3251">
     <span class='ocr_line' id='line_1_93' title="bbox 1999 3176 3576 3251; baseline -0.001 -17"><span class='ocrx_word' id='word_1_694' title='bbox 1999 3178 2364 3251; x_wconf 66' lang='lat' dir='ltr'><strong>impudentiae,</strong></span> <span class='ocrx_word' id='word_1_695' title='bbox 2396 3176 2539 3248; x_wconf 87' lang='lat' dir='ltr'><strong>quod</strong></span> <span class='ocrx_word' id='word_1_696' title='bbox 2576 3186 2724 3233; x_wconf 89' lang='lat' dir='ltr'><strong>veste</strong></span> <span class='ocrx_word' id='word_1_697' title='bbox 2750 3177 2963 3233; x_wconf 88' lang='lat' dir='ltr'><strong>sordida</strong></span> <span class='ocrx_word' id='word_1_698' title='bbox 3004 3178 3296 3237; x_wconf 89' lang='lat' dir='ltr'><strong>munditias</strong></span> <span class='ocrx_word' id='word_1_699' title='bbox 3323 3178 3576 3250; x_wconf 68' lang='lat' dir='ltr'><strong>polluerit</strong></span> 
     </span>
    </p>
   </div>
   <div class='ocr_carea' id='block_1_94' title="bbox 1999 3267 2288 3339">
    <p class='ocr_par' dir='ltr' id='par_1_94' title="bbox 1999 3267 2288 3339">
     <span class='ocr_line' id='line_1_94' title="bbox 1999 3267 2288 3339; baseline 0.003 -17"><span class='ocrx_word' id='word_1_700' title='bbox 1999 3267 2288 3339; x_wconf 89' lang='lat' dir='ltr'><strong>nuptiales.</strong></span> 
     </span>
    </p>
   </div>
   <div class='ocr_carea' id='block_1_95' title="bbox 2070 3358 3576 3433">
    <p class='ocr_par' dir='ltr' id='par_1_95' title="bbox 2070 3358 3576 3433">
     <span class='ocr_line' id='line_1_95' title="bbox 2070 3358 3576 3433; baseline 0.002 -19"><span class='ocrx_word' id='word_1_701' title='bbox 2070 3359 2137 3414; x_wconf 77' lang='lat' dir='ltr'><strong>At</strong></span> <span class='ocrx_word' id='word_1_702' title='bbox 2172 3358 2261 3414; x_wconf 87' lang='lat' dir='ltr'><strong>ille</strong></span> <span class='ocrx_word' id='word_1_703' title='bbox 2290 3359 2567 3415; x_wconf 86' lang='lat' dir='ltr'><strong>obmutuit.</strong></span> <span class='ocrx_word' id='word_1_704' title='bbox 2618 3359 2675 3415; x_wconf 93' lang='lat' dir='ltr'><strong>ln</strong></span> <span class='ocrx_word' id='word_1_705' title='bbox 2726 3368 2966 3430; x_wconf 87' lang='lat' dir='ltr'><strong>tempore</strong></span> <span class='ocrx_word' id='word_1_706' title='bbox 3013 3360 3156 3415; x_wconf 90' lang='lat' dir='ltr'><strong>enim</strong></span> <span class='ocrx_word' id='word_1_707' title='bbox 3198 3361 3288 3417; x_wconf 88' lang='lat' dir='ltr'><strong>illo</strong></span> <span class='ocrx_word' id='word_1_708' title='bbox 3332 3377 3436 3433; x_wconf 85' lang='lat' dir='ltr'><strong>non</strong></span> <span class='ocrx_word' id='word_1_709' title='bbox 3473 3363 3576 3417; x_wconf 90' lang='lat' dir='ltr'><strong>erit</strong></span> 
     </span>
    </p>
   </div>
   <div class='ocr_carea' id='block_1_96' title="bbox 1998 3450 3577 3522">
    <p class='ocr_par' dir='ltr' id='par_1_96' title="bbox 1998 3450 3577 3522">
     <span class='ocr_line' id='line_1_96' title="bbox 1998 3450 3577 3522; baseline 0.002 -17"><span class='ocrx_word' id='word_1_710' title='bbox 1998 3451 2149 3508; x_wconf 90' lang='lat' dir='ltr'><strong>locus</strong></span> <span class='ocrx_word' id='word_1_711' title='bbox 2176 3450 2540 3522; x_wconf 72' lang='lat' dir='ltr'><strong>impudentim,</strong></span> <span class='ocrx_word' id='word_1_712' title='bbox 2573 3467 2674 3507; x_wconf 91' lang='lat' dir='ltr'><strong>nec</strong></span> <span class='ocrx_word' id='word_1_713' title='bbox 2699 3451 2925 3522; x_wconf 74' lang='lat' dir='ltr'><strong>negandi</strong></span> <span class='ocrx_word' id='word_1_714' title='bbox 2958 3450 3204 3517; x_wconf 76' lang='lat' dir='ltr'><strong>facultas,</strong></span> <span class='ocrx_word' id='word_1_715' title='bbox 3237 3467 3359 3508; x_wconf 90' lang='lat' dir='ltr'><strong>cum</strong></span> <span class='ocrx_word' id='word_1_716' title='bbox 3390 3466 3577 3509; x_wconf 90' lang='lat' dir='ltr'><strong>omnes</strong></span> 
     </span>
    </p>
   </div>
   <div class='ocr_carea' id='block_1_97' title="bbox 1996 3543 3325 3616">
    <p class='ocr_par' dir='ltr' id='par_1_97' title="bbox 1996 3543 3325 3616">
     <span class='ocr_line' id='line_1_97' title="bbox 1996 3543 3325 3616; baseline -0.001 -17"><span class='ocrx_word' id='word_1_717' title='bbox 1996 3543 2177 3616; x_wconf 87' lang='lat' dir='ltr'><strong>anguli</strong></span> <span class='ocrx_word' id='word_1_718' title='bbox 2205 3553 2260 3601; x_wconf 91' lang='lat' dir='ltr'><strong>ct</strong></span> <span class='ocrx_word' id='word_1_719' title='bbox 2287 3544 2519 3600; x_wconf 87' lang='lat' dir='ltr'><strong>mundus</strong></span> <span class='ocrx_word' id='word_1_720' title='bbox 2542 3544 2655 3615; x_wconf 89' lang='lat' dir='ltr'><strong>ipse</strong></span> <span class='ocrx_word' id='word_1_721' title='bbox 2683 3545 2833 3599; x_wconf 91' lang='lat' dir='ltr'><strong>testis</strong></span> <span class='ocrx_word' id='word_1_722' title='bbox 2864 3544 2935 3599; x_wconf 86' lang='lat' dir='ltr'><strong>sit</strong></span> <span class='ocrx_word' id='word_1_723' title='bbox 2957 3554 3325 3615; x_wconf 87' lang='lat' dir='ltr'><strong>pcecatormn.</strong></span> 
     </span>
    </p>
   </div>
   <div class='ocr_carea' id='block_1_98' title="bbox 2067 3632 3576 3708">
    <p class='ocr_par' dir='ltr' id='par_1_98' title="bbox 2067 3632 3576 3708">
     <span class='ocr_line' id='line_1_98' title="bbox 2067 3632 3576 3708; baseline 0.001 -19"><span class='ocrx_word' id='word_1_724' title='bbox 2067 3634 2176 3707; x_wconf 77' lang='lat' dir='ltr'><strong>(Ex</strong></span> <span class='ocrx_word' id='word_1_725' title='bbox 2198 3632 2376 3708; x_wconf 69' lang='grc' dir='ltr'><strong>στος.)</strong></span> <span class='ocrx_word' id='word_1_726' title='bbox 2400 3636 2556 3703; x_wconf 85' lang='lat' dir='ltr'><strong>Quia,</strong></span> <span class='ocrx_word' id='word_1_727' title='bbox 2584 3637 2728 3706; x_wconf 90' lang='lat' dir='ltr'><strong>quod</strong></span> <span class='ocrx_word' id='word_1_728' title='bbox 2750 3636 2854 3692; x_wconf 85' lang='lat' dir='ltr'><strong>dici</strong></span> <span class='ocrx_word' id='word_1_729' title='bbox 2876 3636 2992 3693; x_wconf 89' lang='lat' dir='ltr'><strong>sine</strong></span> <span class='ocrx_word' id='word_1_730' title='bbox 3015 3636 3215 3708; x_wconf 88' lang='lat' dir='ltr'><strong>gemitu</strong></span> <span class='ocrx_word' id='word_1_731' title='bbox 3246 3652 3350 3691; x_wconf 90' lang='lat' dir='ltr'><strong>non</strong></span> <span class='ocrx_word' id='word_1_732' title='bbox 3376 3644 3576 3706; x_wconf 83' lang='lat' dir='ltr'><strong>potest,</strong></span> 
     </span>
    </p>
   </div>
   <div class='ocr_carea' id='block_1_99' title="bbox 1998 3726 3572 3799">
    <p class='ocr_par' dir='ltr' id='par_1_99' title="bbox 1998 3726 3572 3799">
     <span class='ocr_line' id='line_1_99' title="bbox 1998 3726 3572 3799; baseline -0.001 -17"><span class='ocrx_word' id='word_1_733' title='bbox 1998 3728 2052 3782; x_wconf 90' lang='lat' dir='ltr'><strong>in</strong></span> <span class='ocrx_word' id='word_1_734' title='bbox 2083 3727 2169 3782; x_wconf 87' lang='lat' dir='ltr'><strong>illa</strong></span> <span class='ocrx_word' id='word_1_735' title='bbox 2196 3726 2534 3783; x_wconf 90' lang='lat' dir='ltr'><strong>districtione</strong></span> <span class='ocrx_word' id='word_1_736' title='bbox 2568 3727 2770 3783; x_wconf 76' lang='lat' dir='ltr'><strong>ultima:</strong></span> <span class='ocrx_word' id='word_1_737' title='bbox 2815 3727 3198 3798; x_wconf 88' lang='lat' dir='ltr'><strong>increpationis</strong></span> <span class='ocrx_word' id='word_1_738' title='bbox 3223 3743 3383 3782; x_wconf 88' lang='lat' dir='ltr'><strong>omne</strong></span> <span class='ocrx_word' id='word_1_739' title='bbox 3408 3743 3572 3799; x_wconf 87' lang='lat' dir='ltr'><strong>argu-</strong></span> 
     </span>
    </p>
   </div>
   <div class='ocr_carea' id='block_1_100' title="bbox 1996 3820 3578 3890">
    <p class='ocr_par' dir='ltr' id='par_1_100' title="bbox 1996 3820 3578 3890">
     <span class='ocr_line' id='line_1_100' title="bbox 1996 3820 3578 3890; baseline 0.003 -18"><span class='ocrx_word' id='word_1_740' title='bbox 1996 3825 2235 3875; x_wconf 84' lang='lat' dir='ltr'><strong>mentum</strong></span> <span class='ocrx_word' id='word_1_741' title='bbox 2266 3828 2444 3875; x_wconf 85' lang='lat' dir='ltr'><strong>cessat</strong></span> <span class='ocrx_word' id='word_1_742' title='bbox 2483 3820 2848 3875; x_wconf 80' lang='lat' dir='ltr'><strong>excusatiouis</strong></span> <span class='ocrx_word' id='word_1_743' title='bbox 2877 3860 2893 3884; x_wconf 91' lang='lat'><strong>,</strong></span> <span class='ocrx_word' id='word_1_744' title='bbox 2943 3820 3140 3890; x_wconf 87' lang='lat' dir='ltr'><strong>quippe</strong></span> <span class='ocrx_word' id='word_1_745' title='bbox 3165 3820 3288 3889; x_wconf 84' lang='lat' dir='ltr'><strong>quia</strong></span> <span class='ocrx_word' id='word_1_746' title='bbox 3330 3821 3419 3876; x_wconf 90' lang='lat' dir='ltr'><strong>ille</strong></span> <span class='ocrx_word' id='word_1_747' title='bbox 3448 3821 3578 3876; x_wconf 81' lang='lat' dir='ltr'><strong>loris</strong></span> 
     </span>
    </p>
   </div>
   <div class='ocr_carea' id='block_1_101' title="bbox 1997 3910 3577 3981">
    <p class='ocr_par' dir='ltr' id='par_1_101' title="bbox 1997 3910 3577 3981">
     <span class='ocr_line' id='line_1_101' title="bbox 1997 3910 3577 3981; baseline 0.004 -18"><span class='ocrx_word' id='word_1_748' title='bbox 1997 3911 2261 3980; x_wconf 83' lang='lat' dir='ltr'><strong>increpat,</strong></span> <span class='ocrx_word' id='word_1_749' title='bbox 2302 3911 2394 3981; x_wconf 88' lang='lat' dir='ltr'><strong>qui</strong></span> <span class='ocrx_word' id='word_1_750' title='bbox 2428 3918 2592 3966; x_wconf 87' lang='lat' dir='ltr'><strong>testes</strong></span> <span class='ocrx_word' id='word_1_751' title='bbox 2638 3910 2985 3966; x_wconf 71' lang='lat' dir='ltr'><strong>conscientia:</strong></span> <span class='ocrx_word' id='word_1_752' title='bbox 3034 3910 3180 3966; x_wconf 81' lang='lat' dir='ltr'><strong>intus</strong></span> <span class='ocrx_word' id='word_1_753' title='bbox 3216 3910 3455 3967; x_wconf 84' lang='lat' dir='ltr'><strong>animum</strong></span> <span class='ocrx_word' id='word_1_754' title='bbox 3485 3927 3577 3969; x_wconf 82' lang='lat' dir='ltr'><strong>ac-</strong></span> 
     </span>
    </p>
   </div>
   <div class='ocr_carea' id='block_1_102' title="bbox 1996 4010 2167 4056">
    <p class='ocr_par' dir='ltr' id='par_1_102' title="bbox 1996 4010 2167 4056">
     <span class='ocr_line' id='line_1_102' title="bbox 1996 4010 2167 4056; baseline 0.006 -1"><span class='ocrx_word' id='word_1_755' title='bbox 1996 4018 2062 4055; x_wconf 79' lang='lat' dir='ltr'><strong>cu</strong></span> <span class='ocrx_word' id='word_1_756' title='bbox 2094 4010 2167 4056; x_wconf 80' lang='lat' dir='ltr'><strong>at.</strong></span> 
     </span>
    </p>
   </div>
   <div class='ocr_carea' id='block_1_103' title="bbox 2070 4088 3575 4162">
    <p class='ocr_par' dir='ltr' id='par_1_103' title="bbox 2070 4088 3575 4162">
     <span class='ocr_line' id='line_1_103' title="bbox 2070 4088 3575 4162; baseline 0.006 -19"><span class='ocrx_word' id='word_1_757' title='bbox 2070 4088 2214 4143; x_wconf 87' lang='lat' dir='ltr'><strong>Tunc</strong></span> <span class='ocrx_word' id='word_1_758' title='bbox 2238 4089 2370 4143; x_wconf 65' lang='lat' dir='ltr'><strong>dixit</strong></span> <span class='ocrx_word' id='word_1_759' title='bbox 2397 4106 2508 4154; x_wconf 72' lang='lat' dir='ltr'><strong>rex,</strong></span> <span class='ocrx_word' id='word_1_760' title='bbox 2532 4098 2638 4146; x_wconf 88' lang='lat' dir='ltr'><strong>etc.</strong></span> <span class='ocrx_word' id='word_1_761' title='bbox 2667 4089 2930 4162; x_wconf 86' lang='lat' dir='ltr'><strong>Ligantur</strong></span> <span class='ocrx_word' id='word_1_762' title='bbox 2959 4098 3086 4145; x_wconf 88' lang='lat' dir='ltr'><strong>tunc</strong></span> <span class='ocrx_word' id='word_1_763' title='bbox 3110 4092 3273 4161; x_wconf 84' lang='lat' dir='ltr'><strong>pedes</strong></span> <span class='ocrx_word' id='word_1_764' title='bbox 3293 4100 3351 4149; x_wconf 89' lang='lat' dir='ltr'><strong>et</strong></span> <span class='ocrx_word' id='word_1_765' title='bbox 3376 4108 3575 4151; x_wconf 85' lang='lat' dir='ltr'><strong>manus</strong></span> 
     </span>
    </p>
   </div>
   <div class='ocr_carea' id='block_1_104' title="bbox 1997 4178 3574 4255">
    <p class='ocr_par' dir='ltr' id='par_1_104' title="bbox 1997 4178 3574 4255">
     <span class='ocr_line' id='line_1_104' title="bbox 1997 4178 3574 4255; baseline 0.006 -23"><span class='ocrx_word' id='word_1_766' title='bbox 1997 4196 2094 4249; x_wconf 87' lang='lat' dir='ltr'><strong>per</strong></span> <span class='ocrx_word' id='word_1_767' title='bbox 2117 4178 2511 4236; x_wconf 90' lang='lat' dir='ltr'><strong>districtionem</strong></span> <span class='ocrx_word' id='word_1_768' title='bbox 2541 4183 2844 4247; x_wconf 83' lang='lat' dir='ltr'><strong>sententiae,</strong></span> <span class='ocrx_word' id='word_1_769' title='bbox 2872 4181 2962 4250; x_wconf 92' lang='lat' dir='ltr'><strong>qui</strong></span> <span class='ocrx_word' id='word_1_770' title='bbox 2992 4182 3151 4236; x_wconf 89' lang='lat' dir='ltr'><strong>modo</strong></span> <span class='ocrx_word' id='word_1_771' title='bbox 3179 4197 3209 4235; x_wconf 89' lang='lat' dir='ltr'><strong>a</strong></span> <span class='ocrx_word' id='word_1_772' title='bbox 3237 4184 3423 4252; x_wconf 89' lang='lat' dir='ltr'><strong>pravis</strong></span> <span class='ocrx_word' id='word_1_773' title='bbox 3446 4200 3574 4255; x_wconf 87' lang='lat' dir='ltr'><strong>ope-</strong></span> 
     </span>
    </p>
   </div>
   <div class='ocr_carea' id='block_1_105' title="bbox 2001 4270 3574 4342">
    <p class='ocr_par' dir='ltr' id='par_1_105' title="bbox 2001 4270 3574 4342">
     <span class='ocr_line' id='line_1_105' title="bbox 2001 4270 3574 4342; baseline 0.004 -19"><span class='ocrx_word' id='word_1_774' title='bbox 2001 4272 2149 4325; x_wconf 84' lang='lat' dir='ltr'><strong>ribus</strong></span> <span class='ocrx_word' id='word_1_775' title='bbox 2176 4270 2326 4340; x_wconf 86' lang='lat' dir='ltr'><strong>ligari</strong></span> <span class='ocrx_word' id='word_1_776' title='bbox 2376 4271 2666 4326; x_wconf 89' lang='lat' dir='ltr'><strong>noluerunt</strong></span> <span class='ocrx_word' id='word_1_777' title='bbox 2707 4286 2805 4342; x_wconf 89' lang='lat' dir='ltr'><strong>per</strong></span> <span class='ocrx_word' id='word_1_778' title='bbox 2831 4271 3256 4327; x_wconf 85' lang='lat' dir='ltr'><strong>meliorationetn</strong></span> <span class='ocrx_word' id='word_1_779' title='bbox 3286 4273 3442 4340; x_wconf 63' lang='lat' dir='ltr'><strong>vitae;</strong></span> <span class='ocrx_word' id='word_1_780' title='bbox 3493 4277 3574 4331; x_wconf 71' lang='lat' dir='ltr'><strong>vel</strong></span> 
     </span>
    </p>
   </div>
   <div class='ocr_carea' id='block_1_106' title="bbox 2002 4361 3577 4436">
    <p class='ocr_par' dir='ltr' id='par_1_106' title="bbox 2002 4361 3577 4436">
     <span class='ocr_line' id='line_1_106' title="bbox 2002 4361 3577 4436; baseline 0.006 -21"><span class='ocrx_word' id='word_1_781' title='bbox 2002 4368 2150 4415; x_wconf 90' lang='lat' dir='ltr'><strong>certe</strong></span> <span class='ocrx_word' id='word_1_782' title='bbox 2178 4369 2304 4416; x_wconf 89' lang='lat' dir='ltr'><strong>tunc</strong></span> <span class='ocrx_word' id='word_1_783' title='bbox 2333 4361 2463 4429; x_wconf 82' lang='lat' dir='ltr'><strong>ligat</strong></span> <span class='ocrx_word' id='word_1_784' title='bbox 2499 4377 2681 4432; x_wconf 81' lang='lat' dir='ltr'><strong>poena,</strong></span> <span class='ocrx_word' id='word_1_785' title='bbox 2724 4378 2860 4433; x_wconf 91' lang='lat' dir='ltr'><strong>quos</strong></span> <span class='ocrx_word' id='word_1_786' title='bbox 2889 4364 3047 4417; x_wconf 56' lang='lat' dir='ltr'><strong>modo</strong></span> <span class='ocrx_word' id='word_1_787' title='bbox 3086 4378 3118 4418; x_wconf 87' lang='lat' dir='ltr'><strong>a</strong></span> <span class='ocrx_word' id='word_1_788' title='bbox 3145 4364 3299 4421; x_wconf 91' lang='lat' dir='ltr'><strong>bonis</strong></span> <span class='ocrx_word' id='word_1_789' title='bbox 3323 4368 3577 4436; x_wconf 89' lang='lat' dir='ltr'><strong>operibus</strong></span> 
     </span>
    </p>
   </div>
   <div class='ocr_carea' id='block_1_107' title="bbox 2004 4449 3573 4527">
    <p class='ocr_par' dir='ltr' id='par_1_107' title="bbox 2004 4449 3573 4527">
     <span class='ocr_line' id='line_1_107' title="bbox 2004 4449 3573 4527; baseline 0.004 -23"><span class='ocrx_word' id='word_1_790' title='bbox 2004 4452 2132 4520; x_wconf 84' lang='lat' dir='ltr'><strong>ligat</strong></span> <span class='ocrx_word' id='word_1_791' title='bbox 2155 4451 2330 4521; x_wconf 89' lang='lat' dir='ltr'><strong>culpa.</strong></span> <span class='ocrx_word' id='word_1_792' title='bbox 2376 4449 2545 4508; x_wconf 84' lang='lat' dir='ltr'><strong>Pedes</strong></span> <span class='ocrx_word' id='word_1_793' title='bbox 2586 4452 2730 4506; x_wconf 91' lang='lat' dir='ltr'><strong>enim</strong></span> <span class='ocrx_word' id='word_1_794' title='bbox 2774 4452 2865 4523; x_wconf 92' lang='lat' dir='ltr'><strong>qui</strong></span> <span class='ocrx_word' id='word_1_795' title='bbox 2906 4452 3124 4508; x_wconf 85' lang='lat' dir='ltr'><strong>visitare</strong></span> <span class='ocrx_word' id='word_1_796' title='bbox 3165 4470 3368 4525; x_wconf 59' lang='lat' dir='ltr'><strong>aegrum</strong></span> <span class='ocrx_word' id='word_1_797' title='bbox 3411 4456 3573 4527; x_wconf 84' lang='lat' dir='ltr'><strong>negli-</strong></span> 
     </span>
    </p>
   </div>
   <div class='ocr_carea' id='block_1_108' title="bbox 2001 4545 3577 4617">
    <p class='ocr_par' dir='ltr' id='par_1_108' title="bbox 2001 4545 3577 4617">
     <span class='ocr_line' id='line_1_108' title="bbox 2001 4545 3577 4617; baseline 0.002 -17"><span class='ocrx_word' id='word_1_798' title='bbox 2001 4553 2154 4617; x_wconf 85' lang='lat' dir='ltr'><strong>gunt,</strong></span> <span class='ocrx_word' id='word_1_799' title='bbox 2182 4561 2371 4601; x_wconf 82' lang='lat' dir='ltr'><strong>ntanus</strong></span> <span class='ocrx_word' id='word_1_800' title='bbox 2392 4561 2513 4616; x_wconf 70' lang='lat' dir='ltr'><strong>quae</strong></span> <span class='ocrx_word' id='word_1_801' title='bbox 2536 4545 2668 4601; x_wconf 89' lang='lat' dir='ltr'><strong>nihil</strong></span> <span class='ocrx_word' id='word_1_802' title='bbox 2696 4545 3060 4617; x_wconf 85' lang='lat' dir='ltr'><strong>indigentibus</strong></span> <span class='ocrx_word' id='word_1_803' title='bbox 3091 4546 3345 4613; x_wconf 89' lang='lat' dir='ltr'><strong>tribuunt,</strong></span> <span class='ocrx_word' id='word_1_804' title='bbox 3375 4563 3405 4601; x_wconf 89' lang='lat' dir='ltr'><strong>a</strong></span> <span class='ocrx_word' id='word_1_805' title='bbox 3434 4548 3577 4604; x_wconf 89' lang='lat' dir='ltr'><strong>bono</strong></span> 
     </span>
    </p>
   </div>
   <div class='ocr_carea' id='block_1_109' title="bbox 2002 4637 3575 4711">
    <p class='ocr_par' dir='ltr' id='par_1_109' title="bbox 2002 4637 3575 4711">
     <span class='ocr_line' id='line_1_109' title="bbox 2002 4637 3575 4711; baseline 0.005 -22"><span class='ocrx_word' id='word_1_806' title='bbox 2002 4652 2165 4706; x_wconf 83' lang='lat' dir='ltr'><strong>opere</strong></span> <span class='ocrx_word' id='word_1_807' title='bbox 2199 4637 2312 4707; x_wconf 87' lang='lat' dir='ltr'><strong>jam</strong></span> <span class='ocrx_word' id='word_1_808' title='bbox 2340 4651 2406 4691; x_wconf 80' lang='lat' dir='ltr'><strong>ex</strong></span> <span class='ocrx_word' id='word_1_809' title='bbox 2433 4637 2711 4692; x_wconf 89' lang='lat' dir='ltr'><strong>voluntate</strong></span> <span class='ocrx_word' id='word_1_810' title='bbox 2753 4637 2899 4708; x_wconf 83' lang='lat' dir='ltr'><strong>ligati</strong></span> <span class='ocrx_word' id='word_1_811' title='bbox 2948 4646 3093 4692; x_wconf 90' lang='lat' dir='ltr'><strong>sunt.</strong></span> <span class='ocrx_word' id='word_1_812' title='bbox 3142 4639 3243 4707; x_wconf 90' lang='lat' dir='ltr'><strong>Qui</strong></span> <span class='ocrx_word' id='word_1_813' title='bbox 3280 4655 3407 4711; x_wconf 90' lang='lat' dir='ltr'><strong>ergo</strong></span> <span class='ocrx_word' id='word_1_814' title='bbox 3435 4657 3575 4698; x_wconf 90' lang='lat' dir='ltr'><strong>nunc</strong></span> 
     </span>
    </p>
   </div>
   <div class='ocr_carea' id='block_1_110' title="bbox 2000 4727 3576 4804">
    <p class='ocr_par' dir='ltr' id='par_1_110' title="bbox 2000 4727 3576 4804">
     <span class='ocr_line' id='line_1_110' title="bbox 2000 4727 3576 4804; baseline 0.006 -23"><span class='ocrx_word' id='word_1_815' title='bbox 2000 4734 2191 4797; x_wconf 86' lang='lat' dir='ltr'><strong>sponte</strong></span> <span class='ocrx_word' id='word_1_816' title='bbox 2218 4727 2450 4799; x_wconf 87' lang='lat' dir='ltr'><strong>ligantur</strong></span> <span class='ocrx_word' id='word_1_817' title='bbox 2492 4728 2545 4782; x_wconf 93' lang='lat' dir='ltr'><strong>iu</strong></span> <span class='ocrx_word' id='word_1_818' title='bbox 2583 4728 2747 4793; x_wconf 90' lang='lat' dir='ltr'><strong>vitio,</strong></span> <span class='ocrx_word' id='word_1_819' title='bbox 2797 4736 2924 4783; x_wconf 88' lang='lat' dir='ltr'><strong>tunc</strong></span> <span class='ocrx_word' id='word_1_820' title='bbox 2952 4728 3004 4783; x_wconf 92' lang='lat' dir='ltr'><strong>in</strong></span> <span class='ocrx_word' id='word_1_821' title='bbox 3052 4730 3318 4800; x_wconf 87' lang='lat' dir='ltr'><strong>suppiicio</strong></span> <span class='ocrx_word' id='word_1_822' title='bbox 3344 4733 3576 4804; x_wconf 86' lang='lat' dir='ltr'><strong>ligantur</strong></span> 
     </span>
    </p>
   </div>
   <div class='ocr_carea' id='block_1_111' title="bbox 2000 4817 2178 4871">
    <p class='ocr_par' dir='ltr' id='par_1_111' title="bbox 2000 4817 2178 4871">
     <span class='ocr_line' id='line_1_111' title="bbox 2000 4817 2178 4871; baseline -0.006 -1"><span class='ocrx_word' id='word_1_823' title='bbox 2000 4817 2178 4871; x_wconf 87' lang='lat' dir='ltr'><strong>inviti.</strong></span> 
     </span>
    </p>
   </div>
   <div class='ocr_carea' id='block_1_112' title="bbox 2080 4907 3576 4980">
    <p class='ocr_par' dir='ltr' id='par_1_112' title="bbox 2080 4907 3576 4980">
     <span class='ocr_line' id='line_1_112' title="bbox 2080 4907 3576 4980; baseline 0.006 -18"><span class='ocrx_word' id='word_1_824' title='bbox 2080 4907 2269 4963; x_wconf 77' lang='lat' dir='ltr'><strong>Mittite</strong></span> <span class='ocrx_word' id='word_1_825' title='bbox 2281 4925 2419 4973; x_wconf 82' lang='lat' dir='ltr'><strong>eum,</strong></span> <span class='ocrx_word' id='word_1_826' title='bbox 2433 4916 2539 4964; x_wconf 89' lang='lat' dir='ltr'><strong>etc.</strong></span> <span class='ocrx_word' id='word_1_827' title='bbox 2563 4908 2849 4964; x_wconf 79' lang='lat' dir='ltr'><strong>Interiores</strong></span> <span class='ocrx_word' id='word_1_828' title='bbox 2868 4909 3063 4980; x_wconf 86' lang='lat' dir='ltr'><strong>quippe</strong></span> <span class='ocrx_word' id='word_1_829' title='bbox 3086 4912 3334 4967; x_wconf 84' lang='lat' dir='ltr'><strong>tenebras</strong></span> <span class='ocrx_word' id='word_1_830' title='bbox 3349 4913 3576 4971; x_wconf 86' lang='lat' dir='ltr'><strong>dicimus</strong></span> 
     </span>
    </p>
   </div>
   <div class='ocr_carea' id='block_1_113' title="bbox 2005 4997 3653 5069">
    <p class='ocr_par' dir='ltr' id='par_1_113' title="bbox 2005 4997 3653 5069">
     <span class='ocr_line' id='line_1_113' title="bbox 2005 4997 3653 5069; baseline 0.004 -17"><span class='ocrx_word' id='word_1_831' title='bbox 2005 4998 2302 5053; x_wconf 75' lang='lat' dir='ltr'><strong>caecitatem</strong></span> <span class='ocrx_word' id='word_1_832' title='bbox 2332 4997 2535 5062; x_wconf 89' lang='lat' dir='ltr'><strong>cordis,</strong></span> <span class='ocrx_word' id='word_1_833' title='bbox 2563 4998 2862 5054; x_wconf 77' lang='lat' dir='ltr'><strong>exteriores</strong></span> <span class='ocrx_word' id='word_1_834' title='bbox 2886 5014 3015 5054; x_wconf 84' lang='lat' dir='ltr'><strong>vero</strong></span> <span class='ocrx_word' id='word_1_835' title='bbox 3038 5002 3289 5057; x_wconf 87' lang='lat' dir='ltr'><strong>tenebras</strong></span> <span class='ocrx_word' id='word_1_836' title='bbox 3315 5010 3573 5059; x_wconf 64' lang='lat' dir='ltr'><strong>aeternam</strong></span> <span class='ocrx_word' id='word_1_837' title='bbox 3632 5046 3653 5069; x_wconf 41' lang='grc' dir='ltr'>,κ</span> 
     </span>
    </p>
   </div>
   <div class='ocr_carea' id='block_1_114' title="bbox 2006 5088 3575 5165">
    <p class='ocr_par' dir='ltr' id='par_1_114' title="bbox 2006 5088 3575 5165">
     <span class='ocr_line' id='line_1_114' title="bbox 2006 5088 3575 5165; baseline 0.004 -22"><span class='ocrx_word' id='word_1_838' title='bbox 2006 5098 2218 5144; x_wconf 89' lang='lat' dir='ltr'><strong>noctem</strong></span> <span class='ocrx_word' id='word_1_839' title='bbox 2247 5088 2628 5144; x_wconf 88' lang='lat' dir='ltr'><strong>damnationis.</strong></span> <span class='ocrx_word' id='word_1_840' title='bbox 2676 5088 2828 5144; x_wconf 83' lang='lat' dir='ltr'><strong>Tunc</strong></span> <span class='ocrx_word' id='word_1_841' title='bbox 2866 5105 2996 5162; x_wconf 87' lang='lat' dir='ltr'><strong>ergo</strong></span> <span class='ocrx_word' id='word_1_842' title='bbox 3025 5091 3310 5149; x_wconf 89' lang='lat' dir='ltr'><strong>damnatus</strong></span> <span class='ocrx_word' id='word_1_843' title='bbox 3349 5096 3575 5165; x_wconf 88' lang='lat' dir='ltr'><strong>quisque</strong></span> 
     </span>
    </p>
   </div>
   <div class='ocr_carea' id='block_1_115' title="bbox 2008 5181 3573 5251">
    <p class='ocr_par' dir='ltr' id='par_1_115' title="bbox 2008 5181 3573 5251">
     <span class='ocr_line' id='line_1_115' title="bbox 2008 5181 3573 5251; baseline 0.004 -16"><span class='ocrx_word' id='word_1_844' title='bbox 2008 5181 2185 5235; x_wconf 89' lang='lat' dir='ltr'><strong>nonin</strong></span> <span class='ocrx_word' id='word_1_845' title='bbox 2214 5181 2520 5244; x_wconf 90' lang='lat' dir='ltr'><strong>interiores,</strong></span> <span class='ocrx_word' id='word_1_846' title='bbox 2536 5182 2628 5236; x_wconf 75' lang='lat' dir='ltr'><strong>sed</strong></span> <span class='ocrx_word' id='word_1_847' title='bbox 2644 5182 2695 5235; x_wconf 92' lang='lat' dir='ltr'><strong>in</strong></span> <span class='ocrx_word' id='word_1_848' title='bbox 2720 5182 3022 5238; x_wconf 75' lang='lat' dir='ltr'><strong>exteriores</strong></span> <span class='ocrx_word' id='word_1_849' title='bbox 3044 5186 3296 5240; x_wconf 85' lang='lat' dir='ltr'><strong>tenebras</strong></span> <span class='ocrx_word' id='word_1_850' title='bbox 3321 5186 3573 5251; x_wconf 87' lang='lat' dir='ltr'><strong>mittitur,</strong></span> 
     </span>
    </p>
   </div>
   <div class='ocr_carea' id='block_1_116' title="bbox 2006 5272 3574 5345">
    <p class='ocr_par' dir='ltr' id='par_1_116' title="bbox 2006 5272 3574 5345">
     <span class='ocr_line' id='line_1_116' title="bbox 2006 5272 3574 5345; baseline 0.004 -18"><span class='ocrx_word' id='word_1_851' title='bbox 2006 5275 2131 5344; x_wconf 88' lang='lat' dir='ltr'><strong>quia</strong></span> <span class='ocrx_word' id='word_1_852' title='bbox 2178 5272 2289 5329; x_wconf 92' lang='lat' dir='ltr'><strong>illic</strong></span> <span class='ocrx_word' id='word_1_853' title='bbox 2317 5274 2518 5328; x_wconf 89' lang='lat' dir='ltr'><strong>invitus</strong></span> <span class='ocrx_word' id='word_1_854' title='bbox 2559 5272 2839 5343; x_wconf 85' lang='lat' dir='ltr'><strong>projicitur</strong></span> <span class='ocrx_word' id='word_1_855' title='bbox 2869 5274 2921 5328; x_wconf 92' lang='lat' dir='ltr'><strong>in</strong></span> <span class='ocrx_word' id='word_1_856' title='bbox 2951 5286 3163 5330; x_wconf 85' lang='lat' dir='ltr'><strong>noctem</strong></span> <span class='ocrx_word' id='word_1_857' title='bbox 3192 5277 3574 5345; x_wconf 78' lang='lat' dir='ltr'><strong>damnationis,</strong></span> 
     </span>
    </p>
   </div>
   <div class='ocr_carea' id='block_1_117' title="bbox 2004 5361 3574 5433">
    <p class='ocr_par' dir='ltr' id='par_1_117' title="bbox 2004 5361 3574 5433">
     <span class='ocr_line' id='line_1_117' title="bbox 2004 5361 3574 5433; baseline 0.005 -18"><span class='ocrx_word' id='word_1_858' title='bbox 2004 5364 2094 5432; x_wconf 82' lang='lat' dir='ltr'><strong>qui</strong></span> <span class='ocrx_word' id='word_1_859' title='bbox 2140 5363 2226 5417; x_wconf 90' lang='lat' dir='ltr'><strong>hic</strong></span> <span class='ocrx_word' id='word_1_860' title='bbox 2268 5370 2457 5433; x_wconf 87' lang='lat' dir='ltr'><strong>sponte</strong></span> <span class='ocrx_word' id='word_1_861' title='bbox 2500 5361 2693 5417; x_wconf 89' lang='lat' dir='ltr'><strong>cecidit</strong></span> <span class='ocrx_word' id='word_1_862' title='bbox 2720 5363 2771 5417; x_wconf 92' lang='lat' dir='ltr'><strong>in</strong></span> <span class='ocrx_word' id='word_1_863' title='bbox 2797 5363 3089 5421; x_wconf 71' lang='lat' dir='ltr'><strong>cmcitatem</strong></span> <span class='ocrx_word' id='word_1_864' title='bbox 3120 5367 3316 5421; x_wconf 83' lang='lat' dir='ltr'><strong>cordis.</strong></span> <span class='ocrx_word' id='word_1_865' title='bbox 3356 5366 3454 5421; x_wconf 88' lang='lat' dir='ltr'><strong>Ubi</strong></span> <span class='ocrx_word' id='word_1_866' title='bbox 3484 5365 3574 5423; x_wconf 84' lang='lat' dir='ltr'><strong>lle-</strong></span> 
     </span>
    </p>
   </div>
   <div class='ocr_carea' id='block_1_118' title="bbox 2004 5453 3572 5525">
    <p class='ocr_par' dir='ltr' id='par_1_118' title="bbox 2004 5453 3572 5525">
     <span class='ocr_line' id='line_1_118' title="bbox 2004 5453 3572 5525; baseline 0.003 -19"><span class='ocrx_word' id='word_1_867' title='bbox 2004 5462 2091 5507; x_wconf 87' lang='lat' dir='ltr'><strong>tus</strong></span> <span class='ocrx_word' id='word_1_868' title='bbox 2133 5466 2345 5522; x_wconf 87' lang='lat' dir='ltr'><strong>quoque</strong></span> <span class='ocrx_word' id='word_1_869' title='bbox 2373 5459 2428 5508; x_wconf 87' lang='lat' dir='ltr'><strong>et</strong></span> <span class='ocrx_word' id='word_1_870' title='bbox 2469 5453 2670 5507; x_wconf 82' lang='lat' dir='ltr'><strong>stridor</strong></span> <span class='ocrx_word' id='word_1_871' title='bbox 2710 5454 2948 5509; x_wconf 85' lang='lat' dir='ltr'><strong>dentium</strong></span> <span class='ocrx_word' id='word_1_872' title='bbox 2977 5468 3099 5511; x_wconf 88' lang='lat' dir='ltr'><strong>esse</strong></span> <span class='ocrx_word' id='word_1_873' title='bbox 3140 5455 3471 5525; x_wconf 84' lang='lat' dir='ltr'><strong>perhibetur,</strong></span> <span class='ocrx_word' id='word_1_874' title='bbox 3516 5465 3572 5510; x_wconf 88' lang='lat' dir='ltr'><strong>ut</strong></span> 
     </span>
    </p>
   </div>
   <div class='ocr_carea' id='block_1_119' title="bbox 2004 5543 3566 5614">
    <p class='ocr_par' dir='ltr' id='par_1_119' title="bbox 2004 5543 3566 5614">
     <span class='ocr_line' id='line_1_119' title="bbox 2004 5543 3566 5614; baseline 0.003 -17"><span class='ocrx_word' id='word_1_875' title='bbox 2004 5544 2112 5611; x_wconf 77' lang='lat' dir='ltr'><strong>illic</strong></span> <span class='ocrx_word' id='word_1_876' title='bbox 2141 5543 2327 5597; x_wconf 85' lang='lat' dir='ltr'><strong>dentes</strong></span> <span class='ocrx_word' id='word_1_877' title='bbox 2373 5543 2664 5608; x_wconf 74' lang='lat' dir='ltr'><strong>stt-ideant,</strong></span> <span class='ocrx_word' id='word_1_878' title='bbox 2714 5544 2806 5614; x_wconf 91' lang='lat' dir='ltr'><strong>qui</strong></span> <span class='ocrx_word' id='word_1_879' title='bbox 2835 5544 2926 5600; x_wconf 90' lang='lat' dir='ltr'><strong>hic</strong></span> <span class='ocrx_word' id='word_1_880' title='bbox 2970 5544 3035 5599; x_wconf 82' lang='lat' dir='ltr'><strong>de</strong></span> <span class='ocrx_word' id='word_1_881' title='bbox 3074 5545 3337 5599; x_wconf 83' lang='lat' dir='ltr'><strong>edacitate</strong></span> <span class='ocrx_word' id='word_1_882' title='bbox 3369 5547 3566 5614; x_wconf 81' lang='lat' dir='ltr'><strong>gaude-</strong></span> 
     </span>
    </p>
   </div>
   <div class='ocr_carea' id='block_1_120' title="bbox 2006 5632 3571 5706">
    <p class='ocr_par' dir='ltr' id='par_1_120' title="bbox 2006 5632 3571 5706">
     <span class='ocr_line' id='line_1_120' title="bbox 2006 5632 3571 5706; baseline 0.001 -17"><span class='ocrx_word' id='word_1_883' title='bbox 2006 5636 2154 5690; x_wconf 86' lang='lat' dir='ltr'><strong>bant.</strong></span> <span class='ocrx_word' id='word_1_884' title='bbox 2186 5633 2294 5689; x_wconf 85' lang='lat' dir='ltr'><strong>Illic</strong></span> <span class='ocrx_word' id='word_1_885' title='bbox 2323 5634 2462 5689; x_wconf 91' lang='lat' dir='ltr'><strong>oculi</strong></span> <span class='ocrx_word' id='word_1_886' title='bbox 2489 5632 2740 5702; x_wconf 82' lang='lat' dir='ltr'><strong>deﬂeant,</strong></span> <span class='ocrx_word' id='word_1_887' title='bbox 2774 5636 2863 5706; x_wconf 87' lang='lat' dir='ltr'><strong>qui</strong></span> <span class='ocrx_word' id='word_1_888' title='bbox 2888 5636 2974 5690; x_wconf 80' lang='lat' dir='ltr'><strong>hic</strong></span> <span class='ocrx_word' id='word_1_889' title='bbox 3014 5651 3111 5703; x_wconf 87' lang='lat' dir='ltr'><strong>per</strong></span> <span class='ocrx_word' id='word_1_890' title='bbox 3140 5635 3347 5689; x_wconf 81' lang='lat' dir='ltr'><strong>illicitas</strong></span> <span class='ocrx_word' id='word_1_891' title='bbox 3376 5651 3571 5693; x_wconf 87' lang='lat' dir='ltr'><strong>concu-</strong></span> 
     </span>
    </p>
   </div>
   <div class='ocr_carea' id='block_1_121' title="bbox 3108 5727 3181 5785">
    <p class='ocr_par' dir='ltr' id='par_1_121' title="bbox 3108 5727 3181 5785">
     <span class='ocr_line' id='line_1_121' title="bbox 3108 5727 3181 5785; baseline 0 0"><span class='ocrx_word' id='word_1_892' title='bbox 3108 5727 3181 5785; x_wconf 83' lang='grc'><strong>16</strong></span> 
     </span>
    </p>
   </div>
  </div>
