3952 6470
401 264 495 317 iiii
1660 259 1956 317 SMARAG?

2059 259 2347 318 ABBATIS

400 376 692 447 piseentias
732 373 1086 429 versabantur
1112 413 1126 436 ,
1175 378 1441 441 quatenus
1486 370 1694 439 singula
1741 384 1968 440 quaeque
1996 379 2042 438 Α
2070 369 2140 423 sit
2181 379 2238 423 et
2277 371 2461 425 lorica.
2508 371 2639 439 Quae
2665 381 2846 428 autem
2890 374 2992 429 alia
3043 390 3194 430 arma
3240 377 3333 434 Dei
3364 394 3659 450 possumus

372 463 639 541 ‘mernbra
666 461 929 532 supplicio
960 458 1290 528 subiaceant,
1332 473 1452 530 qum
1485 460 1576 516 hic
1603 460 1828 529 singulis
1854 462 1973 531 qui-
2074 461 2377 526 aestimare,
2424 462 2623 531 quibus
2654 462 2955 518 induendus
2997 474 3100 530 est,
3147 468 3237 534 qui
3270 468 3434 523 habet
3463 471 3658 525 adven.

401 556 606 622 busque
642 552 788 607 vitiis
816 549 1053 618 subjecta
1100 550 1432 605 serviebant.
1479 550 1589 621 (Ea:
1622 549 1868 623 Hieron.)
1913 550 1971 605 ln
2074 566 2191 605 sum
2222 551 2418 607 diaboli
2451 552 2711 608 dimicare
2736 555 3027 620 versutias,
3057 567 3282 628 excepta
3308 560 3510 616 virtute
3534 577 3659 633 qum

3548 275 3662 330 ‘9‘!

399 644 522 697 iletu
547 656 760 712 quoque
793 641 1074 697 oculorum
1102 647 1156 694 et
1181 640 1418 696 stridore
1441 640 1705 705 dentium,
1723 655 1827 709 .per
1855 654 1971 695 me-

400 734 678 804 taphoram
701 732 1067 787 membrorum
1086 731 1449 803 corporalium
1472 731 1781 802 magnitudo
1798 739 1976 787 osten-

396 824 543 877 ditur
568 827 981 903 toynentorum.

464 912 623 968 Multi
666 913 802 967 enim
843 922 963 967 sunt
1002 914 1217 978 uocati,
1267 914 1422 984 pauci
1473 927 1593 969 vero
1644 913 1810 969 electi.
1866 912 1971 988 (Ex

394 1000 646 1073 August.)
673 1000 878 1056 Paucos
903 1000 1243 1069 dicitjustos,
1267 1002 1322 1055 in
1345 1003 1747 1072 comparatione
1771 1002 1968 1057 multo-

395 1110 514 1149 rum
540 1095 870 1164 iniquorum.
902 1094 1035 1150 Esse
1060 1101 1238 1150 autem
1264 1109 1363 1165 per
1382 1096 1704 1166 semetipsos
1727 1097 1970 1151 conside-

395 1193 543 1241 ratos
570 1185 624 1239 in
650 1198 842 1256 magno
862 1196 1107 1249 numero,
1138 1183 1334 1240 dill‘uso
1375 1192 1490 1239 toto
1514 1185 1646 1240 orbe
1681 1193 1965 1251 terrarum,

391 1284 671 1331 crescente
697 1275 839 1329 inter
862 1273 1089 1338 zizania,
1118 1280 1174 1329 et
1197 1289 1320 1329 cum
1344 1275 1496 1346 palea
1522 1289 1696 1345 usque
1733 1275 1800 1330 ad
1826 1276 1967 1331 diem

392 1364 583 1419 messis
619 1372 675 1417 et
700 1361 1086 1427 ventilationis,
1136 1377 1261 1417 nam
1287 1363 1342 1418 in
1366 1365 1770 1434 comparatione
1801 1365 1968 1434 palea:

390 1463 614 1526 possunt
652 1471 824 1527 pauca
850 1470 1017 1526 grana
1047 1456 1171 1519 dici,
1206 1472 1326 1529 quat-
1350 1465 1532 1514 tamen
1560 1474 1659 1530 per
1684 1474 1744 1515 se
1774 1461 1887 1532 ipsa
1910 1461 1969 1516 in

389 1563 620 1604 massam
650 1549 864 1604 redacta
892 1548 1116 1620 implent
1137 1549 1462 1605 dominicum
1483 1551 1759 1608 horreum.

459 1638 569 1710 (Ea:
593 1636 771 1710 Greg.)
813 1639 952 1694 Ecce
980 1654 1078 1693 nos
1100 1653 1290 1695 omnes
1309 1640 1421 1711 iam
1447 1643 1623 1697 vocati
1654 1658 1754 1713 per
1780 1642 1961 1709 ﬁdem,

2072 637 2320 695 Christus
2345 649 2448 707 est,
2486 643 2631 698 hunc
2663 642 2807 698 enim
2845 644 2938 713 qui
2957 641 3114 711 juxta
3138 648 3320 702 omnia
3351 663 3470 719 quae
3492 667 3658 722 super

2071 741 2137 783 eo
2168 728 2538 801 intelliguntur
2588 729 2752 788 fuerit
2796 733 3038 800 indutus,
3087 743 3282 805 potens
3324 739 3430 793 erit
3460 749 3655 797 contra

2071 820 2354 876 universas
2373 821 2598 878 insidias
2622 822 2819 878 diaboli
2844 838 3165 897 repugnare.
3192 828 3448 887 Diabolus
3471 842 3657 890 autem

2070 924 2265 965 nomen
2294 911 2541 967 Graecum
2571 921 2678 978 est,
2713 916 2856 986 quod
2891 917 3280 988 interpretatur
3310 925 3653 981 criminator.

2067 996 2230 1053 Juxta
2255 998 2467 1055 Hebraei
2510 1016 2639 1058 vero
2682 1004 2950 1059 sermonis
2988 1010 3391 1079 proprietatem,
3444 1016 3570 1083 quia
3595 1026 3654 1071 et

2068 1088 2243 1143 tritus
2265 1088 2506 1145 Zabulon
2540 1090 2830 1161 quamdam
2871 1093 3280 1153 similitudinem
3307 1100 3465 1171 hujus
3490 1118 3651 1159 voca-

2066 1178 2178 1234 buli
2201 1179 2382 1244 habet,
2407 1184 2723 1256 ηταρῥέων,
2737 1181 2790 1237 id
2809 1193 2893 1239 est
2922 1184 3175 1241 deorsum
3200 1185 3393 1254 ﬂuens,
3426 1192 3529 1247 dici
3560 1207 3654 1262 po.

2067 1275 2203 1335 test,
2251 1269 2396 1339 quod
2440 1270 2645 1326 scilicet
2691 1272 2949 1341 paulatim
2994 1275 3063 1330 de
3098 1275 3299 1332 virtute
3344 1279 3413 1335 ad
3456 1281 3648 1335 vitium

2065 1356 2283 1415 ﬂuxerit
2303 1367 2360 1415 et
2385 1361 2453 1416 de
2474 1361 2788 1418 caelestibus
2812 1364 2879 1419 ad
2911 1375 3128 1422 terrena
3148 1370 3432 1424 corruerit.

2136 1446 2401 1513 Quoniam
2420 1465 2524 1505 non
2552 1459 2629 1505 est
2655 1450 2803 1507 nobis
2829 1452 3134 1510 colluctatio
3160 1455 3409 1513 adversus
3438 1474 3649 1513 carnem

2064 1547 2115 1593 et
2136 1541 2466 1611 sanguinem,
2495 1550 2603 1597 etc.
2648 1542 2885 1601 Estimo
2918 1546 3117 1617 quippe
3138 1548 3402 1605 adversus
3426 1564 3649 1607 carnem

2065 1638 2124 1684 et
2143 1631 2460 1702 sanguinem
2489 1647 2612 1689 esse
2631 1635 2961 1702 certamina;
2994 1637 3211 1708 quando
3237 1652 3365 1695 raro
3394 1643 3649 1712 mucupi-

389 1729 457 1783 ad
478 1727 714 1784 ccelestis
738 1728 882 1800 regis
918 1728 1136 1799 nuptias
1168 1730 1433 1797 venimus,
1463 1733 1553 1801 qui
1580 1733 1967 1789 incarnationis
1993 1728 2040 1787 B
2067 1723 2172 1778 κίε
2193 1722 2452 1779 adversus
2478 1724 2752 1794 spiritum,
2794 1733 2850 1781 ei
2870 1735 3127 1798 provocat
3151 1743 3251 1784 nos
3277 1728 3457 1786 facere
3479 1746 3649 1803 opera

386 1818 505 1885 ejus
532 1814 850 1888 mysterium
891 1825 946 1871 et
988 1817 1292 1884 credimus,
1339 1826 1396 1874 et
1420 1818 1767 1885 conﬁtemur,
1799 1822 1963 1877 divini

385 1908 536 1963 verbi
565 1907 755 1980 epulas
787 1908 1071 1963 sumimus.
1096 1907 1250 1976 Quod
1280 1911 1457 1965 vocati
1484 1925 1670 1968 sumus
1693 1914 1961 1979 novimus,

385 1998 433 2053 si
473 2012 660 2054 sumus
685 1997 878 2063 electi,
918 1999 1208 2054 nescimus.
1249 2000 1426 2056 Tanto
1454 2017 1584 2074 ergo
1608 2019 1831 2060 necesse
1857 2014 1962 2072 est,

385 2097 446 2143 ut
490 2088 856 2160 unusquisque
908 2097 1154 2144 nostrum
1206 2090 1507 2149 humilitate
1562 2108 1625 2149 se
1674 2095 1960 2166 deprimat,

383 2187 584 2247 quanto
611 2179 659 2234 si
688 2179 759 2235 sit
782 2179 988 2235 electus
1023 2181 1255 2252 ignorat.

532 2312 950 2372 llEBDOMADA
987 2314 1133 2371 XXII
1160 2315 1335 2374 POST
1372 2271 1799 2378 PENlECOST.

859 2443 930 2484 an
957 2443 1231 2495 amasios,
1256 2445 1377 2485 car.
1406 2447 1478 2485 vr.

461 2555 485 2591 ο
514 2537 594 2593 De
613 2546 815 2595 caetero
840 2520 1222 2596 confortamini
1253 2542 1305 2597 in
1343 2542 1585 2611 Domino,
1617 2555 1673 2600 et
1696 2546 1749 2601 in
1774 2556 1959 2616 poten-

393 2648 411 2683 I
453 2632 528 2686 tia
552 2631 768 2687 virtutis
812 2630 948 2701 ejus.
996 2631 1206 2688 induite
1247 2648 1343 2689 vos
1384 2644 1715 2691 armaturam
1745 2639 1871 2705 Dei,
1900 2648 1961 2694 ut

389 2739 411 2773 ο
450 2723 670 2795 possitis
694 2729 841 2779 stare
867 2723 1127 2779 adversus
1156 2725 1380 2783 insidias
1403 2726 1650 2784 Diaboli:
1695 2731 1957 2797 Quoniam

388 2837 409 2871 σ
452 2834 561 2874 non
586 2826 672 2874 est
693 2817 849 2875 nobis
870 2818 1179 2875 colluctatio
1211 2819 1470 2876 adversus
1500 2837 1719 2878 carnem
1747 2832 1804 2880 et
1831 2839 1956 2879 saa-

387 2930 407 2963 ι
451 2910 686 2981 guinem,
717 2909 810 2966 sed
831 2909 1091 2966 adversus
1116 2911 1392 2983 principes
1411 2920 1465 2968 et
1494 2920 1810 2983 potestates,
1858 2915 1957 2969 ad-

2064 1826 2187 1877 sua,
2214 1811 2626 1869 fornicationem
2639 1821 2694 1869 et
2712 1815 3129 1882 immunditiam,
3157 1817 3422 1874 luxuriam
3447 1828 3502 1875 et
3524 1822 3647 1876 reli-

2061 1916 2168 1973 qua
2199 1902 2287 1957 his
2306 1901 2523 1958 similia.
2555 1904 2724 1960 Porro
2752 1920 2861 1961 non
2899 1913 2985 1961 est
3009 1906 3242 1962 humana
3269 1909 3516 1974 tentatio,
3546 1924 3648 1966 nec

2063 1991 2323 2051 adversus
2346 2008 2568 2051 carnem
2608 2004 2667 2051 et
2696 1997 3019 2068 sanguinem
3040 2013 3218 2069 pugna
3244 2039 3259 2064 ,
3299 1984 3517 2070 quando
3554 2010 3651 2056 aut

2061 2080 2178 2152 ipse
2206 2081 2440 2140 Satanas
2477 2087 2893 2156 transﬁguratus
2918 2087 2972 2141 in
3015 2088 3266 2159 angelum
3304 2087 3472 2155 lueis,
3519 2103 3647 2160 per-

2060 2178 2290 2235 suadere
2314 2178 2530 2247 nititur,
2548 2188 2608 2235 nt
2635 2197 2758 2237 eum
2783 2182 3031 2253 angelum
3057 2182 3272 2238 luminis
3292 2182 3643 2249 arbitremur,

2061 2274 2157 2321 aut
2201 2266 2403 2339 aliquid
2457 2270 2650 2325 horum
2700 2272 2878 2327 simile
2918 2271 3081 2337 facit,
3130 2272 3186 2326 in
3233 2272 3380 2327 omni
3419 2275 3644 2339 virtute,

2059 2356 2230 2429 signis
2252 2367 2308 2413 et
2332 2359 2600 2429 portentis
2631 2362 3008 2428 mendacibus,
3055 2363 3111 2417 in
3140 2362 3290 2418 omni
3327 2363 3647 2434 deceptione

2060 2447 2380 2516 iniquitatis,
2427 2450 2525 2504 sed
2552 2450 2711 2519 quasi
2751 2451 3108 2522 principatus,
3155 2458 3417 2521 potestas,
3463 2460 3647 2508 rector

2059 2538 2405 2592 tenebrarum
2454 2546 2510 2592 et
2555 2539 2794 2609 nequitia
2841 2539 3141 2610 spiritualis
3181 2539 3327 2596 dicat
3375 2542 3642 2611 quispiam

2058 2626 2183 2693 hoc,
2205 2628 2349 2696 quod
2377 2628 2490 2682 ait:
2517 2626 2641 2683 Non
2660 2638 2737 2684 ast
2756 2630 2904 2685 nobis
2931 2629 3230 2685 colluctatio
3251 2629 3503 2687 advorsus
3528 2648 3647 2686 car-

2058 2731 2174 2771 acut
2202 2726 2254 2771 et
2290 2718 2621 2789 sanguinem,
2663 2720 2755 2774 sed
2794 2720 3045 2775 adversus
3072 2720 3398 2791 principatu
3426 2731 3475 2776 et
3501 2733 3646 2779 uoto-

2055 2816 2241 2875 atam,
2280 2817 2337 2864 et
2363 2817 2559 2865 eastern
2586 2824 2707 2881 qua:
2743 2820 3061 2881 sequuntur.
3100 2812 3226 2867 Ideo
3254 2811 3408 2879 dicit,
3454 2822 3515 2867 ut
3549 2813 3647 2868 do-

2054 2910 2277 2953 eeamur
2304 2913 2373 2954 ne
2399 2914 2465 2954 ea
2488 2900 2707 2970 quidem
2740 2916 2860 2971 qua:
2880 2901 3036 2957 nobis
3063 2902 3360 2957 ministrari
3388 2903 3520 2958 vitia
3541 2918 3649 2973 pu-

384 3018 405 3051 ι
445 3013 634 3055 versus
659 2998 844 3054 mundi
870 3007 1110 3056 rectores
1143 3002 1491 3058 tenebrarum
1522 3003 1739 3069 barum,
1766 3016 1954 3059 contra

2059 2995 2237 3044 tamus
2261 3028 2277 3055 ,
2327 3004 2397 3046 ex
2423 3006 2591 3048 carne
2637 2994 2819 3049 carnis
2858 3007 2978 3050 esse
3011 2993 3097 3049 vel
3141 2995 3438 3066 sanguinis,
3477 2995 3573 3051 sed
3611 3012 3646 3050 a

383 3108 405 3141 ι
445 3089 705 3161 spiritalia
732 3090 989 3161 nequitia}
1024 3092 1077 3146 in
1119 3092 1447 3148 emlcstihus.
1484 3093 1776 3165 Propterea
1813 3095 1956 3150 aeei-
1980 3068 2026 3130 (ἶ
2055 3077 2375 3146 quibusdam
2396 3081 2760 3152 Spiritualihus
2785 3083 3049 3154 nequitiis
3064 3087 3298 3157 suggeri.
3329 3085 3467 3141 Sunt
3494 3086 3645 3141 enim

384 3198 403 3231 ‹
443 3180 555 3251 pite
598 3187 929 3237 armaturam
975 3182 1107 3248 Dei,
1161 3191 1218 3237 ut
1246 3184 1465 3253 possitis
1510 3186 1763 3240 resistere
1793 3185 1847 3240 in
1873 3186 1959 3241 die

384 3287 403 3318 ι
446 3269 607 3334 malo,
657 3278 713 3325 ct
755 3270 811 3325 in
857 3271 1108 3327 erunibus
1153 3273 1380 3343 perfecti
1423 3282 1587 3330 stare.
1638 3273 1790 3331 State
1829 3290 1957 3348 ergo

383 3379 400 3410 ι
445 3361 703 3415 succincti
733 3359 948 3417 lumbos
967 3370 1178 3418 vestros
1220 3364 1275 3418 in
1301 3364 1549 3430 veritate,
1595 3372 1652 3421 et
1677 3366 1849 3422 induti
1879 3367 1958 3423 lo-

385 3469 408 3500 ι
449 3450 617 3504 ricam
634 3448 878 3519 justitim,
916 3457 972 3505 et
995 3450 1216 3507 calceati
1242 3454 1406 3523 pedes
1434 3454 1486 3508 in
1513 3456 1955 3526 praeparationem

385 3560 404 3594 ι
448 3541 721 3612 Evangelii
772 3542 941 3613 pacis.
1007 3541 1067 3597 In
1119 3544 1368 3600 omnibus
1414 3555 1693 3603 ementes
1743 3558 1955 3605 scutum

384 3650 408 3684 ι
451 3631 597 3698 ﬁdei,
624 3632 680 3687 in
705 3646 813 3701 quo
835 3633 1058 3703 possitis
1081 3635 1262 3690 omnia
1306 3635 1409 3692 tela
1438 3639 1752 3710 nequissimi
1796 3642 1952 3712 ignea

383 3741 406 3775 ο
445 3711 808 3792 exstinguere.
856 3723 924 3778 Et
959 3723 1164 3796 galeam
1204 3727 1400 3784 salutis
1422 3729 1701 3797 assumitc,
1744 3740 1799 3787 et
1823 3711 1952 3805 gla-

382 3832 407 3869 ι
449 3815 597 3870 dium
623 3814 869 3885 spiritus,
897 3816 1041 3885 quod
1069 3827 1154 3873 est
1177 3819 1402 3875 verbum
1427 3821 1543 3875 Dei.
1583 3841 1604 3875 ι

448 3905 528 3961 Dc
555 3916 741 3961 ca'tero
763 3906 1134 3977 confortamini
1163 3911 1218 3965 in
1250 3910 1493 3975 Domino,
1542 3921 1593 3966 et
1624 3913 1679 3967 in
1723 3915 1950 3985 potentia

377 3996 582 4051 virtutis
607 3995 740 4067 ejus.
780 3994 880 4069 (Ex
909 3996 1155 4072 Hieron.)
1194 4000 1343 4068 Quod
1376 4002 1535 4073 igitur
1577 4004 1690 4058 ait:
1729 4002 1951 4074 Confer-

377 4088 562 4143 tamiui
588 4088 642 4143 in
677 4086 921 4155 Domino,
948 4098 996 4144 et
1026 4090 1080 4145 in
1114 4093 1345 4161 potentia
1380 4094 1587 4149 virtutis
1617 4093 1752 4165 ejus,
1778 4102 1947 4148 totum

377 4180 606 4235 sentitur
647 4179 701 4234 in
730 4179 966 4247 Christo,
1012 4193 1071 4238 ut
1119 4183 1172 4237 in
1212 4184 1463 4240 omnibus
1488 4185 1781 4241 virtutibus
1829 4199 1949 4254 qua:

377 4284 537 4340 super
557 4284 623 4326 eo
646 4270 1037 4342 intelliguntur.
1068 4274 1169 4342 Qui
1199 4275 1528 4332 crediderint
1556 4275 1947 4333 eonfortentur.

377 4363 447 4418 Et
472 4361 765 4433 prudenter
788 4375 908 4435 post
932 4368 1184 4438 specialia
1225 4369 1475 4425 mandata
1498 4409 1514 4435 ,
1564 4370 1693 4440 quid
1720 4370 1851 4427 viris
1892 4379 1948 4426 et

378 4453 657 4520 uxoribus,
685 4456 930 4525 patribus
954 4467 1008 4514 et
1037 4458 1181 4525 ﬁliis,
1210 4459 1443 4515 dominis
1474 4467 1530 4514 et
1563 4458 1733 4515 servis
1763 4462 1949 4516 obser-

379 4544 610 4600 vandum
635 4545 725 4611 sit,
758 4562 902 4601 nunc
938 4548 1257 4619 generaliter
1283 4548 1535 4604 omnibus
1581 4549 1636 4603 in
1664 4565 1948 4608 commune

379 4634 621 4707 prmeipit
646 4636 699 4691 in
740 4636 999 4705 Domino,
1043 4647 1098 4692 et
1138 4638 1191 4692 in
1241 4637 1354 4707 ejus
1377 4640 1617 4708 potentia
1659 4640 1947 4696 confortati

377 4736 680 4799 prteparcnt
712 4743 772 4786 se
796 4729 1084 4784 adversum
1106 4729 1394 4785 diabolum.

450 4817 661 4873 Induite
707 4835 797 4874 vos
826 4828 1152 4873 armaturam
1193 4817 1332 4883 Dei,
1364 4827 1421 4871 ut
1458 4818 1669 4888 possitis
1710 4818 1947 4873 resistere

381 4905 628 4961 (moerus
652 4906 872 4962 insidias
898 4904 1113 4959 diaboli.
1154 4905 1231 4960 Ex
1263 4906 1349 4960 his
1387 4920 1507 4975 qua:
1534 4903 1672 4960 infra
1700 4906 1947 4978 legimus,

383 5003 438 5050 et
466 4996 552 5051 hic
584 5010 704 5066 quae
745 4997 801 5050 in
844 4993 1128 5063 scripturis
1154 4995 1404 5050 omnibus
1428 4996 1496 5050 de
1528 4993 1753 5051 Domino
1778 4996 1948 5052 salva-

384 5096 499 5141 tore
520 5085 773 5140 dicuntur
796 5123 811 5149 ,
853 5081 1289 5139 manifestissime
1316 5085 1695 5156 comprobatur
1712 5128 1728 5155 ,
1768 5089 1948 5143 omnia

382 5188 534 5229 arma
564 5173 682 5238 Dei,
714 5170 909 5242 quibus
938 5186 1080 5225 nunc
1108 5172 1254 5227 indui
1275 5173 1555 5244 iubemur,
1586 5175 1808 5250 intelligi
1848 5180 1952 5234 sal-

382 5272 648 5326 vatorem,
692 5267 752 5314 ut
776 5274 940 5312 unum
989 5268 1150 5330 atque
1190 5261 1330 5318 idem
1360 5263 1430 5318 sit
1462 5263 1661 5321 dixisse
1686 5284 1705 5319 :
1737 5266 1949 5324 Induite

382 5370 475 5409 vos
502 5353 678 5406 omnia
707 5367 857 5404 arma
889 5348 1019 5417 Dei,
1070 5351 1226 5421 quasi
1254 5353 1489 5408 dixerit:
1536 5353 1745 5412 lnduite
1767 5357 1950 5413 Domi-

384 5458 513 5497 num
553 5440 736 5498 Jesum
759 5439 1051 5497 Christum.
1081 5440 1139 5497 Si
1164 5443 1309 5498 enim
1329 5443 1601 5516 cingulum
1626 5446 1827 5503 veritas
1843 5456 1949 5515 est,

384 5540 440 5586 et
465 5531 630 5587 lorica
645 5530 855 5602 justitia
877 5539 989 5598 est,
1020 5532 1258 5587 salvator
1279 5540 1458 5587 autem
1487 5539 1543 5587 et
1564 5534 1764 5591 veritas
1790 5544 1846 5592 et
1865 5536 1953 5605 ju-

385 5618 531 5673 s:ltia
562 5622 889 5684 nominatur,
915 5619 1045 5675 nulli
1070 5619 1288 5676 dubium
1314 5621 1444 5693 quin
1466 5621 1576 5691 ipse
1598 5630 1653 5676 et
1680 5624 1952 5698 cingulum

1971 4420 2025 4480 D

2057 3169 2277 3239 quddam
2303 3171 2575 3233 daemones
2598 3175 2873 3231 amoribus
2892 3184 2949 3232 et
2973 3178 3254 3233 amatoriis
3277 3177 3503 3234 canticis
3524 3191 3644 3233 ser-

2055 3264 2266 3322 vientes
2291 3305 2309 3331 ,
2348 3275 2406 3339 et
2432 3265 2698 3339 Propheta
2727 3283 2943 3339 quoque
2975 3280 3369 3325 commemorat
3410 3269 3642 3326 dicens:

2057 3353 2261 3427 Spiritu
2289 3356 2657 3427 fornicationis
2695 3359 2894 3414 seducti
2918 3369 3061 3414 sunt.
3110 3359 3218 3415 Alii
3253 3376 3383 3416 vero
3419 3360 3643 3415 iracun-

2055 3448 2173 3505 dias
2195 3457 2252 3505 et
2277 3449 2488 3506 furores
2515 3460 2571 3506 et
2595 3452 2735 3507 bella
2761 3454 3129 3518 committere,
3156 3453 3248 3507 alii
3272 3468 3508 3523 prmesse
3533 3453 3642 3508 ini-

2055 3540 2307 3605 micitiis,
2351 3549 2408 3595 et
2434 3542 2575 3595 inter
2601 3542 2852 3596 homines
2879 3543 3003 3597 odia
3026 3543 3321 3598 concitare.
3354 3544 3497 3610 Quia
3524 3543 3641 3600 vult

2053 3644 2206 3702 ergo,
2249 3632 2435 3697 aiunt,
2479 3632 2767 3703 Apostolus
2793 3648 2893 3689 nos
2929 3634 3144 3700 decere,
3196 3650 3302 3690 non
3330 3651 3398 3691 ex
3442 3646 3641 3694 natura

2051 3722 2294 3794 corporis
2322 3730 2376 3777 et
2404 3723 2631 3779 materia
2678 3724 2860 3779 carnis
2900 3732 2954 3781 et
2983 3724 3291 3798 sanguinis,
3335 3726 3453 3783 haec
3484 3731 3641 3785 vitio-

2052 3831 2172 3870 rum
2199 3830 2396 3887 genera
2422 3817 2715 3886 procreari,
2745 3818 2838 3874 sed
2872 3818 3128 3874 instinctu
3154 3819 3483 3885 daemonum,
3515 3837 3643 3891 pro-

2049 3915 2234 3977 pterea
2262 3906 2373 3961 ait:
2407 3907 2531 3962 Non
2549 3917 2624 3962 est
2652 3909 2799 3963 nobis
2830 3908 3128 3964 colluctatio
3152 3909 3401 3965 adversus
3428 3929 3638 3967 carnem

2049 4008 2097 4053 et
2119 4000 2426 4071 sanguinem
2447 4041 2461 4067 ,
2489 4001 2580 4055 sed
2622 4001 2869 4056 adversus
2890 4002 3220 4073 principatus
3257 4012 3305 4057 et
3330 4012 3637 4075 potestates,

2048 4097 2105 4143 et
2145 4087 2244 4143 rel.
2298 4089 2405 4145 Sed
2450 4091 2715 4146 adversus
2763 4101 3002 4148 rectores
3043 4108 3230 4148 earum
3266 4093 3639 4159 tenebrarum,

2048 4193 2169 4249 qum
2196 4179 2322 4236 huic
2345 4182 2544 4237 mundo
2574 4181 2851 4248 incubant,
2873 4189 2927 4237 et
2948 4196 3191 4239 errorem
3219 4184 3523 4238 hominibus
3551 4183 3639 4238 in-

2048 4270 2382 4327 credulitatis
2417 4272 2725 4339 oﬂ'undunt,
2756 4282 2813 4327 ct
2841 4276 3125 4330 adversum
3153 4275 3419 4345 spiritalia
3446 4275 3635 4344 nequi-

2050 4361 2162 4427 tize,
2186 4377 2306 4432 qua:
2346 4362 2591 4417 habitant
2612 4363 2665 4417 in
2688 4363 3022 4419 etelestibus.
3048 4362 3163 4418 Non
3189 4364 3331 4434 quod
3359 4364 3639 4420 dazmones

2051 4452 2106 4506 in
2135 4452 2448 4507 emlestibus
2490 4462 2928 4519 commorantur,
2968 4454 3063 4510 sed
3086 4470 3195 4525 quo
3223 4469 3385 4526 supra
3411 4469 3510 4509 nos
3536 4470 3635 4510 aer

2051 4545 2155 4599 hoc
2184 4559 2377 4598 nomen
2408 4546 2698 4615 acceperit,
2726 4548 2868 4603 unde
2891 4557 2945 4604 et
2967 4564 3095 4606 aves
3120 4565 3238 4620 qua:
3264 4550 3494 4607 volitant
3533 4566 3633 4621 per

2049 4646 2256 4697 aerem,
2285 4631 2533 4688 volucres
2552 4634 2675 4689 cali
2707 4651 2827 4691 esse
2852 4638 3121 4694 dicuntur.
3162 4638 3287 4696 lltee
3311 4648 3490 4695 autem
3510 4656 3631 4695 om-

2049 4721 2197 4774 nium
2220 4720 2496 4776 doctorum
2525 4724 2708 4794 opinio
2737 4735 2852 4791 est,
2898 4730 3039 4799 quod
3067 4746 3161 4785 aer
3186 4731 3289 4787 iste
3313 4732 3406 4803 qui
3431 4730 3633 4787 caelum

2047 4816 2104 4864 et
2131 4816 2331 4864 terram
2372 4813 2583 4869 medius
2604 4813 2847 4873 dividens
2888 4817 3049 4875 inane
3087 4821 3408 4892 appellatur,
3437 4821 3635 4891 plenus

2051 4901 2123 4955 sit
2153 4903 2436 4959 contrariis
2463 4903 2889 4964 fortitudinibus.

2123 4991 2233 5065 (Ea:
2260 4993 2509 5067 August.)
2534 4994 2651 5052 Non
2683 4998 2943 5055 adversus
2972 5016 3192 5057 carnem
3232 5010 3287 5057 et
3312 5001 3631 5074 sanguinem

2050 5095 2135 5141 est
2158 5085 2311 5141 nobis
2330 5087 2663 5156 colluctatio,
2691 5090 2743 5146 id
2770 5099 2880 5158 est,
2904 5095 3163 5150 adversus
3198 5097 3495 5161 hominem,
3531 5097 3628 5151 sed

2052 5177 2308 5233 adversus
2330 5180 2663 5252 principatus
2690 5193 2744 5238 et
2770 5193 3093 5256 potestates,
3123 5188 3177 5244 id
3201 5197 3303 5253 est,
3332 5188 3630 5255 dzemones,

2051 5268 2144 5337 qui
2198 5277 2322 5323 sunt
2374 5272 2673 5341 spiritualia
2729 5277 3019 5345 nequitirc,
3073 5280 3332 5335 adversus
3388 5288 3631 5336 rectores

2051 5358 2257 5412 mundi.
2306 5358 2537 5431 Exponit
2557 5362 2685 5432 quid
2715 5364 2789 5418 sit
2810 5368 3065 5433 mundus,
3087 5368 3244 5438 cujus
3266 5377 3392 5423 sunt
3436 5369 3509 5423 illi
3544 5384 3633 5426 re-

2051 5456 2256 5516 ctores,
2276 5465 2397 5505 eum
2419 5452 2581 5507 dicit:
2608 5451 2848 5510 [lectores
2872 5458 3051 5512 mundi
3065 5460 3389 5514 tenebrarum
3414 5460 3629 5515 harum:

2055 5540 2400 5598 dilectoribus
2441 5543 2554 5599 suis
2596 5552 2650 5598 et
2690 5545 2989 5604 inﬁdelibus
3031 5549 3220 5620 plenus
3260 5559 3344 5605 est
3372 5550 3632 5617 mundus,

2057 5632 2158 5688 hos
2182 5632 2413 5703 appellat
2432 5634 2723 5705 Apostolus
2741 5638 3010 5706 tenebras,
3038 5641 3229 5696 horum
3258 5651 3497 5697 rectores
3525 5643 3619 5699 dia
