3952 6436
345 287 451 341 49⁸5

1143 282 1658 342 COLLECTIONES
1693 283 1758 339 IN
1799 279 2179 339 EPISTOLAS
2216 281 2302 336 ET
2339 279 2747 338 EV'ANGELM.

3491 277 3588 332 ιεη

340 397 497 454 belus
519 405 600 452 est
629 405 683 451 et
711 396 885 466 angeli
927 396 1073 466 ejus,
1111 398 1223 451 haec
1252 398 1483 451 tenebrzc
1517 413 1623 452 non
1663 405 1787 450 sunt
1831 396 1910 450 in-
1940 398 1988 456 Α
2018 407 2079 448 xv
2115 395 2158 465 ),
2188 410 2308 449 cum
2334 411 2457 450 area
2489 396 2698 450 Domini
2727 395 2969 450 habitare
3000 409 3103 448 non
3146 401 3367 463 possunt
3396 395 3581 466 (Leuit.

343 487 784 551 eommutabiles,
828 488 921 542 sed
949 488 1238 557 aliquando
1264 496 1565 552 mutantur,
1607 497 1663 542 et
1688 487 1778 541 lux
1804 486 1915 542 elli-

341 575 576 638 ciunlur,
607 583 661 628 et
702 575 894 629 dicitur
926 575 1046 630 eis:
1104 574 1303 629 Fuistis
1332 573 1616 644 aliquando
1667 575 1910 640 tenebrtr,

339 683 480 721 nunc
507 677 680 719 autem
709 664 802 719 lux
833 665 886 718 in
905 664 1151 719 Domino.

408 755 521 828 (Ea:
552 752 814 828 Primas.)
849 754 981 810 Item
1007 771 1135 811 caro
1155 763 1213 810 et
1239 757 1456 828 sanguis
1495 758 1656 812 homo
1696 756 1910 818 dicitur,

338 848 436 902 sed
463 849 718 903 adversus
758 849 1030 920 principes
1055 859 1109 904 et
1143 858 1459 920 potestates,
1509 849 1599 918 qui
1630 849 1730 903 sibi
1762 849 1912 918 prin-

340 939 574 1010 cipatum
601 942 654 996 iu
676 942 835 1012 hujus
859 943 1042 998 mundi
1070 944 1314 1000 homines
1335 953 1680 1012 usurparunt.
1717 943 1783 998 Et
1822 943 1913 1012 qui

343 1030 654 1101 ignorantes
686 1033 904 1088 animas
928 1048 1026 1103 per
1072 1043 1294 1103 peccata
1321 1035 1584 1088 seducunt
1625 1033 1912 1090 adversum

340 1121 524 1176 mundi
553 1129 792 1176 rectores
819 1122 1163 1177 tenebrarum
1202 1123 1414 1177 harum.
1449 1119 1649 1175 Fuistis
1676 1125 1810 1176 enim
1840 1131 1915 1176 te-

339 1209 531 1275 nelmv,
573 1227 710 1265 nunc
737 1223 908 1266 autem
933 1212 1026 1266 lux
1054 1213 1108 1266 in
1133 1211 1376 1277 Domino,
1421 1221 1609 1268 contra
1643 1213 1914 1284 spiritales

336 1297 542 1368 hostes,
569 1304 867 1373 spiritua‘lia
905 1317 1053 1358 arma
1085 1304 1344 1359 sumenda
1375 1312 1522 1368 sunt,
1559 1305 1913 1362 ntdissimili-

338 1393 468 1448 tudo
498 1403 704 1448 naturae
727 1408 1000 1449 armorum
1030 1395 1339 1450 fortitudine
1365 1403 1694 1466 protegatur,
1724 1399 1906 1452 adver-

334 1498 457 1538 sum
484 1499 618 1551 quos
648 1485 802 1539 nobis
835 1495 918 1539 est
941 1481 1252 1540 colluctatio
1275 1484 1330 1538 in
1357 1485 1690 1549 coelestibus,
1732 1485 1783 1539 id
1807 1494 1910 1551 est,

337 1589 435 1644 pro
455 1575 756 1630 ccelestium
771 1576 1133 1646 promissione
1151 1575 1512 1644 prtemiorum.
1541 1573 1648 1647 (Ex
1667 1575 1912 1648 August.)

337 1666 527 1720 Adhuc
553 1674 773 1736 propter
800 1668 900 1722 hoc
927 1668 1068 1737 quod
1097 1668 1174 1721 ait
1201 1667 1254 1719 in
1299 1665 1586 1720 ccclesiibus
1610 1679 1627 1716 :
1661 1665 1796 1733 Quia
1827 1667 1910 1721 vi-

2008 485 2153 554 xtu),
2183 492 2239 538 et
2266 486 2557 540 secundum
2590 487 2640 540 id
2683 487 2896 556 quidem
2929 486 3070 555 quod
3115 485 3338 539 veritate
3365 483 3592 554 prrecin-

2010 582 2131 629 aus
2152 583 2254 637 est,
2287 574 2339 629 id
2370 585 2454 630 est
2491 576 2726 640 Christo,
2776 593 2879 631 non
2912 575 3068 631 facile
3094 579 3162 631 ad
3197 575 3448 630 falsitatis
3469 572 3594 642 dog-

2013 673 2158 718 mata
2187 665 2502 720 deducetur.

2083 754 2267 808 lnduti
2304 756 2522 810 loricam
2543 758 2788 827 justitia'.
2835 758 2935 826 (Ex
2964 757 3214 828 Primus.)
3245 758 3399 814 Sicut
3423 757 3589 813 lorica

2014 847 2196 902 multis
2229 847 2447 902 circulis
2475 847 2759 910 intexitur,
2809 850 2889 904 sic
2917 859 2972 904 et
2990 848 3200 918 justitia
3231 849 3458 917 divorsis
3483 849 3595 904 vir-

2011 945 2190 990 tutum
2223 939 2560 991 connectitur
2583 937 2862 1007 speciebus
2891 978 2905 1001 ,
2944 937 2997 991 in
3043 940 3247 992 unitate
3286 954 3393 992 non
3417 937 3590 993 solum

2013 1024 2247 1093 pectoris
2270 1027 2623 1090 conscientia,
2661 1027 2754 1082 sed
2783 1036 2836 1081 et
2862 1027 3068 1082 ventris
3093 1027 3441 1093 continentia,
3487 1043 3588 1082 nec

2013 1127 2120 1167 non
2177 1113 2244 1167 ad
2293 1113 2557 1170 femorum
2598 1130 2767 1185 usque
2809 1115 3062 1187 pertingit
3108 1115 3385 1170 libidinem
3441 1129 3594 1170 coer-

2012 1202 2261 1256 cendam.

2085 1292 2195 1363 (Ex
2223 1291 2467 1366 Hieron.)
2499 1293 2599 1362 Qui
2623 1294 2765 1350 enim
2801 1296 3167 1352 circumdatur
3192 1295 3474 1368 multiplici
3497 1313 3592 1354 ve-

2013 1390 2095 1437 ste
2117 1381 2359 1451 justitiaa,
2397 1398 2496 1438 nec
2519 1383 2585 1438 ad
2609 1384 3010 1439 similitudinem
3032 1385 3176 1440 cervi
3199 1386 3251 1439 in
3270 1380 3429 1454 jecur
3454 1386 3596 1442 acci-

2013 1474 2092 1544 pit
2107 1473 2382 1544 sagittam,
2412 1489 2515 1530 nec
2543 1476 2596 1530 in
2626 1477 2888 1532 desideria
2916 1479 3138 1545 corruit,
3166 1487 3221 1535 et
3244 1476 3470 1544 furores,
3496 1481 3590 1538 sed

2013 1564 2119 1617 erit
2171 1564 2372 1618 mundo
2416 1566 2578 1620 corde
2627 1567 2831 1622 habens
2878 1568 3144 1624 artiﬁcem
3192 1570 3352 1640 hujus
3403 1568 3584 1626 lorica.-

2014 1656 2206 1720 Deum,
2236 1656 2328 1724 qui
2351 1656 2639 1727 unicuique
2678 1667 2986 1713 sanctorum
3027 1660 3206 1714 omnia
3235 1675 3384 1715 arma
3413 1658 3585 1716 fabri-

336 1757 494 1811 dctur
521 1733 848 1829 ambiguum,
877 1733 1160 1813 dicendum
1182 1757 1458 1812 subaudiri
1484 1771 1664 1825 posse,
1698 1756 1824 1810 illud
1846 1758 1911 1811 ad
1943 1733 1988 1792 Β
2015 1753 2188 1800 081"?-

335 1847 518 1901 omnia
546 1855 603 1902 ut
624 1847 724 1912 sit,
755 1862 861 1902 non
886 1857 971 1902 est
1009 1848 1169 1902 nobis
1191 1844 1502 1903 colluctatio
1527 1848 1788 1902 adverStts
1813 1862 1911 1918 po-

337 1944 561 1992 testates
586 1939 639 1990 in
683 1937 992 1997 caalestibus
1019 1946 1072 1992 et
1109 1946 1346 1992 rectores
1387 1937 1728 1992 tenebrarum
1777 1937 1912 1992 ista-

336 2041 454 2080 rum
479 2026 531 2080 iu
561 2026 888 2094 coelestibus,
921 2035 975 2082 et
999 2027 1299 2098 spiritualia
1327 2027 1580 2097 nequitia:
1606 2027 1659 2082 in
1685 2027 1916 2084 cmlesti-

336 2115 454 2173 bus.
509 2116 754 2174 Sciamus
781 2119 1173 2188 autem.quo:i,
1221 2128 1449 2190 excepto
1492 2121 1743 2188 praesenti
1775 2119 1912 2184 loco,

335 2220 435 2260 nec
461 2206 514 2261 in
542 2205 723 2263 Veteri
767 2223 866 2264 nec
895 2209 948 2262 in
980 2206 1128 2264 Novo
1158 2209 1503 2264 Testamento
1529 2209 1713 2266 mundi
1741 2218 1915 2264 recto-

335 2311 424 2352 res
467 2313 702 2367 unquam
743 2297 1052 2370 legerimus,
1093 2300 1234 2370 quod
1260 2314 1455 2355 nomen
1483 2300 1686 2355 ideirco
1717 2299 1915 2356 Paulus

334 2390 610 2459 apostolus
641 2390 829 2457 ﬁnxit,
873 2391 996 2462 quia
1030 2406 1253 2448 necesse
1280 2390 1512 2448 habebat
1559 2391 1626 2446 aJ
1653 2392 1914 2462 Ephesios

335 2481 614 2552 disputans
643 2482 709 2537 de
756 2481 916 2538 rebus
943 2481 1097 2537 nobis
1123 2489 1176 2537 et
1213 2481 1568 2537 iuvisibilibns
1593 2521 1608 2546 ,
1651 2497 1787 2536 nova
1817 2495 1914 2536 no-

335 2571 480 2625 mina
503 2579 781 2641 coaptare.

406 2660 687 2733 Propterea
723 2661 955 2733 accipite,
1005 2669 1111 2717 etc.
1162 2659 1492 2732 Simpliciter
1539 2660 1800 2733 Ephesios
1844 2661 1913 2717 ad

335 2749 542 2806 futuras
570 2750 900 2806 tentationes
920 2759 974 2807 et
993 2753 1418 2821 persecutiones,
1447 2767 1582 2822 quas
1604 2753 1684 2807 eis
1713 2752 1914 2809 Paulus

334 2841 606 2911 apostolus
630 2849 751 2910 post
776 2841 914 2896 hanc
935 2841 1214 2911 epistolam
1245 2843 1540 2912 prophetiae
1565 2843 1780 2898 videbat
1810 2842 1913 2912 spi-

334 2933 441 2987 ritu
465 2932 750 3003 provenire
772 2939 1083 2988 coarctatur
1109 2939 1164 2987 et
1185 2940 1366 2986 monet
1391 2939 1450 2985 ut
1479 2932 1658 2986 omnia
1683 2931 1906 2997 faciant,

334 3041 430 3096 per
456 3040 574 3094 qua:
606 3023 813 3094 possint
842 3024 895 3079 in
934 3025 1036 3080 ﬁde
1059 3033 1205 3080 stare
1232 3024 1527 3095 Evangelii,
1575 3038 1676 3079 nec
1710 3023 1763 3078 in
1787 3036 1907 3094 per-

332 3114 608 3169 secutione
653 3129 926 3170 corruere.
982 3113 1132 3168 Diem
1178 3113 1374 3169 malum
1425 3129 1662 3183 praesens
1720 3122 1902 3169 autem

333 3216 545 3276 tempus
569 3205 824 3270 ostendit,
857 3205 922 3260 (Te
950 3220 1057 3277 quo
1098 3221 1257 3276 supra
1291 3206 1538 3262 dixerat:
1574 3203 1904 3261 Redimentes

332 3306 552 3364 tempus,
581 3295 831 3366 quoniam
858 3294 968 3350 dies
995 3295 1120 3349 mali
1162 3305 1312 3360 sunt,
1359 3303 1579 3367 propter
1601 3296 1902 3367 angustiam

332 3392 387 3438 et
428 3385 552 3438 vitae
593 3382 750 3453 hujus
780 3385 1019 3450 labores,
1066 3385 1190 3456 quia
1224 3401 1332 3440 nou
1376 3385 1578 3456 absque
1626 3387 1821 3441 sudore
1850 3393 1905 3442 et

333 3473 627 3529 certamine
650 3476 1024 3546 perveniamus
1062 3477 1127 3532 ad
1154 3477 1405 3548 palmam,
1458 3487 1551 3532 aut
1589 3487 1736 3534 certe
1775 3493 1905 3534 con-

333 3565 707 3622 summationis
746 3573 905 3637 atque
930 3565 1148 3636 judicii,
1200 3570 1266 3624 de
1291 3585 1398 3640 quo
1422 3566 1574 3626 Joel:
1631 3569 1802 3641 Prope
1827 3579 1903 3625 est

333 3657 443 3711 dies
473 3658 798 3714 tembrarum
823 3671 870 3714 et
907 3662 1148 3726 turbinis,
1188 3662 1298 3717 dies
1325 3663 1528 3717 nebulte
1564 3672 1610 3717 et
1641 3663 1901 3735 caliginis.

333 3758 387 3804 et
415 3749 510 3806 rel.
545 3751 704 3822 (Joel.
737 3751 822 3823 ιι.)
852 3752 923 3808 Ut
945 3753 1110 3824 igitur
1134 3756 1306 3824 possit
1327 3756 1448 3826 quis
1469 3755 1523 3810 in
1554 3757 1659 3811 hac
1683 3757 1768 3812 die
1795 3759 1904 3812 dia-

333 3841 455 3896 bolo
496 3844 750 3899 resistere
772 3885 786 3909 ,
831 3845 953 3912 quia
983 3845 1094 3916 ipse
1119 3855 1201 3900 est
1230 3855 1512 3902 accusator
1553 3846 1778 3901 fratrum
1807 3863 1904 3901 no-

333 3941 591 3999 strorum,
621 3943 862 3988 assumat
901 3935 1079 3988 omnia
1105 3950 1252 3988 arma
1285 3936 1412 3998 Dei,
1450 3936 1551 3991 hoc
1579 3937 1721 3990 enim
1749 3948 1906 3992 sonat

333 4019 610 4085 πανοπλία,
653 4037 759 4075 non
791 4022 927 4076 utin
973 4022 1162 4078 Latino
1186 4025 1502 4094 simpliciter
1537 4040 1688 4078 arma
1728 4034 1905 4080 trans-

335 4109 442 4164 lata
466 4120 612 4171 sunt.
659 4120 713 4166 et
736 4113 986 4168 omnibus
1023 4114 1138 4168 telis
1163 4115 1434 4182 armisque
1479 4116 1808 4180 succinctus,
1839 4119 1905 4173 de

333 4199 601 4268 quibusin
624 4203 970 4270 sequentibus
990 4201 1288 4272 explicatur
1311 4221 1322 4256 :
1358 4205 1506 4258 Sciat
1526 4213 1652 4262 tunc
1676 4221 1733 4261 se
1760 4216 1904 4262 stare

336 4304 510 4360 posse,
547 4291 593 4346 si
622 4293 868 4346 universa
899 4292 1059 4346 fuerit
1079 4301 1362 4362 Operatus,
1394 4303 1453 4348 ut
1481 4295 1668 4363 plenus
1697 4300 1904 4354 cunctis

336 4381 624 4436 virtutibus
651 4382 895 4436 stabilem
925 4382 1050 4452 ﬁgat
1075 4383 1318 4453 gradum,
1339 4393 1519 4439 etnon
1544 4397 1822 4442 moveatur
1839 4389 1905 4446 de

337 4473 474 4526 acie.

411 4562 558 4619 State
593 4581 714 4636 ergo
736 4566 986 4620 succincti
1016 4567 1216 4624 lumbos
1239 4579 1431 4624 vestros
1457 4572 1510 4624 in
1541 4574 1772 4628 veritate.
1807 4573 1907 4645 (Ex

337 4655 594 4723 Primas.)
654 4655 883 4712 Perfecti
930 4667 1103 4714 estote
1152 4659 1361 4717 lumbos
1412 4665 1609 4719 mentis
1659 4665 1910 4731 accincti,

337 4746 441 4801 hoc
469 4755 572 4811 est,
611 4745 664 4801 in
703 4747 848 4801 omni
874 4749 1059 4818 prmlio
1107 4748 1332 4805 viriliter
1377 4754 1694 4823 praeparati,
1738 4765 1789 4810 et
1842 4758 1910 4810 ab

337 4835 586 4891 omnibus
613 4836 759 4891 euris
787 4837 965 4892 seculi
991 4839 1244 4908 expediti.

408 4923 516 4995 (Ea:
547 4925 791 4996 Hieron.)
834 4925 985 4994 Quod
1020 4926 1177 4996 juxta
1223 4932 1460 4985 membra
1497 4934 1676 4988 carnis
1701 4943 1757 4989 et
1796 4951 1914 4992 cor-

337 5016 484 5085 poris
508 5018 688 5072 omnia
737 5019 975 5073 mcmbra
1011 5021 1204 5076 anima:
1250 5022 1301 5076 in
1335 5023 1628 5095 Scripturis
1654 5039 1912 5084 vocentur

338 5107 469 5162 nulli
502 5108 719 5163 dubium
746 5119 847 5173 est,
894 5110 959 5164 de
988 5111 1183 5180 quibus
1220 5129 1382 5168 unum
1413 5124 1540 5184 puto
1568 5131 1720 5183 esse,
1765 5135 1910 5173 nunc

337 5199 636 5253 membrum
680 5200 919 5265 lumbos,
951 5218 1086 5271 quos
1118 5211 1176 5256 ut
1213 5205 1558 5276 accingamus
1599 5225 1629 5262 ιι
1669 5211 1912 5266 Veritatc

338 5289 681 5358 ptmcipitur:
715 5291 833 5345 Sint
878 5291 1039 5346 lumbi
1088 5293 1243 5346 uestri
1286 5297 1548 5363 prwciucti
1587 5307 1635 5351 et
1677 5297 1904 5353 lucerna:

337 5379 576 5435 ardentes
605 5379 755 5452 (Luc.
800 5381 922 5450 xu),
954 5384 1056 5438 hoc
1105 5385 1244 5438 idem
1276 5401 1400 5440 reor
1432 5394 1489 5440 et
1535 5386 1663 5443 illud
1701 5389 1908 5459 signiti-

339 5483 466 5524 care
491 5509 507 5534 ,
544 5471 687 5539 quod
712 5469 946 5526 Joannes
981 5488 1168 5528 zonam
1215 5475 1490 5544 pclliceam
1523 5477 1754 5534 habebat
1795 5479 1905 5534 eir-

341 5574 464 5614 cum
495 5560 704 5617 lumbos
724 5579 868 5625 suos.
900 5572 955 5618 et
983 5580 1085 5620 non
1114 5577 1228 5621 erat
1250 5568 1315 5622 de
1337 5569 1648 5634 immundis,
1678 5571 1767 5641 qui
1791 5585 1907 5641 pro-

343 5661 462 5720 pter
505 5653 702 5708 ﬁuxtun
753 5657 975 5710 seminis
1021 5667 1173 5712 extra
1223 5669 1400 5715 castra
1452 5661 1672 5732 projecti
1719 5661 1905 5734 (Lcrit.

2087 1835 2154 1889 Et
2182 1835 2399 1890 calceati
2423 1837 2596 1906 pedes,
2633 1846 2743 1895 etc.
2790 1837 3111 1910 Diligentius
3135 1842 3419 1897 observate
3446 1846 3588 1914 quod

2013 1925 2268 1982 virtutem
2295 1927 2581 1996 quamdam
2609 1929 2801 1983 animze
2823 1930 3167 2000 appellaverit
3191 1933 3372 2002 pedes,
3397 1935 3592 2004 quibus

2013 2015 2368 2086 ingredimur,
2395 2017 2448 2072 in
2471 2033 2537 2073 eo
2553 2018 2646 2088 qui
2676 2019 2806 2073 dicit
2829 2037 2841 2072 :
2873 2019 2984 2091 Ego
3005 2037 3120 2075 sum
3143 2023 3222 2077 ria
3244 2022 3424 2093 (Joan.
3453 2026 3588 2094 xxv).

2014 2106 2156 2161 Etde
2168 2108 2364 2179 quibus
2388 2109 2666 2166 cauimus:
2691 2111 2894 2183 Dirige,
2920 2113 3164 2178 Domine,
3191 2117 3355 2185 pedes
3375 2127 3592 2176 nostros

2016 2195 2071 2250 in
2118 2198 2258 2252 viam
2294 2200 2464 2268 pacis,
2497 2217 2633 2271 quos
2673 2211 2884 2272 Oportet
2918 2203 3161 2260 caleeare
3198 2210 3592 2278 praeparatione

2015 2287 2290 2360 Extangelii
2320 2291 2490 2361 pacis.
2541 2292 2643 2360 Qui
2679 2293 2840 2364 igitur
2882 2293 3046 2349 habet
3079 2309 3286 2364 pacem,
3319 2297 3592 2356 calceatus

2013 2385 2098 2433 est
2129 2377 2328 2434 Christi
2371 2379 2683 2454 Evangelio,
2732 2390 2786 2436 et
2812 2382 3013 2440 idcirco
3038 2384 3200 2439 homo
3239 2387 3392 2455 pacis
3420 2386 3595 2445 factus

2012 2476 2119 2534 est,
2165 2477 2221 2524 et
2267 2483 2367 2527 nec
2393 2471 2641 2527 bellicum
2669 2471 2869 2543 aliquid
2892 2510 2907 2539 ,
2959 2482 3012 2528 et
3047 2474 3429 2552 tumultuosum
3459 2479 3594 2549 agit,

2013 2576 2115 2616 nec
2143 2576 2264 2617 cum
2292 2562 2377 2618 his
2407 2564 2496 2632 qui
2535 2563 2874 2635 inpueparati
2903 2572 3048 2630 sunt,
3088 2567 3551 2624 condemnabitur.

2083 2654 2150 2710 In
2174 2657 2412 2711 omnibus
2441 2668 2701 2712 sumentes
2735 2668 2937 2712 scutum
2983 2657 3129 2726 ﬁdei,
3178 2659 3234 2712 in
3254 2675 3357 2730 quo
3381 2662 3593 2731 possitis

2010 2747 2188 2800 omnia
2214 2747 2336 2809 tela,
2372 2757 2479 2802 etc.
2519 2747 2684 2814 Quasi
2711 2749 2908 2802 dixerit
2935 2748 2988 2801 in
3024 2749 3168 2802 omni
3199 2763 3362 2820 opere
3380 2760 3595 2821 portate

2011 2837 2258 2908 clypeum
2281 2837 2424 2900 lidei,
2452 2847 2510 2892 ut
2531 2839 2751 2910 possitis
2777 2841 2902 2896 tecti
2927 2850 3089 2910 atque
3114 2841 3304 2895 muniti
3341 2842 3592 2911 excipere

2013 2929 2289 2984 venientes
2311 2929 2554 3000 sagittas,
2585 2936 2644 2984 et
2665 2929 2770 2984 huc
2797 2938 2960 3001 atque
2986 2931 3114 2986 illuc
3135 2939 3253 2985 arte
3279 2945 3373 2986 eas
3402 2931 3590 2988 bellica

2011 3018 2304 3074 declinare.
2334 3018 2625 3089 Perspicua
2650 3028 2828 3075 autem
2857 3028 2984 3075 sunt
2999 3020 3177 3089 jacula
3203 3019 3444 3092 maligni,
3473 3037 3593 3093 quae

2009 3110 2122 3163 vult
2153 3111 2368 3165 mittere
2402 3109 2456 3164 in
2487 3111 2650 3164 corda
2681 3119 2864 3165 nostra
2911 3125 3009 3180 per
3037 3109 3391 3181 cogitationes
3422 3114 3592 3182 pessi-

2006 3214 2124 3254 mas
2149 3238 2164 3264 ,
2209 3200 2276 3254 de
2319 3199 2515 3270 quibus
2565 3216 2728 3254 unum
2758 3197 2896 3268 jeeit
2943 3201 2996 3254 in
3037 3215 3133 3255 cor
3163 3197 3350 3267 Judze,
3388 3209 3447 3255 ut
3482 3209 3591 3255 tra-

2003 3291 2158 3346 deret
2191 3291 2514 3347 salvatorem
2551 3291 2730 3363 (Joan.
2766 3290 3114 3362 xm).ltaque
3141 3292 3226 3347 vel
3259 3292 3583 3364 principibui

2003 3385 2220 3455 quidem
2269 3385 2471 3440 habere
2509 3385 2712 3455 poterit
2749 3385 3004 3440 inimicus
3042 3385 3360 3440 vulnerandi
3383 3423 3400 3451 ,
3436 3386 3483 3440 si
3519 3395 3594 3440 le-

2005 3475 2280 3530 nucrimus
2323 3481 2535 3530 scutum
2580 3475 2704 3530 fidei
2729 3515 2745 3541 ,
2797 3475 2852 3530 iu
2889 3490 2996 3545 quo
3030 3489 3136 3530 non
3167 3473 3340 3531 solum
3374 3476 3594 3531 venien-

2005 3567 2136 3622 tium
2171 3567 2273 3621 tela
2319 3566 2676 3638 franguntur,
2725 3567 2819 3622 sed
2855 3568 3018 3623 etiam
3048 3566 3278 3622 telorum
3312 3567 3427 3637 ipse
3450 3568 3591 3639 ignis

2003 3660 2398 3731 exstinguitur;
2431 3659 2719 3715 infidelitas
2738 3675 2951 3730 quoque
2974 3658 3191 3714 inimica
3214 3667 3299 3714 est
3320 3657 3468 3726 ﬁdei,
3495 3659 3585 3716 ubi

2004 3758 2214 3805 scutum
2244 3758 2328 3806 est
2352 3750 2496 3815 ﬁdei,
2533 3751 2666 3806 nihil
2701 3750 2922 3806 valebit.

2074 3842 2144 3896 Et
2185 3842 2392 3913 galeam
2427 3843 2615 3897 salutis
2640 3844 2911 3898 assumite.
2955 3843 3182 3915 Propter
3215 3843 3355 3900 hanc
3381 3843 3590 3915 galeam

2003 3931 2296 3987 salutarem
2347 3947 2539 3988 omnes
2591 3934 2644 3988 in
2699 3935 2878 4004 capite
2935 3943 3121 3989 nostro
3165 3949 3355 3990 sensus
3399 3933 3592 4007 integri

2003 4028 2371 4089 perseverant.
2410 4020 2467 4075 Si
2495 4021 2642 4076 eni-u
2673 4030 2835 4091 caput
2865 4023 2963 4076 viri
2999 4021 3246 4078 Christus
3273 4031 3375 4087 est,
3414 4025 3612 4093 sequia

2005 4119 2093 4166 tur
2124 4111 2301 4166 omnis
2327 4118 2511 4166 noster
2552 4127 2744 4168 sensus
2771 4153 2786 4176 ,
2837 4127 3010 4175 mens,
3040 4113 3296 4182 cogitatio
3322 4152 3338 4178 ,
3385 4128 3588 4177 sermo,

2004 4201 2308 4266 consilium,
2357 4201 2401 4256 si
2447 4210 2624 4256 tamen
2657 4204 2926 4272 sapientes
2969 4201 3249 4267 fuerimus,
3286 4203 3340 4257 in
3369 4202 3589 4258 Christo

2005 4292 2132 4346 sint.
2179 4291 2352 4360 Caput
2387 4293 2549 4347 etiam
2573 4334 2589 4358 ,
2627 4293 2768 4363 quod
2816 4302 2902 4349 est
2934 4293 3233 4364 principale
3271 4295 3484 4363 cordis,
3537 4297 3591 4352 in

2009 4397 2116 4450 quo
2151 4396 2342 4436 sensus
2366 4397 2554 4438 omnes
2587 4383 2744 4438 locati
2777 4390 2943 4449 sunt,
2972 4384 3158 4440 salutis
3179 4385 3332 4458 galea
3357 4388 3591 4444 circum-

2012 4471 2193 4524 datum
2227 4486 2332 4526 non
2367 4471 2732 4540 quassabitur.

2085 4581 2152 4635 Et
2198 4581 2431 4652 gladium
2480 4584 2696 4654 spiritus
2724 4623 2740 4649 ,
2770 4585 2911 4655 quod
2948 4594 3025 4641 est
3053 4586 3265 4642 verbum
3316 4587 3430 4642 Dei.
3488 4587 3588 4660 (Ex

2012 4671 2266 4742 Primus.)
2317 4673 2484 4727 Nemo
2512 4674 2738 4728 militum
2765 4675 2924 4731 audet
2947 4675 3016 4730 ad
3041 4676 3237 4732 bellum
3269 4677 3386 4733 sine
3415 4678 3591 4749 gladio

2013 4762 2309 4832 proﬁcisci,
2349 4777 2408 4817 se
2441 4763 2585 4818 enim
2613 4773 2887 4834 utcunque
2932 4766 3071 4820 tueri
3115 4775 3324 4835 potest,
3374 4769 3466 4828 sed
3494 4770 3592 4824 ho-

2011 4861 2146 4906 stem
2176 4867 2280 4905 nou
2306 4853 2444 4907 valet
2464 4853 2734 4916 occidere.
2757 4854 2896 4910 sicut
2915 4871 3018 4910 non
3043 4871 3315 4926 nunquam
3333 4857 3496 4912 etiam
3523 4859 3592 4913 ab

2015 4942 2205 4998 audaci
2244 4943 2462 4998 inimico
2491 4944 2740 5000 omnibus
2773 4947 2942 5002 armis
2964 4947 3247 5017 spoliatur,
3284 4948 3589 5017 perimitur,

2012 5034 2088 5089 ita
2120 5033 2238 5089 sine
2269 5033 2363 5089 Dci
2393 5036 2558 5090 verbo
2580 5034 2791 5104 justitia
2813 5038 2990 5093 omnis
3024 5039 3198 5094 intuta
3237 5049 3340 5095 est.
3389 5039 3590 5095 Fidelis

2012 5126 2168 5194 quasi
2191 5125 2273 5180 vir
2299 5125 2528 5180 bellator
2564 5135 2619 5181 et
2641 5125 2820 5191 fortis,
2856 5141 3045 5183 omnes
3089 5137 3264 5184 sectas
3291 5131 3592 5185 contrarias

2011 5219 2229 5278 veritati
2251 5219 2520 5282 concidet,
2545 5219 2851 5282 iubarﬁciet.
2876 5218 3160 5291 jugulabit.
3205 5221 3452 5276 Gladium
3486 5221 3591 5290 spi-

2012 5309 2170 5373 ritus,
2203 5308 2252 5362 id
2273 5315 2376 5371 est,
2409 5308 2632 5364 verbum
2645 5309 2742 5364 Dei
2772 5325 2934 5364 manu
2963 5319 3152 5366 tenens
3173 5311 3408 5364 salvator
3427 5320 3482 5365 et
3505 5326 3591 5365 ve-

2013 5395 2146 5451 ritas
2172 5407 2226 5451 ct
2251 5395 2462 5464 justitia
2490 5397 2819 5453 nominatur.
2864 5397 3005 5454 Nulli
3029 5399 3246 5454 dubium
3275 5435 3290 5463 ,
3321 5399 3450 5468 quin
3475 5400 3589 5469 ipse

2012 5495 2066 5541 et
2098 5488 2369 5559 cingulum
2414 5489 2487 5545 sit
2517 5497 2574 5544 et
2613 5489 2776 5545 lorica
2803 5531 2817 5554 ,
2858 5500 2915 5546 et
2962 5490 3281 5561 pmparatio
3314 5491 3586 5561 Evangelii

2011 5578 2161 5647 pacis
2190 5587 2244 5634 et
2275 5587 2486 5634 scutum
2534 5579 2655 5634 ﬁdei
2706 5589 2761 5634 et
2795 5580 2942 5650 gzlaa
2977 5579 3226 5635 salutaris
3263 5587 3315 5633 et
3352 5581 3586 5651 gladium

2013 5667 2254 5734 spiritus,
2290 5668 2432 5735 quod
2460 5676 2546 5723 est
2581 5667 2801 5722 verbum
2837 5667 2952 5730 Dei,
2987 5675 3042 5722 et
3075 5667 3258 5721 vivens
3288 5682 3489 5733 sermo,
3528 5674 3583 5722 et
