3952 6418
343 307 451 371 ιῧό

1627 288 1982 352 SMARACDI
2021 286 2311 346 ABBATIS

3489 281 3601 340 £96

341 432 550 494 dlicax,
583 429 649 483 de
688 441 794 497 quo
834 413 1118 493 Apostolus
1150 420 1223 473 ait
1252 438 1263 472 :
1301 416 1459 471 Virus
1500 424 1571 468 est
1599 427 1768 467 sermo
1802 408 1920 469 Dei,
1951 408 1999 466 Λ
2025 414 2079 459 et
2109 414 2289 459 tamen
2330 420 2388 459 se
2415 402 2768 472 corporaliter
2796 398 2879 455 ire
2919 395 3238 472 pollicetur;
3278 397 3444 470 reguli
3490 399 3604 454 tilio

340 532 388 575 et
410 521 610 592 eﬁieax,
637 526 684 569 et
710 511 1077 585 penetrabilior
1107 507 1248 562 omni
1290 503 1468 576 gladio
1515 498 1733 569 ancipiti
1754 536 1769 562 ,
1798 510 1920 566 per-

341 587 547 680 tingens
574 620 735 675 usque
755 600 825 655 ad
865 599 1170 654 divisionem
1192 595 1404 657 animm,
1430 608 1491 644 ac
1511 587 1726 659 spiritus
1742 625 1757 650 ,
1783 599 1925 637 eom-

342 676 634 770 paqumque
682 703 728 748 et
768 688 1122 745 medullarum
1160 695 1208 740 et
1254 684 1509 738 discretor
1552 676 1924 748 cogitationum

343 767 541 852 cordis,
572 795 619 840 et
659 799 763 838 non
789 790 863 834 est
891 776 1001 833 ulla
1030 785 1272 831 creatura
1298 767 1581 825 invisibilis
1622 767 1675 819 in
1716 777 1927 832 conspe-

344 886 430 931 rtu
471 851 640 946 ejus,‘
660 871 835 929 omnia
882 877 1055 923 autem
1099 864 1242 918 nuda
1292 872 1339 916 et
1377 866 1557 931 aperta
1601 863 1722 910 sunt
1765 851 1927 906 oculis

345 969 481 1038 ejus.

714 1064 1050 1108 EVANCELIUII
1077 1058 1308 1108 JOANNIS,
1340 1055 1458 1096 CAP.
1494 1051 1568 1092 Π.

424 1166 443 1198 ι
479 1145 612 1200 Erat
659 1142 879 1213 quidam
912 1136 1168 1209 regulus,
1200 1131 1352 1202 cujus
1390 1126 1531 1182 illius
1556 1118 1934 1213 inﬁrmahatur

356 1255 375 1289 s
412 1211 812 1305 Capharnaum.
844 1229 943 1284 llic
970 1242 1091 1282 cum
1131 1223 1390 1281 audisset,
1423 1218 1551 1288 quia
1580 1211 1738 1269 Iesus
1771 1211 1934 1267 adve—

356 1347 377 1382 s
422 1328 562 1382 niret
591 1338 620 1378 a
657 1321 840 1378 Judzea
868 1320 923 1375 in
950 1317 1248 1379 Galilaeam,
1295 1310 1431 1366 abiit
1466 1309 1533 1363 ad
1573 1319 1721 1370 eum,
1764 1311 1817 1357 et
1846 1315 1935 1354 ro-

357 1434 377 1468 ι
418 1413 578 1486 gabat
610 1426 755 1478 eum,
788 1418 850 1464 ut
877 1406 1232 1463 descenderet
1262 1409 1318 1456 et
1357 1404 1578 1455 sanaret
1603 1394 1771 1450 illium
1794 1388 1932 1459 ejus.

359 1525 379 1557 ι
424 1484 718 1574 Incipiebat
762 1499 907 1555 enim
938 1495 1094 1551 mori.
1135 1492 1282 1548 Dixit
1308 1504 1437 1559 ergo
1474 1485 1632 1542 Iesus
1672 1484 1739 1537 ad
1771 1493 1934 1536 eum:

359 1615 377 1646 ι
418 1568 713 1662 Nisi—signa
751 1596 807 1644 et
829 1584 1072 1657 prodigia
1096 1579 1359 1642 videritis,
1390 1593 1498 1632 non
1529 1572 1771 1662 creditis.
1798 1568 1938 1624 Dicit

359 1703 379 1736 ι
424 1684 493 1740 ad
524 1660 650 1737 eum
684 1676 940 1749 regulus:
995 1673 1258 1735 Domine,
1311 1666 1576 1723 descende
1620 1660 1936 1733 priusquam

2022 509 2121 565 per
2167 493 2500 564 corporalem
2547 489 2892 563 praesentiam
2930 504 3034 542 non
3083 488 3341 557 dignatur
3387 486 3605 553 adesse,

2023 587 2355 642 centurionis
2398 599 2528 638 vero
2574 592 2730 638 servo
2770 596 2879 635 non
2925 578 3245 647 dedignatur
3270 593 3601 633 occurrere:

2024 676 2153 744 quid
2188 675 2424 739 esthoc,
2471 673 2577 728 nisi
2604 671 2747 743 quod
2780 668 3031 741 superbia
3063 676 3245 721 nostra
3272 666 3602 730 reconditur,

2025 766 2117 837 Qui
2149 766 2202 821 in
2248 765 2556 819 hominibus
2582 778 2687 817 non
2732 770 3013 823 naturam,
3064 766 3167 827 qua
3199 758 3266 811 ad
3312 758 3602 827 imaginem

2026 856 2121 913 Dei
2152 855 2283 911 lactt
2332 855 2467 918 sint,
2514 854 2610 909 sed
2650 851 2886 907 honores
2920 858 2974 903 et
3002 841 3217 904 divitias
3261 860 3602 905 veneramur.

2028 946 2358 1017 Redemptor
2387 960 2514 999 vero
2541 950 2747 1007 noster,
2768 948 2830 994 ut
2852 938 3181 1000 ostenderet,
3204 936 3328 1007 quia
3353 947 3471 1005 qua:
3495 935 3604 988 alta

2028 1046 2157 1095 sunt
2178 1030 2480 1099 hominum,
2509 1025 2713 1088 sanctis
2740 1028 3082 1099 despicienda
3106 1034 3256 1093 sunt,
3285 1034 3340 1079 et
3366 1036 3484 1095 quae
3507 1020 3606 1078 de-

2029 1137 2210 1199 specta
2239 1137 2366 1183 sunt
2392 1126 2671 1181 hominum
2689 1164 2705 1190 ,
2733 1120 3073 1193 despicienda
3099 1134 3207 1175 non
3236 1124 3363 1173 sunt
3386 1156 3402 1182 ,
3447 1115 3516 1171 ad
3548 1112 3610 1168 li-

2030 1220 2162 1279 lium
2185 1220 2356 1291 reguli
2387 1220 2467 1273 ire
2494 1214 2689 1283 noluit,
2720 1214 2790 1271 ad
2813 1224 3030 1270 servum
3068 1219 3246 1266 autem
3273 1202 3608 1265 centurionis

2033 1312 2113 1367 ire
2138 1318 2359 1380 paratus
2383 1307 2505 1362 fuit.

2104 1398 2336 1453 Credidit
2366 1396 2518 1451 homo
2547 1406 2867 1459 sermonem,
2907 1403 3057 1463 quem
3091 1385 3226 1443 dixit
3253 1388 3300 1442 ei
3327 1386 3511 1451 Iesus,
3551 1390 3606 1441 et

2032 1491 2162 1545 ibat.
2192 1488 2488 1558 lncipiebat
2511 1486 2655 1541 enim
2682 1483 2838 1539 tidem
2866 1483 3068 1537 habere
3097 1478 3151 1535 in
3182 1490 3430 1535 sermone
3455 1476 3603 1541 Jesn,

2036 1589 2093 1636 et
2120 1579 2213 1650 qui
2240 1592 2304 1633 ex
2332 1585 2489 1648 parte
2514 1575 2711 1631 dubius
2732 1572 2899 1635 venit,
2933 1569 3106 1625 ﬁdelis
3131 1568 3383 1630 recessit,
3411 1574 3464 1622 et
3490 1564 3612 1622 ideo

2038 1670 2323 1725 sanitatem
2353 1665 2446 1721 lilii
2474 1665 2690 1720 meruit.

360 1795 380 1826 ι
426 1770 689 1828 moriatur
717 1747 857 1822 ﬁlius
877 1778 1048 1820 meus.
1093 1760 1239 1815 Dixit
1282 1757 1330 1813 ei
1358 1755 1553 1810 Jesus:
1598 1752 1762 1811 Vade,
1796 1747 1936 1803 illius
1966 1768 2011 1827 Β
2105 1760 2230 1815 ,ιαιη
2266 1770 2437 1813 autem
2474 1774 2533 1811 εο
2571 1754 2936 1819 descendente,
2985 1753 3116 1808 εενυε
3156 1760 3494 1806 occurrerunt
3529 1750 3611 1813 εί,

359 1881 380 1915 ι
416 1871 551 1917 tuus
575 1858 728 1915 vivit.
780 1854 1021 1912 Credidit
1063 1852 1223 1906 homo
1269 1845 1503 1903 sermoni
1536 1857 1696 1912 quem
1725 1839 1862 1894 dixit
1887 1837 1936 1893 ei

365 1974 383 2006 ι
426 1952 586 2009 desus
631 1957 687 2006 et
733 1949 865 2004 ibat.
904 1943 1022 2001 iam
1071 1951 1251 1997 autem
1290 1953 1355 1994 eo
1390 1934 1749 1992 descendente
1797 1926 1938 1984 servi

364 2064 385 2096 s
428 2047 781 2099 occurrerunt
809 2036 895 2102 ei,
936 2041 989 2090 et
1031 2031 1417 2087 nuntiaverunt
1460 2026 1752 2080 dicentes:
1803 2019 1940 2087 Quia

364 2153 386 2184 ο
432 2132 574 2188 (ilius
598 2129 715 2200 ejus
735 2126 961 2180 viveret.
981 2118 1359 2189 interrogabat
1383 2130 1511 2186 ergo
1536 2113 1725 2167 horam
1752 2108 1821 2162 ab
1840 2108 1938 2172 cis,

367 2245 389 2277 ο
431 2226 486 2280 ἱη
514 2199 636 2293 qua
657 2217 849 2274 melius
870 2215 1151 2270 habuerat.
1180 2210 1248 2264 Et
1269 2209 1521 2263 dixerunt
1541 2204 1591 2258 ei
1619 2221 1634 2256 :
1658 2201 1796 2269 Quia
1824 2199 1939 2255 beri

368 2334 388 2370 ι
434 2292 568 2371 hora
596 2309 825 2381 septima
857 2303 1077 2373 reliquit
1105 2316 1229 2357 eum
1280 2297 1466 2353 febris.
1514 2292 1781 2364 Cognovit
1807 2305 1938 2360 ergo

368 2424 388 2458 ι
422 2411 605 2476 pater,
638 2398 765 2471 quia
792 2396 886 2452 illa
909 2395 1045 2450 hora
1071 2400 1237 2456 esset,
1273 2390 1327 2444 in
1353 2401 1460 2459 qua
1490 2386 1626 2441 dixit
1666 2384 1716 2438 ei
1745 2381 1937 2437 Jesus:

366 2517 387 2549 ι
426 2472 602 2552 Ii‘ilius
630 2499 756 2547 tuus
788 2487 944 2554 vivit,
984 2494 1040 2542 et
1061 2482 1290 2540 credidit
1317 2481 1460 2551 ipse,
1494 2485 1550 2535 et
1588 2476 1779 2533 domus
1826 2472 1942 2542 ejus

371 2606 392 2640 ι
440 2593 633 2641 totam

429 2674 571 2730 Erat
616 2670 831 2744 quidam
880 2665 1140 2738 regulus,
1191 2661 1342 2732 cujus
1379 2657 1524 2729 [ilius
1572 2652 1946 2724 inﬁrmabatur

367 2763 766 2835 Capharnaunt.
814 2756 918 2830 (Ex
962 2750 1150 2823 Grcg.)
1180 2748 1415 2820 Regulus
1437 2744 1817 2801 diminutivum
1848 2755 1947 2796 no—

365 2833 489 2912 men
512 2859 595 2910 est
617 2866 650 2906 a
670 2863 798 2922 rege
816 2889 831 2916 ,
875 2853 932 2903 et
957 2844 1077 2901 ideo
1108 2842 1334 2897 forsitan
1361 2835 1578 2909 regulus
1603 2833 1942 2899 dicituriste,

365 2947 460 3018 qui
487 2945 716 3003 salutem
744 2939 990 3014 poposcit
1028 2937 1139 2992 lilio
1166 2951 1286 3003 suo,
1316 2933 1442 3004 quia
1467 2929 1680 3001 plenam
1711 2942 1819 3018 non
1849 2927 1947 2981 ha-

365 3014 482 3094 buit
510 3036 688 3092 tidem.
741 3032 1117 3105 Capharnaum
1159 3033 1339 3083 autem
1383 3036 1513 3094 ager
1539 3018 1623 3075 vel
1654 3016 1782 3073 villa
1827 3014 1948 3088 pul—

369 3126 638 3185 cherrima
675 3122 1081 3195 interpretatur.

444 3219 692 3275 Hic'cum
722 3214 953 3270 audisset
981 3252 996 3277 ,
1045 3210 1168 3282 quia
1206 3207 1241 3262 J
1246 3223 1363 3262 esus
1387 3204 1653 3259 adveniret
1696 3216 1729 3254 a
1754 3198 1947 3254 Juda'a

369 3313 429 3368 in
457 3308 762 3372 Galila’am,
802 3304 930 3358 abiit
963 3301 1033 3355 ad
1068 3316 1207 3365 eum,
1238 3306 1286 3352 et
1333 3294 1547 3366 rogabat
1577 3306 1716 3355 eum,
1760 3298 1817 3343 ut
1859 3287 1950 3341 de-

370 3400 638 3459 scenderet
695 3407 743 3452 et
792 3402 1004 3450 sanaret
1056 3390 1225 3462 filium
1276 3388 1408 3458 ejus.
1476 3383 1769 3455 Incipiebat
1814 3379 1951 3434 enim

374 3494 531 3551 mori.
572 3490 720 3546 Dixit
748 3503 870 3559 ergo
894 3485 1050 3541 Iesus
1080 3482 1150 3537 ad
1173 3496 1288 3536 eum
1312 3495 1331 3533 :
1360 3476 1479 3532 Nisi
1502 3475 1659 3546 signa
1687 3480 1737 3527 et
1773 3469 1954 3542 prodi-

373 3586 460 3657 gia
504 3581 763 3643 videritis,
804 3593 914 3633 non
947 3573 1178 3630 creditis.
1220 3569 1401 3638 Quare
1447 3580 1577 3636 ergo
1616 3563 1783 3620 dicit:
1832 3559 1956 3614 Nisi

372 3652 523 3748 signa
554 3683 602 3729 et
626 3670 867 3745 prodigia
891 3664 1145 3730 videritis,
1167 3679 1270 3716 non
1292 3658 1526 3722 creditis,
1566 3669 1688 3711 cum
1718 3652 1808 3708 ille
1832 3659 1956 3705 ante

377 3743 553 3820 credit
582 3743 742 3833 quam
773 3758 985 3831 signum
1008 3753 1236 3808 videret.
1263 3750 1366 3817 Qui
1393 3747 1542 3803 enim
1571 3743 1798 3799 salutem
1817 3754 1958 3811 qum-

377 3854 534 3909 rebat.
566 3850 695 3914 lilio,
739 3844 927 3917 procul
964 3841 1128 3897 dubio
1156 3834 1410 3895 credebat
1433 3875 1447 3902 ,
1496 3834 1591 3890 sed
1630 3837 1961 3886 mementote

375 3944 505 4016 quid
537 3942 699 4014 petit,
741 3946 798 3996 et
819 3944 1004 4009 aperte
1024 3931 1398 4005 cognoscetis,
1428 3927 1553 3998 quia
1586 3925 1643 3980 in
1670 3922 1773 3977 llde
1811 3919 1963 3975 dubi-

379 4038 546 4103 tavit,
585 4033 832 4105 poposcit
873 4044 1106 4100 namque
1156 4035 1218 4083 ut
1248 4023 1603 4081 descenderet
1650 4027 1706 4074 et
1738 4023 1963 4073 sanaret

384 4136 553 4193 lilium
591 4132 727 4202 ejus.
785 4126 1131 4201 Corporalem
1180 4138 1310 4195 ergo
1354 4117 1696 4192 prmsentiam
1750 4112 1963 4170 Domini

386 4225 684 4297 qumrebat,
724 4221 813 4292 qui
838 4236 936 4292 per
964 4218 1214 4289 spiritum
1253 4226 1516 4283 nusquam
1547 4211 1750 4274 deerat,
1787 4206 1965 4261 minus

385 4295 442 4372 in
488 4314 577 4371 illo
624 4310 885 4376 credidit,
935 4323 1095 4380 quem
1136 4321 1241 4360 non
1273 4302 1482 4374 putavit
1525 4314 1685 4371 posse
1737 4295 1965 4353 salutem

382 4407 534 4466 dare,
586 4402 691 4458 nisi
717 4414 959 4472 praesens
996 4404 1142 4453 esset
1178 4407 1423 4463 corpore.
1460 4390 1520 4446 Si
1557 4389 1703 4445 enim
1728 4386 1967 4459 perfecte

2039 1855 2307 1908 dicentes:
2345 1849 2485 1917 Quia
2521 1850 2666 1920 ﬁlius
2704 1849 2816 1919 ejus
2852 1848 3067 1913 viveret,
3106 1842 3458 1915 interrogabat
3490 1858 3614 1913 ergo

2039 1945 2224 1999 horam
2250 1943 2313 1997 ab
2342 1944 2436 2008 eis,
2465 1941 2520 1996 in
2549 1957 2651 2012 qua
2676 1939 2862 1994 melius
2885 1938 3156 2001 habuerat,
3182 1946 3230 1992 et
3254 1936 3500 1990 dixerunt
3524 1933 3576 1986 ei
3593 1947 3614 1985 :

2042 2032 2180 2099 Quia
2208 2031 2320 2086 heri
2347 2032 2478 2085 hora
2507 2029 2725 2101 septima
2752 2027 2956 2098 reliquit
2981 2037 3098 2080 eum
3129 2023 3305 2095 febris.
3345 2020 3614 2093 Septena-

2041 2123 2155 2178 rius
2183 2136 2439 2176 numerus
2468 2118 2838 2175 sanetilicatus
2865 2125 2947 2174 est
2975 2118 3028 2172 in
3058 2118 3212 2172 donis
3241 2115 3412 2171 sancti
3442 2112 3619 2184 Spiri-

2042 2221 2167 2278 tus,
2219 2212 2275 2266 in
2322 2226 2429 2281 quo
2476 2210 2683 2265 sanitas
2729 2209 2979 2264 omnibus
3029 2202 3375 2263 credentibus
3423 2200 3614 2266 datur,

2042 2310 2275 2360 constat.
2312 2299 2446 2368 Quia
2476 2301 2531 2353 in
2560 2306 2748 2354 sancto
2775 2297 3010 2369 Spiritu,
3039 2296 3128 2369 qui
3157 2304 3243 2352 est
3268 2296 3464 2351 donum
3495 2293 3620 2358 Dei,

2043 2391 2293 2450 remissio
2324 2398 2409 2445 est
2437 2389 2679 2446 omnium
2718 2395 3064 2459 peccatorum
3101 2385 3465 2441 credentibus.
3516 2382 3619 2439 Se-

2040 2484 2429 2555 ptenariusque
2449 2497 2708 2538 numerus
2733 2482 2781 2537 si
2808 2479 3067 2536 dividitur
3085 2479 3139 2534 in
3164 2479 3269 2533 tria
3290 2488 3344 2532 et
3361 2485 3620 2548 quatuor,

2043 2582 2285 2631 sanctam
2313 2573 2637 2629 Trinitatem
2674 2570 2960 2643 signiﬁcat.
3007 2569 3065 2624 In
3103 2569 3329 2623 trinarto
3369 2578 3618 2627 numero,

2043 2674 2100 2722 et
2116 2666 2356 2721 omnium
2376 2671 2747 2719 creaturarum
2770 2658 3174 2732 perfectionem,
3199 2659 3252 2713 in
3272 2656 3622 2729 quaternario

2042 2764 2263 2828 propter
2287 2764 2522 2826 quatuor
2549 2754 2816 2810 elementa
2855 2751 3129 2822 plenaria,
3167 2758 3223 2806 et
3250 2755 3481 2820 quatuor
3508 2744 3622 2816 pla-

2045 2862 2143 2920 gas
2170 2846 2373 2911 mundi,
2403 2856 2457 2901 et
2483 2852 2718 2914 quatuor
2744 2843 2868 2897 anni
2898 2849 3162 2910 tempora,
3193 2854 3312 2908 qua:
3339 2837 3519 2891 omnia
3549 2850 3617 2889 cx

2046 2939 2166 3009 ipso
2200 2946 2255 2993 et
2283 2953 2382 3009 per
2409 2937 2583 3007 ipsum
2623 2942 2679 2991 et
2714 2934 2768 2988 in
2799 2934 2917 3004 ipso
2949 2941 3132 2987 creata
3171 2936 3330 2993 sunt,
3370 2935 3624 2982 constant

2048 3040 2104 3088 et
2141 3032 2533 3103 gubernantur,
2575 3027 2829 3099 quoniam
2858 3026 2910 3079 in
2940 3021 3050 3095 ipso
3077 3021 3319 3084 vivimus,
3360 3032 3631 3072 movemur

1972 3110 2018 3174 C
2049 3133 2097 3180 et
2127 3135 2329 3178 sumus.

2121 3212 2369 3285 Cognovit
2398 3222 2517 3283 ergo
2561 3218 2732 3282 pater,
2771 3207 2893 3279 quia
2934 3205 3028 3262 illa
3075 3206 3205 3260 liora
3244 3213 3380 3270 erat,
3426 3203 3480 3257 in
3521 3218 3629 3275 qua

2050 3304 2181 3360 dixit
2218 3305 2305 3359 ei:
2339 3300 2513 3357 Filius
2542 3311 2671 3355 tuus
2691 3299 2834 3364 sirit,
2872 3307 2921 3353 et
2951 3298 3171 3352 credidit
3200 3297 3328 3367 ipse,
3366 3304 3412 3350 et
3437 3294 3631 3349 domus

2051 3395 2165 3466 ejus
2189 3403 2316 3448 tota.
2341 3392 2480 3461 Quia
2504 3390 2781 3446 nuntiatus
2811 3398 2895 3444 est
2917 3389 2967 3443 el
2991 3374 3131 3443 Iilius
3156 3402 3338 3451 sanus,
3364 3386 3429 3440 ad
3454 3384 3633 3440 solum

2053 3497 2183 3555 ergo
2211 3496 2517 3539 sermonem
2554 3480 2900 3535 crediderunt
2943 3476 3126 3548 plures
3154 3473 3514 3535 Samaritaui,
3562 3475 3631 3528 al

2052 3573 2184 3630 illud
2210 3580 2391 3629 autem
2415 3568 2755 3632 miraculum,
2780 3566 2890 3621 sola
2912 3567 3102 3620 domus
3124 3562 3211 3618 illa
3233 3564 3488 3631 credidit,
3510 3581 3634 3636 qua:

2053 3678 2143 3721 res
2171 3658 2444 3734 protendit
2470 3659 2525 3713 in
2561 3656 2957 3712 multitudinem
2990 3653 3146 3710 Iidem
3179 3655 3451 3727 gentium,
3492 3665 3546 3711 et
3574 3657 3634 3711 in

2056 3754 2326 3826 paucitate
2351 3749 2472 3805 ﬁdei
2495 3747 2822 3803 Iudaeorum.
2852 3744 3052 3802 Gentes
3072 3760 3198 3801 vero
3219 3745 3334 3801 solo
3357 3760 3635 3811 sermone,

2059 3847 2113 3902 id
2141 3853 2254 3909 est,
2300 3840 2682 3913 praedicatione
2708 3838 3004 3910 apostolica
3031 3838 3410 3901 crediderunt,
3459 3836 3632 3893 Judzni

2059 3952 2187 3992 vero
2214 3936 2365 4006 signa
2392 3932 2642 3988 viderunt
2670 3931 2844 4002 ipsum
2874 3929 2968 3985 Dei
3000 3927 3169 3984 lilium
3209 3927 3529 3993 facientem,
3576 3937 3635 3982 ct

2063 4037 2240 4083 tamen
2267 4025 2427 4097 pauci
2453 4021 2801 4079 crediderunt
2825 4034 2893 4075 ex
2917 4019 3016 4075 eis.

2205 4156 2623 4216 IIEBDOMADA
2658 4154 2825 4211 XXIII
2859 4152 3033 4211 POST
3069 4151 3494 4210 PENTECOST.

2341 4285 2599 4326 EPISTOLA
2633 4284 2704 4323 AB
2740 4279 3124 4331 PHILIPPENSES,
3161 4280 3280 4320 CAP.
3307 4277 3347 4317 1.

2143 4403 2161 4435 ς
2194 4381 2524 4440 Coniidimus
2552 4378 2606 4432 in
2638 4376 2864 4431 Domino
2891 4374 3049 4439 Jesu,
3087 4373 3211 4444 quia
3249 4372 3339 4442 qui
3377 4370 3540 4442 coepit
3576 4370 3638 4427 in

382 4461 932 4562 credidisset,.proeul
954 4486 1115 4543 dubio
1139 4461 1324 4549 sciret,
1354 4480 1476 4552 quia
1501 4494 1606 4535 non
1641 4485 1787 4533 esset
1810 4475 1960 4531 locus
1988 4466 2036 4525 D
2068 4495 2087 4529 ι
2119 4474 2275 4530 vobis
2302 4488 2438 4541 opus
2472 4470 2703 4531 bonum,
2744 4466 2859 4536 ipse
2886 4464 3162 4535 perﬁciet,
3198 4477 3371 4533 usque
3403 4462 3457 4515 in
3491 4461 3639 4516 diem

382 4586 476 4642 ubi
518 4601 625 4642 non
669 4592 814 4639 esset
861 4581 1025 4635 Deus.
1072 4575 1312 4631 Salutem
1343 4573 1526 4642 itaque
1551 4570 1662 4625 lilio
1690 4568 1864 4641 petiit,
1908 4574 1965 4621 et

384 4687 565 4732 tamen
592 4676 646 4730 in
678 4673 785 4728 Μθ
810 4667 1101 4731 dubitavit,
1133 4664 1264 4736 quia
1289 4678 1410 4718 eum
1436 4662 1505 4716 ad
1527 4675 1687 4731 quem
1716 4664 1959 4721 venerat,

383 4776 440 4824 et
477 4774 755 4837 potentem
799 4761 868 4816 ad
914 4756 1214 4814 curandum
1245 4754 1496 4818 credidit,
1528 4759 1586 4806 et
1629 4758 1809 4805 tamen
1850 4760 1966 4801 mo-

384 4859 560 4914 riente
588 4855 700 4910 lilio
719 4865 841 4908 esse
871 4848 1147 4904 absentem
1170 4845 1381 4915 putavit
1402 4842 1593 4897 Deum.
1916 4890 1922 4895 ,

408 4990 415 4997 .
457 4947 596 5001 Dicit
625 4943 825 4999 adeum
858 4937 1097 5010 regulus:
1113 4936 1356 5000 Domine,
1383 4928 1639 4987 descende
1660 4928 1964 4998 priusquam

386 5039 647 5095 moriatur
667 5034 810 5105 ﬁlius
835 5047 999 5096 meus,
1030 5038 1137 5087 etc.
1167 5026 1283 5094 Qua
1308 5025 1364 5079 in
1388 5037 1447 5077 re
1470 5022 1573 5076 hoc
1597 5026 1680 5072 est
1704 5015 1864 5071 nobis
1886 5029 1972 5069 so-

388 5133 556 5187 lerter
585 5122 903 5183 intuendum
925 5164 943 5190 ,
984 5121 1131 5193 quod
1176 5118 1318 5174 sicut
1362 5113 1467 5169 alio
1510 5108 1838 5179 evangelista
1885 5113 1966 5160 te-

391 5232 571 5278 stante
607 5217 923 5277 didicimus,
973 5210 1221 5267 oenturio
1253 5205 1403 5262 venit
1422 5204 1489 5257 ad
1517 5200 1707 5263 Deum,
1740 5198 1965 5254 dicens:

390 5311 635 5374 Domine,
652 5324 781 5381 puer
796 5322 939 5361 meus
955 5305 1101 5375 jacet
1131 5285 1451 5371 paraljticus
1479 5292 1534 5345 in
1558 5289 1733 5355 doma,
1762 5298 1808 5343 et
1834 5287 1970 5363 male

394 5379 679 5472 torquetur.
706 5398 855 5455 Cuia
876 5394 1005 5451 Iesu
1030 5391 1281 5464 protinus
1299 5382 1656 5453 respondetur
1671 5399 1697 5472 4:
1742 5379 1858 5452 Ego
1886 5397 1973 5435 ee—

395 5470 540 5548 rtians
567 5500 618 5546 et
649 5489 842 5545 curabo
873 5501 1012 5542 eum.
1065 5479 1203 5545 Quid
1232 5484 1317 5531 est
1356 5472 1498 5542 quod
1537 5470 1752 5541 regulus
1791 5480 1968 5542 rogat,

395 5592 459 5638 ut
495 5583 563 5638 ad
595 5582 712 5651 ejus
752 5580 919 5635 lilium
947 5572 1147 5634 veniat,
1198 5575 1256 5622 et
1300 5575 1481 5621 tamen
1509 5562 1858 5631 corporaliter
1888 5565 1969 5620 ire

399 5672 651 5728 recusat?
675 5669 755 5725 Ad
785 5677 1001 5724 servum
1026 5672 1158 5714 vero
1181 5651 1517 5712 centurionis
1541 5666 1650 5707 non
1683 5652 1965 5722 invitatur,

2068 4586 2087 4619 ι
2121 4563 2324 4621 Christi
2350 4559 2497 4615 Jesu.
2551 4556 2705 4612 Sicut
2743 4563 2829 4610 est
2868 4554 2999 4609 mihi
3039 4554 3243 4626 justum
3287 4553 3389 4607 hoc
3434 4551 3636 4606 sentire

2070 4676 2092 4709 ο
2122 4670 2223 4727 pro
2245 4652 2497 4708 omnibus
2525 4648 2700 4713 vobis,
2743 4661 2810 4701 eo
2837 4646 2981 4717 quod
3008 4646 3236 4701 habeam
3262 4658 3360 4699 vos
3389 4643 3440 4697 in
3470 4643 3639 4698 corde

2071 4765 2092 4800 α
2123 4756 2179 4801 et
2207 4745 2261 4799 in
2288 4741 2514 4797 vinculis
2542 4739 2698 4794 meis.
2738 4738 2799 4794 Et
2835 4738 2889 4792 in
2918 4736 3228 4792 defensione
3261 4743 3316 4791 et
3352 4733 3637 4790 conﬁrma-

2071 4856 2091 4888 ι
2126 4837 2270 4890 tione
2294 4830 2591 4901 Evangelii,
2618 4829 2793 4885 socios
2816 4827 2995 4899 gaudii
3021 4825 3127 4881 mei
3155 4824 3342 4881 omnes
3364 4839 3460 4879 vos
3488 4838 3635 4878 esse.

2075 4945 2095 4979 ι
2126 4923 2303 4980 Testis
2331 4921 2474 4977 enim
2512 4919 2644 4974 mihi
2673 4926 2757 4974 est
2784 4918 2956 4981 Deus,
2998 4915 3267 4985 quomodo
3304 4914 3513 4983 cupiam
3538 4928 3642 4967 vos

2076 5036 2098 5070 σ
2127 5028 2318 5072 omnes
2344 5013 2403 5069 in
2426 5010 2722 5066 visceribus
2752 5009 2877 5065 Jesu
2905 5006 3127 5063 Christi.
3183 5004 3251 5059 Et
3288 5006 3391 5059 hoc
3426 5018 3540 5067 oro,
3578 5013 3637 5057 ut

2076 5128 2096 5160 ι
2129 5107 2366 5164 charitas
2386 5111 2564 5158 vestra
2594 5100 2763 5172 magis
2785 5115 2848 5154 ac
2873 5098 3041 5168 magis
3069 5095 3303 5150 abundet
3330 5094 3384 5150 in
3410 5093 3635 5149 scientia

2077 5219 2096 5253 ε
2127 5208 2183 5255 et
2222 5199 2277 5253 in
2317 5195 2463 5252 omni
2503 5208 2698 5258 sensu,
2747 5200 2808 5246 ut
2853 5190 3094 5260 probetis
3134 5189 3373 5258 potiora,
3419 5194 3474 5241 et
3517 5176 3655 5241 sitis'

2076 5309 2097 5342 ι
2128 5287 2358 5354 sinceri,
2396 5294 2451 5340 et
2489 5286 2605 5339 sine
2642 5283 2843 5337 oll‘ensa
2888 5282 2944 5335 in
2987 5278 3130 5334 diem
3172 5278 3404 5343 Christi,
3447 5275 3643 5346 repleti

2074 5401 2093 5434 ί
2126 5379 2301 5435 fructu
2327 5375 2581 5447 justitize,
2613 5386 2711 5445 per
2737 5372 2919 5427 Jesum
2947 5369 3220 5426 Christum
3250 5368 3303 5423 in
3334 5368 3555 5439 gloriam
3583 5372 3642 5420 et

2074 5491 2094 5525 ι
2128 5471 2338 5526 laudem
2362 5468 2478 5523 Dei.
2516 5485 2535 5518 δ

2139 5559 2463 5630 Con/idimus
2486 5557 2542 5610 in
2572 5555 2789 5609 Domino
2814 5552 2964 5618 Iesu,
2986 5551 3109 5622 quia
3133 5550 3222 5621 qui
3246 5548 3392 5618 ccepit
3418 5547 3472 5600 in
3497 5545 3643 5599 vobis

2070 5670 2198 5727 opus
2219 5650 2557 5719 bonum,ipse
2583 5646 2832 5717 perﬁciet.
2865 5644 2944 5699 Ac
2968 5644 3013 5699 si
3042 5642 3247 5699 diceret
3268 5656 3282 5695 :
3305 5638 3651 5694 Contilcndo
