3952 6430
317 380 422 436 497

1126 368 1642 428 COLLECTIONES
1677 368 1743 423 IN
1781 363 2165 422 EPISTOLAS
2198 365 2287 421 ET
2318 365 2743 423 EVANGELIA.

3473 370 3579 428 £98

319 491 611 560 impetrare
634 492 865 555 emptam
893 481 1217 545 doctrinam,
1245 479 1359 535 sive
1387 478 1620 549 gratiam
1654 475 1893 533 scientiae
1918 478 1972 538 Α
2000 489 2021 523 ι
2052 472 2146 543 qui
2174 472 2404 537 debebat
2431 474 2482 530 ei
2510 484 2733 531 centum
2765 474 3036 532 denarios.
3088 476 3161 533 Et
3195 485 3386 535 tenens
3410 476 3577 533 sulla-

318 577 607 648 largiendo
622 572 988 631 consummari
1016 572 1071 625 in
1094 569 1273 625 vobis.

392 666 568 740 Usque
592 668 648 722 in
673 664 814 720 diem
838 662 1053 718 Christi.
1084 661 1141 716 Id
1173 667 1281 725 est,
1307 674 1481 730 usque
1512 659 1567 713 in
1597 659 1767 724 diem,
1790 673 1898 728 quo

317 762 389 817 de
416 773 646 828 corpore
676 754 961 819 recedatis,
996 768 1064 809 ex
1088 767 1198 823 quo
1227 750 1344 821 jam
1377 750 1447 806 ad
1478 749 1693 805 Domini
1725 763 1897 804 unus-

317 834 549 921 quisque
595 856 901 906 reservetur
945 847 1268 910 adventum,
1298 844 1414 899 sive
1460 857 1630 913 usque
1664 842 1721 897 in
1756 841 1898 898 diem

322 942 547 1007 Christi,
575 941 628 995 id
653 948 759 1005 est,
787 954 956 1007 usque
982 939 1036 993 in
1062 938 1203 994 diem
1225 935 1435 1006 judicii.

393 1029 542 1086 Sicut
570 1040 644 1084 est
677 1029 805 1083 mihi
826 1028 1035 1098 justum
1068 1026 1167 1081 hoc
1202 1027 1396 1080 sentire
1421 1041 1523 1095 pro.
1543 1023 1781 1079 omnibus
1810 1039 1899 1077 vo-

319 1123 421 1178 bis.
457 1121 539 1177 Ac
570 1121 618 1176 si
653 1120 894 1176 diceret:
938 1118 1194 1173 Charitas
1236 1132 1322 1172 me
1361 1117 1479 1185 hac
1522 1115 1726 1172 sentire
1768 1113 1900 1170 facit

321 1228 422 1281 pro
446 1212 622 1277 vobis,
647 1211 789 1280 quod
815 1209 1108 1279 perﬁcietis
1133 1222 1270 1277 opus
1298 1207 1439 1277 quod
1464 1205 1707 1275 coepistis
1730 1220 1899 1274 usque

322 1308 379 1362 in
408 1309 549 1363 diem
572 1348 588 1370 ,
634 1306 749 1362 sive
780 1305 973 1360 mortis
994 1344 1010 1370 ,
1062 1304 1178 1359 sive
1218 1301 1411 1373 judicii
1431 1341 1459 1367 ,.
1493 1300 1621 1370 quia
1659 1300 1899 1355 charitas

319 1397 504 1453 omnia
542 1404 744 1465 sperat.

395 1485 475 1540 Eo
501 1486 641 1556 quod
674 1484 894 1539 habeant
926 1500 1018 1538 vos
1048 1484 1105 1537 in
1135 1482 1291 1537 corde
1323 1490 1374 1536 et
1405 1481 1463 1536 in
1493 1479 1715 1536 uinculis
1745 1482 1895 1536 nteis.

320 1577 401 1632 Ac
423 1577 471 1632 si
494 1576 736 1632 diceret:
765 1576 997 1629 Tantum
1022 1590 1117 1629 vos
1138 1574 1325 1644 diligo,
1342 1582 1406 1629 ut
1422 1573 1555 1629 mihi
1582 1573 1898 1628 memoriam

320 1669 490 1723 vestri
519 1682 622 1722 nec
647 1668 731 1722 vis
758 1667 1139 1733 tribulationis,
1170 1682 1272 1722 nec
1296 1666 1607 1724 sollicitudo
1629 1664 1899 1722 defensio-

321 1759 408 1815 nis
431 1757 663 1813 auferat.

2001 581 2022 614 s
2052 563 2214 619 cabat
2242 578 2397 628 eum,
2425 565 2654 622 dicens:
2687 565 2870 621 Redde
2896 566 3043 636 quod
3069 567 3275 625 debes?
3309 567 3378 640 Et
3401 569 3581 638 proci-

2003 672 2023 707 ι
2054 655 2190 711 deus
2210 671 2508 713 conservus
2526 658 2675 728 ejus,
2687 658 2915 728 rogabat
2934 674 3083 727 eum,
3107 659 3296 716 dicens
3317 680 3332 716 :
3365 661 3582 718 Patien-

2004 765 2024 799 s
2057 747 2190 803 tiam
2219 748 2360 804 habe
2383 750 2441 806 in
2469 765 2576 817 me,
2599 757 2656 805 et
2678 750 2863 807 omnia
2886 752 3109 808 reddam
3130 753 3250 809 tibi.
3279 754 3374 810 Ille
3398 765 3581 811 autem

2004 857 2023 892 ι
2054 839 2258 907 noluit,
2274 841 2371 897 sed
2398 842 2536 899 abiit
2558 849 2615 898 et
2638 842 2788 897 misit
2809 857 2935 899 eum
2964 842 3021 899 in
3047 859 3362 915 carcerem,
3404 848 3577 905 donec

2003 946 2024 981 ι
2056 929 2311 986 redderet
2341 930 2602 987 debitum.
2644 932 2904 988 Videntes
2935 940 3119 989 autem
3154 937 3401 992 conservi
3438 936 3579 1008 ejus.

2003 1037 2023 1072 ι
2054 1035 2175 1090 quae
2199 1020 2425 1086 fiebant,
2448 1023 2757 1078 contristati
2782 1032 2909 1079 sunt
2934 1024 3109 1081 valde.
3146 1026 3215 1081 Et
3235 1040 3504 1085 venerunt
3527 1042 3583 1085 et

2003 1130 2023 1164 ι
2055 1121 2420 1168 narraverunt
2443 1115 2664 1170 domino
2689 1131 2789 1171 suo
2815 1117 3000 1172 omnia
3025 1133 3148 1188 quae
3168 1117 3312 1175 facta
3346 1119 3580 1178 fuerant.

2004 1223 2024 1255 ι
2056 1203 2210 1259 Tunc
2231 1206 2446 1260 vocavit
2472 1206 2625 1261 illum
2648 1207 2900 1263 dominus
2925 1224 3073 1276 suus,
3095 1217 3153 1266 et
3172 1211 3254 1267 ait
3274 1212 3390 1268 illi:
3417 1212 3585 1269 Serve

1992 1292 2025 1344 ἰ
2055 1306 2287 1362 nequam
2306 1334 2323 1361 ,
2357 1309 2518 1351 omne
2540 1296 2797 1353 debitum.
2818 1298 2996 1355 dimisi
3035 1300 3164 1367 tibi,
3213 1305 3471 1373 quoniam
3500 1322 3586 1360 ro-

2005 1401 2025 1434 s
2056 1383 2200 1452 gasti
2229 1399 2337 1440 me.
2377 1383 2567 1441 Nonne
2590 1402 2723 1459 ergo
2745 1389 2988 1459 oportuit
3014 1398 3070 1446 et
3097 1399 3153 1447 te
3176 1393 3424 1450 misereri
3451 1412 3582 1452 con-

2005 1490 2025 1525 ι
2056 1472 2197 1527 servi
2224 1474 2333 1540 tui,
2368 1474 2513 1531 sicut
2534 1483 2591 1531 et
2614 1491 2715 1547 ego
2752 1478 2828 1533 tui
2852 1478 3110 1536 misertus
3132 1484 3288 1537 sum?
3314 1483 3382 1539 Et
3407 1485 3581 1542 iratus

2006 1578 2026 1612 ι
2057 1561 2308 1618 dominus
2348 1561 2499 1632 ejus,
2544 1567 2763 1621 tradidit
2808 1583 2935 1623 eum
2975 1572 3273 1628 tortoribus
3297 1613 3313 1640 ,
3368 1578 3576 1645 quoad-

2006 1670 2026 1702 ι
2059 1668 2230 1722 usque
2266 1654 2515 1710 redderet
2540 1657 2853 1713 universum
2881 1660 3141 1716 debitum.
3196 1661 3291 1719 Sic
3325 1674 3382 1721 et
3417 1678 3573 1737 pater

2006 1760 2027 1793 ι
2057 1757 2213 1798 meus
2233 1744 2472 1801 caelestis
2496 1745 2660 1802 faciet
2679 1749 2855 1815 vobis,
2870 1751 2918 1806 si
2943 1767 3051 1807 non
3075 1755 3399 1813 remiseritis
3418 1774 3584 1814 unus-

391 1848 459 1903 Et
488 1850 543 1902 in
571 1848 874 1917 defensione
910 1856 958 1901 et
989 1847 1388 1915 confirmatione
1420 1844 1713 1917 Evangelii.
1758 1845 1900 1901 Con-
1929 1826 1975 1886 Β
2008 1850 2028 1886 ί
2060 1834 2290 1904 ςυὶείιυθ
2312 1833 2468 1891 fratri
2495 1852 2595 1893 300
2620 1838 2686 1894 de
2710 1841 2968 1898 cordibus
2995 1845 3211 1900 vestris.
3242 1865 3264 1898 ι

320 1941 563 1996 ﬁrmatio
606 1940 882 2011 Evangelii
928 1947 1015 1995 est
1057 1946 1314 1994 constans
1370 1937 1655 1993 tolerantia
1701 1938 1897 2008 praedit-

318 2034 518 2089 cautis.

391 2124 573 2181 Socios
610 2126 794 2197 gaudii
832 2125 935 2180 nisi
972 2140 1152 2179 omnes
1179 2140 1271 2179 vos
1293 2139 1425 2179 esse.
1472 2122 1552 2178 Ae
1579 2123 1624 2178 si
1655 2123 1897 2178 diceret:

321 2216 436 2273 Hoc
463 2219 638 2273 sentio
664 2219 732 2274 de
755 2218 910 2273 vobis
936 2228 990 2273 et
1020 2218 1201 2280 crezlo,
1234 2217 1360 2287 quia
1395 2216 1537 2271 sicut
1564 2229 1698 2269 mea:
1726 2213 1900 2269 tribu-

320 2304 540 2363 lationis
568 2309 703 2364 socii
733 2309 886 2372 estis,
934 2309 1010 2362 ita
1052 2308 1205 2362 eritis
1246 2315 1297 2361 et
1339 2306 1521 2377 gaudii
1562 2305 1899 2373 sempiterni.

321 2395 480 2463 Sive,
520 2397 662 2453 sicut
701 2400 815 2454 scio
842 2414 938 2453 vos
966 2397 1259 2467 Evangelia
1282 2396 1607 2461 credidisse,
1648 2403 1710 2450 ut
1735 2396 1901 2450 etiam

321 2483 377 2540 in
421 2487 855 2543 tribulationibus
896 2489 1056 2554 meis,
1102 2495 1161 2542 et
1200 2484 1318 2555 ejus
1345 2484 1661 2541 defensione
1686 2485 1903 2540 mecum

323 2576 530 2646 pariter
557 2579 859 2648 gaudeatis.

397 2667 563 2723 Testis
587 2670 726 2723 enim
756 2670 884 2724 mihi
911 2680 987 2724 est
1013 2669 1176 2731 Dens,
1204 2669 1465 2740 quomodo
1491 2669 1701 2740 cupiam
1727 2685 1904 2724 omnes

325 2776 411 2814 eos
440 2761 496 2815 in
521 2760 801 2816 visceribus
827 2762 954 2816 Jesu
981 2762 1195 2816 Christi.
1232 2760 1313 2815 Ac
1342 2760 1387 2815 si
1419 2760 1663 2816 diceret:
1702 2760 1782 2815 Ita
1810 2776 1907 2817 vos

324 2850 595 2915 desidem,
624 2858 899 2920 tanquam
928 2852 1138 2907 viscera
1168 2850 1393 2917 Christi,
1422 2850 1541 2906 sive
1565 2850 1782 2921 cupiam
1810 2866 1907 2907 vos

326 2938 448 3007 ejus
474 2940 653 2994 inesse
678 2940 1002 2995 visceribus.

324 3068 331 3073 ι
395 3030 466 3084 Et
507 3031 604 3085 hoc
651 3046 779 3094 oro,
835 3040 893 3085 ut
939 3031 1171 3085 choritas
1213 3041 1383 3085 uestra
1423 3031 1593 3102 magis
1630 3048 1693 3085 ac
1738 3032 1907 3102 "sagis

325 3119 555 3176 abundet
588 3121 646 3175 in
681 3122 900 3177 scientia
944 3131 993 3175 et
1030 3122 1170 3174 omni
1205 3137 1379 3177 sensu.
1431 3120 1736 3175 Notandum
1780 3121 1906 3190 quia

324 3210 621 3265 scientibus
654 3210 914 3280 majorem
958 3209 1238 3267 scientiam
1268 3211 1446 3266 adhuc
1473 3210 1811 3281 deprecetur,
1847 3217 1908 3265 ut

326 3302 526 3357 sinceri
556 3303 612 3356 in
636 3302 888 3357 omnibus
914 3316 1036 3358 esse
1060 3302 1417 3371 praevaleant,
1453 3302 1567 3357 sive
1594 3302 1650 3356 in
1679 3302 1903 3357 scientia

325 3400 382 3446 et
408 3406 597 3459 sensu,
629 3391 682 3448 id
708 3400 825 3459 est,
857 3392 914 3448 in
945 3392 1299 3464 intelligentia
1330 3391 1528 3447 littera:
1552 3398 1611 3446 et
1634 3390 1904 3462 spirituali

327 3483 609 3556 mysterio.

399 3572 466 3628 Ut
500 3575 725 3645 probetis
762 3575 990 3647 potiora,
1016 3581 1121 3631 etc.
1173 3564 1477 3632 Sinceritas
1519 3575 1745 3630 materia
1787 3583 1901 3640 est,

325 3680 445 3734 quae
474 3673 724 3720 naturam
753 3679 903 3720 suam
932 3675 1131 3732 servat,
1157 3673 1216 3720 et
1240 3665 1388 3720 nulla
1416 3666 1757 3720 extrinsecus
1783 3678 1906 3719 cor-

325 3754 577 3824 raptione
602 3754 804 3819 fucata,
836 3762 893 3808 et
914 3768 1130 3823 semper
1157 3754 1213 3808 in
1243 3754 1435 3811 melius
1461 3754 1691 3825 prolicit,
1715 3769 1822 3809 non
1847 3755 1903 3808 in

325 3843 497 3913 pejus.
556 3844 680 3899 Sive
710 3844 984 3911 sincerus,
1018 3844 1070 3898 id
1095 3851 1208 3910 est,
1251 3860 1356 3899 non
1389 3845 1674 3900 retldentes
1702 3844 1901 3899 malum

324 3948 424 4004 pro
452 3933 614 3995 malo.
642 3933 756 3988 sive
782 3931 1134 3989 offensionem
1162 3947 1260 4004 per
1283 3933 1487 3989 malum
1511 3933 1841 4003 exemplum.

396 4025 593 4097 Repleti
632 4026 805 4097 [ructu
833 4028 1060 4097 justitia:
1089 4032 1181 4097 per
1202 4026 1407 4091 Iesum,
1437 4035 1544 4081 ete.
1594 4025 1653 4079 Id
1680 4032 1800 4090 est,
1842 4034 1904 4080 ut

324 4131 433 4172 non
475 4115 648 4172 solum
696 4117 895 4171 sinceri
940 4119 1010 4172 ab
1030 4117 1195 4171 omni
1234 4117 1578 4186 corruptione
1607 4114 1763 4179 sitis,
1807 4114 1905 4169 sed

324 4209 491 4263 etiam
517 4207 695 4262 fructu
715 4206 941 4274 justitiae
967 4208 1271 4269 abundetis,
1297 4205 1544 4274 exemplo
1561 4204 1789 4269 Christi,
1808 4204 1902 4273 qui

324 4313 432 4352 non
461 4298 632 4352 solum
664 4297 923 4351 malitiam
963 4311 1070 4350 non
1098 4295 1290 4358 habet,
1336 4294 1432 4349 sed
1466 4295 1630 4349 etiam
1663 4293 1905 4349 bonitate

324 4385 608 4447 redundat.
656 4384 809 4450 Quod
839 4392 1020 4437 autem
1058 4382 1230 4437 dicit:
1264 4382 1333 4436 In
1366 4381 1595 4453 gloriam
1618 4391 1667 4435 et
1692 4381 1903 4436 tandem

2069 1921 2255 1981 Simile
2280 1935 2356 1981 est
2386 1944 2602 1998 regnum
2630 1930 2881 1987 calorum
2908 1934 3108 1990 homini
3137 1939 3265 2008 regi,
3298 1940 3390 2010 qui
3425 1941 3585 1995 voluit

2000 2014 2255 2070 rationem
2281 2033 2472 2087 ponere
2494 2036 2615 2075 cum
2639 2012 2801 2078 servis
2836 2025 2966 2079 suis.
3005 2026 3104 2099 (Ex
3130 2028 3386 2103 August.)
3429 2033 3585 2100 Quod

1999 2103 2214 2162 oblatus
2248 2114 2334 2162 est
2359 2108 2573 2165 debitor
2605 2112 2824 2169 domino
2858 2115 3047 2172 decem
3085 2118 3312 2175 millium
3350 2122 3582 2178 talento—

2002 2208 2161 2258 rum,
2207 2204 2263 2251 et
2294 2195 2460 2265 jussit
2484 2212 2613 2255 eum
2638 2205 2938 2261 venundari
2963 2246 2980 2272 ,
3026 2217 3084 2263 et
3122 2225 3350 2267 uxorem
3373 2213 3493 2284 ejus
3527 2225 3583 2269 et

2002 2284 2145 2378 filios
2168 2295 2227 2342 et
2251 2290 2433 2345 omnia
2460 2305 2580 2361 quae
2608 2294 2842 2351 habebat
2874 2305 2929 2353 et
2966 2300 3139 2368 reddi,
3171 2304 3587 2378 intelligendum

2002 2383 2089 2433 est
2114 2377 2303 2434 decem
2329 2390 2720 2452 praceptorum
2749 2387 2885 2459 legis
2908 2403 3033 2445 eum
3060 2391 3233 2451 fuisse
3260 2377 3583 2463 debitorem,

2002 2476 2061 2525 et
2084 2484 2184 2539 pro
2212 2472 2505 2543 cnpiditate
2529 2484 2693 2547 atque
2715 2480 2970 2550 operibus
2997 2484 3132 2552 suis,
3164 2494 3424 2558 tanquam
3451 2505 3585 2544 uxo-

2003 2575 2120 2616 rem
2147 2569 2204 2616 et
2228 2562 2366 2619 filios
2391 2579 2583 2635 poenas
2610 2568 2820 2626 solvere
2849 2572 3132 2639 debuisse,
3176 2575 3321 2646 quod
3349 2586 3435 2634 est
3461 2594 3586 2649 prc-

2004 2650 2140 2705 tium
2159 2650 2294 2720 ejus.
2328 2654 2570 2712 Pretium
2590 2659 2735 2715 enim
2759 2662 2984 2730 venditi,
3005 2665 3325 2735 supplicium
3345 2668 3587 2728 damnau'

2003 2739 2343 2814 intelligitur.
2393 2746 2548 2814 Quod
2591 2749 2765 2806 dixit:
2801 2752 2990 2808 Noluit
3034 2757 3302 2827 ignoscere
3340 2775 3587 2815 conservo

2004 2849 2121 2901 suo,
2155 2834 2249 2889 sed
2272 2836 2403 2891 abiit
2431 2846 2481 2892 et
2505 2839 2649 2894 misit
2677 2856 2800 2896 eum
2826 2843 2883 2897 in
2911 2859 3194 2913 carcerem,
3224 2854 3359 2915 etc.,
3391 2848 3587 2904 intelli-

2005 2926 2240 2996 gendum
2264 2941 2280 2980 :
2313 2927 2512 2984 Tenuit
2537 2939 2728 2987 contra
2755 2947 2879 2988 eum
2907 2934 3053 2990 hunc
3080 2936 3343 3003 animum,
3375 2946 3434 2993 ut
3466 2956 3588 3008 sup-

2004 3015 2165 3085 plicia
2194 3016 2270 3071 illi
2298 3017 2480 3073 vellet.
2533 3018 2796 3076 Conservi
2837 3031 3018 3078 autem
3040 3065 3055 3090 ,
3098 3026 3191 3094 qui
3232 3041 3587 3084 narravcrunt

2009 3107 2253 3173 domino,
2279 3124 2401 3178 qua:
2427 3109 2657 3177 fiebant,
2688 3120 2870 3183 potest
2896 3113 3122 3185 intelligi
3151 3115 3394 3172 Ecclesia
3415 3158 3431 3183 ,
3470 3133 3591 3188 qua:

1934 3169 1978 3231 C
2008 3207 2065 3253 et
2094 3169 2248 3253 illum
2274 3169 2451 3265 εἱιινῑι,
2479 3207 2537 3255 ει
2562 3169 2714 3256 man}
2742 3202 2895 3274 ligat.

2078 3289 2188 3363 (Ea:
2215 3289 2461 3365 Hieron.)
2509 3294 2772 3364 Prmcepit
2809 3296 2993 3366 itaque
3031 3296 3195 3353 Petro
3233 3299 3337 3353 sub
3361 3314 3587 3371 compa-

2005 3381 2219 3437 ratione
2242 3381 2386 3453 regis
2412 3390 2470 3437 et
2492 3383 2693 3438 domini
2724 3391 2778 3438 et
2805 3385 2981 3451 servi,
3012 3385 3105 3457 qui
3137 3387 3370 3443 debebat
3398 3389 3586 3445 decem

2004 3471 2173 3527 millia
2190 3472 2538 3540 talentorum,
2564 3489 2595 3530 a
2618 3474 2838 3530 domino
2866 3491 3065 3546 rogans
3083 3477 3297 3533 veniam
3327 3479 3590 3549 impetra-

2003 3571 2178 3627 verat,
2205 3573 2265 3618 ut
2289 3565 2404 3634 ipse
2426 3578 2642 3634 quoque
2664 3565 2902 3620 dimittat
2928 3568 3211 3622 conservis
3238 3567 3354 3625 suis
3379 3569 3590 3624 minora

2004 3655 2374 3725 peccantibus.
2417 3655 2477 3711 Si
2510 3657 2655 3710 enim
2692 3655 2780 3712 ille
2819 3672 2914 3711 rex
2944 3664 3000 3713 et
3028 3657 3278 3713 dominus
3308 3674 3471 3714 servo
3500 3660 3593 3715 de-

2003 3743 2167 3800 bitori
2207 3745 2395 3801 decem
2430 3746 2599 3801 millia
2645 3747 2975 3804 talentorum
3016 3756 3129 3803 tam
3152 3747 3315 3805 facile
3346 3749 3591 3813 dimisit.

2001 3842 2208 3903 quanto
2253 3836 2425 3906 magis
2470 3836 2614 3892 servi
2647 3838 2928 3896 conservis
2974 3838 3091 3894 suis
3136 3839 3355 3896 debent.
3386 3841 3593 3897 minora

2002 3924 2315 3983 dimittere!
2365 3927 2524 3993 Quod
2553 3935 2614 3984 ut
2651 3928 2994 3986 manifestius
3027 3931 3155 3997 fiat,
3200 3933 3446 3989 dicamus
3489 3936 3593 3989 sub

2002 4010 2272 4082 exetnplo.
2322 4014 2393 4075 Si;
2416 4016 2510 4085 qui
2551 4025 2799 4073 nostrum
2826 4019 3215 4076 commiserint.
3234 4021 3555 4078 adulterium
3576 4062 3593 4087 ,

2002 4100 2393 4167 homicidium,
2432 4105 2780 4177 sacrilegium
2803 4147 2820 4173 ,
2861 4106 3066 4175 majora
3103 4109 3367 4176 crimina,
3405 4113 3594 4168 decem

2002 4190 2232 4246 millium
2260 4192 2608 4260 talentorum,
2637 4196 2952 4267 rogantibus
2981 4196 3326 4254 dimittantur
3338 4201 3518 4266 eis,ut
3540 4214 3592 4257 rt

2004 4281 2109 4350 ipsi
2150 4282 2428 4338 dimittant
2473 4284 2687 4340 minora
2732 4286 3103 4355 peccantibus.
3159 4288 3257 4344 Sin
3300 4298 3485 4347 autem
3522 4294 3593 4347 oi:
3640 4350 3647 4357 ,

2002 4379 2206 4434 factam
2231 4381 2617 4438 contumeliam
2649 4384 2823 4441 simus
2851 4384 3251 4456 implacabiles,
3287 4395 3346 4443 et
3374 4396 3594 4458 propter

326 4475 423 4527 Dei
441 4514 456 4539 ,
499 4489 562 4528 ac
602 4474 647 4529 si
691 4474 835 4529 dicat
859 4492 873 4527 :
913 4473 986 4529 Ut
1025 4474 1284 4544 glorietur
1311 4482 1368 4528 et
1394 4473 1641 4529 laudetur
1668 4474 1810 4530 Deus
1847 4473 1901 4528 in
1928 4513 1982 4573 Β
2006 4472 2249 4529 amarius
2263 4474 2488 4530 verbum
2514 4483 2765 4546 perpetes
2792 4477 3089 4535 habeamus
3116 4478 3437 4545 discordias,
3456 4496 3594 4535 non-

323 4565 535 4620 actibus
559 4567 773 4632 vestris,
805 4566 920 4621 sive
945 4566 1016 4621 sit
1042 4565 1210 4637 gloria
1243 4566 1296 4621 in
1328 4564 1607 4636 operibus,
1626 4573 1683 4622 et
1705 4566 1823 4622 laus
1848 4566 1903 4622 in
1932 4563 1975 4573 '
2009 4579 2082 4620 ne
2106 4563 2264 4619 nobis
2282 4563 2527 4620 videmur
2545 4573 2693 4623 recte
2712 4567 2992 4640 redigendi
3016 4568 3076 4623 in
3093 4583 3395 4634 carcerem,
3415 4577 3472 4625 et
3491 4569 3594 4624 sub

327 4656 677 4713 sermonibus
697 4657 913 4712 vestris.

602 4762 939 4804 EVANGBLIUI
977 4763 1268 4814 ΜᾹΤΪΙΙΕΙ,
1304 4764 1424 4803 CAP.
1460 4762 1616 4803 XVIII.

399 4834 642 4892 «Simile
677 4843 762 4891 est
798 4851 1021 4907 regnum
1059 4836 1324 4892 caelorum
1361 4836 1570 4893 homini
1606 4835 1758 4909 regi,
1805 4836 1902 4907 qui

329 4947 352 4980 s
381 4927 549 4983 voluit
588 4928 855 4984 rationem
892 4944 1093 4999 ponere
1133 4945 1257 4985 cum
1288 4929 1461 4986 servis
1498 4930 1632 4985 suis.
1676 4929 1745 4984 Et
1776 4944 1901 4985 cum

330 5036 349 5069 ι
382 5018 638 5087 erupisset
678 5019 940 5074 rationem
971 5034 1201 5090 ponere,
1260 5020 1473 5076 oblatus
1517 5029 1601 5077 est
1645 5021 1696 5076 ei
1740 5034 1900 5086 unus,

330 5128 350 5159 ι
383 5109 473 5177 qui
503 5109 733 5165 debebat
759 5110 948 5165 decem
972 5111 1139 5167 millia
1169 5111 1390 5167 talenta.
1422 5111 1557 5168 Cum
1585 5119 1765 5167 autem
1797 5127 1904 5167 non

329 5220 353 5251 ι
382 5201 604 5256 traheret
640 5202 782 5256 unde
821 5202 1096 5266 redderet,
1140 5201 1305 5270 jussit
1339 5218 1465 5258 eum
1504 5203 1755 5259 dominus
1785 5202 1905 5273 ejus

328 5309 349 5342 ‹
383 5291 681 5345 venundari
714 5300 769 5346 et
798 5307 1023 5347 uxorem
1053 5300 1108 5348 et
1133 5292 1276 5349 filios
1297 5301 1356 5349 et
1379 5293 1562 5348 omnia
1588 5310 1710 5364 qua:
1736 5294 1906 5350 habe-

329 5397 349 5429 ‹
382 5380 478 5435 bat
503 5387 561 5434 et
588 5380 759 5434 reddi.
796 5380 1088 5437 Procidens
1113 5389 1295 5437 autem
1322 5396 1512 5439 servus
1540 5380 1651 5447 ille,
1675 5382 1902 5453 rogabat

329 5488 349 5523 s
380 5486 541 5538 eum,
578 5472 805 5529 dicens:
836 5473 1160 5529 Patientiam
1193 5475 1334 5531 habe
1371 5476 1425 5531 in
1462 5490 1581 5540 me,
1625 5484 1682 5531 et
1721 5475 1902 5531 omnia

329 5582 351 5615 ι
383 5565 601 5620 reddam
632 5564 753 5621 tibi.
793 5564 1045 5622 Misertus
1071 5575 1253 5621 autem
1280 5566 1533 5624 dominus
1560 5566 1703 5623 servi
1738 5567 1899 5633 illius,

329 5672 355 5706 ε
383 5653 589 5710 dimisit
621 5670 768 5721 eum,
792 5664 850 5711 et
875 5656 1115 5711 debitum
1145 5656 1348 5713 dimisit
1379 5656 1477 5712 illi.
1514 5657 1777 5729 Egressus
1803 5671 1900 5711 au-

333 5762 357 5797 ι
388 5756 497 5802 tem
523 5763 710 5806 servus
757 5747 844 5805 ille
888 5747 1091 5809 invenit
1133 5764 1298 5805 unum
1341 5750 1408 5806 de
1448 5749 1723 5808 conservis
1763 5750 1896 5815 suis,

2008 4655 2259 4726 exemplo
2282 4657 2466 4727 operis
2501 4660 2674 4714 nostri
2701 4658 2806 4715 hoc
2827 4674 3014 4732 agere,
3044 4670 3110 4718 ut
3131 4660 3398 4730 majorum
3436 4662 3594 4718 nobis

2007 4744 2328 4802 delictorum
2354 4747 2512 4804 venia
2542 4763 2650 4804 non
2679 4749 2992 4807 relaxetur?

2544 4854 2681 4896 ιτει
2714 4856 3062 4899 AUGUSTINUS.

2077 4926 2436 5000 Interrogavit
2460 4930 2655 4988 Petrus
2682 4935 3026 5006 magistrum,
3051 4939 3267 5008 quoties
3291 4940 3596 5012 ignosceret

2004 5012 2330 5086 fratri..qui
2366 5017 2423 5074 in
2459 5018 2609 5075 illum
2649 5031 2963 5092 peccasset,
2999 5034 3060 5081 et
3110 5026 3366 5097 quaesivit
3412 5037 3595 5083 utrum

2006 5108 2280 5167 sufficeret
2319 5127 2492 5182 usque
2533 5114 2758 5184 septies.
2815 5115 3121 5187 Respondit
3161 5118 3241 5175 illi
3284 5119 3588 5176 Dominus:

2008 5201 2137 5260 Non
2180 5203 2352 5259 solum
2399 5206 2586 5276 septies
2611 5247 2627 5272 ,
2674 5208 2766 5262 sed
2814 5225 2977 5281 usque
3023 5212 3320 5282 septuagies
3367 5211 3591 5281 septies,

2007 5294 2204 5351 deinde
2225 5297 2468 5352 narravit
2492 5298 2907 5355 similitudinem
2928 5300 3088 5357 valde
3107 5301 3406 5358 terribilem
3424 5319 3438 5354 :
3455 5299 3592 5366 Quia

2005 5385 2182 5442 simile
2218 5395 2306 5442 est
2342 5401 2567 5459 regnum
2611 5389 2874 5446 caelorum
2915 5390 3126 5448 homini
3167 5390 3547 5461 patrifamilias
3572 5432 3605 5459 ,,

2004 5478 2097 5548 qui
2126 5478 2310 5549 posuit
2333 5480 2602 5536 rationem
2641 5496 2766 5537 cum
2793 5483 2968 5538 servis
3005 5484 3120 5539 suis
3137 5524 3153 5549 ,
3192 5483 3251 5539 in
3278 5484 3477 5554 quibus
3503 5484 3593 5539 in-

2002 5567 2154 5623 venit
2180 5568 2482 5624 debitorem
2510 5570 2698 5626 decem
2732 5570 2962 5626 millium
3002 5572 3351 5627 talentorum.
3398 5571 3605 5633 Omnis

2003 5654 2166 5713 homo
2187 5664 2246 5713 et
2267 5657 2480 5715 debitor
2501 5668 2605 5726 est,
2635 5669 2692 5717 et
2715 5661 3017 5717 debitorem
3043 5662 3226 5717 habet.
3260 5661 3482 5718 Debitor
3504 5673 3605 5723 est

2004 5745 2121 5814 Dei,
2138 5755 2193 5804 et
2210 5746 2512 5806 debitorem
2534 5749 2699 5807 habet
2718 5749 2943 5806 fratrem
2964 5765 3142 5807 suum.
3162 5749 3296 5819 Quis
3315 5759 3399 5806 est
3419 5765 3595 5814 cuius.
