3952 6426
380 364 490 420 499

1690 353 2042 408 διιΑιιΑουι
2076 354 2369 409 ΑιιυΑτιε

3528 359 3638 417 500

381 475 475 546 qui
504 488 610 528 non
642 471 715 526 sit
751 469 961 524 debi-tor
1008 466 1104 520 Dei
1125 467 1152 520 ἲ
1186 467 1288 520 nisi
1325 467 1379 519 in
1410 481 1517 534 quo
1551 463 1755 517 nullum
1789 465 1959 533 possit
1987 471 2036 528 Α
2063 475 2117 520 et
2163 476 2516 522 numerantur
2552 477 2929 537 generationes
2967 470 3069 528 77;
3121 485 3154 522 a
3201 469 3419 525 Christo
3462 487 3641 542 usque

379 563 612 622 inveniri
645 568 951 633 peccatum.
991 557 1125 625 Quis
1152 567 1238 612 est
1266 566 1446 612 autem
1480 557 1574 628 qui
1612 570 1720 612 non
1757 555 1960 614 habeat

381 657 678 714 debitorem
707 652 932 708 fratrem
961 666 1143 716 suum,
1176 650 1284 708 nisi
1312 650 1367 704 in
1394 663 1556 718 quem
1580 662 1743 706 nemo
1764 663 1959 719 pecca-

378 748 491 803 vit?
525 745 747 801 Debitor
767 753 854 800 est
873 759 1012 815 ergo.
1023 743 1200 798 omnis
1220 743 1383 798 homo
1409 741 1614 797 habens
1639 742 1955 807 debitorem,

378 841 436 900 et
472 843 626 898 Deus
649 839 830 909 justus
873 837 1161 893 costituit
1199 835 1439 907 regulam
1472 837 1526 890 in
1555 835 1800 890 debitore
1841 845 1955 899 tuo,

379 931 524 1002 quod
566 929 698 985 facit
738 937 794 984 et
833 929 950 998 ipse
989 942 1111 980 eum
1157 941 1276 980 suo.
1330 925 1448 978 Duo
1474 940 1603 994 ergo
1632 932 1758 978 sunt
1791 939 1957 992 opera

377 1017 794 1082 misericordiae,
835 1030 957 1085 qua
991 1029 1090 1068 nos
1135 1013 1389 1077 liberant,
1433 1028 1554 1081 qua:
1580 1011 1816 1067 breviter
1843 1013 1959 1081 ipse

380 1108 645 1164 Dominus
661 1105 843 1176 posuit
865 1103 1100 1174 quodam
1128 1103 1247 1157 loco
1269 1103 1322 1156 in
1345 1102 1636 1172 Evangelio
1659 1119 1672 1154 :
1702 1101 1958 1155 Dimittite

379 1207 429 1252 et
455 1197 747 1252 dimittetur
770 1195 915 1250 vobis
939 1207 958 1245 :
994 1193 1116 1246 date
1152 1203 1200 1246 et
1238 1191 1453 1244 dabitur
1476 1191 1635 1244 vobis.
1689 1190 1956 1245 Dimittite

379 1298 436 1345 et
461 1289 764 1344 dimittetur
792 1286 966 1351 vobis,
998 1285 1066 1340 ad
1093 1283 1480 1354 ignoscendum
1515 1283 1770 1352 pertinet.
1822 1282 1957 1337 Date

378 1389 436 1435 et
468 1379 687 1435 dabitur
711 1377 865 1433 vobis
886 1417 901 1441 ,
945 1377 1013 1431 ad
1052 1374 1417 1446 praestandum
1461 1372 1782 1427 beneﬁcium
1811 1415 1826 1439 ,
1870 1374 1954 1428 vel

377 1472 774 1543 eleemosynam
821 1469 1076 1540 pertinet.
1134 1466 1344 1538 Ignosci
1377 1465 1529 1519 vobis
1558 1465 1719 1519 vultis
1745 1505 1760 1530 ,
1805 1465 1954 1534 igno-

377 1563 540 1628 scite;
568 1559 830 1619 rcmittitc
858 1567 914 1613 et
940 1557 1251 1612 remittetur
1275 1555 1459 1617 vobis;
1494 1555 1741 1624 accipere
1767 1553 1951 1618 vultis,

377 1654 522 1717 date,
551 1659 608 1707 et
633 1649 850 1705 dabitur
874 1647 1048 1702 vobis.
1083 1646 1188 1700 Sed
1213 1646 1317 1700 hoc
1343 1652 1518 1714 potest
1548 1658 1793 1708 movere,
1809 1645 1950 1712 quod

376 1751 434 1796 et
460 1741 679 1796 Petrum
710 1738 913 1794 movit:
946 1735 1170 1804 Quoties
1198 1735 1391 1798 debeo,
1415 1734 1611 1802 inquit,
1631 1734 1954 1803 ignoscere?

2061 560 2232 614 Adam
2259 561 2347 626 77;
2381 558 2451 613 ab
2480 558 2650 612 Adam
2681 574 2851 629 usque
2883 562 2949 614 ad
2976 559 3254 614 Christum
3286 561 3372 615 77.
3420 561 3477 616 Si
3505 578 3639 636 ergo

2061 653 2205 708 nulla
2236 653 2514 725 generatio
2540 653 2902 724 pratermissa
2927 661 3014 708 est
3031 694 3046 716 ,
3089 653 3236 707 nlla
3263 653 3417 724 culpa
3444 665 3642 723 prate-

2061 743 2216 808 ritur,
2245 745 2336 798 ubi
2371 759 2480 798 non
2508 744 2704 798 debeat
2729 743 2952 812 ignosci.
2991 742 3125 796 Nam
3155 743 3277 797 ideo
3303 744 3419 812 ipse
3447 744 3514 798 77
3540 760 3639 816 ge-

2062 839 2373 893 nerationes
2400 838 2761 904 enumeravit,
2792 852 2951 906 quem
2982 853 3262 892 numerum
3294 839 3553 896 Dominus
3579 843 3640 896 in

2060 935 2407 993 peccatorum
2438 915 2812 980 remissionem
2838 927 3238 981 commendavit
3255 967 3271 992 ,
3319 929 3574 997 quoniam
3602 945 3640 984 a

2059 1016 2326 1084 baptismo
2362 1017 2529 1086 capit
2567 1029 2891 1080 numerare,
2935 1015 3028 1069 ubi
3057 1017 3240 1070 omnia
3270 1027 3488 1085 peccata
3523 1018 3633 1073 sol-

2059 1114 2288 1170 vuntur,
2337 1107 2532 1161 deinde
2580 1105 2741 1176 paulo
2789 1105 3100 1176 diligentius
3147 1108 3418 1178 interroga
3465 1109 3642 1178 ipsius

2061 1199 2270 1252 numeri
2313 1206 2617 1264 secretum,
2665 1197 3006 1267 latebrasque
3046 1197 3166 1266 eius
3194 1199 3444 1268 inquire,
3483 1199 3641 1268 pulsa

2059 1289 2394 1360 diligentius,
2429 1297 2492 1344 ut
2530 1290 2806 1358 aperiatur
2836 1289 2930 1344 tibi
2970 1288 3179 1358 justitia
3207 1305 3328 1360 quae
3352 1291 3470 1360 lege
3507 1306 3632 1346 con-

2058 1390 2186 1434 stat.
2241 1381 2352 1435 Lex
2405 1381 2459 1435 in
2506 1382 2692 1436 decem
2738 1382 3024 1450 pratccptis
3055 1381 3481 1447 commendatur,
3515 1383 3636 1437 ideo

2057 1470 2146 1525 ille
2173 1469 2386 1524 debitor
2414 1470 2600 1524 decem
2631 1468 2953 1523 talentorum
2979 1509 2994 1534 ,
3043 1469 3160 1538 ipse
3194 1478 3280 1524 est
3306 1469 3395 1524 ille
3423 1484 3631 1525 memo-

2058 1560 2243 1615 rabilis
2282 1559 2574 1629 decalogus
2613 1559 2848 1628 scriptus
2887 1560 3055 1630 digito
3092 1559 3223 1626 Dei,
3268 1561 3361 1629 qui
3403 1562 3638 1616 traditus

2057 1649 2253 1720 populo
2298 1665 2398 1719 per
2438 1648 2622 1704 Mosen
2652 1648 2912 1704 famulum
2957 1649 3074 1704 Dei.
3127 1648 3350 1704 Debitor
3375 1667 3510 1723 ergo
3543 1653 3638 1708 ille

2059 1742 2244 1795 decem
2273 1742 2596 1795 talentorum
2623 1741 2804 1796 omnia
2831 1749 3050 1810 peccata
3078 1739 3377 1812 significat,
3415 1751 3638 1813 propter

379 1831 586 1886 Sullicit
612 1844 782 1900 usque
809 1828 1050 1898 septies?
1103 1825 1224 1880 Non
1256 1823 1483 1889 sufﬁcit,
1529 1827 1606 1879 ait
1647 1825 1906 1882 Dominus
1937 1843 1952 1878 :
1985 1809 2030 1868 Β
2057 1845 2341 1886 numerum
2364 1830 2517 1902 legis.
2556 1831 2797 1886 Debebat
2821 1809 2876 1886 et
2898 1831 2988 1886 ille
3016 1809 3202 1886 decem
3228 1809 3633 1897 denarios—non

377 1937 485 1978 non
511 1921 632 1977 dico
660 1921 886 1990 septies,
911 1919 1006 1973 sed
1039 1932 1213 1987 usque
1239 1916 1552 1987 septuagies
1579 1915 1801 1986 septies.
1835 1913 1954 1968 Jam

379 2025 434 2068 tu
466 2027 727 2069 enumera
753 2011 967 2081 quoties
1002 2010 1056 2063 in
1094 2017 1148 2063 te
1181 2006 1486 2078 peccaverit
1510 2006 1681 2060 frater
1711 2014 1865 2071 tuus;
1911 2005 1955 2060 si

375 2102 620 2173 potueris
646 2101 834 2157 venire
866 2115 1040 2169 usque
1066 2099 1136 2152 ad
1161 2098 1477 2168 vigesimum
1521 2105 1576 2150 et
1620 2096 1951 2166 septuagesi-

379 2211 522 2250 mam
545 2202 792 2250 octavam
815 2192 1050 2261 culpam,
1075 2198 1134 2244 ut
1160 2198 1406 2244 transeas
1426 2188 1550 2243 490.
1582 2187 1734 2243 Tune
1763 2188 1953 2243 molire

375 2285 692 2342 vindictam.
748 2282 897 2338 Itane
920 2295 1111 2336 verum
1139 2287 1254 2344 est,
1282 2279 1426 2348 quod
1453 2279 1612 2343 dicit,
1642 2287 1697 2333 et
1725 2292 1849 2332 vere
1876 2279 1951 2332 ita

357 2357 440 2431 se
467 2375 664 2439 habet,
699 2381 758 2430 ut
795 2371 841 2426 si
878 2370 1185 2441 peccaverit
1209 2368 1316 2423 400
1346 2368 1611 2436 ignoscas.
1668 2367 1726 2422 Si
1770 2375 1951 2421 autem

375 2463 682 2534 peccaverit
706 2461 832 2526 560,
855 2460 970 2529 iam
994 2459 1157 2514 liceat
1183 2459 1277 2513 tibi
1303 2473 1410 2512 non
1440 2457 1732 2526 ignoscere.
1765 2457 1951 2512 Auden

375 2555 592 2612 dicere:
624 2552 692 2608 Et
717 2552 766 2608 si
789 2551 897 2606 490
920 2549 1264 2620 peccaverit,
1303 2549 1556 2618 ignosce:
1590 2556 1647 2602 et
1673 2548 1718 2602 si
1745 2548 1950 2603 centies

373 2642 704 2712 peccaverit,
737 2641 975 2711 ignosce.
1017 2638 1086 2694 Et
1113 2637 1241 2706 quid
1266 2637 1444 2693 dicam
1474 2637 1654 2700 toties,
1684 2645 1741 2690 et
1767 2637 1950 2701 toties,

373 2732 596 2789 omnino
631 2731 842 2800 quoties
869 2729 1176 2806 peccaverit
1209 2728 1444 2798 ignosce.
1493 2726 1612 2781 Non
1648 2727 1796 2782 enim
1833 2727 1951 2782 sine

375 2837 537 2880 causa
562 2821 827 2878 Dominus
850 2819 954 2874 490
982 2819 1153 2882 dixit,
1191 2832 1316 2873 cum
1349 2816 1572 2872 omnino
1609 2817 1758 2872 nulla
1789 2818 1948 2888 culpa

374 2912 480 2977 sit,
521 2925 682 2982 quam
728 2924 834 2964 non
866 2907 1156 2964 debeamus
1195 2906 1493 2977 ignoscere.
1550 2905 1690 2961 Ecce
1717 2905 1806 2961 ille
1834 2906 1950 2976 ipse

373 3017 584 3068 servus,
604 3000 758 3070 cuius
782 3001 949 3061 debiti
978 3001 1228 3056 inventus
1256 3008 1342 3056 est
1365 3000 1620 3055 debitor?
1654 3000 1838 3055 decem
1867 3007 1949 3054 ta-

372 3096 641 3151 lentorum
669 3092 898 3149 debebat
923 3098 1072 3161 puto,
1110 3090 1236 3160 quia
1268 3090 1456 3145 decem
1487 3088 1812 3145 talentorum
1832 3129 1848 3154 ,
1888 3097 1950 3143 ut

374 3200 565 3256 parum
594 3184 698 3250 sit,
742 3154 1305 3253 decem-peccatorum
1331 3188 1476 3235 sunt.
1519 3178 1654 3234 Nolo
1683 3179 1831 3234 enim
1859 3178 1944 3234 (ἣν
1975 3154 2019 3215 C

371 3291 496 3335 cere
525 3293 692 3334 unum
721 3276 977 3332 talentum
998 3315 1014 3339 ,
1044 3275 1188 3343 quod
1215 3281 1438 3343 peccata
1464 3273 1772 3328 concludat.
1821 3271 1949 3327 Ser-

373 3383 477 3423 vus
507 3377 689 3422 autem
732 3365 821 3420 ille
861 3373 1121 3434 quantum
1153 3363 1421 3418 debebat?
1454 3371 1672 3418 centum
1697 3362 1951 3418 denarios

373 3456 622 3512 debebat.
657 3454 777 3512 .lam
803 3454 923 3525 plus
947 3462 1033 3511 est
1056 3469 1218 3524 quam
1241 3452 1368 3520 490,
1389 3461 1444 3509 et
1470 3462 1648 3509 tamen
1674 3454 1846 3508 irams
1868 3461 1954 3508 est

373 3550 658 3615 Dominus,
679 3547 810 3619 quia
835 3548 891 3604 ei
917 3562 1025 3603 non
1048 3547 1270 3602 dimisit.
1307 3547 1425 3602 Non
1449 3547 1621 3604 solum
1650 3547 1794 3602 enim
1823 3562 1951 3602 cen-

375 3652 489 3696 tum
523 3641 648 3711 plus
679 3647 807 3694 sunt
837 3654 1002 3708 quam
1028 3639 1157 3705 490,
1179 3639 1270 3694 sed
1303 3647 1521 3694 centum
1561 3638 1770 3693 denarii
1808 3637 1951 3696 forte

375 3734 514 3791 1000
543 3749 696 3789 asses
727 3741 873 3788 sunt.
923 3731 1028 3788 Sed
1073 3732 1201 3803 quid
1243 3733 1311 3786 ad
1354 3732 1538 3787 decem
1580 3730 1951 3786 talentorum?

371 3827 568 3895 Λίμνον
590 3825 693 3880 hoc
719 3839 907 3879 omnes
935 3823 1145 3893 culpes,
1173 3838 1300 3894 qua)
1326 3822 1380 3876 in
1410 3837 1510 3876 nos
1535 3823 1950 3877 committuntur

371 3918 548 3987 parati
569 3917 744 3972 simus
760 3915 1061 3984 ignoscere,
1079 3915 1126 3970 si
1148 3915 1303 3970 nobis
1323 3914 1694 3970 desideramus
1716 3914 1944 3986 ignosci.

374 4009 623 4077 Quotidie
658 4023 760 4063 nos
794 4009 1192 4078 prosternimur
1218 4016 1271 4063 et
1301 4001 1568 4064 dicimus:
1601 4007 1820 4063 Dimitte
1848 4023 1943 4063 no:

373 4100 386 4152 l
412 4100 456 4153 is
477 4098 655 4154 debita
676 4105 888 4162 nostra,
913 4098 1053 4153 sicut
1073 4105 1130 4153 et
1152 4112 1250 4152 nos
1274 4095 1593 4152 dimittimus
1615 4097 1949 4154 debitoribus

371 4189 592 4244 nostris.
645 4189 778 4255 Quae
803 4188 1025 4243 debita?
1073 4188 1252 4242 omnia
1275 4228 1291 4252 ,
1330 4203 1397 4242 an
1427 4187 1662 4257 aliquam
1686 4197 1900 4258 partem
1922 4190 1948 4241 ἲ

373 4277 819 4348 respondebimus
847 4277 1051 4333 omnia.
1102 4276 1195 4331 Sic
1221 4291 1354 4347 ergo
1387 4285 1443 4331 et
1481 4285 1537 4330 tu
1567 4277 1796 4333 debitori
1831 4287 1943 4333 tuo.

376 4370 526 4424 llanc
560 4384 692 4441 ergo
729 4367 966 4440 regulam
1003 4369 1183 4440 ponis,
1221 4369 1324 4423 hac
1352 4370 1663 4426 conditione
1688 4371 1943 4440 loqueris,

375 4464 476 4517 hoc
500 4470 658 4532 pacto
687 4469 743 4518 et
771 4461 972 4532 placito.
999 4476 1126 4516 cum
1163 4461 1274 4516 Deo
1310 4462 1589 4533 obligaris.
1642 4462 1782 4530 Quid
1818 4478 1946 4535 ergo

373 4554 477 4608 sibi
503 4553 620 4608 vult
641 4553 766 4608 490.
804 4553 1018 4614 Audite,
1052 4550 1267 4615 fratres,
1298 4568 1554 4623 magnum
1591 4555 1944 4624 mysterium,

370 4646 622 4702 mirabile
640 4653 1060 4702 sacramentum.
1085 4644 1371 4700 Hatthmus
1387 4645 1555 4714 erepit
1571 4647 1640 4700 ab
1653 4645 1924 4700 Abraham
1935 4686 1952 4710 ,

369 4745 427 4793 ct
471 4737 717 4807 pervenit
757 4751 931 4804 usque
973 4737 1040 4791 ad
1079 4735 1278 4806 Jnseph
1318 4737 1713 4793 descendendo.
1771 4736 1949 4792 Lucas

371 4835 554 4881 autem
585 4824 929 4879 ascendendo
955 4825 1121 4894 erepit
1147 4840 1455 4889 numerare,
1477 4839 1577 4879 cur
1605 4824 1695 4878 ille
1723 4825 1948 4879 descen-

371 4916 569 4981 dendo,
586 4915 679 4972 ille
694 4916 1064 4974 ascendendo?
1079 4915 1361 4972 Mattheus
1381 4915 1786 4987 generationem
1797 4913 1952 4970 Chri-

371 5007 442 5064 sti
468 5005 902 5071 commendabat,
925 5021 1034 5076 qua
1056 5005 1337 5064 descendit
1357 5005 1426 5059 ad
1447 5018 1568 5068 nos,
1594 5004 1715 5064 ideo
1735 5005 1953 5074 quando

372 5107 534 5154 natus
578 5105 664 5154 est
709 5096 994 5164 Christus,
1043 5099 1210 5170 etrapit
1261 5112 1548 5153 numerare
1595 5097 1946 5153 dcsccnchtns.

372 5192 549 5247 Lucas
575 5199 789 5259 autem,
834 5193 962 5263 quia
1006 5201 1134 5247 tunc
1170 5190 1336 5261 coepit
1365 5204 1690 5254 numerare,
1734 5188 1949 5260 quando

371 5282 677 5354 baptizatus
699 5291 785 5340 est
805 5282 1075 5339 Christus.
1117 5281 1221 5337 Ubi
1246 5287 1331 5335 est
1356 5278 1572 5334 initium
1597 5280 1948 5345 ascensionis,

373 5375 710 5431 ascendendo
764 5387 1058 5434 numerare
1112 5374 1298 5444 cmpit.
1368 5370 1712 5428 Numerando
1768 5381 1947 5428 autem

373 5466 663 5535 complevit
689 5464 1070 5538 generationes
1097 5463 1165 5516 77
1196 5479 1230 5517 a
1259 5477 1368 5531 quo
1393 5462 1737 5531 numerabat,
1769 5463 1948 5522 inten-

370 5557 484 5612 dite
525 5557 688 5612 hodie
717 5572 748 5610 a
781 5569 892 5626 quo
918 5559 1143 5607 exortus
1181 5561 1265 5606 est
1303 5565 1622 5615 numerare,
1665 5566 1837 5622 usque
1880 5554 1976 5607 ad;

372 5646 550 5717 ipsum
579 5646 781 5710 Adam,
811 5644 906 5713 qui
932 5641 1140 5712 primus
1169 5641 1444 5710 peccavit,
1474 5649 1527 5694 et
1551 5656 1652 5696 nos
1677 5658 1800 5697 cum
1827 5659 1950 5713 pec-

376 5740 482 5790 cati
509 5737 836 5804 obligatione
865 5733 1166 5800 generavit,
1187 5730 1432 5800 pervenit
1463 5745 1633 5800 usque
1661 5731 1726 5785 ad
1754 5732 1946 5799 Adam,

1975 4505 2026 4563 D

2054 1923 2313 1978 abhorret
2339 1924 2408 1978 ab
2435 1922 2626 1977 eodem
2657 1937 2901 1976 numero.
2935 1920 3068 1976 Nam
3098 1929 3153 1976 et
3181 1922 3387 1977 centies
3413 1932 3634 1978 centum

2054 2011 2238 2066 decem
2267 2010 2458 2075 millia,
2494 2018 2550 2065 et
2582 2011 2764 2065 decies
2793 2009 2917 2064 deni
2946 2018 3194 2073 centum.
3236 2018 3291 2065 et
3321 2011 3409 2065 ille
3441 2011 3634 2066 decem

2053 2101 2403 2167 talentorum,
2430 2111 2484 2156 et
2513 2101 2602 2157 ille
2631 2102 2811 2157 decies
2838 2101 3048 2157 decem.
3086 2101 3350 2172 chitimo
3377 2117 3508 2174 ergo
3531 2119 3636 2158 nu-

2052 2209 2203 2247 mero
2243 2207 2351 2247 non
2390 2208 2668 2248 recessum
2697 2201 2782 2247 est
2807 2234 2820 2258 ,
2869 2193 2924 2247 in
2972 2208 3080 2262 quo
3127 2203 3356 2262 utroque
3388 2195 3632 2251 invenies

2051 2291 2280 2350 utraque
2306 2292 2528 2351 peccata
2546 2322 2561 2347 ,
2603 2291 2831 2350 uterque
2858 2282 3092 2348 debitor,
3121 2291 3177 2337 et
3209 2292 3435 2352 uterque
3458 2286 3633 2339 venite

2050 2371 2360 2442 deplorator
2381 2381 2438 2426 et
2462 2372 2803 2441 impetrator,
2833 2371 2927 2426 sed
2954 2371 3043 2426 ille
3067 2387 3261 2427 servus
3287 2372 3478 2436 malus,
3511 2387 3632 2427 ser-

2049 2477 2150 2517 vus
2179 2462 2444 2533 ingratus,
2467 2462 2687 2530 iniquus
2707 2461 2880 2516 noluit
2906 2462 3202 2532 rependere
3227 2461 3372 2532 quod
3399 2463 3632 2528 accepit,

2051 2555 2223 2610 noluit
2267 2561 2527 2624 praestare
2571 2553 2713 2622 quod
2767 2553 2844 2607 illi
2891 2553 3112 2622 indigno
3158 2553 3456 2623 praestitum
3504 2553 3625 2608 fuit.

2052 2645 2240 2700 Videte
2260 2660 2412 2714 ergo,
2429 2641 2642 2705 fratres.
2659 2643 2904 2712 quisquis
2925 2644 3114 2713 incipit
3135 2660 3166 2698 a
3187 2643 3475 2713 baptismo,
3491 2643 3630 2698 liber

2050 2735 2182 2800 exit,
2210 2735 2436 2790 remissa
2457 2741 2584 2788 sunt
2611 2733 2686 2790 illi
2709 2733 2892 2791 decem
2917 2733 3261 2800 talentorum,
3283 2749 3406 2790 cum
3429 2735 3630 2790 exierit

2049 2835 2106 2881 et
2149 2825 2417 2880 invenerit
2444 2839 2764 2884 conservum
2801 2840 2959 2880 suum
2988 2825 3286 2880 debitorem
3311 2865 3326 2890 ,
3375 2824 3630 2882 observet

2050 2932 2178 2987 ergo
2209 2917 2382 2986 ipsum
2405 2925 2706 2986 peccatum,
2732 2914 2874 2984 quod
2898 2915 3022 2984 quia
3047 2917 3185 2970 bene
3206 2921 3334 2984 puto
3362 2914 3629 2984 signiﬁcet

2051 3021 2311 3062 numerus
2338 3005 2688 3063 undenarius.
2721 3004 2833 3059 Lex
2863 3005 3006 3060 enim
3037 3004 3312 3068 denarius,
3342 3011 3626 3074 peccatum

2050 3098 2400 3154 undenarius.
2439 3096 2550 3152 Lex
2575 3111 2674 3167 per
2692 3097 2901 3160 decem,
2926 3103 3207 3164 peccatum
3231 3109 3330 3164 per
3349 3093 3623 3149 undecim.

2053 3187 2231 3254 Quare
2275 3193 2554 3256 peccatum
2600 3199 2699 3255 per
2743 3184 3034 3240 undecim?
3087 3183 3224 3250 Quia
3270 3183 3626 3254 transgressio

2051 3279 2259 3336 denarii
2287 3286 2392 3344 est,
2415 3285 2476 3333 ut
2496 3278 2682 3333 venias
2708 3277 2776 3332 ad
2803 3276 3180 3335 undenarium.
3218 3275 3275 3330 ln
3303 3275 3417 3344 lege
3441 3283 3625 3329 autem

2051 3370 2242 3426 modus
2269 3369 2408 3424 ﬁxus
2438 3377 2544 3435 est,
2573 3377 2944 3438 transgressus
2973 3381 3052 3431 es,
3084 3366 3342 3438 peccasti.
3376 3363 3496 3418 Jam
3528 3364 3623 3418 ubi

2051 3461 2442 3532 transgrederis
2471 3460 2773 3525 denarium,
2804 3461 2871 3514 ad
2897 3457 3252 3512 undenarium
3284 3458 3454 3511 venis.
3494 3457 3623 3512 Ideo

2051 3568 2304 3623 magnum
2339 3552 2679 3624 mysterium,
2711 3550 2927 3620 quando
2947 3547 3158 3616 iussum
3189 3555 3273 3601 est
3301 3548 3626 3602 tabernacu-

2050 3645 2160 3699 lum
2205 3644 2498 3709 fabricari,
2548 3641 2714 3696 multa
2760 3641 2835 3696 ibi
2882 3653 3171 3694 numerosa
3207 3638 3352 3693 dicta
3398 3645 3528 3693 sunt
3566 3638 3624 3694 in

2051 3750 2248 3806 magno
2269 3743 2633 3799 sacramento,
2655 3732 2796 3788 inter
2813 3742 3029 3796 caetera,
3046 3729 3129 3784 vel
3152 3745 3218 3785 ex
3242 3729 3455 3784 cilicina
3471 3727 3625 3796 jussa

2051 3834 2178 3882 sunt
2205 3825 2343 3889 ﬁeri,
2367 3839 2476 3878 non
2497 3824 2682 3878 decem
2712 3822 2808 3877 sed
2831 3821 3096 3882 undecim,
3123 3819 3246 3888 quia
3273 3834 3369 3888 per
3390 3818 3624 3872 cilicium

2049 3914 2353 3973 ostenditur
2372 3912 2641 3969 confessio
2661 3919 3031 3982 peccatorum.
3067 3908 3174 3979 (Ea:
3221 3907 3461 3978 Hieron.)
3493 3905 3626 3960 Pro-

2052 4014 2277 4061 vocatus
2315 4003 2590 4075 apostolus
2634 4001 2828 4057 Petrus
2880 4001 3176 4070 interrogat
3216 3997 3427 4067 quoties
3464 3994 3624 4051 fratri

2052 4099 2107 4153 in
2133 4113 2196 4153 se
2221 4094 2468 4168 peccanti
2497 4093 2772 4149 dimittere
2801 4091 3028 4154 debeat,
3074 4097 3130 4144 et
3169 4103 3290 4144 cum
3319 4087 3622 4154 interroga-

2053 4191 2198 4246 tione
2227 4186 2432 4258 profert
2456 4184 2778 4242 sententiam
2803 4200 2816 4238 :
2844 4180 3018 4252 Usque
3039 4180 3269 4251 septies?
3295 4179 3382 4233 cui
3408 4191 3625 4247 respom

2049 4279 2130 4334 dit
2157 4277 2450 4334 Deinus:
2491 4273 2616 4329 Non
2644 4289 2806 4344 usque
2829 4272 3016 4342 septies
3035 4312 3051 4336 ,
3087 4270 3177 4325 sed
3219 4284 3380 4339 usque
3407 4275 3622 4337 septue-

2049 4372 2160 4440 gies
2186 4370 2394 4440 septies,
2423 4368 2475 4422 id
2504 4375 2608 4432 est,
2638 4363 3052 4435 quadringentis
3078 4359 3369 4430 nonaginta
3390 4357 3620 4422 vicibus,

2053 4469 2112 4514 ut
2148 4461 2309 4516 toties
2335 4457 2582 4529 peccanti
2609 4455 2767 4510 fratri
2794 4455 3099 4518 dimittere,
3137 4459 3194 4506 et
3217 4451 3272 4506 in
3299 4449 3385 4506 die
3411 4447 3624 4518 quoties

2053 4555 2142 4610 ille
2165 4568 2394 4625 peccare
2418 4562 2619 4623 posset.

2123 4645 2231 4716 (Ex
2269 4642 2514 4714 August.)
2563 4641 2717 4708 Quod
2763 4651 2942 4697 autem
2989 4639 3219 4710 amplius
3263 4635 3494 4707 quteris,
3537 4633 3626 4690 vis

2050 4750 2209 4789 nosse
2231 4733 2412 4788 omnia
2429 4740 2653 4801 peccata
2678 4733 2944 4787 contineri
2967 4745 3192 4786 numero
3214 4729 3317 4784 isto
3331 4724 3622 4782 77?omnia

2050 4840 2178 4895 ergo
2217 4833 2443 4895 peccata
2481 4823 2646 4890 dixit,
2689 4824 2908 4893 quando
2936 4823 3002 4876 77
3030 4823 3205 4878 dixit:
3239 4820 3368 4890 quia
3395 4817 3524 4873 illud
3554 4817 3615 4870 il

2050 4915 2170 4969 dum
2203 4915 2403 4983 septies
2434 4913 2600 4978 ﬁunt,
2629 4914 2683 4969 id
2710 4924 2823 4980 est,
2853 4915 2944 4970 ubi
2975 4913 3313 4985 signiﬁcatur
3337 4917 3621 4981 peccatum

2053 5006 2172 5061 dua:
2206 5005 2408 5074 septies
2444 5004 2579 5059 fiunt
2611 5005 2698 5059 77.
2755 5004 2944 5062 Omnia
2989 5021 3120 5076 ergo
3160 5011 3382 5075 peccata
3422 5000 3622 5056 dimitti

2049 5095 2241 5160 voluit,
2268 5095 2360 5164 qui
2387 5110 2450 5150 ea
2483 5096 2879 5167 septuagesimo
2910 5096 3142 5165 septimo
3175 5106 3402 5148 numero
3427 5089 3620 5163 praesi-

2049 5188 2251 5258 gnavit.
2300 5185 2468 5241 Nemo
2492 5194 2684 5240 contra
2709 5201 2767 5240 se
2795 5194 2977 5241 teneat
3013 5201 3123 5240 non
3159 5181 3508 5254 ignoscendo,
3552 5195 3624 5234 ne

2049 5290 2237 5338 contra
2265 5281 2415 5336 illum
2447 5287 2711 5344 teneatur,
2745 5281 2962 5349 quando
2990 5288 3142 5343 erat,
3181 5277 3317 5332 dicit
3353 5275 3499 5330 enim
3533 5272 3623 5328 ille

2054 5374 2232 5429 Deus:
2274 5372 2530 5426 Dimittite
2577 5380 2626 5424 et
2671 5370 2961 5423 dimittetur
2987 5368 3146 5422 vobis.
3206 5367 3313 5422 Sed
3340 5381 3440 5437 ego
3473 5363 3628 5434 prior

2053 5466 2264 5529 dimisi,
2297 5464 2537 5523 dimitto,
2570 5469 2628 5516 et
2657 5468 2714 5514 tu
2737 5458 2822 5514 vel
2850 5469 3034 5529 postea
3052 5503 3066 5522 ,
3101 5475 3221 5513 nam
3249 5459 3294 5512 si
3324 5472 3430 5512 non
3457 5452 3620 5510 dimi-

2053 5556 2192 5610 seris
2219 5553 2486 5609 revocabo
2513 5561 2596 5614 ω,
2629 5558 2686 5604 et
2709 5550 2966 5620 quidquid
2998 5550 3094 5604 tibi
3123 5539 3432 5604 dimiseram
3460 5542 3622 5614 repli-

2053 5645 2187 5701 cabo
2210 5645 2328 5700 tibi.
2366 5641 2484 5696 Non
2505 5642 2655 5696 enim
2677 5640 2937 5694 mentitur
2956 5641 3194 5704 Veritas,
3219 5653 3325 5693 non
3351 5636 3496 5691 enim
3523 5632 3622 5688 fal-

2055 5735 2142 5799 lit,
2175 5743 2265 5786 aut.
2293 5733 2492 5786 fallitur
2515 5731 2783 5795 Christus,
2814 5731 2902 5799 qui
2931 5730 3184 5800 subjecit,
3216 5737 3266 5783 ct
3295 5728 3404 5782 ait:
3446 5725 3534 5780 Sic
3571 5728 3622 5779 et
