3952 6430
403 361 507 416 505

1675 357 2024 414 SllAllAGDl
2063 359 2351 415 ABBATIS

3541 363 3654 422 50‘

478 474 648 528 Etiam
675 489 815 541 r030,
845 480 890 523 et
939 479 986 522 te
1015 469 1274 523 Germane
1314 487 1542 539 compar.
1597 469 1750 536 Quod
1784 468 1923 522 divit
1948 482 1962 520 :
1993 472 2042 530 Α
2067 467 2296 522 oll'erant
2321 469 2449 533 Deo,
2477 479 2531 525 et
2567 470 2632 524 de
2655 471 2739 524 his
2764 469 3066 535 consulant,
3093 479 3150 525 et
3169 471 3312 539 quod
3333 488 3400 526 eo
3420 472 3649 542 iubente

402 563 689 625 Germane,
735 557 1011 628 proprium
1043 557 1220 626 posult
1261 571 1477 610 nomen.
1505 556 1807 611 Germanus
1827 555 1968 609 enim

399 651 711 706 vocabatur.
743 649 895 716 Quod
919 662 1049 703 vero
1079 647 1215 702 dixit
1235 662 1476 718 compar,
1505 646 1824 718 intelligitur
1851 644 1972 701 olli-

399 742 468 797 t‘ii
495 741 580 795 vel
613 740 756 794 ﬁdei.

468 833 677 902 Adjuva
699 831 820 885 illas
845 847 962 901 qutc
987 845 1187 883 mecum
1213 828 1579 882 laboraverunt
1597 828 1652 881 in
1665 826 1969 897 Evangelia.

400 922 494 978 Hae
516 923 771 977 mulieres
800 921 1064 990 religiosa:
1118 928 1172 973 et
1197 919 1432 974 scientes
1453 926 1629 982 erant,
1670 933 1804 986 quas
1829 917 1972 987 Apo-

398 1012 570 1068 stolus
596 1020 656 1065 ut
686 1010 903 1079 adjuvet
928 1025 1021 1064 eas
1045 1009 1374 1064 Germanum
1405 1008 1673 1061 admonet.
1707 1005 1862 1072 Quod
1892 1005 1969 1058 di-

399 1104 476 1158 cit
504 1120 516 1156 :
549 1101 754 1156 Mecum
780 1101 1168 1164 laboraverunt,
1200 1097 1523 1153 subauditur
1553 1099 1606 1152 in
1652 1099 1818 1152 verbo
1849 1097 1970 1152 lidei

400 1189 760 1260 praedicando.
789 1189 1066 1242 Docebant
1097 1187 1242 1241 enim
1272 1187 1325 1240 in
1354 1201 1454 1240 suo
1477 1200 1608 1240 sexu
1634 1202 1731 1255 per
1757 1185 1968 1250 domos,

400 1282 455 1334 in
487 1279 728 1334 ecclesiis
769 1287 949 1332 autem
976 1279 1294 1332 reticebant.
1335 1277 1418 1332 Ab
1463 1278 1579 1346 ipso
1607 1278 1752 1331 enim
1806 1277 1973 1335 Paulo

399 1369 723 1438 praedicandi
745 1366 980 1423 ollicium
1017 1367 1333 1422 mulieribus
1363 1368 1417 1421 in
1445 1368 1688 1422 Ecclesia
1719 1367 1932 1423 tollitur
1955 1410 1968 1433 ,

399 1458 488 1512 ubi
519 1458 597 1511 ait
625 1475 638 1512 :
679 1456 927 1511 Mulieres
957 1458 1010 1511 in
1039 1456 1278 1511 Ecclesia
1299 1466 1525 1510 taceant.

470 1549 602 1604 Cum
643 1548 904 1604 Clemente
949 1559 996 1603 et
1043 1551 1245 1602 crrteris
1291 1549 1624 1619 adiutoribus
1672 1550 1822 1602 meis.
1854 1549 1974 1605 Cle-

398 1653 554 1694 mens
584 1640 935 1709 philosophus
961 1647 1016 1692 et
1058 1653 1264 1707 magum
1291 1638 1552 1693 doctrina:
1579 1639 1663 1692 vir
1690 1647 1831 1705 erat,
1880 1640 1971 1710 qui

397 1737 586 1799 postea
615 1730 873 1784 Romana:
903 1729 1100 1798 praesul
1124 1729 1380 1784 Ecclesia-
1409 1728 1528 1782 fuit.

2069 559 2397 627 implendum
2427 575 2547 614 esse
2571 561 2954 630 cognoverint,
2986 561 3126 615 sicut
3162 571 3416 630 oportere
3445 578 3649 635 cogno—

2069 648 2266 712 verint,
2297 649 2400 702 hoc
2439 649 2594 703 nobis
2617 649 2702 704 vel
2733 649 3016 704 evidenter
3048 651 3133 704 vel
3161 651 3393 706 latenter
3438 667 3645 722 appor-

2070 744 2202 790 tent.
2228 735 2373 790 Dixit
2393 737 2538 792 enim
2565 738 2801 808 Angelus
2822 739 3026 793 homini
3055 756 3070 792 :
3104 739 3237 794 Cum
3255 743 3515 807 oraretis,
3541 758 3650 812 ego

2068 825 2238 880 obtuli
2291 827 2590 881 orationem
2636 837 2874 882 vestram
2924 829 2980 884 in
3030 840 3324 900 conspectu
3379 832 3649 888 claritatis

2071 915 2186 970 Dei.

2142 1005 2209 1058 Et
2247 1023 2354 1075 pax
2382 1007 2498 1070 Dei,
2529 1024 2644 1078 qua:
2695 1019 2973 1080 exsuperat
3003 1028 3208 1066 omnem
3257 1028 3487 1076 sensum,
3536 1021 3644 1067 etc.

2070 1095 2263 1160 Quem,
2293 1097 2395 1150 nisi
2428 1109 2694 1161 nostrum,
2727 1108 2817 1153 aut
2863 1099 3093 1155 fortasse
3133 1102 3298 1155 etiam
3332 1112 3648 1156 sanctorum

2072 1183 2415 1254 angelorum;
2442 1202 2548 1241 non
2572 1189 2714 1242 enim
2742 1197 2799 1242 et
2826 1189 2919 1244 Dei
2951 1209 2963 1244 :
2998 1191 3044 1246 si
3072 1205 3202 1261 ergo
3229 1192 3404 1246 sancti
3448 1201 3504 1245 et
3550 1193 3647 1245 Dei

2071 1291 2206 1346 pace
2239 1276 2434 1330 victuri
2481 1286 2624 1342 sunt,
2656 1278 2898 1348 profecto
2923 1281 2976 1334 in
3005 1295 3067 1335 ea
3096 1297 3228 1351 pace
3253 1283 3449 1336 victuri
3478 1290 3604 1336 sunt
3629 1322 3647 1344 ,

2072 1380 2192 1434 qum
2214 1375 2431 1434 superat
2455 1383 2670 1422 omnem
2707 1383 2943 1435 sensum,
2973 1371 3226 1440 quoniam
3257 1380 3501 1425 nostrum
3527 1371 3650 1440 qui-

2073 1454 2195 1508 dem
2231 1463 2472 1525 sperat,
2507 1471 2614 1510 non
2657 1466 2739 1512 est
2772 1457 3014 1513 dubium.
3050 1460 3108 1514 Si
3145 1469 3326 1514 autem
3350 1469 3568 1530 superat
3593 1467 3648 1511 et

2073 1546 2407 1614 angelorum,
2439 1556 2498 1601 ut
2528 1562 2627 1602 nec
2654 1549 2798 1617 ipsos
2824 1550 3104 1619 excepisse
3127 1549 3395 1613 videatur,
3422 1549 3513 1618 qui
3538 1549 3642 1602 ait:

2073 1631 2298 1688 Omnem
2323 1635 2676 1700 intellectum,
2706 1638 3004 1692 secundum
3034 1639 3136 1694 hoc
3165 1638 3369 1693 dictum
3399 1654 3523 1693 esse
3555 1639 3651 1693 de-

2074 1725 2263 1779 bemus
2289 1725 2554 1794 accipere,
2577 1726 2702 1794 quia
2726 1741 2913 1796 pacem
2941 1727 3059 1792 Dei,
3091 1742 3196 1796 qua
3225 1728 3369 1783 Deus
3399 1729 3512 1798 ipse
3554 1744 3650 1798 pa-

469 1818 704 1884 Quorum
728 1820 940 1873 nomina
963 1828 1084 1872 sunt
1111 1821 1166 1873 in
1203 1818 1337 1874 libro
1366 1819 1500 1873 vita.
1529 1819 1584 1873 ld
1611 1828 1713 1884 est,
1766 1819 1823 1874 in
1852 1834 1970 1874 me-
2000 1815 2047 1873 B
2073 1825 2228 1872 catus
2253 1825 2356 1881 est,
2385 1817 2527 1872 sicut
2553 1818 2695 1872 Deus
2726 1819 2891 1881 novit,
2931 1835 3037 1874 non
3081 1834 3201 1874 eam
3232 1834 3336 1876 nos
3363 1821 3440 1875 sic
3468 1820 3650 1890 possi-

395 1910 567 1963 moria
601 1917 822 1964 :eterna.
857 1910 932 1963 De
956 1911 1058 1965 hoc
1106 1912 1252 1964 enim
1281 1911 1332 1962 iu
1364 1909 1503 1964 libro
1528 1909 1817 1966 Psalmista
1867 1911 1974 1966 Do-

396 2001 546 2054 mino
574 2000 651 2054 ait
680 2017 692 2054 :
727 1999 1099 2070 Imperfectum
1148 2015 1320 2053 meum
1348 1999 1588 2053 uiderunt
1618 1999 1758 2054 oculi
1796 2001 1897 2066 tui,
1923 2011 1974 2055 et

395 2091 451 2144 in
469 2090 600 2145 libro
621 2098 710 2143 tuo
735 2106 909 2143 omnes
932 2090 1226 2144 scribentur
1245 2087 1416 2160 (Psal.
1441 2089 1724 2160 cxxxvm).
1753 2090 1822 2144 Et
1845 2104 1974 2160 apo—

399 2179 555 2235 stolis
601 2181 857 2234 Dominus
885 2179 961 2232 ait
1005 2197 1018 2232 :
1065 2176 1318 2245 Gaudete,
1367 2177 1492 2248 quia
1540 2178 1753 2231 nomine
1804 2188 1974 2232 vestra

395 2270 590 2340 scripta
635 2279 755 2324 sunt
800 2270 852 2323 in
903 2269 1028 2322 caelo
1059 2269 1078 2341 (
1109 2265 1236 2321 Luc.
1301 2289 1332 2326 x
1362 2267 1402 2339 ).
1437 2267 1505 2322 Et
1546 2283 1577 2322 e
1607 2269 1880 2323 contrario
1905 2269 1974 2324 de

396 2361 644 2431 reprobis
703 2360 871 2414 David
925 2362 1043 2413 ait:
1076 2358 1363 2412 Deleantur
1387 2358 1454 2412 de
1495 2358 1630 2411 libro
1673 2358 1966 2423 uiuenzium,

395 2461 443 2504 et
491 2467 608 2504 cum
635 2451 798 2521 justis
846 2467 948 2504 non
993 2450 1306 2504 scribantur.

468 2543 704 2598 Gaudete
740 2544 795 2596 in
825 2543 1044 2597 Domino
1081 2559 1298 2612 semper,
1349 2545 1537 2597 iterum
1565 2544 1682 2598 dico
1727 2544 1968 2615 gaudete.

395 2633 475 2688 Ac
495 2633 540 2687 si
565 2633 769 2688 diceret
787 2651 798 2686 :
823 2633 1062 2688 Gaudete
1082 2633 1135 2687 in
1151 2633 1392 2697 Domino,
1411 2634 1500 2703 qui
1516 2633 1569 2690 in
1585 2634 1828 2689 saculari
1850 2649 1975 2704 gau-

397 2722 488 2778 dio
530 2737 637 2778 non
681 2723 945 2795 gaudetis.
985 2724 1135 2778 Beati
1167 2724 1310 2779 enim
1351 2724 1442 2794 qui
1480 2723 1686 2793 lugent,
1723 2725 1972 2795 quoniam

395 2813 498 2881 ipsi
543 2812 968 2867 consolabuntur.
998 2811 1148 2880 Quod
1174 2813 1369 2884 repetit
1411 2813 1606 2867 iterum
1631 2831 1643 2866 :
1677 2813 1809 2867 Dico
1838 2830 1972 2884 gau-

395 2904 533 2969 dele,
573 2905 657 2959 vel
689 2913 747 2960 ut
777 2905 947 2976 magis
979 2921 1044 2961 ac
1069 2906 1241 2977 magis
1279 2906 1536 2978 gaudium
1577 2906 1930 2961 conﬁrmetur
1951 2947 1970 2972 ,

395 2993 480 3048 vel
495 3010 594 3065 pro
614 2996 807 3066 gaudio
832 2998 1074 3068 corporis
1103 3006 1157 3052 et
1186 2998 1382 3053 anima:
1409 2998 1462 3052 in
1486 2999 1759 3069 prosperis
1795 3006 1850 3054 et
1874 2999 1971 3053 ad-

394 3086 585 3148 versis,
617 3093 677 3140 ut
701 3086 1071 3142 conlortentur
1091 3089 1145 3142 in
1173 3088 1421 3143 Domino.

2073 1920 2196 1960 mus
2223 1921 2400 1973 nosse,
2429 1923 2529 1962 nec
2552 1907 2645 1962 ulli
2674 1908 2884 1978 Angeli.
2917 1907 3187 1978 Superant
3215 1910 3400 1980 itaque
3426 1926 3648 1966 omnem

2073 2009 2293 2050 sensum
2323 2011 2429 2050 non
2457 1995 2700 2061 dubium,
2749 1997 2892 2066 quod
2921 2007 3120 2066 praeter
3168 2015 3346 2064 suum,
3379 2000 3476 2054 sed
3522 2001 3650 2070 quia

2071 2092 2127 2140 et
2151 2099 2250 2140 nos
2275 2100 2376 2155 pro
2414 2086 2576 2140 modo
2602 2093 2791 2141 nostro
2815 2087 2966 2156 pacis
3011 2085 3130 2156 ejus
3157 2088 3448 2158 participes
3476 2089 3606 2144 lacti
3632 2131 3648 2153 ,

2071 2190 2340 2232 summam
2363 2175 2419 2230 in
2445 2176 2600 2232 nobis
2625 2184 2788 2247 atque
2815 2177 2957 2233 inter
2992 2193 3111 2244 nos,
3139 2186 3195 2233 et
3219 2194 3344 2234 cum
3371 2179 3494 2249 ipso
3549 2195 3647 2251 pa-

2074 2283 2214 2333 cem,
2236 2277 2498 2337 quantum
2515 2277 2760 2324 nostrum
2775 2284 3046 2325 summum
3071 2277 3157 2326 est
3167 2270 3651 2326 obtinebimusisto

2073 2358 2254 2423 modo,
2279 2373 2377 2427 pro
2401 2372 2500 2414 suo
2523 2359 2684 2414 modo
2719 2360 2900 2415 sciunt
2929 2373 3049 2414 eam
3096 2360 3271 2415 sancti
3304 2360 3502 2430 angeli,
3551 2361 3653 2416 ho-

2072 2450 2246 2506 mines
2267 2459 2446 2505 autcm
2477 2467 2620 2506 nunc
2665 2451 2821 2522 longe
2860 2451 3020 2517 infra,
3077 2452 3473 2521 quantumlibet
3521 2468 3650 2522 pro-

2071 2551 2235 2597 ventu
2270 2542 2468 2596 mentis
2507 2542 2794 2597 excellant.
2844 2541 3310 2598 Considerandum
3351 2550 3436 2597 est
3467 2543 3647 2606 enim,

2071 2639 2306 2702 quantus
2344 2633 2431 2687 vir
2476 2633 2694 2688 dicebat
2724 2649 2738 2685 :
2767 2631 2854 2686 Ea:
2890 2642 3039 2702 parte
3073 2633 3288 2698 scimus,
3321 2642 3369 2687 et
3395 2649 3460 2688 ea:
3499 2645 3653 2702 parte

2070 2726 2462 2796 praphetamus,
2497 2726 2663 2780 donec
2685 2725 2855 2780 veniat
2881 2723 3023 2795 quod
3042 2724 3332 2795 perfectum
3353 2735 3450 2780 est.

2367 2875 2700 2917 EVANGELIUII
2737 2875 3014 2927 ΙΑΤΤΠΑΞΙ,
3043 2877 3159 2916 CAP.
3203 2877 3336 2917 XX".

2147 3015 2165 3048 ι
2206 2998 2480 3054 Abeuntes
2501 2996 2781 3063 Pharisaei,
2812 2997 3097 3053 consilium
3119 2997 3354 3052 inierunt
3377 3005 3438 3052 ut
3475 3013 3646 3070 cape-

2078 3107 2098 3140 ‹
2145 3097 2265 3144 rent
2309 3102 2430 3162 eum
2473 3089 2527 3144 in
2574 3105 2842 3145 sermone.
2893 3089 2959 3144 Et
2995 3089 3218 3144 mittunt
3257 3089 3308 3144 ei
3353 3089 3649 3159 discipulos

467 3175 725 3230 Modestia
761 3187 930 3231 uestra
975 3187 1100 3232 nota
1143 3177 1210 3232 sit
1237 3179 1478 3232 omnibus
1523 3179 1840 3234 hominibus.
1870 3179 1967 3235 Ju-
1995 3169 2040 3231 C
2077 3198 2096 3232 ι
2142 3196 2271 3237 suos
2294 3197 2416 3238 eum
2446 3180 2786 3247 Herodianis,
2819 3181 3092 3236 dicentes:
3120 3181 3401 3252 Magister,
3438 3180 3648 3236 scimus

393 3268 525 3324 dacis
553 3272 759 3327 scilicet
793 3280 848 3328 et
872 3275 1142 3343 gentibus,
1167 3275 1526 3345 omnibusque
1575 3276 1667 3345 qui
1709 3291 1805 3332 vos
1851 3292 1974 3348 per-

395 3369 716 3429 sequuntur,
742 3371 869 3417 nota
891 3363 962 3418 sit
992 3364 1256 3418 modestia
1290 3373 1489 3418 vestra.
1521 3365 1780 3420 Modestis
1825 3368 1971 3423 enim

395 3455 754 3510 mansuetudo
797 3454 879 3509 vel
926 3455 1131 3524 pudor,
1185 3455 1298 3510 sive
1339 3455 1580 3525 probitas
1633 3457 1968 3528 intelligitur.

399 3543 670 3616 Scriptum
701 3553 783 3600 cst
821 3545 968 3600 enim
1005 3563 1018 3599 :
1061 3543 1277 3599 Videant
1329 3562 1485 3617 opera
1530 3556 1698 3600 uestra
1735 3548 1892 3616 bona,
1923 3560 1973 3605 et

397 3633 690 3705 gloriﬁcent
709 3646 910 3707 patrem
935 3645 1175 3701 vestrum,
1197 3638 1286 3707 qui
1313 3647 1388 3691 est
1411 3639 1464 3692 in
1487 3639 1628 3693 (telis
1651 3639 1868 3707 (Matth.
1893 3640 1968 3712 v).

468 3725 729 3780 Dominus
755 3742 914 3796 prope
939 3735 1036 3792 est,
1063 3726 1192 3781 nihil
1219 3727 1431 3781 solliciti
1451 3727 1583 3782 sitis.
1619 3729 1696 3784 Ac
1726 3731 1786 3795 ,εἰ
1828 3731 1974 3786 dice-

398 3821 486 3868 ret
514 3831 528 3866 :
555 3813 691 3880 Quia
725 3813 983 3870 Dominus
1009 3830 1176 3885 prope
1204 3825 1288 3870 est
1315 3817 1418 3882 his,
1452 3818 1540 3887 qui
1565 3819 1822 3875 tribulato
1849 3830 1974 3874 sunt

399 3905 585 3969 corde,
621 3905 740 3960 ideo
767 3906 832 3960 de
871 3907 1246 3977 ingruentibus
1274 3910 1431 3964 malis
1464 3911 1600 3965 nihil
1646 3912 1864 3966 solliciti
1894 3913 1970 3967 si-

400 3997 513 4063 tis,
565 4012 688 4053 cum
733 3998 1068 4055 defensorem
1115 4000 1269 4056 vobis
1309 4002 1477 4056 Deum
1529 4018 1648 4058 esse
1688 4004 1969 4059 noveritis.

398 4088 586 4146 Potest
639 4098 694 4145 et
751 4091 831 4145 sic
883 4091 1139 4164 intelligi,
1177 4093 1330 4163 juxta
1379 4094 1744 4165 Evangelium.
1798 4095 1974 4152 Nolite

398 4185 636 4253 cogitare
682 4183 811 4253 quid
860 4185 1212 4249 manducetis,
1243 4194 1336 4238 aut
1372 4185 1498 4254 quid
1523 4186 1836 4252 induamini,
1871 4189 1974 4243 scit

398 4271 542 4339 quod
588 4287 723 4341 opus
770 4279 852 4326 est
899 4273 1071 4340 vobis,
1101 4284 1158 4330 et
1186 4283 1474 4344 antequam
1504 4278 1699 4345 petatis
1729 4279 1974 4348 agnoscit

397 4360 614 4434 (Matth.
641 4365 738 4434 vt).

467 4453 572 4510 Sed
599 4457 650 4510 in
681 4459 820 4513 οηιηὶ
859 4461 1111 4515 oratione.
1141 4462 1197 4515 Id
1241 4469 1342 4526 est,
1372 4477 1479 4516 non
1510 4476 1634 4516 cum
1661 4478 1967 4518 murmura-

395 4551 562 4618 tione,
592 4561 753 4624 atque
781 4555 1020 4620 tristitia,
1047 4572 1114 4611 ne
1149 4555 1285 4611 forte
1305 4557 1737 4613 tribulationibus
1762 4559 1963 4627 amicti;

394 4643 450 4698 in
485 4644 665 4715 aliquo
695 4649 1062 4711 murmuretis,
1094 4656 1147 4701 et
1174 4657 1352 4701 vestra
1401 4649 1575 4703 oratio
1614 4649 1705 4703 liat
1747 4651 1965 4723 indigna

395 4739 616 4794 auribus
643 4738 758 4804 Del,
795 4742 1024 4794 obsecro
1055 4749 1114 4794 ut
1163 4740 1342 4793 omnia
1373 4756 1492 4795 cum
1542 4744 1785 4798 oratione
1827 4745 1966 4816 apud

392 4841 491 4882 vos
517 4827 739 4898 paciﬁce
776 4829 926 4884 llant.

465 4916 534 4970 Et
565 4915 918 4970 obsecratione
944 4934 1061 4970 cum
1091 4918 1381 4987 gratia-runt
1416 4921 1636 4976 actione.
1675 4922 1860 4978 Oratio
1883 4922 1965 4977 di—

393 5009 556 5072 citur,
579 5023 700 5076 qua:
724 5023 821 5076 pro
846 5011 1082 5078 peccatis
1104 5013 1390 5079 przelct'ilis
1413 5012 1490 5077 lit,
1517 5015 1821 5070 obsecratio
1840 5029 1968 5069 vero

392 5111 494 5167 pro
519 5097 811 5153 virtutibus
841 5098 1221 5170 adipiscendis,
1247 5101 1543 5173 gratiarum
1577 5104 1718 5159 actio
1743 5119 1842 5175 pro
1870 5103 1966 5156 be-

393 5188 606 5244 neﬁciis
639 5189 751 5244 Dei.

465 5285 751 5340 Petitioncs
778 5297 958 5341 vestra:
988 5288 1308 5343 innotescunt
1341 5289 1484 5359 apud
1514 5290 1697 5344 Deum.
1742 5289 1855 5342 Non
1888 5289 1967 5344 sic

394 5376 766 5446 accipiendum
795 5385 897 5443 est,
933 5386 1184 5446 tanquam
1214 5378 1324 5434 Deo
1351 5380 1711 5439 innotescant,
1735 5377 1825 5447 qui
1874 5393 1968 5433 cas

393 5477 451 5522 et
477 5480 764 5538 antequam
797 5479 979 5523 essent
1009 5479 1249 5524 noverat.
1293 5469 1399 5525 Sed
1429 5470 1586 5523 nobis
1632 5469 1970 5522 innotescant

392 5559 534 5629 apud
576 5558 762 5624 Deum,
817 5576 913 5631 per
966 5560 1329 5623 tolerantiam,
1377 5576 1482 5614 non
1533 5559 1674 5628 apud
1722 5559 1968 5613 homines

395 5653 847 5722 perjactantiam.
881 5653 988 5708 Aut
1029 5651 1168 5706 forte
1207 5651 1572 5711 innotescunt,
1622 5648 1786 5701 etiam
1827 5649 1965 5717 apud

401 5744 636 5812 angelos,
667 5745 756 5813 qui
789 5752 914 5797 sunt
942 5743 1079 5812 apud
1113 5741 1300 5803 Deum,
1341 5747 1397 5791 ut
1427 5737 1822 5807 quodammodo
1875 5753 1965 5792 cas

2079 3290 2100 3325 ο
2143 3273 2267 3343 quia
2283 3288 2447 3329 verax
2473 3287 2554 3338 es,
2569 3279 2625 3327 et
2643 3273 2786 3327 viam
2805 3272 2899 3328 Dei
2928 3272 2981 3326 in
3003 3272 3234 3327 veritate
3253 3272 3434 3335 doces,
3455 3278 3511 3326 et
3537 3285 3647 3326 non

2077 3381 2100 3416 ε
2138 3373 2222 3420 est
2251 3361 2346 3419 tibi
2373 3378 2502 3419 cura
2526 3363 2594 3419 de
2634 3361 2833 3433 aliquo.
2865 3361 2981 3418 Non
3009 3362 3151 3418 enim
3181 3361 3408 3431 respicis
3457 3376 3647 3431 perso—

2077 3474 2097 3508 ε
2140 3472 2268 3511 nam
2298 3456 2598 3512 hominum.
2621 3456 2720 3511 Dic
2742 3471 2874 3526 ergo
2893 3455 3049 3511 nobis
3081 3473 3095 3508 :
3121 3453 3260 3521 Quid
3287 3453 3385 3509 tibi
3410 3453 3642 3508 videtur.

2077 3565 2098 3598 ι
2141 3547 2292 3602 Licet
2313 3561 2537 3602 censum
2566 3546 2683 3600 dari
2713 3544 2937 3610 Caesari,
2975 3550 3070 3598 aut
3112 3543 3256 3598 non?
3282 3541 3511 3612 Cognita
3555 3556 3647 3595 an-

2079 3657 2098 3690 c
2144 3647 2252 3695 tem
2275 3636 2432 3694 Iesus
2465 3638 2706 3708 nequitia
2741 3651 2952 3701 eorum,
2975 3636 3090 3689 ait:
3122 3633 3261 3700 Quid
3284 3648 3371 3688 me
3403 3633 3644 3696 tentatis,

2078 3750 2097 3782 ς
2142 3728 2478 3800 hypocrita?
2506 3727 2782 3783 Ostendite
2820 3726 2953 3782 mihi
2994 3724 3263 3778 munis-ma
3305 3737 3522 3777 census.
3572 3722 3647 3776 At
3721 3733 3728 3746 ¹

2079 3837 2097 3870 ι
2145 3819 2220 3873 illi
2242 3818 2554 3875 obtulerunt
2580 3817 2630 3872 ei
2662 3816 2964 3872 denarium.
2988 3813 3054 3869 Et
3075 3815 3152 3868 ait
3181 3813 3288 3868 illis
3315 3812 3470 3868 Iesus
3499 3831 3514 3865 :
3543 3811 3649 3867 Gu-

2079 3929 2099 3961 ¢
2138 3909 2226 3977 jus
2267 3918 2351 3965 est
2371 3913 2546 3980 imago
2583 3909 2716 3972 hcce,
2759 3914 2814 3962 et
2837 3904 3264 3976 superscriptio?
3303 3903 3498 3958 Dicunt
3541 3903 3592 3957 ei
3629 3919 3642 3956 :

2079 4019 2100 4052 ι
2139 4001 2387 4056 Gmsaris.
2421 3999 2572 4054 Tunc
2617 3997 2696 4051 ait
2742 3996 2848 4050 illis
2875 4012 2888 4048 :
2915 3993 3142 4050 Reddite
3183 4007 3313 4065 ergo
3352 4006 3472 4062 quas
3516 3999 3645 4047 sunt

2078 4113 2100 4147 ‹
2141 4093 2372 4150 Ctesaris
2397 4090 2617 4154 Caesari,
2645 4097 2702 4145 et
2725 4101 2846 4159 quae
2871 4093 2999 4141 sunt
3016 4085 3111 4140 Dei
3138 4084 3270 4140 Deo.
3319 4103 3339 4136 ι

2142 4184 2399 4238 Abeuntes
2428 4179 2689 4236 Pharisazi
2714 4176 2991 4232 consilium
3015 4175 3266 4240 inierunt,
3296 4183 3352 4228 ut
3402 4183 3645 4244 caperent

2071 4292 2191 4330 eum
2211 4276 2265 4329 in
2285 4289 2540 4337 semone,
2563 4279 2670 4327 etc.
2697 4268 2799 4342 (Ex
2828 4266 3076 4340 Hieron.)
3101 4265 3285 4337 Nuper
3315 4265 3413 4320 sub
3431 4264 3646 4320 Gzesare

2072 4366 2312 4438 Augusto
2330 4364 2512 4419 Judaea
2527 4361 2768 4430 subjecta
2792 4361 3070 4423 Romanis,
3093 4359 3306 4428 quando
3324 4357 3377 4412 in
3389 4364 3503 4411 toto
3514 4356 3646 4411 orbe

2072 4465 2156 4512 est
2179 4456 2445 4511 celebrata
2481 4452 2792 4522 descriptio,
2823 4451 3170 4521 stipendiaria
3196 4449 3339 4504 facta
3363 4447 3561 4511 fuerat,
3587 4455 3645 4501 et

2070 4554 2189 4602 erat
2201 4548 2255 4601 in
2267 4545 2464 4615 populo
2474 4557 2666 4614 magna
2681 4542 2793 4598 sedi
2802 4543 2896 4608 tio,
2910 4541 3212 4597 dicentibus
3224 4539 3343 4594 aliis
3360 4557 3374 4592 :
3389 4552 3486 4608 pro
3497 4551 3642 4592 secu-

2070 4639 2232 4693 ritate
2257 4645 2312 4692 et
2332 4636 2535 4706 quiete,
2565 4650 2670 4704 qua
2684 4633 2912 4688 Romani
2939 4647 3040 4703 pro
3061 4631 3311 4686 omnibus
3323 4629 3637 4691 militarent,

2069 4729 2264 4783 debere
2288 4727 2488 4783 tributa
2523 4724 2777 4796 persolvi.
2815 4723 3102 4778 Pharisaeis
3131 4737 3281 4786 vero,
3310 4720 3401 4791 qui
3427 4720 3525 4774 sibi
3546 4718 3641 4772 ad-

1993 4843 1996 4846 λ
2068 4821 2394 4892 plaudebant
2434 4820 2486 4874 in
2517 4818 2749 4890 justitia,
2776 4832 2807 4872 e
2839 4816 3114 4872 contrario
3160 4800 3474 4875 nitentibus,
3530 4827 3637 4865 non

2072 4915 2266 4970 debere
2290 4913 2547 4984 populum
2576 4913 2693 4978 Dei,
2724 4913 2815 4983 qui
2867 4913 3105 4968 decimas
3133 4911 3384 4974 solveret,
3435 4916 3490 4962 et
3526 4905 3640 4976 pri-

2070 5005 2254 5060 mitiva
2284 5005 2458 5067 daret,
2497 5011 2763 5058 etcaztera
2812 5018 2933 5072 quae
2973 5003 3026 5056 in
3055 5002 3173 5071 lege
3225 5001 3424 5069 scripta
3472 5005 3636 5063 sunt,

2069 5093 2320 5150 humanis
2353 5093 2560 5165 legibus
2607 5093 2904 5163 subjacere.
2941 5092 3124 5148 Caesar
3166 5090 3441 5161 Augustus
3474 5087 3641 5142 Hero-

2071 5187 2191 5242 dem
2236 5185 2401 5239 lilium
2460 5185 2761 5256 Antipatris
2814 5184 3171 5254 alienigenam
3218 5190 3276 5236 et
3324 5179 3638 5252 proselitum

2071 5278 2269 5347 Regem
2296 5275 2493 5332 Judzeis
2527 5277 2922 5340 constituerat,
2963 5274 3054 5343 qui
3086 5272 3303 5326 tributis
3347 5275 3602 5339 praeesset
3622 5307 3635 5328 ,

2068 5379 2125 5425 ct
2153 5371 2393 5424 Romano
2415 5375 2631 5439 pareret
2663 5367 2909 5436 imperio.
2940 5365 3159 5419 Mittunt
3195 5363 3358 5432 igitur
3382 5359 3641 5415 Pharisaei

2069 5461 2362 5529 discipulos
2385 5475 2512 5514 suos
2564 5475 2687 5513 cum
2732 5455 3075 5518 Herodianis,
3117 5455 3169 5508 id
3219 5460 3335 5516 est,
3381 5450 3642 5506 militibus

2070 5551 2315 5613 Herodis,
2345 5565 2435 5604 seu
2452 5565 2588 5619 quos
2613 5548 2896 5602 illudentes
2923 5545 3205 5607 Pharisaei,
3235 5543 3360 5611 quia
3387 5538 3644 5594 Romanis

2070 5643 2267 5697 tributa
2295 5642 2592 5705 solvebant,
2640 5638 2972 5694 Herodianus
3004 5637 3288 5699 vocabant,
3326 5641 3382 5687 et
3421 5648 3526 5686 non
3563 5631 3633 5684 di-

2070 5735 2193 5790 vino
2220 5733 2382 5788 cultui
2406 5732 2633 5786 deditos.
2659 5730 2887 5797 Quidam
2922 5729 3232 5784 Latinorum
3265 5724 3489 5780 ridicule
3537 5725 3640 5778 lle-
