3952 6486
314 380 426 437 505

1127 375 1643 434 COLLECTIONES
1681 376 1747 431 IN
1784 374 2167 434 EPISTCLAS
2202 379 2291 434 ET
2327 380 2738 438 EVANGELIA.

3458 381 3566 438 5‘36

314 494 575 551 rodionos
601 499 810 565 putant,
835 490 930 560 qui
956 488 1220 545 Heredem
1249 488 1530 545 Christum
1556 502 1677 545 esse
1704 487 1890 544 crede-
1913 489 1968 551 Δ
1997 505 2018 541 s
2060 492 2208 547 omni
2236 493 2504 562 sapientia
2532 502 2587 550 et
2613 493 2885 549 intellectu
2907 492 3156 563 spiritali,
3192 501 3253 547 ut
3276 492 3564 549 ambuletis

312 589 464 649 rent,
488 583 633 652 quod
655 594 922 650 nusquam
943 578 1163 633 omnino
1191 576 1441 648 legimus.

390 674 665 747 Magister,
690 672 883 729 scimus
908 672 1033 743 quia
1056 686 1216 726 verax
1243 686 1297 724 es
1338 679 1389 723 et
1431 669 1571 723 viam
1599 667 1696 723 Dei
1722 667 1780 722 in
1807 683 1894 723 cc-

317 768 479 822 ritate
526 767 706 831 doces,
732 774 781 820 et
804 780 908 819 non
935 770 1011 817 est
1033 762 1125 817 tibi
1160 776 1291 816 cura
1309 759 1374 814 de
1400 758 1603 831 aliquo,
1631 757 1891 813 nonens'm

316 857 532 927 respicis
548 871 822 927 personam
840 852 1132 909 hominum.
1163 851 1259 908 Dic
1284 867 1406 922 ergo
1427 848 1574 905 nobis
1599 863 1617 901 :
1638 849 1767 920 quid
1793 848 1890 904 tibi

312 947 540 1011 videtur,
567 946 685 1000 licet
709 961 919 1001 censum
941 944 1061 999 dari
1082 941 1303 1008 Ctesari,
1329 959 1401 996 an
1421 957 1527 995 non
1543 942 1568 995 1’
1586 940 1787 996 Blanda
1835 947 1893 995 et

314 1037 661 1093 fraudulenta
688 1035 1061 1107 interrogatio,
1110 1034 1238 1090 illuc
1260 1039 1525 1102 provocat
1566 1031 1892 1099 responden-

314 1138 451 1195 tem,
473 1136 534 1183 ut
561 1129 732 1200 magis
776 1128 945 1183 Deum
975 1140 1137 1195 quam
1182 1122 1452 1180 Omsarem
1487 1122 1698 1186 timeat,
1729 1130 1785 1176 et
1808 1120 1889 1175 di-

310 1226 407 1273 cat
430 1232 538 1274 non
562 1218 760 1274 debere
799 1218 1002 1272 tributa
1049 1214 1214 1279 solvi,
1266 1221 1328 1267 ut
1375 1212 1559 1267 statim
1608 1211 1890 1267 audientes

312 1307 628 1373 Herodiani,
650 1307 931 1364 seditionis
951 1313 1226 1363 auctorem
1250 1310 1438 1360 contra
1458 1302 1733 1359 Romanos
1743 1300 1890 1372 prin-

309 1399 463 1468 cipes
490 1407 728 1454 teneant.

385 1489 605 1560 Cognita
643 1498 815 1544 autem
835 1488 991 1543 Iesus
1014 1488 1241 1559 nequitia
1260 1500 1463 1551 eorum,
1492 1485 1565 1540 ait
1594 1498 1614 1537 :
1639 1483 1781 1549 Quid
1804 1500 1886 1540 me

308 1582 547 1646 tentatis,
576 1581 901 1651 hypocriten?
927 1580 1105 1634 Prima
1146 1580 1322 1633 virtus
1357 1586 1441 1634 est
1486 1576 1883 1646 respondentis,

308 1670 760 1741 interrogantium
793 1679 1027 1725 mentem
1054 1684 1400 1739 cognoscere,
1427 1676 1479 1723 et
1507 1683 1615 1722 non
1647 1666 1884 1734 discipu-

309 1758 414 1823 los,
442 1759 537 1814 sed
551 1766 848 1814 tentatores
863 1773 1077 1814 vocare.
1104 1757 1396 1828 Hypoerita
1410 1772 1542 1826 ergo
1562 1755 1879 1825 appellatur,

1996 600 2019 637 ι
2062 585 2226 657 digne
2261 588 2372 643 Deo
2402 602 2501 656 per
2524 588 2706 643 omnia
2749 587 3043 658 placentes,
3098 587 3154 641 in
3204 587 3351 642 omni
3397 580 3579 656 opere

1998 693 2019 729 s
2057 676 2201 733 bono
2226 675 2633 741 iruetilicantes,
2661 686 2717 732 et
2750 688 3063 733 crescentes
3099 678 3154 732 in
3180 678 3407 733 scientia
3437 677 3560 743 Dei,

1998 784 2018 818 s
2058 766 2114 822 in
2140 766 2288 823 omni
2308 767 2508 821 virtute
2553 765 2870 832 conlorrati,
2920 767 3215 822 secundum
3245 767 3558 836 potentiam

1998 873 2018 908 ι
2061 856 2327 913 claritatis
2355 853 2490 924 ejus,
2520 855 2576 909 in
2613 855 2757 910 omni
2781 855 3039 926 patientia
3076 864 3133 910 et
3155 855 3561 926 longanimitate

1996 966 2015 1000 s
2055 963 2179 1005 cum
2207 949 2422 1020 gaudio.
2471 968 2490 1002 ι

2044 1037 2188 1094 “Non
2214 1056 2475 1094 cessamus
2494 1056 2587 1110 pro
2624 1038 2762 1093 vobis
2789 1049 2995 1092 orantes
3024 1047 3072 1091 et
3104 1037 3448 1109 postulantes.
3499 1036 3559 1092 Id

1987 1138 2092 1194 est,
2117 1144 2185 1185 ex
2215 1145 2322 1200 quo
2353 1129 2656 1185 audivimus
2683 1128 3024 1183 dilectionem
3050 1135 3288 1183 vestram
3334 1136 3391 1181 et
3423 1128 3555 1182 cha-

1989 1218 2226 1283 ritatem,
2253 1227 2309 1274 et
2333 1218 2490 1274 (idem
2521 1233 2682 1287 quam
2707 1219 2920 1273 habetis
2947 1219 2999 1272 in
3054 1219 3240 1282 Deum,
3276 1234 3382 1272 non
3431 1233 3556 1272 ces-

1987 1322 2171 1363 samus
2195 1321 2384 1372 orare,
2411 1315 2471 1361 ut
2500 1306 2831 1376 impleamini
2871 1307 3167 1362 virtutibus
3202 1306 3557 1376 spiritalibus,

1987 1398 2055 1455 de
2080 1398 2277 1468 quibus
2303 1405 2359 1452 et
2390 1399 2635 1468 sequitur
2663 1416 2678 1452 :

2059 1488 2125 1543 Ut
2154 1489 2473 1561 impleamini
2514 1490 2779 1560 agnitione
2828 1489 3110 1545 voluntatis
3144 1488 3260 1558 ejus
3311 1489 3367 1542 in
3415 1488 3556 1541 omni

1985 1578 2242 1649 sapientia
2272 1588 2318 1632 et
2344 1577 2607 1632 intellectu
2635 1576 2920 1648 spirituali.
2952 1576 3227 1647 sapientia
3250 1584 3307 1632 et
3350 1576 3557 1631 intelle-

1984 1678 2074 1724 ctu
2102 1669 2373 1738 impletur,
2406 1668 2500 1737 qui
2524 1683 2631 1723 non
2656 1667 2831 1722 solum
2849 1667 3190 1733 historicum,
3206 1666 3303 1721 sed
3325 1675 3381 1721 et
3405 1665 3559 1736 spiri-

1985 1761 2188 1815 tualem
2219 1760 2625 1830 intelligentiam
2650 1758 2946 1829 cognoscit.

307 1848 407 1916 qui
431 1847 575 1902 aliud
601 1854 706 1913 est,
735 1854 792 1901 et
816 1847 963 1903 aliud
1005 1847 1241 1911 simulat,
1282 1846 1337 1901 id
1371 1854 1476 1911 est,
1525 1845 1671 1901 aliud
1718 1859 1883 1916 opere
1910 1833 1958 1892 Β
2057 1848 2123 1906 Ut
2153 1850 2427 1905 ambuletis
2447 1849 2615 1921 digni,
2655 1849 2764 1904 Deo
2798 1865 2891 1919 per
2933 1848 3113 1903 omnia
3156 1847 3435 1919 placentes.
3474 1846 3555 1902 illi

310 1936 446 2008 agit,
481 1936 625 1992 aliud
648 1951 782 1992 voce
804 1936 1109 2005 praetendit.

380 2027 650 2085 Ostendite
689 2028 818 2083 milii
844 2028 1104 2082 nuntisma
1129 2043 1338 2091 census,
1378 2034 1433 2080 at
1465 2024 1544 2080 illi
1584 2024 1883 2080 obtulerunt

307 2120 358 2174 ei
377 2120 671 2174 denarium.
694 2119 966 2190 Sapientia
993 2134 1205 2189 semper
1226 2118 1502 2188 sapienter
1528 2117 1661 2185 agit,
1684 2124 1744 2171 ut
1768 2117 1883 2173 suis

304 2210 651 2280 potissimum
720 2217 1017 2266 tentatores
1069 2209 1412 2265 sermonibus
1474 2206 1821 2263 confutantur
1863 2223 1877 2261 :

308 2302 589 2360 Ostendite
619 2302 772 2367 mihi,
799 2301 1007 2371 inquit,
1047 2300 1359 2366 denarium,
1392 2298 1648 2354 denarius
1684 2297 1881 2367 quippe

307 2400 393 2449 est
420 2408 587 2463 genus
614 2393 842 2457 nummi,
889 2391 1030 2461 quod
1058 2405 1157 2461 pro
1185 2390 1372 2446 decem
1394 2390 1629 2445 nummis
1653 2389 1883 2459 imputa-

306 2484 485 2549 batur,
512 2493 566 2540 et
591 2485 823 2539 habebat
851 2484 1141 2554 imaginem
1180 2481 1429 2539 Caesaris.

306 2604 309 2609 -
379 2572 450 2628 Et
492 2574 567 2628 ait
596 2574 702 2628 illis
741 2572 901 2628 Iesus
926 2586 946 2625 :
976 2571 1142 2642 Cujus
1186 2582 1260 2627 est
1288 2573 1461 2643 imago
1488 2571 1600 2627 hinc
1627 2580 1675 2627 et
1699 2586 1880 2642 super»

304 2666 518 2735 scriptio
540 2666 566 2720 Ρ
597 2664 698 2732 Qui
719 2665 1399 2736 putantinterrogationem
1423 2664 1707 2721 salvatoris
1727 2664 1881 2735 igno-

306 2755 542 2809 rantiam
588 2768 729 2820 esse,
775 2762 829 2809 et
882 2769 989 2809 non
1042 2754 1518 2824 dispensationem,
1558 2755 1769 2811 discant
1810 2771 1878 2811 ex

306 2845 561 2915 praesenti
596 2845 735 2909 loco,
763 2848 905 2916 quod
935 2846 1120 2916 utique
1150 2847 1387 2917 potuerit
1413 2848 1554 2904 scire
1586 2846 1745 2904 Iesus
1775 2863 1877 2903 eu-

300 2935 393 3006 jus
435 2936 610 3007 imago
655 2944 798 2991 esset
844 2936 897 2990 in
934 2951 1172 3002 nummo,
1226 2937 1320 2992 scd
1365 2938 1664 3008 interrogat
1716 2945 1777 2994 ut
1807 2938 1878 2994 ad

304 3040 613 3080 sermonem
639 3039 826 3079 eorum
853 3034 1222 3095 competenter
1238 3027 1579 3096 respondeat.

377 3113 569 3168 Dicunt
594 3115 642 3169 ei
666 3114 912 3169 Ca’saris.
943 3116 985 3169 Τ
987 3133 1087 3171 unc
1114 3117 1186 3170 ait
1215 3116 1321 3171 illis
1342 3134 1360 3170 :
1378 3116 1601 3173 Reddite
1617 3135 1736 3189 quae
1752 3128 1874 3174 sunt

1983 1939 2259 1995 ambulant
2281 1939 2425 2009 digni
2451 1940 2584 2004 Deo,
2639 1939 2756 2008 qui,
2787 1953 2885 2008 per
2933 1938 3115 1994 omnia
3141 1937 3195 1993 ei
3236 1937 3512 2008 placentes
3534 1977 3552 2003 ,

1980 2036 2237 2085 exercent
2257 2044 2317 2085 se
2340 2030 2481 2084 sicut
2513 2028 2779 2083 subditur.

2049 2118 2120 2173 In
2143 2120 2283 2173 omni
2310 2135 2460 2189 opere
2495 2118 2626 2174 bono
2658 2118 3061 2189 fructiﬁcantes,
3088 2126 3138 2172 et
3178 2124 3461 2172 crescentes
3496 2117 3552 2172 in

1980 2209 2351 2265 scientiaDei.
2376 2209 2477 2265 llic
2502 2217 2688 2279 aperte
2712 2209 2978 2278 esposuit,
3017 2208 3161 2279 quod
3183 2207 3430 2277 superius
3452 2206 3552 2262 ob-

1980 2314 2140 2354 scure
2163 2300 2397 2366 dicebat,
2422 2300 2693 2369 quomodo
2719 2300 2861 2355 Deus
2897 2299 3001 2359 det
3030 2305 3088 2354 et
3122 2297 3266 2353 bene
3292 2296 3449 2362 velle,
3499 2305 3554 2352 et

1977 2389 2119 2447 bene
2144 2405 2325 2461 posse,
2355 2398 2416 2446 ut
2439 2392 2652 2462 possint
2675 2390 3004 2447 fructiﬁcare
3020 2390 3312 2445 virtutibus
3330 2429 3347 2455 ,
3390 2396 3446 2444 et
3472 2390 3554 2445 in-

1976 2489 2279 2537 veteratam
2300 2482 2520 2537 vincere
2553 2481 3021 2545 consuetudinem,
3049 2479 3163 2535 sive
3194 2480 3251 2534 in
3290 2479 3554 2549 passioni-

1975 2569 2081 2626 bus
2099 2571 2280 2627 carnis
2308 2572 2676 2627 infirmitatem
2702 2586 2957 2641 superare
2984 2570 3200 2625 mentis.

2050 2657 2118 2713 In
2159 2662 2301 2714 omni
2348 2662 2539 2716 virtute
2588 2662 2887 2732 conﬁrmati
2937 2661 3222 2717 secundum
3263 2661 3550 2731 potentiam

1977 2749 2235 2823 claritatis
2268 2751 2402 2821 ejus.
2432 2752 2489 2807 ld
2516 2760 2619 2814 est,
2650 2753 2944 2808 secundum
2966 2752 3292 2807 voluntatem
3318 2750 3460 2821 ejus,
3490 2760 3551 2807 ut

1974 2848 2032 2897 et
2056 2856 2153 2897 vos
2175 2841 2315 2897 sicut
2335 2841 2424 2896 ille
2452 2840 2580 2897 fecit
2604 2843 2872 2912 patienter
2906 2840 3177 2897 suli‘eratis
3201 2842 3401 2896 omnia.

2044 2931 2114 2988 In
2150 2933 2290 2993 omni
2316 2934 2566 3003 patientia
2594 2942 2644 2986 et
2691 2933 3111 3003 longanimitate,
3158 2949 3278 2986 cum
3331 2933 3548 3003 gaudio,

1974 3024 2032 3078 in
2067 3020 2277 3078 Christo
2305 3022 2462 3089 Iesu,
2491 3033 2601 3079 etc.
2628 3024 2706 3078 lbi
2747 3023 2891 3078 enim
2931 3032 3029 3078 est.
3057 3039 3184 3077 vera
3230 3022 3552 3093 longanimi-

1975 3121 2094 3181 tas,
2124 3122 2180 3170 et
2222 3113 2483 3185 patientia
2511 3112 2835 3178 exhibenda,
2873 3112 2964 3167 ubi
3011 3111 3217 3166 malitia
3260 3112 3326 3166 ab
3361 3111 3546 3182 aliquo

306 3199 532 3257 Ca'saris
555 3200 775 3268 Cesari,
800 3213 850 3258 et
881 3222 1000 3275 quia
1028 3215 1150 3260 sunt
1176 3205 1274 3261 Dei
1307 3206 1440 3287 [νο.
1471 3170 1741 3264 Ctesarem
1763 3225 1873 3265 non

1989 3214 2277 3262 exercetur.

306 3298 555 3361 putemus
579 3292 895 3363 Augustum,
943 3295 1039 3351 sed
1075 3294 1364 3366 Tyberium
1392 3297 1683 3368 signiﬁcari
1709 3300 1877 3368 privi-

306 3395 468 3449 gnum
493 3379 631 3449 ejus,
656 3382 749 3451 qui
776 3382 830 3438 in
855 3382 1031 3439 locum
1058 3394 1395 3442 successerat
1420 3386 1611 3457 ipsius,
1640 3390 1740 3445 sub
1767 3404 1876 3459 quo

305 3477 363 3522 et
380 3483 574 3536 pessius
597 3478 679 3537 est
706 3470 984 3527 Dominus.
1014 3471 1215 3530 Omnes
1238 3485 1420 3531 autem
1443 3476 1618 3547 Reges
1641 3478 1873 3535 Romani

306 3571 339 3609 a
364 3558 541 3625 primo
564 3556 624 3612 C.
655 3558 888 3627 Caesare,
917 3562 1007 3631 qui
1048 3561 1334 3633 Imperium
1382 3565 1706 3636 arripuerat,
1751 3566 1872 3623 Ca:-

306 3660 455 3701 sares
481 3649 728 3719 appellati
764 3662 908 3706 sunt.
935 3653 1105 3708 Porro
1151 3656 1294 3725 quod
1334 3656 1411 3710 ait
1440 3674 1454 3711 :
1489 3657 1717 3721 Reddite
1753 3674 1873 3729 quae

305 3745 430 3791 sunt
455 3738 683 3796 Caesaris
702 3742 921 3809 thsari,
954 3745 1011 3799 id
1039 3754 1143 3812 est,
1170 3763 1472 3813 nummum,
1526 3749 1787 3806 tributum
1816 3759 1872 3806 et

303 3830 606 3897 mollitiam,
631 3842 686 3887 et
711 3848 831 3903 qua:
853 3843 979 3889 sunt
1006 3837 1102 3893 Dei
1148 3839 1280 3904 Deo,
1317 3839 1579 3906 decimas,
1599 3842 1873 3912 primitias

303 3927 357 3974 et
381 3920 681 3979 oblationes
691 3940 756 3981 ac
778 3926 1025 3982 victimas
1037 3929 1357 3995 sentiamus,
1384 3931 1655 4000 quomodo
1678 3941 1734 3987 et
1754 3912 1871 4003 ipse

303 4012 531 4068 reddidit
559 4014 758 4071 tributa
784 4033 884 4087 pro
911 4033 970 4074 se
998 4027 1054 4074 et
1096 4020 1280 4086 Petro,
1311 4029 1367 4076 et
1401 4021 1514 4078 Deo
1542 4023 1719 4078 reddit
1747 4037 1869 4094 quae

302 4100 396 4158 Dei
421 4113 563 4167 sunt,
597 4107 769 4176 patris
797 4106 1003 4166 faciens
1026 4109 1379 4166 voluntatem.

370 4193 479 4264 (Ea:
503 4195 690 4270 Beda.)
717 4198 911 4265 Aliter,
942 4200 1151 4256 reddite
1175 4214 1297 4269 quae
1321 4209 1447 4255 sunt
1477 4201 1711 4259 Cmsaris
1754 4202 1870 4260 Cte-

302 4289 428 4352 sari,
454 4295 510 4344 et
534 4304 655 4358 quae
682 4297 808 4344 sunt
833 4290 929 4346 Dei
972 4292 1105 4348 Deo.
1133 4289 1596 4359 Quemadmodum
1626 4293 1810 4351 Caesar
1833 4311 1866 4352 a

299 4376 455 4431 vobis
477 4376 644 4445 exigit
670 4376 1075 4447 impressionem
1101 4380 1352 4451 imaginis
1375 4396 1506 4446 sum,
1528 4383 1608 4438 sic
1629 4391 1684 4439 ct
1702 4384 1863 4441 Deus.

2290 3312 2630 3354 ermotum:
2666 3312 2949 3364 narrum,
2986 3311 3103 3353 car.
3145 3310 3220 3350 rx.

2050 3408 2071 3443 ι
2115 3390 2243 3448 Huic
2270 3390 2360 3453 illo
2403 3390 2657 3460 loquente
2701 3389 2769 3445 ad
2793 3403 2908 3455 eos,
2952 3401 3074 3442 esse
3113 3386 3369 3457 princeps
3407 3400 3550 3441 unus

1979 3500 1999 3533 ι
2045 3480 2277 3538 accessit
2312 3488 2370 3536 et
2393 3480 2658 3536 adorabat
2682 3494 2827 3543 eum,
2871 3478 3058 3533 dicens
3090 3494 3107 3530 ι
3137 3475 3385 3539 Domine,
3438 3473 3548 3531 lilia

1980 3592 1999 3626 ι
2044 3590 2164 3631 mea
2190 3573 2352 3629 modo
2375 3571 2629 3631 defuncta
2654 3580 2759 3638 est,
2790 3571 2886 3630 sed
2912 3567 3054 3632 veni,
3085 3567 3301 3638 impone
3327 3581 3546 3621 manum

1979 3680 2015 3715 ι’
2045 3671 2192 3718 tuam
2218 3677 2381 3734 super
2400 3677 2521 3718 eam
2542 3670 2600 3717 et
2622 3662 2785 3717 vivet.
2821 3661 2886 3715 Et
2910 3674 3139 3731 surgens
3159 3657 3318 3713 Iesus
3361 3671 3548 3727 seque-

1979 3772 1998 3807 ι
2043 3754 2204 3810 batur
2242 3769 2365 3810 eum
2412 3762 2470 3811 et
2515 3753 2763 3823 discipuli
2786 3752 2924 3823 ejus.
2952 3751 3021 3806 Et
3047 3764 3175 3807 ecce
3198 3748 3394 3804 mulier
3430 3762 3547 3818 quae

1976 3861 1996 3895 ι
2040 3845 2318 3915 sanguinis
2332 3843 2532 3900 lluxum
2544 3844 2853 3913 patiebatur
2870 3840 3153 3897 duodecim
3176 3839 3352 3902 annis,
3367 3851 3546 3893 acceso

1976 3952 1995 3987 s
2031 3934 2261 3990 sitretro
2272 3942 2328 3989 et
2349 3934 2523 4004 tetigit
2547 3933 2816 3989 ﬁmbriam
2851 3930 3161 3988 vestimenti
3175 3928 3547 3999 ejus.Dicebat

1975 4042 1995 4075 ι
2031 4025 2175 4079 enim
2195 4024 2334 4086 intra
2349 4040 2408 4079 se
2434 4042 2448 4077 :
2476 4023 2534 4079 Si
2558 4024 2780 4094 tetigero
2797 4030 3004 4077 tantum
3017 4021 3395 4077 vestimentum
3408 4019 3542 4089 eius,

1974 4131 1995 4163 ς
2039 4112 2185 4168 salva
2217 4113 2415 4169 ero.At
2434 4111 2591 4168 Iesus
2604 4129 2898 4169 conversus
2908 4122 2963 4168 et
2986 4112 3177 4167 videns
3196 4126 3337 4176 eam,
3361 4110 3499 4167 dixit
3525 4125 3543 4166 :

1974 4223 1995 4257 s
2041 4205 2263 4261 Conﬁdo
2283 4205 2417 4271 lilia,
2450 4205 2582 4261 fides
2600 4214 2689 4261 tua
2704 4205 2905 4263 salvam
2927 4213 2978 4260 te
3001 4205 3152 4271 fecit,
3166 4212 3221 4259 et
3234 4202 3382 4258 salva
3401 4200 3542 4258 facta

1974 4314 1994 4348 s
2038 4297 2336 4355 estmulier
2368 4312 2437 4351 ex
2467 4297 2558 4351 illa
2583 4297 2735 4355 hora.
2777 4320 2795 4349 ο

2040 4389 2171 4445 Herc
2191 4389 2283 4445 illo
2311 4389 2549 4460 loquente
2574 4389 2643 4446 ad
2664 4406 2777 4456 eos,
2806 4405 2922 4444 ecce
2949 4390 3184 4459 princeps
3211 4403 3347 4441 unus
3373 4402 3542 4440 arces.

303 4465 383 4567 Ut.
419 4466 865 4571 quemadmodum
902 4468 1006 4571 illi.
1027 4470 1270 4571 redditur
1304 4486 1576 4538 nummus,
1632 4474 1712 4571 sic
1755 4477 1866 4532 Deo
1890 4511 1944 4571 Ι)
1968 4481 2037 4535 sit
2068 4489 2114 4534 et
2141 4479 2396 4569 adorabat
2421 4496 2562 4546 eum,
2592 4480 2771 4535 dicens
2798 4494 2818 4533 :
2843 4479 3087 4545 Domine,
3113 4478 3227 4549 ﬁlia
3250 4494 3365 4533 mea
3385 4478 3540 4533 modo

301 4554 496 4620 anima,
525 4554 725 4611 lumine
753 4557 933 4613 vultus
959 4558 1076 4629 ejus
1113 4559 1381 4616 illustrata
1412 4571 1577 4633 atque
1607 4564 1818 4635 signata
1842 4605 1859 4632 ,

299 4648 439 4704 unde
466 4646 747 4705 Psalmista
775 4668 789 4703 :
815 4648 1091 4720 Signatum
1130 4661 1227 4718 est,
1270 4652 1467 4723 inquit,
1516 4654 1572 4708 in
1597 4656 1746 4710 nobis
1780 4656 1864 4710 lu-

299 4752 412 4790 men
442 4735 613 4792 vultus
641 4739 738 4802 tui,
761 4737 982 4794 Domine
1000 4737 1173 4810 (Psal.
1203 4739 1299 4813 ιν).
1323 4741 1438 4799 Hoc
1457 4742 1651 4812 quippe
1677 4744 1860 4803 lumen

184 4856 194 4865 -
299 4833 380 4881 est
404 4835 575 4882 totum
602 4828 854 4897 hominis,
886 4839 941 4887 et
963 4846 1153 4887 verum
1177 4832 1399 4898 bonum,
1432 4834 1574 4905 quod
1601 4850 1708 4890 non
1732 4851 1861 4891 ocu-

299 4915 382 4981 lis,
434 4917 531 4973 sed
572 4927 751 4974 mente
801 4921 1151 4991 conspicitur.
1185 4920 1467 4993 Signatum
1499 4931 1680 4979 autem
1723 4925 1863 4981 dixit

300 5006 352 5063 in
387 5008 554 5072 nobis,
596 5017 848 5080 tanquam
870 5012 1120 5068 denarius
1148 5012 1394 5084 signatur
1423 5016 1568 5084 regis
1601 5016 1855 5088 imagine.

298 5093 465 5150 llomo
487 5097 635 5152 enim
659 5097 833 5154 lactus
858 5109 943 5155 est
960 5102 1025 5156 ad
1049 5102 1339 5173 imaginem
1372 5111 1429 5159 et
1449 5105 1858 5163 similitudinem

297 5184 410 5251 Dei,
433 5201 592 5255 quam
614 5189 888 5258 peccando
922 5192 1183 5262 corrupit.
1216 5193 1422 5249 Bonum
1447 5209 1578 5268 ergo
1606 5198 1725 5268 ejus
1750 5206 1855 5268 est,

293 5290 477 5338 verum
505 5287 669 5350 atque
689 5291 973 5351 atomum,
999 5285 1046 5340 si
1074 5289 1405 5344 renascendo
1424 5290 1686 5362 signetur.

440 5410 857 5470 HEBDOMADA
894 5417 1040 5473 XXV
1078 5418 1255 5475 POST
1291 5420 1713 5481 PENTECOST.

805 5545 872 5583 an
909 5544 1140 5597 cor.oss.,
1181 5547 1300 5588 car.
1342 5550 1381 5589 ι.

364 5653 384 5688 s
427 5634 545 5693 Non
580 5652 860 5693 cessamus
909 5656 1008 5710 pro
1041 5642 1193 5697 vobis
1213 5651 1452 5705 .orantcs
1500 5654 1557 5702 ct
1583 5647 1858 5716 postulan-

301 5744 319 5779 ι
359 5734 460 5795 tes,
500 5738 557 5786 ut
606 5730 932 5802 implcazmni
974 5734 1248 5805 agnitione
1300 5736 1587 5795 voluntatis
1636 5730 1753 5804 ejus
1802 5741 1852 5798 in

1970 4567 2217 4638 defuncta
2230 4563 2329 4636 est,
2349 4570 2441 4625 sed
2464 4571 2599 4637 veni,
2613 4573 2818 4640 impone
2838 4587 3050 4626 manuni
3063 4581 3207 4624 tuam
3227 4585 3381 4640 super
3398 4585 3537 4634 eam,

1969 4669 2019 4721 et
2042 4658 2190 4715 uiuet.
2215 4659 2283 4713 Et
2313 4676 2531 4730 surgens
2563 4659 2722 4716 Iesus
2742 4661 3051 4732 sequebatur
3075 4676 3191 4714 eum
3221 4669 3267 4713 et
3295 4657 3539 4730 discipuli

1968 4750 2102 4820 ejus.
2131 4749 2393 4809 Octavum
2418 4751 2633 4821 signum
2657 4760 2759 4816 est,
2793 4752 2848 4807 in
2874 4766 2983 4821 quo
3013 4752 3263 4821 princeps
3287 4750 3537 4806 suscitari

1967 4843 2206 4914 postulat
2228 4842 2393 4898 tiliam
2419 4859 2592 4910 suam,
2633 4843 2823 4900 nolens
2851 4843 2918 4900 de
2948 4844 3206 4915 mysterio
3248 4858 3391 4899 vera:
3431 4843 3539 4898 cir-

1968 4933 2317 4989 cumcisionis
2337 4934 2570 4989 excludi.
2604 4933 2711 4989 Sed
2748 4935 3018 4990 subintrat
3052 4936 3246 4990 mulier
3277 4937 3536 5007 sanguine

1964 5018 2155 5086 ﬂuens,
2185 5032 2240 5076 et
2262 5030 2454 5078 octavo
2487 5032 2712 5081 sanatur
2741 5023 2879 5091 loco,
2937 5032 2995 5079 ut
3019 5024 3278 5095 principis
3314 5025 3443 5092 lilia,
3469 5027 3536 5081 dc

1965 5110 2069 5166 hoc
2093 5110 2310 5166 exclusa
2359 5127 2607 5176 numero,
2637 5113 2818 5168 veniat
2845 5113 2911 5168 ad
2954 5130 3178 5181 nonum,
3214 5115 3367 5185 juxta
3401 5115 3532 5171 illud

1966 5200 2107 5269 quod
2136 5200 2188 5254 in
2212 5201 2678 5257 Psalmodicitur:
2706 5202 2979 5273 Ᾱῖειήορὶα
3042 5208 3321 5277 prcrucniat
3344 5222 3532 5261 manus

1965 5287 2210 5358 ejus_Deo
2254 5288 2427 5361 (Psai.
2451 5292 2658 5362 m'u),
2702 5300 2759 5347 et
2784 5290 2917 5346 Cum
2954 5293 3225 5349 intrauerit
3264 5293 3533 5364 plenitudo

1966 5378 2214 5449 gentium,
2234 5387 2357 5433 tunc
2376 5382 2543 5435 omnis
2574 5381 2744 5438 Israel
2764 5383 2938 5438 salvus
2958 5383 3048 5452 ﬁet
3075 5382 3245 5456 (Rom.
3268 5382 3372 5454 xl).

2038 5467 2147 5539 (Ea:
2182 5466 2440 5544 Primos.)
2476 5470 2736 5543 Princeps
2768 5474 2952 5545 itaque
2992 5489 3298 5545 synagogas,
3353 5472 3531 5528 nullus

1965 5558 2160 5615 melius
2187 5574 2348 5629 quam
2384 5561 2497 5632 ipse
2538 5562 2714 5620 Moses
2740 5564 3079 5635 intelligitur,
3108 5564 3249 5618 unde
3269 5563 3407 5618 bene
3442 5576 3530 5618 ser

1963 5651 2197 5706 cundum
2231 5652 2428 5710 Lucam
2455 5653 2651 5721 Jairus,
2688 5656 2742 5711 id
2780 5666 2863 5712 est
2890 5655 3221 5720 illuminans,
3251 5654 3365 5709 sive
3408 5653 3528 5708 illu-

1964 5740 2201 5799 minatus
2222 5753 2462 5800 vocatur.
2492 5743 2628 5812 Quia
2670 5745 2762 5813 qui
2792 5746 2999 5815 accepit
3029 5746 3193 5801 verba
3235 5745 3360 5801 vita:
3397 5745 3532 5804 dum
