3952 6454
395 377 496 433 507

1685 371 2035 429 SMABAGDI
2068 372 2360 429 ABBATIS

3543 374 3655 432 508

399 489 575 553 nobis,
603 495 658 542 et
687 500 783 557 per
810 486 924 540 haec
941 492 1169 540 czeteros
1190 483 1477 550 illuminat,
1503 487 1684 556 ctipse
1711 501 1743 541 a
1767 485 1965 556 spiritu
1987 485 2038 544 A
2056 501 2087 548 ,ι
2120 483 2366 550 Domini,
2392 485 2580 542 salvus:
2599 484 2722 540 erit.
2758 485 3042 554 Quomodo
3069 500 3200 557 ergo
3227 486 3567 543 invocabunt
3590 490 3653 545 in

399 586 608 644 sancto,
635 591 744 647 quo
766 576 1169 631 vitaliamonita
1193 575 1435 632 scribere
1447 576 1529 631 vel
1554 578 1749 633 docere
1772 576 1964 645 possit,

400 668 750 723 illuminatur.
779 666 900 733 Cui,
932 667 1224 723 secundum
1254 666 1456 723 Lucam
1483 666 1593 721 filia
1619 668 1779 722 unica
1808 674 1927 723 erat
1952 704 1966 732 ,

401 759 454 812 id
477 765 581 823 est,
607 772 898 828 synagoga,
922 771 1042 827 qua:
1078 756 1194 812 sola
1243 757 1402 825 legali
1445 758 1781 812 institutione
1827 771 1972 811 com-

400 848 592 917 posita,
624 849 777 918 quasi
803 848 962 902 unica
986 847 1120 905 Mosi
1151 856 1276 904 nata
1295 859 1432 903 erat.
1452 849 1618 917 Quasi
1648 847 1970 904 duodecimo

399 941 574 997 artatis
599 954 762 1004 anno,
789 940 894 994 hoc
918 946 1021 1003 est,
1067 946 1307 1007 tempore
1350 938 1649 1008 pubertatis
1684 938 1973 1007 appropin-

401 1036 618 1100 quanto,
646 1029 997 1091 moriebatur,
1030 1027 1157 1097 quia
1185 1027 1440 1082 nobiliter
1463 1044 1495 1081 a
1540 1027 1821 1097 prophetis
1845 1026 1975 1081 edu-

401 1129 545 1186 cata,
573 1130 860 1191 postquam
887 1120 954 1174 ad
983 1118 1345 1187 intelligibiles
1389 1133 1562 1173 annos
1607 1126 1933 1188 pervenerat
1954 1158 1970 1183 ,

403 1221 689 1283 postquam
722 1210 1030 1281 spirituales
1058 1211 1169 1264 Deo
1205 1205 1413 1262 fructus
1453 1207 1675 1277 gignere
1702 1207 1972 1272 debebat,

405 1305 583 1361 subito
629 1317 876 1358 errorum
926 1300 1183 1369 languore
1230 1306 1610 1363 consternata,
1676 1299 1977 1367 spiritualis

403 1395 528 1449 vitae
575 1392 693 1447 vias
718 1390 929 1462 ingredi
974 1389 1386 1460 desperabiliter
1433 1389 1639 1443 omisit.
1682 1388 1749 1443 Et
1788 1389 1835 1444 si
1864 1402 1975 1444 non

403 1500 434 1538 a
458 1481 677 1538 Christo
705 1486 1134 1545 succurreretur,
1168 1477 1493 1533 horrendam
1519 1491 1617 1547 per
1641 1476 1823 1532 omnia
1846 1490 1974 1532 eor-

404 1579 606 1634 ruisset
634 1577 689 1632 in
717 1581 969 1631 mortem.

475 1669 545 1723 Et
589 1684 703 1723 ecce
747 1665 937 1722 mulier
971 1681 1089 1737 qum
1125 1665 1398 1736 sanguinis
1435 1665 1640 1735 ﬂuxum
1677 1664 1981 1733 patiebatur

404 1758 677 1813 duodecim
697 1758 871 1822 annis,
892 1756 1107 1810 accessit
1132 1762 1268 1809 retro
1295 1763 1345 1808 et
1373 1754 1558 1824 tetigit,
1580 1761 1687 1808 etc.
1718 1753 1776 1807 In
1801 1753 1976 1807 Evan-

2078 595 2098 631 ι
2128 590 2289 647 quem
2324 594 2430 633 non
2457 578 2841 635 crediderunt?
2893 578 3001 634 Aut
3029 580 3302 648 quomodo
3329 582 3558 636 credent
3596 582 3655 637 ei

2076 685 2097 721 ι
2127 683 2287 738 quem
2309 685 2416 725 non
2442 671 2773 727 audierunt?
2786 670 3069 738 Quomodo
3092 678 3273 726 autem
3295 672 3516 727 audient
3534 674 3661 728 sine

2076 772 2097 809 ι
2126 758 2456 827 praedicante
2470 758 2499 814 ἲ
2525 760 2809 827 Quomodo
2829 772 2962 813 vero
2982 758 3374 828 praedicabat»,
3396 761 3500 815 nisi
3529 762 3655 815 mit-

2075 861 2096 898 ι
2130 855 2337 914 tantur,
2375 849 2516 904 sicut
2555 850 2815 920 scriptum
2853 857 2971 904 est:
2994 848 3167 915 Quam
3208 851 3438 919 speciosi
3485 853 3655 922 pedes

2076 952 2097 987 ι
2126 936 2626 1008 Evangelizantium
2663 952 2849 1009 pacem
2872 980 2885 1006 ,
2930 940 3431 1010 Evangelizanti'um
3467 943 3649 998 bona!

2078 1042 2098 1078 ι
2131 1026 2239 1082 Sed
2280 1041 2390 1082 non
2430 1042 2620 1084 omnes
2656 1028 2916 1084 obedlunt
2942 1028 3254 1101 Evangeliot
3304 1031 3474 1087 lsaias
3504 1033 3654 1087 enim

2078 1134 2099 1167 ι
2130 1118 2299 1172 dicit:
2332 1117 2580 1183 Domine,
2608 1119 2731 1189 quis
2760 1118 2992 1173 credidit
3017 1120 3223 1173 auditni
3255 1121 3482 1175 nostro?
3508 1121 3653 1191 Ergo

2078 1224 2099 1258 ι
2133 1205 2264 1263 tldes
2285 1222 2353 1262 ex
2376 1209 2583 1274 auditu,
2606 1209 2830 1264 auditus
2853 1219 3036 1265 autem
3061 1224 3162 1280 per
3184 1211 3407 1266 verbum
3427 1211 3651 1267 Christi.

2080 1313 2100 1347 ι
2132 1296 2239 1350 Sed
2273 1296 2434 1352 dico:
2478 1296 2731 1367 Nunquid
2771 1312 2882 1353 non
2923 1298 3254 1354 audierunt?
3302 1299 3565 1369 Equidem
3598 1300 3655 1354 in

2079 1404 2100 1438 ι
2133 1402 2350 1441 omnem
2382 1395 2583 1442 terram
2608 1387 2779 1443 exivit
2805 1403 2972 1445 sonus
2997 1403 3211 1454 eorum,
3240 1396 3298 1443 et
3324 1390 3380 1443 in
3406 1388 3542 1445 lines
3566 1405 3658 1445 or-

2081 1495 2102 1527 ι
2134 1476 2221 1530 bis
2248 1484 2408 1532 terrm
2431 1477 2598 1533 verba
2619 1492 2829 1533 eorum.
2864 1497 2885 1532 ι

2146 1564 2318 1620 Corde
2342 1567 2481 1621 enim
2509 1567 2742 1621 creditur
2764 1568 2835 1621 ad
2853 1568 3150 1637 justitiam,
3191 1585 3282 1623 ore
3322 1577 3495 1623 autem
3531 1582 3658 1623 com

2080 1656 2237 1726 fessio
2277 1656 2338 1725 ﬁt
2381 1657 2453 1711 ad
2484 1656 2729 1712 salutem.
2778 1659 2882 1729 (Ex
2925 1657 3103 1730 Orig.)
3153 1658 3256 1725 Qui
3292 1673 3418 1713 vere
3456 1666 3513 1713 et
3547 1673 3671 1713 non.

2081 1743 2218 1799 falso
2240 1744 2532 1801 conﬁtetur
2547 1760 2645 1801 ore
2669 1746 2953 1801 Dominum
2981 1745 3184 1812 Jcsum,
3213 1755 3270 1804 et
3294 1749 3459 1803 corde
3482 1749 3668 1803 credit

405 1849 544 1921 gelio
571 1820 866 1903 secundum
891 1845 1092 1900 Lucam
1116 1843 1395 1907 scribitur,
1417 1820 1562 1912 quod
1584 1842 1846 1912 principis
1870 1841 1977 1896 lilia
2006 1820 2053 1878 Β
2080 1836 2288 1904 pariter
2311 1844 2369 1890 et
2394 1835 2700 1891 conﬁtetur.
2734 1837 2905 1893 Debet
2927 1836 3205 1907 subjectus
3227 1853 3354 1921 esse
3376 1840 3659 1909 sapientiae

404 1940 686 1996 duodecim
712 1954 886 1995 annos
911 1937 1139 1994 haberet
1162 1938 1357 1992 astatis.
1404 1935 1540 1992 Nota
1575 1952 1707 2007 ergo
1741 1951 1809 1991 eo
1846 1945 1981 1992 tem-

405 2045 537 2101 pore
566 2032 684 2085 haac
715 2029 931 2093 mulier,
976 2027 1033 2083 id
1073 2036 1186 2090 est,
1233 2027 1475 2097 gentium
1502 2026 1731 2097 populus
1755 2028 1982 2097 coeperit

405 2128 691 2192 aegrotare,
721 2133 828 2188 quo
856 2132 990 2189 gens
1017 2116 1309 2173 crediderit
1330 2114 1659 2171 Iudaeorum.
1692 2114 1807 2171 Nisi
1834 2116 1980 2172 enim

406 2226 473 2264 ex
512 2210 918 2279 comparatione
950 2208 1244 2271 virtutum,
1282 2205 1474 2261 vitium
1511 2221 1618 2262 non
1653 2206 1977 2263 ostenditur.

412 2297 542 2354 Haec
586 2306 768 2353 autem
813 2297 1009 2352 mulier
1033 2298 1295 2366 sanguine
1332 2296 1503 2352 tinens
1542 2312 1649 2352 non
1699 2297 1761 2374 in
1799 2297 1978 2363 domo,

356 2448 357 2451 η
412 2402 522 2444 non
554 2388 610 2443 in
639 2388 774 2443 urbe
802 2387 1013 2442 accedit
1040 2386 1107 2441 ad
1132 2387 1419 2443 Dominum
1436 2428 1451 2452 ,
1477 2386 1604 2457 quia
1624 2385 1777 2455 juxta
1806 2386 1983 2458 legem

411 2479 637 2535 urbibus
662 2478 1066 2535 excludebatur.
1107 2478 1215 2534 Sed
1248 2480 1302 2534 in
1331 2481 1527 2535 itinere
1553 2478 1849 2534 ambulanti
1878 2479 1984 2534 Do-

415 2570 586 2633 mino,
616 2577 677 2622 ut
703 2569 830 2623 dum
859 2570 1035 2640 pergit
1063 2571 1130 2623 ad
1157 2569 1338 2634 aliam,
1371 2569 1474 2624 alia
1503 2576 1806 2634 curaretur,
1841 2569 1985 2625 unde

411 2657 601 2712 dicunt
620 2665 676 2712 et
695 2657 935 2728 Apostoli
962 2677 975 2712 :
1001 2656 1155 2713 Vobis
1177 2659 1383 2729 quidem
1407 2658 1676 2730 oportebat
1694 2660 1985 2731 παίσαι-ε

411 2747 623 2802 rerbum
641 2788 655 2811 ,
700 2747 790 2802 sed
828 2750 1077 2820 quoniam
1104 2750 1347 2819 indignos
1373 2767 1460 2805 vos
1479 2750 1769 2820 judicium
1797 2751 1983 2820 saluti,

410 2837 827 2906 transgredimur
851 2838 921 2893 ad
947 2849 1120 2909 gentes
1147 2839 1283 2912 (Act.
1312 2841 1453 2915 xm).

480 2926 699 2982 Dicebat
725 2931 863 2984 enim
887 2930 1026 2985 intra
1051 2947 1125 2996 se,
1155 2932 1201 2986 si
1229 2934 1443 3004 tetigero
1468 2943 1672 2988 tantum
1701 2936 1980 2991 uestimen-

411 3026 523 3071 tum
552 3018 688 3089 ejus,
726 3018 873 3075 salva
914 3036 1022 3076 ero.
1074 3021 1293 3078 Accedit
1333 3024 1403 3078 ad
1440 3024 1760 3094 Dominum,
1812 3028 1985 3098 tangit

412 3104 652 3161 Ecclesia
669 3146 683 3171 ,
719 3109 844 3177 quia
870 3124 936 3166 eo
963 3124 1062 3180 per
1087 3110 1211 3165 fidei
1238 3111 1527 3167 veritatem
1565 3115 1981 3185 appropinquat.

410 3196 633 3252 Accedit
655 3209 833 3254 autem
859 3210 1004 3256 retro
1024 3200 1139 3255 sive
1156 3198 1333 3269 juxta,
1356 3202 1411 3256 id
1430 3210 1535 3269 est,
1557 3204 1703 3272 quod
1726 3204 1845 3274 ipse
1869 3205 1981 3260 ait:

413 3286 474 3342 Si
499 3287 614 3357 quis
643 3288 774 3341 mihi
800 3290 1092 3354 ministrat,
1136 3306 1217 3344 me
1245 3290 1707 3362 seqaatur(Ioan.
1739 3292 1840 3365 xu)
1864 3310 1880 3359 ;
1929 3301 1986 3349 et

2080 1933 2137 1981 et
2155 1923 2381 1994 iustitia.-
2405 1935 2463 1981 et
2488 1927 2729 1993 veritati,
2758 1937 2814 1984 et
2838 1930 3092 1984 omnibus
3117 1944 3241 1999 qua:
3264 1920 3517 1986 Christus
3547 1940 3669 1997 est,

2080 2031 2182 2074 nec
2208 2018 2312 2073 sibi
2341 2020 2487 2075 ultra
2511 2020 2777 2076 dominari
2804 2023 3086 2091 permittat
3108 2037 3439 2089 mammona,
3470 2025 3524 2081 id
3550 2035 3667 2091 est,

2080 2122 2259 2178 neque
2281 2109 2565 2165 avaritiam
2592 2108 2695 2165 sibi
2725 2110 2889 2178 ultra,
2911 2127 3087 2181 neque
3111 2111 3459 2181 iniustitiam,
3482 2128 3672 2185 neque

2081 2198 2507 2269 impudicitiam,
2542 2213 2720 2271 neque
2754 2203 3098 2257 mendacium
3129 2204 3421 2259 dominari.
3476 2203 3665 2261 Semel

2082 2292 2227 2345 enim
2248 2289 2433 2346 desum
2447 2290 2724 2348 Christum
2748 2294 3034 2350 Dominum
3056 2294 3305 2352 confessa
3325 2297 3504 2351 anima
3526 2296 3662 2352 nulli

2083 2380 2276 2437 horum
2300 2381 2461 2439 debet
2485 2384 2711 2439 servire.

2153 2472 2292 2527 Dicit
2319 2473 2457 2527 enim
2485 2471 2778 2545 Scriptura,
2809 2483 2914 2531 etc.
2949 2473 3062 2532 [Ioc
3085 2483 3265 2531 autem
3293 2475 3435 2546 apud
3459 2477 3661 2532 Isaiam

2084 2564 2288 2619 dictum
2327 2570 2452 2619 est:
2494 2563 2651 2631 Quod
2693 2566 2740 2620 si
2780 2568 2948 2621 omnis
2975 2569 3065 2638 qui
3094 2567 3257 2641 credit
3297 2569 3357 2622 in
3395 2584 3513 2622 eum
3554 2584 3665 2626 non

2084 2652 2438 2722 confundetur
2460 2651 2618 2724 (leui.
2645 2661 2858 2729 ιιιιιι),
2877 2656 3233 2711 confunditur
3263 2664 3443 2711 autem
3483 2659 3664 2713 omnis

2084 2744 2178 2814 qui
2221 2751 2412 2814 peccat
2449 2744 2592 2800 sicut
2619 2752 2677 2801 et
2700 2743 2879 2800 Adam
2904 2746 3186 2817 peccavit,
3229 2754 3285 2803 et
3312 2748 3564 2812 erubuit,
3607 2756 3667 2802 et

2086 2835 2373 2892 abscondit
2394 2850 2476 2903 se,
2513 2835 2609 2907 qui
2651 2835 2831 2892 adhuc
2871 2836 3126 2892 ruborem
3156 2836 3368 2906 peccati
3407 2836 3667 2905 incurrit,

2084 2925 2314 2982 creare
2333 2941 2446 2982 non
2468 2926 2699 2982 videtur.

2157 3016 2284 3072 Non
2312 3018 2452 3072 enim
2483 3027 2561 3072 est
2592 3018 2880 3085 distinctio,
2909 3026 3017 3074 etc.
3073 3018 3228 3074 Nolis
3253 3059 3269 3085 ,
3318 3018 3530 3089 inquit,
3578 3027 3668 3076 est

2089 3109 2371 3165 distinctio
2394 3150 2410 3176 ,
2460 3110 2604 3165 inter
2631 3109 2847 3166 Judteos
2887 3118 2944 3166 et
2980 3109 3200 3166 Gnaeos
3223 3149 3239 3175 ,
3286 3124 3409 3165 cum
3453 3118 3669 3166 constet

2086 3214 2277 3257 omnes
2305 3201 2462 3271 prius
2485 3202 2841 3274 sub‘ieccato
2867 3201 3056 3267 fuisse,
3084 3209 3140 3256 et
3164 3215 3356 3256 omnes
3378 3200 3470 3271 qui
3499 3201 3666 3257 modo

2085 3291 2315 3346 credunt
2352 3305 2453 3361 per
2477 3289 2637 3346 idem
2671 3289 2799 3347 Iesu
2830 3289 3032 3346 Christi
3073 3290 3309 3345 salvatus
3335 3302 3474 3346 esse.
3529 3289 3666 3345 Nam

411 3376 540 3433 alibi
575 3379 923 3450 pracipitur:
962 3378 1093 3436 Post
1121 3381 1403 3437 Dominum
1430 3383 1599 3438 Deum
1624 3393 1777 3440 ωιτη
1802 3386 1985 3441 mbu-
2076 3378 2292 3451 justitia
2334 3379 2431 3435 Dei
2475 3394 2576 3450 per
2610 3380 2926 3444 Christum,
2978 3380 3049 3434 ad
3090 3394 3283 3435 omnes
3308 3380 3533 3434 veniens
3568 3379 3665 3449 qui

411 3468 569 3533 labis,
602 3469 735 3536 sive,
766 3470 890 3540 quia
919 3481 1241 3542 praesentem
1279 3474 1334 3528 in
1367 3489 1532 3532 carne
1552 3475 1846 3534 Dominum
1877 3494 1984 3536 non

411 3557 622 3625 videns,
645 3560 883 3629 peractis
905 3563 1216 3632 temporalis
1236 3564 1655 3635 dispensationis
1679 3582 1987 3627 sacramen-

412 3648 524 3713 tis,
573 3646 692 3717 ejus
732 3648 844 3720 jam
892 3665 992 3720 per
1036 3651 1196 3707 fidem
1242 3655 1407 3725 cmpit
1442 3658 1671 3730 vestigia
1707 3661 1982 3732 subsequi.

416 3738 613 3810 Tangit
632 3748 816 3795 autem
838 3741 1105 3797 fimbriam
1125 3745 1454 3815 vestimenti,
1472 3756 1528 3804 et
1548 3750 1745 3806 undam
1767 3754 1989 3809 restrin-

415 3830 493 3903 εει
521 3830 824 3901 sanguinis,
865 3833 992 3903 quia
1017 3834 1212 3892 beatus
1238 3845 1295 3892 et
1319 3852 1447 3893 vere
1475 3840 1847 3909 mandandus,
1892 3845 1986 3914 qui

414 3920 501 3977 vel
537 3929 835 3977 extremam
872 3924 1025 3980 verbi
1061 3933 1275 3995 partem
1311 3926 1434 3983 fidei
1472 3945 1635 3985 manu
1672 3933 1983 4003 contigerit.

417 4012 551 4068 Nam
574 4027 732 4070 rarus
750 4014 926 4082 valde,
950 4017 1041 4086 qui
1069 4017 1186 4088 eius
1204 4018 1289 4074 vel
1317 4019 1372 4073 in
1394 4030 1616 4091 pectore
1642 4024 1983 4090 recumbere,

414 4103 501 4159 vel
529 4111 694 4176 caput
720 4115 993 4161 mereatur
1018 4108 1214 4178 pistica
1240 4111 1413 4166 nardo
1439 4127 1761 4184 perungere,
1783 4128 1908 4169 cum
1933 4120 1990 4171 et

414 4194 505 4251 ille
532 4211 755 4268 magnus
781 4196 964 4264 fuerit,
988 4198 1079 4268 qui
1108 4213 1167 4255 se
1189 4199 1468 4270 indignum
1496 4201 1710 4258 dicebat
1735 4203 1853 4273 ejus
1879 4204 1989 4259 cal-

417 4297 701 4344 ceamenta
729 4298 979 4359 portare,
1011 4306 1207 4361 magna
1236 4300 1291 4348 et
1319 4292 1410 4346 illa
1440 4307 1561 4363 quae
1589 4307 1792 4365 ungere
1824 4294 1990 4364 pedes

414 4380 551 4453 ejus,
577 4387 632 4434 et
658 4381 866 4451 capillis
889 4382 1006 4438 suis
1028 4390 1240 4454 tergere
1263 4384 1584 4452 promeruit.

486 4469 553 4522 At
580 4469 737 4525 Iesus
763 4488 1038 4528 conversus
1080 4485 1127 4528 et
1150 4475 1328 4529 uidens
1366 4492 1503 4539 eam,
1544 4475 1721 4551 dixit:
1749 4474 1986 4545 Conﬁde,

415 4559 548 4631 (Ertio,
577 4561 704 4630 ﬁdes
732 4571 826 4617 tua
851 4573 901 4618 te
924 4562 1124 4618 salvam
1164 4564 1305 4634 fecit,
1350 4574 1398 4618 et
1427 4565 1573 4619 solea
1602 4565 1745 4635 facta
1771 4578 1846 4620 est
1872 4582 1990 4620 mu-

415 4649 532 4714 lier,
562 4659 665 4706 etc.
716 4652 818 4722 (Ex
845 4652 1093 4722 Hieron.)
1130 4653 1257 4707 ideo
1309 4653 1443 4719 filia,
1469 4654 1596 4724 quia
1630 4654 1766 4710 ﬁdes
1810 4662 1901 4710 tua
1938 4663 1991 4712 te

417 4737 620 4793 salvam
649 4740 795 4795 iecit.
829 4740 941 4797 Nec
965 4741 1099 4796 dixit
1125 4759 1138 4793 :
1166 4740 1330 4795 Fides
1356 4749 1444 4795 tua
1469 4752 1525 4797 te
1551 4742 1754 4798 salvam
1778 4743 1989 4800 factura

417 4838 530 4895 εει,
562 4830 657 4885 sed
685 4830 889 4885 salvam
915 4832 1072 4897 fecit,
1110 4832 1163 4885 in
1190 4845 1277 4898 eo,
1307 4833 1450 4901 quod
1476 4833 1533 4887 in
1561 4847 1650 4889 me
1676 4835 1952 4892 credidisti
1970 4875 1986 4904 ,

413 4917 527 4991 jam
553 4917 699 4973 salva
725 4916 869 4973 facta
893 4934 974 4974 es.

689 5047 757 5103 IN
794 5046 1043 5105 NATAL]
1081 5048 1325 5107 SANCTI
1361 5050 1691 5111 ANDREE.

421 5173 677 5216 EPISTOLA
713 5177 874 5217 ΒΕΔΊΊ
909 5179 1065 5219 PAULI
1098 5179 1352 5221 APOSTOIJ
1387 5182 1455 5225 AD
1488 5182 1752 5236 ιειιιιιοε,
1782 5184 1900 5225 CAP-
1931 5185 1988 5224 Σ.

495 5290 519 5326 ι
547 5272 722 5330 Corde
762 5274 908 5329 enim
947 5274 1188 5331 creditur
1226 5276 1291 5331 ad
1331 5276 1597 5346 justitiam
1621 5319 1637 5345 ,
1686 5294 1783 5335 ore
1810 5286 1992 5334 autem

428 5383 450 5418 ι
481 5364 748 5422 confessio
792 5365 853 5422 lit
892 5369 959 5423 ad
1001 5369 1250 5424 salutem.
1306 5371 1450 5426 Dicit
1479 5372 1624 5427 enim
1666 5370 1990 5441 Scriptura:

430 5475 453 5509 ι
481 5454 671 5512 Omnis
701 5457 794 5528 qui
821 5458 993 5513 credit
1027 5459 1081 5512 in
1110 5458 1259 5513 illum
1280 5499 1294 5526 ,
1326 5475 1432 5514 non
1462 5460 1840 5515 confundetur.
1874 5459 1993 5515 Non

432 5567 455 5602 ι
484 5549 628 5604 enim
670 5557 757 5605 est
794 5549 1070 5607 distinctio
1113 5550 1282 5607 Judaai
1329 5561 1386 5608 ct
1428 5553 1622 5608 Graeci.
1675 5551 1812 5607 Nam
1849 5552 1993 5608 idem

436 5657 457 5693 ι
490 5639 742 5696 Dominus
769 5642 1036 5707 ninnium,
1082 5643 1233 5697 dives
1271 5642 1325 5695 in
1358 5657 1575 5707 omnes,
1617 5641 1709 5710 qui
1745 5641 1995 5696 invocant

438 5745 461 5783 ι
491 5729 658 5790 illum.
702 5731 889 5789 Omnis
919 5733 1063 5788 enim
1094 5732 1398 5801 quicunque
1435 5732 1762 5788 invocavcrit
1801 5748 1993 5787 nomen

2085 3471 2334 3536 credunt,
2365 3471 2482 3527 sive
2504 3470 2677 3527 Judaei
2705 3473 2834 3537 sint,
2863 3472 2981 3527 sive
3006 3470 3257 3542 gentiles,
3287 3476 3545 3540 purgatos
3568 3484 3669 3524 eos

2085 3577 2118 3616 a
2145 3561 2419 3632 prioribus
2442 3561 2740 3618 sceleribus
2755 3560 3038 3633 instillat,
3064 3569 3119 3616 et
3141 3573 3372 3631 capaces
3397 3559 3527 3614 facit
3551 3558 3663 3630 glo-

2087 3656 2187 3712 riae
2207 3654 2327 3711 Dei.

2160 3744 2304 3799 Nam
2328 3743 2491 3809 idem,
2514 3751 2623 3798 etc.
2658 3742 2716 3799 Si
2741 3744 2951 3814 iustitia
2978 3745 3135 3799 nobis
3170 3752 3225 3798 ct
3253 3743 3455 3797 veritas
3488 3749 3544 3795 et
3567 3756 3661 3795 sa-

2085 3834 2289 3906 pientia
2327 3843 2385 3890 et
2421 3832 2814 3901 sanctificatio,
2855 3835 3001 3905 quod
3046 3842 3223 3890 totum
3257 3832 3507 3888 Christus
3550 3839 3668 3895 est,
3726 3871 3735 3879 ,

2087 3924 2418 3991 dominetur,
2442 3933 2571 3980 tunc
2596 3926 2754 3981 nobis
2774 3925 3032 3981 Dominus
3058 3924 3119 3979 fit
3138 3923 3294 3979 dives
3318 3923 3372 3977 in
3395 3921 3667 3977 omnibus.

2087 4014 2217 4071 ﬂare
2243 4014 2390 4070 enim
2419 4023 2549 4070 sunt
2571 4014 2691 4084 eius
2712 4015 2936 4082 divitia,
2962 4023 3024 4070 ut
3047 4023 3174 4086 pote
3201 4016 3259 4070 in
3288 4030 3396 4085 quo
3424 4013 3669 4069 thesauri

2087 4108 2365 4178 sapientia:
2407 4116 2465 4164 et
2502 4107 2743 4163 scientia;
2784 4115 2910 4164 sunt
2937 4108 3260 4163 absconditi.
3308 4105 3455 4173 Quas
3482 4111 3667 4159 tamen

2088 4198 2304 4254 divitias
2331 4213 2439 4254 non
2466 4198 2605 4254 dixit
2646 4198 2831 4269 largiri
2874 4213 3006 4254 eum
3041 4197 3294 4254 omnibus
3335 4195 3669 4260 hominibus,

2089 4291 2189 4346 sed
2225 4291 2481 4347 omnibus
2526 4291 2835 4361 quicunque
2874 4289 3248 4345 invocaverint
3289 4301 3485 4341 nomen
3527 4282 3669 4356 eius.

2088 4382 2276 4453 Neque
2305 4384 2451 4438 enim
2487 4397 2677 4438 omnes
2708 4383 2803 4453 qui
2839 4381 3214 4437 invocaverint
3235 4394 3432 4436 nomen
3455 4377 3669 4433 Domini

2091 4473 2227 4528 salvi
2254 4486 2376 4529 esse
2408 4481 2664 4545 possunt,
2699 4473 2796 4529 sed
2823 4472 2917 4544 qui
2944 4486 3111 4543 opera
3138 4471 3481 4527 invocatione
3507 4470 3668 4541 digna

2091 4562 2305 4631 fecerit,
2334 4565 2449 4634 ipse
2475 4563 2789 4619 salvabitur.

2169 4656 2281 4727 (Ea:
2305 4655 2486 4728 Vulg.)
2516 4655 2657 4711 Dicit
2681 4674 2696 4711 :
2729 4653 2902 4727 Prope
2931 4664 3008 4710 est
3032 4654 3287 4709 Dominus
3324 4652 3561 4708 omnibus
3589 4653 3671 4708 iit-

2095 4745 2399 4802 eocantibus
2431 4761 2551 4801 eum
2585 4745 2643 4800 in
2678 4746 2911 4801 veritate.
2943 4746 3671 4815 Ubitetragrammatonm

2094 4848 2203 4904 est,
2227 4839 2368 4908 quod
2398 4838 2607 4893 Hebraei
2637 4838 2860 4892 tradunt
2886 4837 2981 4891 Dei
3008 4851 3205 4892 nomen
3233 4834 3503 4891 ineﬂ‘abile
3526 4832 3671 4891 desi~

2098 4928 2285 5001 gnari,
2322 4935 2379 4983 et
2407 4928 2463 4983 in
2495 4928 2602 4982 alia
2637 4928 2908 4999 scriptura
2937 4926 3173 4997 legitur:
3211 4923 3536 4979 Invocabunt
3564 4937 3670 4987 me,

2091 5026 2146 5072 et
2164 5033 2270 5071 non
2294 5016 2577 5071 exaudiam
2602 5032 2725 5082 eos;
2757 5017 2848 5086 qui
2870 5016 3033 5072 modo
3054 5016 3142 5071 hic
3167 5014 3411 5070 absolute
3431 5014 3666 5084 ponitur,

2092 5106 2185 5176 qui
2227 5105 2559 5160 invocaverit
2591 5120 2789 5161 nomen
2820 5105 3033 5161 Domini
3070 5105 3253 5160 salvus
3292 5104 3427 5168 erit,
3470 5102 3575 5158 nisi
3613 5103 3669 5157 in

2093 5197 2198 5252 hac
2220 5196 2559 5252 invocatione
2584 5194 2948 5266 intelligamus
2989 5193 3346 5265 signiﬁcatam
3370 5191 3538 5247 fuisse
3560 5190 3673 5246 sin.

2093 5300 2302 5351 ceram,
2332 5285 2387 5340 id
2406 5292 2512 5350 est,
2536 5299 2661 5340 cum
2683 5284 2991 5341 humilitate
3015 5284 3197 5339 cordis
3219 5297 3476 5353 expressa
3502 5281 3593 5347 sit,
3615 5287 3675 5335 et

2102 5374 2246 5430 Deus
2270 5390 2394 5429 cum
2421 5372 2761 5430 confessione
2784 5375 2901 5429 veri
2925 5374 3193 5444 dogmatis
3217 5373 3517 5431 invocetur.

2171 5462 2442 5530 Quomodo
2481 5479 2604 5534 ergo
2644 5463 2976 5528 invocabant,
3018 5464 3075 5517 in
3114 5479 3265 5534 quem
3301 5478 3406 5516 non
3441 5458 3677 5514 credide-

2100 5557 2267 5610 runt?
2301 5555 2524 5612 Christo
2550 5556 2696 5610 enim
2726 5555 2895 5611 Judzei
2924 5572 3030 5612 non
3058 5556 3428 5617 crediderunt,
3463 5563 3521 5609 et
3553 5554 3678 5608 ideo

2059 5653 2065 5659 ’
2098 5662 2205 5703 non
2237 5649 2490 5702 invocant
2517 5660 2637 5702 cum
2657 5688 2671 5713 ,
2712 5647 2768 5702 in
2798 5662 2959 5718 quem
2988 5662 3094 5703 non
3123 5649 3485 5704 crediderunt.
3536 5646 3674 5702 Nam

2100 5737 2247 5807 quod
2297 5736 2542 5805 superius
2573 5737 2742 5791 dicit:
2778 5736 2960 5793 Omnis
3014 5739 3101 5811 qui
3144 5737 3450 5793 invocaverit
3488 5750 3674 5792 nomen
