3952 6418
266 343 371 402 509

1064 341 1577 401 COLL‘ECTIONES
1613 345 1680 401 IN
1718 344 2100 402 EPISTOLAS
2138 346 2228 400 ET
2266 345 2689 402 EVANGELIA.

3395 350 3500 405 5l0

265 458 512 523 Domini,
547 456 615 512 ad
642 456 915 510 Christum
944 454 1230 510 Dominum
1255 454 1440 511 docuit
1467 456 1830 512 referendum.
1861 461 1912 520 Α
1937 457 2040 512 hoc
2067 457 2242 526 ipsum
2284 458 2428 526 quod
2467 459 2629 525 dicit,
2672 461 3074 532 evangelizare‘,
3117 463 3503 532 interpretetur

267 549 402 604 Nam
430 556 486 602 et
511 547 654 601 Enos
695 555 751 602 et
790 545 963 600 Moses
989 557 1044 600 et
1071 545 1250 601 Aaron
1279 556 1335 601 et
1365 546 1582 602 Samuel
1618 549 1833 604 invoca-

267 637 399 692 bant
428 637 740 702 Dominum,
772 645 827 691 et
865 638 977 706 ipse
1003 637 1328 692 exaudiebat
1353 653 1466 693 eos.
1517 637 1646 695 Sine
1673 639 1834 694 dubio

269 728 544 782 Christum
570 727 751 784 Jesum
779 728 1132 793 invocabant,
1170 737 1226 783 et
1263 730 1310 784 si
1346 729 1600 786 invocare
1636 746 1833 785 nomen

271 819 516 883 Domini,
558 826 614 873 et
649 834 809 874 orare
846 820 1130 875 Dominum
1160 837 1325 875 unum
1353 831 1516 891 atque
1549 823 1687 877 idem
1716 830 1829 886 est,

268 911 410 966 sicut
437 911 720 966 invocatur
743 910 1014 992 Christus,
1040 921 1095 966 et
1118 912 1355 966 orandus
1383 922 1466 968 est
1489 912 1756 977 Christus,
1780 921 1835 968 et

269 1001 411 1056 sicut
434 1000 710 1064 offerimus
746 1001 855 1055 Deo
888 1000 1028 1056 Patri
1066 1001 1242 1068 primo
1269 1002 1508 1056 omnium
1539 1001 1832 1066 orationes,

271 1091 346 1148 ita
384 1099 438 1146 et
473 1091 700 1147 Domino
728 1090 856 1146 Jesu
886 1091 1126 1155 Christo,
1167 1101 1222 1145 et
1257 1092 1398 1147 sicut
1425 1091 1700 1146 offerimus
1734 1106 1833 1160 po-

270 1180 590 1235 stulationes
615 1181 778 1249 patri,
807 1181 880 1234 ita
911 1179 1185 1235 offerimus
1209 1181 1598 1250 postulationes
1625 1190 1678 1235 et
1701 1180 1830 1244 filio,

269 1280 327 1326 et
366 1270 508 1326 sicut
548 1271 825 1325 offerimus
866 1271 1160 1341 gratiarum
1201 1271 1441 1326 actiones
1480 1272 1620 1334 Deo,
1668 1272 1740 1325 ita
1782 1279 1838 1326 et

268 1361 469 1428 gratias
501 1359 786 1415 referimus
823 1359 1098 1415 salvatori.
1155 1360 1329 1416 Unum
1358 1376 1591 1429 namque
1621 1362 1836 1430 utrique

269 1449 530 1502 honorem
560 1446 938 1513 deferendum,
979 1449 1031 1502 id
1058 1457 1172 1512 est,
1205 1449 1350 1505 Patri
1377 1445 1480 1503 etF
1483 1449 1595 1515 ilio,
1626 1450 1838 1504 divinus

267 1539 455 1592 edocet
484 1553 684 1602 sermo,
713 1554 834 1592 cum
863 1538 1024 1592 dicit:
1059 1534 1249 1592 Omnes
1277 1533 1832 1608 honoriﬁcentFtTium,

267 1627 398 1680 sicut
429 1625 775 1694 honoriﬁcam
795 1621 1002 1680 Patrem
1033 1625 1213 1698 (Joan.
1243 1627 1318 1698 v).

336 1715 440 1767 Aut
476 1715 734 1783 quomodo
777 1715 985 1770 credent
1031 1716 1106 1779 ei,
1157 1734 1308 1787 quem
1354 1735 1458 1772 non
1505 1718 1837 1772 audierunt?

1933 546 2076 602 bona
2121 547 2477 612 annuntiare,
2529 558 2709 603 tamen
2759 550 2896 604 bona
2941 551 3334 621 intelliguntur,
3379 570 3502 623 quae

1933 636 2216 690 annuntiat
2247 637 2506 704 apostolis
2534 646 2720 692 sancta
2754 639 3008 705 Trinitas,
3044 641 3097 694 id
3127 649 3232 706 est,
3262 641 3423 698 Pater
3445 652 3503 700 et

1933 724 2102 788 Filius
2129 734 2184 778 et
2211 722 2447 792 Spiritus
2475 734 2716 780 sanctus.
2761 727 2873 782 IIoe
2901 737 2986 783 est
3011 729 3153 783 enim
3173 771 3189 796 ,
3219 732 3361 800 quod
3399 747 3501 788 sn~

1935 813 2188 868 nuntiant
2217 813 2576 884 Evangelista:
2605 817 2897 870 secundum
2934 829 3257 888 praeceptum
3287 821 3501 876 Domini

1933 905 2164 960 dicentis
2188 922 2201 960 :
2237 903 2340 970 Ite,
2364 905 2539 959 docete
2565 922 2739 960 omnes
2761 917 2958 976 gentes,
2986 909 3305 979 baptizantes
3331 927 3418 965 eos
3447 911 3502 966 in

1933 995 2140 1048 nomine
2185 993 2366 1049 Patris
2415 1004 2462 1048 et
2510 993 2641 1048 Filii
2690 1005 2739 1050 et
2788 993 3017 1066 Spiritus
3068 999 3237 1053 sancti
3284 999 3482 1070 (Matth

1935 1082 2160 1154 ultimo).

2007 1171 2110 1228 Sed
2140 1190 2245 1227 non
2274 1191 2449 1228 omnes
2478 1175 2720 1229 obediunt
2752 1175 3052 1247 Evangelia.
3101 1177 3286 1248 Neque
3316 1194 3507 1235 omnes

1935 1279 2000 1320 ex
2033 1265 2282 1335 gentibus
2309 1265 2598 1336 Evangelio
2623 1267 2990 1333 crediderunt,
3020 1285 3191 1339 neque
3220 1286 3410 1326 omnes
3436 1286 3504 1326 ex

1935 1354 2132 1420 Israel,
2175 1354 2355 1424 plures
2382 1364 2588 1421 tamen,
2629 1365 2685 1411 et
2717 1357 2885 1412 multo
2913 1357 3097 1426 plures
3124 1374 3191 1413 ex
3217 1360 3502 1429 gentibus,

1936 1462 2098 1517 quant
2126 1461 2192 1501 ex
2223 1445 2406 1501 Israel.

2006 1533 2182 1588 Isaias
2208 1545 2384 1589 autem
2417 1535 2583 1590 dicit:
2612 1534 2850 1600 Domine,
2890 1538 3006 1607 quis
3041 1538 3260 1592 credidit
3298 1540 3505 1595 auditui

1938 1637 2114 1681 nostro
2136 1628 2162 1682 .’
2204 1627 2365 1694 Quis,
2403 1643 2503 1698 pro
2537 1642 2662 1682 raro
2694 1627 2898 1683 dictum
2935 1637 3046 1694 est,
3082 1629 3293 1685 videtur
3322 1639 3502 1687 tamen

1937 1716 2104 1771 Isaias
2140 1716 2256 1772 hate
2295 1731 2362 1772 ex
2401 1731 2630 1786 persona
2654 1715 3274 1786 Apostoli,prophetare,
3306 1720 3504 1788 quibus

266 1803 561 1859 Possumus
597 1804 674 1859 sic
712 1804 1043 1874 intelligere,
1089 1807 1214 1874 quia
1243 1808 1326 1862 vel
1366 1809 1541 1879 ipsum
1580 1809 1635 1863 in
1671 1823 1835 1880 carne
1863 1799 1909 1857 B
1937 1807 2200 1863 creditum
2228 1807 2401 1862 fuerat
2429 1806 2824 1876 przedicationis
2848 1806 3110 1869 cilicium,
3155 1817 3210 1864 et
3246 1811 3346 1878 ipsi
3378 1827 3505 1866 cum

266 1894 532 1962 positum,
568 1895 652 1950 vel
679 1893 965 1964 Apostolos
993 1896 1112 1966 ejus
1140 1897 1497 1966 praedicantes
1533 1898 1601 1954 de
1637 1913 1702 1954 eo
1737 1914 1837 1953 au-

268 1984 385 2039 dire
413 1984 700 2039 noluerint.
761 1985 851 2040 Sic
898 1987 1041 2041 enim
1091 1997 1146 2042 et
1195 1989 1309 2057 ipse
1357 1988 1617 2044 Dominus
1666 1989 1835 2044 dicit:

270 2076 374 2141 Qui
401 2092 489 2131 uos
513 2077 683 2143 audit,
721 2093 801 2132 me
833 2078 1000 2142 audit,
1032 2088 1081 2132 et
1105 2079 1196 2150 qui
1223 2097 1310 2134 eos
1332 2081 1554 2150 spernit,
1584 2097 1664 2134 nte
1690 2097 1837 2150 sper-

268 2165 343 2218 nit
373 2165 520 2236 (Luc.
558 2166 635 2237 ι).
686 2165 870 2222 Potest
913 2176 1094 2223 autem
1142 2177 1198 2223 et
1237 2169 1340 2224 hoc
1379 2169 1646 2240 intelligi,
1695 2169 1839 2240 quod

267 2257 429 2312 etiam
461 2273 605 2313 nunc
637 2266 692 2313 et
723 2273 938 2328 semper
960 2258 1210 2316 Christus
1246 2267 1500 2329 tanquam
1526 2262 1751 2316 verbum
1785 2269 1842 2316 et

268 2348 409 2404 ratio
436 2347 726 2418 unicuique
754 2349 996 2419 loquitur
1021 2350 1075 2403 in
1101 2351 1294 2414 corde,
1325 2359 1381 2405 et
1413 2350 1480 2405 de
1513 2351 1715 2420 pietate
1742 2351 1838 2405 do-

268 2448 408 2505 ceat,
439 2440 505 2495 de
528 2439 740 2510 justitia
765 2441 1009 2496 suadeat.
1050 2440 1128 2494 De
1153 2441 1429 2506 castitate,
1461 2441 1527 2497 de
1555 2440 1834 2511 pudicitia,

269 2539 326 2584 et
359 2529 424 2584 de
461 2530 710 2586 omnibus
737 2531 894 2585 simul
927 2531 1215 2586 virtutibus
1242 2539 1589 2600 protestetur,
1621 2532 1761 2587 sicut
1785 2538 1840 2587 et

268 2621 384 2691 ipse
409 2623 573 2678 dicit:
609 2621 742 2676 Oves
772 2639 897 2676 mea
923 2639 1097 2676 vocem
1127 2639 1293 2676 meum
1323 2623 1566 2677 audiunt.

344 2711 616 2778 Quomodo
645 2721 818 2767 autem
845 2713 1056 2767 audient
1091 2714 1201 2767 sine
1235 2715 1600 2784 prwdicante?
1643 2713 1702 2768 In
1736 2714 1840 2769 hoc

271 2803 446 2872 magis
469 2818 565 2872 per
590 2804 994 2873 przedicantium
1027 2819 1333 2861 sermonem
1360 2804 1633 2861 Christum
1659 2815 1840 2861 osten-

270 2889 351 2944 dit
377 2891 594 2956 audire,
633 2892 688 2946 in
723 2892 916 2960 quibus
945 2895 1238 2948 secundum
1267 2909 1331 2950 ea
1366 2911 1485 2963 quae
1513 2911 1674 2954 sunra
1701 2897 1840 2952 dixi-

269 2993 392 3034 mus
415 2978 664 3036 Christus
687 2980 834 3051 loqui
863 2991 918 3037 et
942 2983 1139 3038 docere
1165 2993 1522 3039 monstratur.

343 3067 619 3134 Quomodo
651 3087 768 3126 vero
802 3073 1160 3142 praedicabunt
1187 3075 1292 3128 nisi
1321 3076 1595 3129 mittantur
1614 3077 1640 3130 ?
1692 3074 1840 3131 Dilli-

271 3156 447 3214 cultas
485 3159 618 3215 mihi
661 3160 717 3214 in
757 3162 861 3216 hoc
903 3177 1156 3218 sermone
1191 3164 1405 3238 videtur
1431 3181 1743 3238 exsurgere.
1777 3165 1836 3223 Si

272 3250 420 3304 enim
463 3251 538 3305 ita
580 3251 966 3323 intelligamus,
1008 3255 1152 3323 quod
1192 3229 1476 3324 propt’crea
1513 3229 1627 3311 nor;
1648 3257 1844 3326 praedi-

272 3347 432 3404 cent,
471 3340 597 3410 quia
627 3357 734 3397 non
764 3343 1073 3410 mittantur,
1115 3343 1262 3400 nullo
1292 3355 1472 3402 autem
1512 3347 1842 3416 przedicante

272 3445 380 3487 non
406 3430 654 3497 audient,
686 3448 793 3488 non
821 3435 1105 3490 credentes
1131 3443 1310 3490 autem
1343 3451 1450 3490 non
1481 3436 1838 3504 invocabant,

273 3537 381 3576 non
421 3522 751 3590 invocantes,
793 3541 901 3580 non
941 3525 1304 3581 salvabuntur.
1355 3527 1636 3598 Colligitur
1661 3544 1729 3583 ex
1759 3529 1844 3584 his

273 3627 435 3668 causa
455 3653 470 3678 ,
517 3629 621 3683 qua
653 3629 759 3670 non
789 3625 916 3672 sunt
943 3615 1134 3671 salvati
1153 3657 1172 3682 ,
1215 3617 1283 3672 ad
1309 3617 1498 3672 vitium
1533 3619 1721 3673 redeat
1747 3634 1844 3672 au-

273 3703 458 3767 ctoris,
501 3703 593 3771 qui
636 3719 742 3758 non
781 3705 988 3760 miserit
1016 3707 1391 3774 praedicantes.
1443 3707 1552 3764 Sed
1577 3710 1746 3780 magis
1775 3709 1843 3764 ad

275 3790 423 3846 Illum
447 3807 544 3846 nos
564 3793 656 3862 qui
681 3795 968 3850 rectiorcm
989 3795 1360 3868 intelligentia:
1380 3799 1651 3853 tramitem
1673 3798 1845 3854 conti-

277 3890 373 3938 net
405 3882 772 3941 dellectamus.
829 3887 897 3941 Et
942 3889 1085 3957 quod
1135 3889 1308 3942 dixit:
1353 3889 1628 3954 Quomodo
1669 3899 1844 3944 autem

275 3973 664 4044 pra'dicabunt,
703 3977 805 4031 nisi
839 3978 1140 4045 mittantur,
1189 3979 1267 4034 sic
1301 3981 1656 4049 accipiamus,
1689 3980 1845 4048 quasi

275 4063 419 4120 dicat
441 4066 758 4136 Apostolus:
789 4069 898 4124 Nos
920 4085 1218 4140 praecones,
1241 4072 1623 4140 prmdicatores
1643 4070 1845 4126 Christi

275 4167 383 4207 non
434 4171 723 4224 possumus
769 4159 1088 4227 praedicare,
1139 4174 1242 4213 nec
1287 4160 1641 4215 annuntiandi
1690 4161 1846 4215 nobis

275 4243 448 4299 virtus
476 4245 583 4298 ulla
612 4247 968 4312 subsisteret,
1013 4247 1116 4302 nisi
1147 4247 1362 4302 adesset
1401 4249 1557 4304 nobis
1600 4249 1716 4317 ipse
1751 4250 1844 4320 qui

275 4333 443 4387 misit.
481 4334 631 4400 Quod
660 4335 704 4388 si
735 4336 1156 4403 przedicantibus
1192 4336 1348 4391 nobis
1375 4337 1561 4393 audire
1589 4353 1695 4393 non
1723 4337 1843 4392 vul-

280 4424 368 4488 tis,
393 4433 575 4479 vestra
593 4424 708 4494 jam
733 4425 887 4496 culpa
910 4434 1013 4492 est,
1036 4427 1137 4482 etsi
1162 4427 1441 4483 audientes
1465 4444 1569 4483 non
1599 4427 1839 4493 creditis,

277 4525 467 4574 etnon
503 4518 788 4573 credentes
816 4535 923 4575 non
950 4519 1242 4583 invocatis,
1288 4527 1344 4573 et
1383 4535 1494 4574 non
1534 4519 1845 4575 invocantes

275 4607 411 4663 salvi
452 4623 575 4663 esse
616 4609 875 4678 nequitis,
914 4609 1041 4679 quia
1076 4624 1205 4680 ergo
1246 4609 1397 4665 missi
1438 4619 1564 4666 sunt
1603 4611 1671 4666 ad
1707 4627 1847 4682 prte-

279 4699 636 4764 dicationcm,
677 4699 880 4754 idcirco
908 4697 975 4755 de
1001 4699 1087 4755 bis
1115 4699 1206 4769 qui
1234 4699 1304 4754 ab
1329 4700 1447 4770 ipso
1487 4699 1640 4757 missi
1683 4709 1842 4764 sunt,

279 4793 536 4863 scriptum
567 4801 652 4849 est
674 4811 687 4847 :

353 4882 524 4948 Quam
543 4881 758 4952 speciosi
778 4881 929 4951 pedes
950 4878 1414 4950 euangelizandum
1435 4879 1588 4934 bona.
1618 4879 1697 4935 Illi
1721 4888 1846 4936 sunt

283 4974 463 5032 decori
497 4981 550 5029 et
577 4972 805 5044 speciosi
836 4972 1028 5040 pedes,
1058 4970 1151 5040 qui
1180 4970 1554 5040 perambulant
1578 4985 1674 5040 per
1699 4971 1840 5026 viam

282 5067 427 5120 vitze.
465 5064 767 5119 Secundum
796 5062 940 5116 enim
964 5060 1112 5115 illum
1139 5060 1230 5129 qui
1257 5060 1421 5117 dixit:
1450 5060 1564 5131 Ego
1587 5077 1705 5116 sum
1732 5062 1840 5128 via,

279 5155 517 5226 iutellige
536 5155 760 5210 decoros
781 5161 835 5209 et
854 5152 1127 5222 speciosus
1146 5150 1640 5220 cvangelizantibus
1656 5152 1840 5220 pedes,

278 5245 370 5316 qui
412 5260 510 5316 per
551 5245 713 5299 talem
749 5243 891 5298 viam
937 5249 1212 5296 merentur
1252 5239 1501 5295 incedere
1540 5239 1693 5310 (Isai.
1720 5240 1838 5313 ur).

274 5335 366 5390 Isti
398 5341 523 5390 sunt
552 5335 737 5405 pedes,
775 5333 972 5402 quibus
1001 5339 1058 5386 et
1089 5345 1308 5386 cursum
1339 5330 1647 5386 cucurrisse
1674 5331 1835 5398 dicit,

272 5435 331 5483 ct
348 5427 428 5481 sic
447 5439 668 5482 currere
693 5433 750 5478 ut
774 5423 1212 5492 comprehendat,
1249 5421 1302 5475 id
1323 5429 1429 5485 est,
1450 5420 1600 5491 vigor
1619 5421 1835 5487 animae,

273 5530 383 5586 quo
414 5513 650 5570 tenditur
679 5522 732 5567 et
759 5520 1092 5583 praeparatur
1121 5511 1186 5565 ad
1217 5509 1431 5565 cmlum.
1463 5508 1718 5566 Cratitice
1745 5527 1838 5565 au-

276 5614 381 5660 tem
408 5604 572 5676 pedes
609 5605 742 5659 istos
778 5619 896 5658 esse
933 5603 1192 5664 ﬁrmabis,
1221 5619 1355 5672 quos
1381 5599 1536 5656 Jcsus
1563 5602 1839 5672 discipulis

276 5690 438 5763 lavat,
477 5705 527 5751 ct
565 5696 728 5753 linteo
760 5709 865 5765 quo
912 5694 1228 5764 pt'tcciuclus
1260 5702 1341 5749 est
1372 5694 1548 5765 tergit.
1584 5695 1837 5761 Quamvis

1871 4471 1922 4532 D

1936 1900 2158 1954 raritate
2179 1899 2535 1963 credentium,
2559 1898 2823 1967 praecipue
2852 1899 2917 1953 de
2945 1900 3141 1969 populo
3167 1900 3329 1955 Israel
3355 1902 3503 1954 vide-

1935 1997 2097 2053 runt,
2141 1987 2382 2043 dicentes
2422 1987 2489 2042 ad
2525 1986 2848 2052 Dominum,
2877 1986 3112 2055 Domine,
3134 1990 3250 2060 quis
3289 1990 3506 2044 credidit

1936 2079 2142 2135 auditui
2171 2077 2386 2132 nostra?

2008 2169 2150 2240 Ergo
2184 2169 2315 2239 fides
2356 2185 2420 2223 ex
2458 2169 2666 2233 auditu,
2707 2169 2918 2224 auditus
2957 2179 3130 2224 autent
3169 2187 3262 2241 per
3297 2171 3505 2226 verbum

1938 2260 2152 2316 Christi.
2189 2260 2288 2315 Hic
2312 2259 2536 2315 verbum
2561 2259 2761 2314 Christi
2791 2267 2955 2314 totam
2981 2260 3416 2330 prmdicationem
3443 2261 3510 2316 de

1939 2352 2154 2409 Christo
2181 2352 2476 2424 significat,
2512 2366 2687 2421 neque
2716 2351 2862 2406 enim
2892 2351 2966 2406 illi
2997 2351 3095 2406 soli
3126 2341 3529 2418 crediderunt;

1941 2445 2031 2514 qui
2057 2445 2282 2500 verbum
2309 2443 2378 2498 ab
2406 2443 2523 2512 ipso
2559 2441 2786 2496 Domino
2826 2442 3146 2506 audierunt,
3199 2443 3294 2497 sed
3341 2443 3511 2498 multo

1931 2533 2122 2604 plures
2147 2540 2302 2598 sunt,
2331 2533 2423 2602 qui
2450 2531 2571 2586 aliis
2598 2545 2721 2586 eum
2750 2531 3170 2601 praedicantibus
3197 2532 3508 2598 audierunt,

1938 2624 2081 2679 sicut
2121 2623 2236 2692 ipm
2273 2621 2534 2675 Dominus
2567 2620 2642 2674 ait
2675 2637 2689 2672 :
2731 2618 2884 2673 Beati
2920 2621 3010 2690 qui
3049 2636 3152 2674 non
3191 2619 3428 2673 viderunt
3462 2629 3510 2674 et

1939 2714 2292 2770 crediderunt.
2339 2711 2511 2768 Omne
2538 2727 2669 2780 ergo
2696 2712 2921 2766 verbum
2949 2711 3094 2780 quod
3123 2711 3349 2782 apostoli
3383 2719 3437 2764 et
3463 2711 3510 2766 si

1939 2808 2036 2879 qui
2076 2806 2169 2862 alii
2209 2806 2276 2860 de
2310 2804 2529 2861 Christo
2565 2802 3038 2872 praedicaverunt,
3087 2803 3175 2858 hic
3221 2801 3512 2872 Apostolus

1939 2901 2175 2957 verbum
2191 2897 2392 2953 Christi
2422 2910 2541 2951 esse
2568 2895 2905 2964 pronuntiat.

2013 2991 2119 3048 Sed
2159 2990 2278 3043 dico
2302 3005 2320 3042 :
2367 2986 2621 3056 Nunquid
2651 3001 2754 3038 non
2792 2983 3117 3037 audierunt?
3167 2981 3420 3053 Equidem
3457 2984 3510 3036 in

1943 3097 2147 3137 omnem
2187 3088 2380 3132 terram
2419 3077 2544 3130 exiit
2579 3090 2736 3128 sonus
2773 3088 2982 3136 eorum,
3027 3081 3073 3126 et
3113 3072 3167 3124 in
3202 3071 3332 3138 fines
3372 3071 3511 3124 orbis

1943 3182 2097 3228 terra:
2123 3169 2276 3225 verba
2301 3184 2500 3232 eorum.
2531 3165 2644 3220 lloc
2669 3165 2732 3220 de
2754 3163 2970 3218 Psalmo
2994 3170 3264 3232 sumptum
3289 3169 3393 3228 est,
3421 3161 3509 3215 ubi

1943 3263 2020 3317 ait
2045 3281 2058 3315 :
2095 3259 2218 3315 Non
2245 3267 2364 3312 sunt
2393 3255 2609 3328 loquelre
2638 3269 2800 3324 neque
2828 3268 3088 3306 sermones
3106 3291 3119 3315 ,
3156 3266 3376 3322 quorum
3409 3267 3512 3304 non

1943 3351 2231 3404 audiantur
2257 3363 2400 3401 voces
2441 3361 2620 3398 eorum
2650 3341 2821 3414 (Psal.
2852 3345 3029 3416 xvm),
3048 3343 3102 3400 in
3129 3356 3235 3410 quo
3273 3356 3372 3410 pro
3409 3339 3509 3394 lin-

1942 3454 2169 3510 guarum
2215 3446 2268 3492 et
2312 3449 2619 3490 sermonum
2652 3432 2916 3487 varietate
2957 3437 3146 3502 gentes
3186 3430 3303 3485 sine
3345 3429 3509 3485 dubio

1946 3529 2338 3598 intelliguntur.
2385 3525 2453 3580 Et
2482 3523 2808 3588 notandum,
2851 3522 2994 3592 quod
3024 3521 3078 3576 in
3119 3530 3321 3577 terram
3351 3535 3508 3576 sonus

1943 3619 2157 3683 exierit,
2185 3625 2241 3672 et
2281 3618 2336 3671 in
2362 3615 2498 3671 lines
2521 3615 2669 3668 orbis
2692 3622 2870 3678 terrae,
2894 3628 3002 3667 non
3028 3627 3215 3676 sonus,
3239 3611 3332 3666 sed
3356 3611 3513 3666 verba

1941 3707 2306 3778 pervenerint.
2353 3705 2522 3760 Terra
2563 3717 2796 3772 namque
2842 3702 2946 3756 hoc
2996 3701 3114 3757 loco
3151 3701 3428 3772 imperitos
3462 3712 3513 3755 ct

1945 3795 2259 3851 indocibiles
2303 3794 2551 3850 homines
2591 3793 2750 3857 dicit,
2793 3792 2861 3847 ad
2900 3806 3036 3862 quos
3076 3806 3182 3845 non
3221 3791 3415 3856 verba,
3461 3791 3514 3845 in

1943 3887 2138 3952 quibus
2162 3884 2299 3938 ratio
2324 3882 2445 3938 ﬁdei
2473 3882 2780 3937 continetur
2805 3888 2859 3934 et
2885 3880 3191 3950 explanatio
3219 3881 3514 3948 sapientiae,

1943 3970 2039 4025 sed
2081 3986 2246 4025 sonus
2292 3969 2412 4023 fidei
2463 3985 2584 4024 cum
2619 3976 2820 4032 manet,
2862 3967 3090 4036 simplici
3136 3968 3514 4036 praedicatione

1941 4062 2270 4132 pervenerit.
2315 4060 2503 4114 Finem
2531 4074 2658 4113 vero
2687 4059 2834 4112 orbis
2869 4065 3158 4121 terrarum‘,
3192 4059 3515 4114 eruditiores

1943 4164 2187 4220 quasque
2236 4157 2290 4204 et
2335 4148 2714 4218 prudentiores
2756 4146 3122 4217 appellaverit.
3181 4145 3330 4200 Finis
3368 4147 3514 4202 enim

1943 4240 2333 4312 perfectionem
2363 4239 2566 4293 indicat
2596 4253 2796 4291 rerum.
2845 4235 2926 4290 Ad
2960 4236 3058 4290 hos
3086 4251 3213 4305 ergo
3242 4235 3372 4290 tales
3407 4253 3512 4291 non

1946 4331 2122 4386 solum
2147 4345 2328 4394 voces,
2363 4329 2456 4386 sed
2485 4325 2647 4380 verba
2677 4334 2731 4381 et
2760 4325 3024 4379 rationem
3053 4325 3364 4394 pervenisse
3392 4340 3514 4396 pro-

1948 4422 2179 4476 nuntiat.

2260 4523 2594 4563 EVANCELIU)!
2634 4522 2923 4571 “ATTILEI,
2961 4522 3077 4561 CAP.
3114 4522 3186 4559 IV.

2023 4623 2042 4656 ι
2072 4603 2370 4658 Ambulans
2402 4610 2580 4655 autem
2611 4599 2769 4654 Jcsus
2789 4600 2942 4670 juxta
2972 4615 3121 4654 mare
3148 4598 3405 4662 Galilmx,
3435 4599 3516 4654 vi-

1952 4715 1972 4748 ι
2005 4697 2084 4751 dit
2112 4695 2245 4749 duos
2271 4692 2490 4756 fratres,
2521 4691 2828 4756 Simonem,
2860 4691 2951 4760 qui
2977 4700 3199 4745 vocatur
3221 4691 3433 4758 Petrus,
3461 4705 3517 4749 et

1952 4806 1970 4838 ι
2004 4786 2272 4840 Andream
2315 4782 2538 4837 fratrem
2579 4779 2727 4849 ejus,
2773 4782 3048 4836 mittentes
3094 4790 3206 4836 rete
3249 4782 3300 4835 in
3342 4798 3521 4849 mare,

1953 4894 1971 4926 ι
2005 4881 2163 4928 erant
2183 4871 2326 4926 enim
2349 4871 2664 4940 piscatores.
2704 4869 2861 4923 Etait
2888 4868 3016 4924 illis:
3048 4867 3238 4922 Venite
3262 4878 3382 4938 post
3407 4887 3520 4934 me,

1954 4985 1972 5017 r
2007 4974 2062 5019 et
2106 4962 2300 5017 faciam
2343 4976 2439 5016 vos
2487 4959 2602 5013 ﬁeri
2649 4961 2945 5029 piscatores
2992 4959 3286 5013 hominum.
3339 4958 3408 5012 At
3441 4959 3516 5016 illi

1953 5075 1970 5108 ι
2006 5055 2261 5111 continuo
2289 5052 2493 5107 relictis
2517 5052 2744 5115 retibus,
2777 5049 2946 5104 secuti
2973 5057 3264 5104 suntcum.
3303 5049 3368 5104 Et
3392 5067 3516 5120 pru-

1952 5167 1969 5199 (
2002 5147 2196 5202 cedens
2246 5144 2370 5200 inde
2417 5143 2556 5198 vidit
2607 5141 2742 5196 alios
2790 5142 2925 5196 duos
2971 5140 3204 5208 fratres,
3255 5141 3516 5203 iacebunt

1951 5259 1969 5290 r
2002 5237 2248 5293 Zebedazi
2288 5246 2344 5292 et
2379 5233 2642 5290 Joannem
2677 5233 2901 5289 fratrem
2933 5232 3050 5302 ejus
3094 5235 3148 5289 in
3189 5237 3346 5301 navi,
3390 5253 3518 5292 cunt

1949 5346 1968 5381 ι
2003 5327 2261 5382 Zcbcdaao
2286 5336 2438 5395 patre
2464 5339 2672 5389 eorum,
2704 5322 3006 5378 reficientes
3038 5326 3170 5380 retia
3197 5341 3313 5390 sua,
3345 5334 3398 5378 ct
3425 5341 3519 5380 vo~

1949 5440 1968 5474 ‹
2002 5421 2145 5478 cavit
2167 5437 2277 5476 eos.
2306 5419 2383 5474 Illi
2407 5427 2587 5472 autem
2610 5418 2793 5474 statim
2817 5418 3019 5475 relictis
3041 5420 3244 5475 retibus
3263 5429 3315 5474 et
3338 5429 3512 5490 patre,

1950 5531 1967 5562 ι
2002 5511 2174 5568 secuti
2207 5517 2333 5564 sunt
2360 5524 2503 5562 cum.
2540 5527 2560 5561 ι

2017 5605 2299 5657 Αηιὸιιίωιδ
2337 5613 2508 5655 autem
2545 5599 2701 5656 Jesus
2737 5600 2895 5670 juxta
2937 5616 3080 5652 mare
3117 5597 3372 5654 Galilaza'.
3407 5601 3510 5670 (Ex

1949 5694 2256 5766 Eucherio.)
2279 5692 2384 5748 lloc
2406 5708 2551 5746 mare
2574 5699 2791 5762 prtipter
2813 5698 2986 5745 terras
3008 5687 3311 5757 adjacentcs
3330 5692 3520 5748 multis;
