3952 6422
473 357 569 412 5H

1747 342 2100 400 SMABAGDI
2138 341 2430 398 ABBATIS

3610 324 3723 385 5i!

472 476 700 528 vocatur
720 465 1043 526 nominibus,
1067 460 1120 516 id
1147 469 1231 516 est
1257 474 1405 514 mare
1428 458 1683 520 Galilmaz,
1709 457 1858 511 lacus
1879 455 2038 511 Cinao
2067 453 2113 511 Α
2139 459 2372 521 quatuor
2412 448 2802 522 principalibus
2849 443 3195 516 intelligenda
3243 448 3371 499 sunt
3401 439 3696 497 virtutibus

476 559 620 625 rcth,
646 566 892 627 stagnum
914 541 1200 617 Genesar,
1241 565 1393 605 mare
1422 548 1745 614 Tiberiadis,
1776 547 1928 602 lacus
1953 562 2036 601 sa-

474 649 726 710 linarum,
752 655 808 700 et
833 644 933 699 rel.

545 737 689 793 Vidit
710 738 844 791 duos
863 735 1075 805 fratres,
1091 732 1354 789 Simonem
1373 731 1464 803 qui
1483 738 1699 786 uocatur
1710 727 1920 792 Petrus,
1933 736 2039 783 etc.

459 831 642 892 Quare
672 828 974 901 piscatores
992 825 1291 880 vocantur?
1320 840 1389 879 ne
1411 823 1536 894 quis
1560 823 1879 886 testimaret,
1901 820 2044 890 quod

473 936 575 992 per
598 919 957 989 eloquentiam
980 918 1394 988 praedicatorum
1423 929 1601 970 sermo
1625 914 1721 968 Dei
1748 914 1908 967 latius
1929 911 2045 966 exi-

477 1019 582 1066 ret.
614 998 732 1066 Non
756 1009 849 1065 filii
873 1022 1080 1081 regum,
1103 1024 1209 1062 non
1230 1008 1420 1063 scribae
1439 1008 1616 1077 primo
1635 1006 1815 1060 vocati
1839 1019 2048 1060 memo-

478 1110 686 1165 rantur,
716 1100 809 1156 scd
839 1101 1152 1170 piscatores.

550 1191 657 1261 (Ea:
687 1189 928 1259 Hieron.)
963 1188 1267 1243 Piscatores
1295 1194 1349 1241 et
1379 1185 1640 1240 illitterati
1662 1185 1955 1239 mittuntur
1974 1181 2044 1235 ad

475 1281 895 1351 praulicandum,
926 1293 995 1332 ne
1026 1277 1157 1332 fides
1187 1276 1542 1338 credentium,
1562 1289 1671 1328 non
1695 1273 1893 1328 virtute
1919 1271 2042 1338 Dei,

476 1370 570 1425 sed
597 1368 896 1437 eloquentia
924 1375 1087 1435 atque
1112 1365 1355 1419 doctrina
1382 1363 1499 1418 ﬁeri
1526 1368 1829 1432 putaretur.

549 1460 655 1525 (Ex
694 1459 875 1530 Fulg.)
926 1458 1041 1512 Bini
1071 1466 1352 1521 vocantur,
1400 1455 1621 1523 binique
1666 1453 1956 1506 mittuntur
1992 1457 2047 1505 et

479 1561 601 1624 apte
624 1569 637 1583 ·
674 1537 764 1607 ναξ
790 1553 932 1606 enim
952 1591 966 1615 ,
1001 1550 1079 1603 ait
1104 1549 1370 1618 scriptura
1387 1588 1401 1611 ,
1433 1545 1532 1600 soli
1549 1585 1565 1610 ,
1594 1544 1721 1613 quia
1749 1556 1871 1598 cum
1904 1540 2048 1594 ceci-

479 1647 641 1711 derit,
668 1660 773 1701 non
801 1644 961 1697 hahet
991 1640 1381 1699 sublevantem.
1412 1638 1545 1691 Bina
1571 1636 1769 1691 etenim
1801 1632 2045 1687 doctrina

476 1747 600 1801 cst,
653 1736 866 1791 dilectio
911 1733 1006 1789 Dei
1055 1739 1111 1786 et
1159 1732 1374 1786 dilectio
1420 1728 1693 1798 proximi,
1745 1741 1851 1795 qua
1899 1722 2043 1792 pleni

2140 545 2291 601 Tune
2316 544 2464 599 enim
2491 541 2861 610 unusquisque
2889 537 3147 592 obediens
3171 543 3288 598 est,
3328 549 3454 589 cum
3482 533 3723 602 pruden-

2141 638 2269 692 tiam
2298 633 2623 706 agnoscendi
2650 638 2873 702 peccata
2907 627 3179 684 habuerit.
3230 624 3384 680 Tunc
3416 623 3595 678 virilis
3634 631 3725 679 est

2141 743 2264 783 cum
2296 726 2707 797 temperantiam
2749 721 3049 779 sustinendi
3079 721 3319 776 laborem
3347 716 3724 788 apprehende-

2143 820 2234 873 rit.
2286 818 2438 872 Tunc
2475 817 2871 887 supplautator.
2911 828 3036 869 cum
3065 810 3439 867 fortitudinem
3465 806 3716 863 vincendi

2142 911 2273 965 vitia
2297 910 2580 980 receperit.
2614 907 2770 962 Tunc
2788 906 2881 961 Dei
2904 904 3078 976 gratia
3098 918 3221 959 eum
3241 916 3426 958 veram
3450 898 3719 969 justitiam

2142 999 2403 1070 implendi
2427 999 2680 1053 mandata
2709 996 2999 1051 invenerit.

2343 1123 2898 1205 INCIPIUNT
2973 1115 3541 1199 LECTIONES

2431 1261 2577 1319 PER
2624 1256 3068 1318 ADVENTUM
3112 1251 3425 1314 DOMINI.

2232 1376 2643 1434 IIEBDOMADA
2680 1377 2748 1432 lV
2780 1374 2964 1430 ANTE
3002 1370 3330 1427 NATALEM
3365 1368 3633 1435 DOMINI,

2803 1487 2909 1543 hrrc
2943 1492 3053 1550 est,

2427 1599 2639 1654 PRIMA
2679 1595 3004 1654 DOMINICA
3037 1590 3441 1657 ADVENTUS,

2641 1727 2710 1767 AD
2747 1726 2909 1774 IOI.,
2947 1724 3065 1765 ειν.
3101 1721 3222 1762 xm.

1172 1785 1489 1891 praedicant.
1537 1818 1592 1873 id
1631 1785 1955 1884 esu-Legis
1993 1820 2049 1867 et
2078 1785 2125 1845 Β
2229 1839 2250 1872 ι
2280 1820 2525 1877 scientes
2552 1820 2679 1890 quia
2711 1820 2845 1874 ιιοη
2884 1826 2971 1875 εει
3005 1815 3119 1886 jam
3159 1830 3258 1872 ηοε
3287 1815 3355 1873 de
3381 1829 3574 1871 εοωηο
3603 1829 3724 1869 ειη-

476 1912 771 1985 Evangelii.

554 2002 719 2061 Erant
750 2008 887 2060 enim
914 2007 1221 2074 piscatores,
1251 2011 1299 2057 et
1329 2003 1403 2056 ait
1429 2000 1558 2065 illis,
1585 2008 1692 2054 etc.
1742 1997 1842 2069 (Ex
1870 1995 2047 2068 Orig.)

479 2100 608 2155 Mihi
653 2099 871 2153 videtur
915 2112 1022 2150 non
1089 2095 1311 2151 fortuitu
1361 2094 1692 2162 contigisse,
1746 2101 1808 2143 ut
1851 2088 2049 2143 Petrus

479 2192 696 2261 quidem
736 2198 791 2245 et
820 2189 1061 2244 Andreas
1100 2196 1157 2242 et
1199 2186 1291 2241 filii
1319 2185 1561 2240 Zebedazi
1598 2191 1715 2238 arte
1750 2183 2049 2252 piscatores

444 2280 875 2339 .invenirentur.
927 2278 1125 2332 Paulus
1152 2292 1284 2331 vero
1325 2284 1443 2329 arte
1486 2274 1640 2329 faber
1676 2270 2050 2326 tabernaculo-

481 2386 635 2435 rum,
680 2377 735 2425 et
774 2369 848 2423 illi
877 2368 1055 2423 vocati
1097 2369 1165 2421 ab
1205 2376 1322 2421 arte
1360 2364 1743 2433 capiendorum
1782 2362 2045 2432 piscium,

478 2468 757 2515 mutantur
783 2467 840 2512 et
866 2457 1001 2511 ﬂunt
1030 2457 1327 2526 piscatores
1356 2454 1663 2518 hominum,
1694 2452 1908 2506 dicente
1936 2449 2046 2505 Do—

480 2550 664 2603 mino:
697 2545 877 2601 Venite
903 2557 1016 2617 post
1046 2563 1146 2610 me,
1191 2544 1383 2615 faciam
1425 2560 1513 2597 vos
1550 2543 1835 2613 piscatores
1872 2541 2044 2596 nantia-

480 2656 626 2705 nam,
657 2654 763 2694 non
789 2638 1030 2702 dubium,
1068 2638 1195 2706 quin
1225 2646 1280 2689 et
1305 2635 1525 2700 Paulus,
1561 2634 1688 2703 quia
1718 2642 1774 2687 et
1801 2633 1918 2701 ipse
1947 2647 2049 2701 per

480 2728 766 2785 Dominum
797 2737 975 2784 meum
1002 2728 1183 2783 Iesum
1210 2727 1481 2782 Christum
1509 2735 1730 2780 vocatus
1757 2725 2047 2795 Apostolus

477 2830 582 2885 est,
616 2821 778 2876 simili
807 2822 941 2875 artis
968 2835 1077 2874 sua:
1103 2818 1555 2874 transmutatione
1590 2824 1828 2872 mutatus
1855 2817 1949 2884 sit,
1986 2823 2048 2871 ut

477 2914 621 2969 sicut
654 2913 728 2966 illi
758 2927 821 2966 ev
859 2910 1216 2982 piscatoribus
1243 2910 1470 2979 piscium
1490 2949 1504 2973 ,
1543 2906 1840 2978 piscatores
1866 2907 2046 2962 homi-

480 3021 606 3060 num
647 3004 773 3059 facti
813 3013 937 3058 sunt
961 3044 975 3067 ,
1023 3004 1097 3057 ita
1145 3012 1201 3057 et
1246 3003 1348 3056 istc
1387 2999 1652 3056 faciendis
1680 2998 2046 3055 tabernaculis

477 3096 726 3160 terrenis,
752 3096 817 3150 ad
847 3095 1082 3151 cmlestia
1114 3092 1459 3149 tabernacula
1486 3091 1844 3146 construenda
1866 3099 2045 3145 trans—
2070 3116 2116 3179 ο

473 3187 616 3241 latus
646 3187 733 3241 sit.
767 3185 1044 3241 Construit
1068 3185 1210 3239 enim
1240 3183 1481 3238 crclestia
1510 3178 1894 3245 tabernacula,
1943 3180 2039 3235 do-

476 3293 606 3333 cens
651 3289 1087 3344 unumquemque
1115 3274 1257 3327 viam
1286 3272 1507 3336 salutis,
1565 3279 1623 3327 et
1661 3272 1943 3325 beatarum
1986 3270 2041 3323 in

475 3366 786 3423 coelestibus
825 3363 1164 3419 mansionum
1205 3362 1312 3416 iter
1346 3362 1663 3427 ostendens,
1706 3360 1837 3415 facit
1863 3361 2045 3415 taber-

478 3455 666 3511 nacula
700 3453 894 3509 Paulus
920 3494 934 3518 ,
983 3461 1038 3507 ct
1085 3467 1205 3506 cum
1248 3451 1315 3505 ab
1351 3448 1685 3505 Hierusalem
1726 3451 1781 3505 in
1810 3450 2042 3505 circuitu

365 3554 370 3558 ”
475 3560 646 3615 usque
676 3545 743 3597 ad
769 3542 1036 3612 illyricnm
1066 3541 1236 3610 replet
1258 3540 1605 3611 Evangelium
1629 3540 1745 3606 Dei,
1768 3539 2042 3596 Ecclesias

475 3631 858 3706 construendo,
889 3628 1018 3683 facit
1043 3636 1098 3683 et
1126 3628 1241 3699 ipse
1268 3628 1636 3683 tabernacula.

548 3722 616 3776 Et
655 3720 934 3792 procedens
972 3719 1112 3785 inde,
1140 3728 1243 3774 etc.
1282 3721 1383 3794 (Ex
1425 3720 1755 3794 Fulgentio.)
1799 3721 2041 3777 Primum

477 3812 624 3867 enim
663 3813 824 3865 homo
863 3811 997 3865 retia
1034 3811 1282 3866 desiderii
1312 3813 1393 3868 sui
1424 3815 1587 3867 mittit
1621 3813 1674 3870 in
1704 3829 1855 3869 mare
1884 3812 2044 3883 hujus

478 3901 693 3967 smculi',
742 3910 803 3956 ut
835 3902 981 3956 velut
1018 3903 1190 3971 pisces
1228 3918 1392 3973 opera
1438 3912 1651 3960 mortua
1690 3905 1900 3975 capiat,
1947 3906 2041 3961 sed

477 3991 898 4047 misericorditer
927 3992 1215 4048 adveniens
1240 3991 1509 4061 Christus,
1547 4010 1645 4065 per
1674 3995 2046 4065 compunctio—

477 4100 599 4140 nem
626 4085 790 4140 animi
816 4086 997 4157 priora
1018 4093 1190 4142 mutat
1209 4086 1590 4153 instrumenta,
1613 4096 1674 4142 ut
1698 4089 1897 4142 iterum
1926 4096 2044 4143 rete

473 4175 599 4231 boni
619 4174 870 4231 desiderii
894 4176 947 4230 in
968 4176 1148 4231 saeculi
1168 4192 1316 4232 mare
1329 4176 1563 4248 iactans,
1584 4177 1759 4248 pisces
1776 4177 2043 4233 bonarum

474 4266 734 4321 virtutum
762 4267 886 4321 navi
916 4267 1097 4322 carnis
1126 4268 1191 4323 ad
1217 4277 1430 4337 portum
1458 4269 1584 4323 vitze
1620 4267 1842 4334 afferat,
1876 4267 2044 4324 relin-

476 4372 647 4426 quens
669 4356 949 4428 fugitivum
973 4359 1263 4424 diabolum,
1287 4360 1367 4415 sic
1393 4361 1536 4415 enim
1560 4360 1851 4415 Zebedreus
1877 4361 2044 4415 inter-

472 4455 735 4516 pretatur.
769 4448 1008 4516 Quatuor
1030 4449 1394 4519 apostolorum
1421 4450 1639 4505 nomina
1663 4451 1796 4505 duos
1814 4449 2043 4520 populos

472 4536 797 4619 signiﬁcant.
853 4538 1040 4594 Simon
1087 4539 1233 4595 enim
1279 4540 1566 4604 obediens,
1615 4540 1810 4596 Petrus
1859 4551 2040 4598 autem

474 4733 612 4784 rum,
637 4720 728 4788 qui
751 4721 901 4789 prius
923 4718 1161 4774 obedivit
1185 4722 1468 4790 praeceptis
1489 4720 1726 4787 Domini,
1748 4731 1801 4778 et
1823 4725 2044 4795 agnovit

473 4819 770 4865 creatorem
798 4825 972 4864 suum.
1024 4810 1082 4866 ld
1112 4811 1318 4880 ipsum,
1360 4820 1416 4866 et
1438 4810 1701 4879 Iacobus,
1741 4817 1832 4885 qui
1869 4816 2041 4873 inter-

473 4906 718 4969 pretatur
742 4898 1133 4969 supplantator,
1175 4900 1462 4971 significat.
1517 4903 1760 4961 Andreas
1792 4921 1922 4963 vero
1962 4906 2043 4962 in-

473 4998 804 5060 terpretatur
827 4990 1019 5057 virilis,
1060 4990 1323 5064 significat
1352 4997 1607 5069 populum
1644 4999 1913 5070 gentium,
1946 5000 2039 5068 qui

474 5083 528 5137 in
556 5082 660 5138 ﬁde
685 5082 884 5139 Christi
911 5084 1138 5140 viriliter
1164 5086 1291 5156 agit.
1327 5088 1558 5160 ldipsum
1587 5099 1642 5145 et
1667 5089 1922 5157 Joannes,
1946 5093 2040 5162 qui

473 5172 685 5229 Domini
722 5173 893 5245 gratia
932 5174 1315 5248 interpretatur
1340 5177 1624 5250 significat.
1673 5180 1857 5236 Gratia
1893 5182 2040 5237 enim

473 5262 565 5319 Dei
594 5263 814 5321 salvata:
841 5274 966 5321 sunt
992 5277 1200 5340 gentes.
1253 5269 1389 5325 Nam
1434 5279 1489 5327 et
1527 5273 1645 5327 hmc
1683 5282 1918 5343 quatuor
1944 5290 2043 5330 no-

470 5355 613 5409 mina
641 5355 696 5410 in
720 5356 959 5413 moribus
978 5357 1395 5430 uniuscujusque
1415 5361 1650 5430 hominis
1672 5363 2038 5430 continentur,

468 5443 658 5503 Simon
691 5447 987 5504 obediendo
1016 5449 1146 5516 Deo,
1174 5450 1365 5506 Petrus
1394 5451 1731 5521 agnoscendo
1757 5460 2038 5520 peccatum

469 5550 625 5593 suum
647 5578 662 5603 ,
704 5535 947 5595 Andreas
972 5540 1202 5595 viriliter
1236 5542 1550 5596 sustinendo
1589 5540 1822 5596 labores.
1872 5540 2040 5598 Jacob

470 5627 597 5683 vitia
618 5631 797 5686 carnis
815 5630 1227 5701 supplantando,
1246 5629 1481 5687 Joannes
1506 5631 1598 5685 Dei
1626 5633 1853 5703 gratiam
1876 5636 2042 5690 susei-

469 5719 663 5797 picndo
712 5720 994 5775 habentur.
1062 5718 1186 5773 Sive
1235 5720 1346 5775 haec
1396 5730 1629 5790 quatuor
1674 5720 1888 5778 nomina
1936 5740 2035 5795 pro

2063 4491 2117 4551 D

473 4640 768 4696 agnoscens
799 4629 1203 4697 interpretatur,
1237 4629 1505 4699 significat
1544 4630 1799 4699 populum
1829 4631 2041 4689 Judaeo-
2090 4696 2093 4699 ,

2156 1931 2177 1965 ι
2207 1928 2353 1985 gere.
2389 1912 2541 1968 Nunc
2570 1921 2749 1967 autem
2788 1911 3011 1982 ιιι-θρῖον
3036 1917 3121 1965 est
3158 1916 3347 1965 nostra
3378 1907 3526 1963 salus
3557 1922 3725 1976 quam

2155 2023 2177 2056 ι
2208 2018 2330 2059 cum
2361 2002 2710 2058 credidimus.
2765 2002 2882 2055 Nox
2913 2000 3227 2071 praecessit,
3275 2000 3392 2055 dies
3421 2005 3601 2052 autem
3629 2012 3726 2067 ap-

2155 2115 2175 2148 ‹
2205 2095 2603 2165 propinquavit.
2637 2094 2969 2165 Ahjiciamus
3007 2109 3136 2163 ergo
3169 2107 3333 2162 opera
3372 2091 3725 2145 tenebrarum

2154 2203 2174 2237 ι
2206 2193 2263 2239 et
2291 2184 2579 2239 induamur
2604 2199 2748 2238 arma
2778 2183 2935 2245 lucis,
2973 2184 3115 2237 sicut
3142 2184 3198 2237 in
3224 2182 3310 2236 die
3347 2183 3576 2236 honeste
3610 2195 3727 2233 am-

2155 2293 2175 2327 ‹
2207 2275 2473 2330 hulemus.
2528 2274 2645 2329 Non
2701 2274 2753 2327 in
2806 2272 3294 2329 comessationibus
3342 2278 3395 2325 et
3444 2269 3730 2324 ebrietati-

2154 2390 2173 2422 ι
2207 2371 2325 2425 bus.
2360 2368 2476 2424 Non
2504 2369 2560 2423 iu
2590 2367 2858 2424 cubilibus
2880 2374 2933 2420 et
2961 2364 3326 2435 impudicitiis.
3364 2362 3481 2417 Non
3511 2362 3566 2416 in
3591 2375 3730 2416 con-

2156 2481 2174 2514 ι
2210 2462 2456 2517 tentione
2484 2471 2542 2516 et
2566 2458 2938 2521 aemulatione,
2980 2457 3077 2512 sed
3117 2454 3401 2510 induimini
3433 2454 3724 2508 Dominum

2153 2570 2174 2604 ι
2206 2560 2451 2611 nostrum
2480 2549 2665 2605 Jesum
2692 2549 2987 2603 Christum.
3023 2566 3042 2599 ι

2221 2642 2455 2697 Sc'entes
2482 2642 2607 2711 quia
2645 2641 2775 2693 hora
2811 2647 2886 2692 est
2915 2638 3031 2708 jam
3061 2652 3157 2690 nos
3184 2635 3248 2690 de
3275 2648 3456 2689 somno
3490 2650 3727 2703 surgere.

2149 2730 2246 2803 (Ex
2275 2729 2450 2800 Orig.)
2494 2730 2634 2785 Sunt
2662 2729 2887 2793 animm,
2917 2727 3091 2791 oculi,
3127 2739 3319 2790 aures,
3360 2738 3590 2789 manus,
3632 2738 3732 2793 pe-

2148 2821 2265 2886 des,
2293 2829 2399 2875 etc.
2450 2819 2583 2887 Quae
2616 2818 2828 2891 singula
2857 2833 2965 2873 non
2996 2818 3238 2872 membra
3268 2814 3601 2884 corporalia,
3633 2814 3731 2870 sed

2145 2911 2377 2967 virtutes
2428 2910 2661 2967 dicimus
2715 2925 2874 2976 esse,
2945 2908 3142 2978 quibus
3189 2907 3257 2962 ad
3302 2906 3732 2976 unumquodque

2147 3018 2366 3058 movere
2390 3016 2527 3071 opus
2552 3008 2653 3056 est.
2707 3000 2849 3071 Ergo
2886 2999 3081 3054 animae
3118 3011 3341 3053 somnus
3376 2996 3595 3066 quidem
3636 3010 3729 3052 se-

2147 3092 2380 3147 cundum
2406 3089 2589 3146 oculos
2615 3089 2821 3154 suos,si
2846 3088 2992 3143 enim
3008 3103 3115 3143 non
3133 3086 3245 3158 agit
3267 3093 3511 3156 tempere
3533 3100 3730 3156 oppor-

2146 3190 2278 3237 tuno
2315 3197 2436 3252 qua:
2477 3180 2573 3236 Dei
2598 3190 2773 3247 sunt.
2824 3180 2918 3235 sed
2956 3179 3158 3235 desidia
3190 3178 3479 3247 torpescit,
3526 3177 3733 3249 merito

2146 3272 2385 3327 dormire
2407 3271 2608 3327 dicitur
2623 3288 2638 3336 ;
2667 3270 2870 3326 idcirco
2883 3269 3083 3324 Paulus
3094 3284 3273 3339 prteco
3285 3266 3484 3324 Christi
3499 3268 3731 3323 circum.

2144 3363 2264 3418 iens
2303 3363 2561 3417 mundum
2602 3361 2656 3416 in
2700 3376 2891 3417 somno
2915 3360 3135 3415 desidia
3167 3359 3401 3430 positum
3442 3358 3731 3415 annuntiat

2146 3453 2334 3507 adesse
2353 3453 2466 3522 jam
2489 3452 2682 3515 lucem,
2706 3461 2763 3507 et
2786 3460 2997 3522 tempus
3019 3459 3081 3506 ut
3106 3459 3361 3521 surgatur
3382 3464 3413 3503 a
3436 3464 3649 3517 somno,
3670 3457 3728 3505 et

2146 3551 2357 3616 tempus
2384 3544 2702 3615 ignorantiae
2727 3543 3086 3613 relinquatur.

2219 3633 2377 3689 Nunc
2424 3633 2559 3689 enim
2607 3634 2824 3703 propior
2864 3641 2940 3687 est
2988 3641 3168 3687 nostra
3210 3629 3355 3685 salus
3398 3647 3557 3700 mnam
3605 3647 3728 3685 cum

2145 3727 2482 3782 credidimus.
2525 3724 2718 3780 Nostra
2745 3724 2914 3789 salus,
2935 3724 2990 3779 id
3009 3732 3110 3785 est,
3133 3723 3244 3777 vita
3269 3721 3446 3777 futura
3474 3722 3529 3777 in
3557 3722 3724 3787 coelo,

2144 3831 2264 3887 qua:
2290 3815 2528 3885 quotidie
2558 3813 2951 3869 tabescentibus
2980 3813 3169 3869 diebus
3205 3812 3628 3883 appropinquat,
3668 3820 3729 3868 et

2144 3907 2316 3977 spatia
2355 3920 2476 3976 qua:
2504 3905 2796 3975 praeteritis
2825 3911 3108 3974 augentur,
3155 3902 3353 3958 futuris
3396 3904 3513 3958 sine
3555 3905 3726 3960 dubio

2145 3994 2570 4058 imminuuntur,
2626 4003 2684 4048 et
2724 3993 2846 4048 ideo
2888 3993 3110 4063 propior
3149 3993 3213 4048 ﬁt
3252 3993 3493 4064 quotidie
3536 4002 3725 4050 nostra

2142 4082 2313 4150 salus,
2344 4083 2399 4137 id
2426 4090 2532 4149 est,
2563 4082 2863 4151 redemptio
2888 4092 3101 4144 nostra.
3135 4098 3254 4152 qua
3281 4092 3365 4138 est
3392 4084 3504 4138 vita
3530 4099 3726 4155 perpe-

2144 4182 2234 4229 tua
2254 4215 2269 4240 ,
2300 4189 2461 4244 quam
2491 4188 2613 4229 cum
2644 4174 3008 4239 credidimus,
3050 4175 3192 4230 unde
3226 4183 3280 4229 et
3308 4175 3568 4231 Dominus
3602 4178 3680 4231 ait
3707 4199 3722 4232 :

2142 4263 2331 4319 Levate
2351 4265 2525 4335 cupita
2548 4273 2738 4330 vestra,
2765 4264 3015 4335 quoniam
3039 4266 3421 4337 appropinquat
3440 4266 3725 4338 redemptio

2141 4365 2313 4410 vestra
2338 4353 2491 4426 (Luc.
2516 4354 2651 4425 xxi).

2214 4445 2341 4500 Nox
2365 4446 2651 4516 prere-assit,
2674 4445 2785 4500 dies
2811 4457 2986 4500 autem
3015 4447 3464 4518 appropinquat-it.
3492 4447 3721 4504 Noctem

2141 4537 2275 4593 dicit
2304 4545 2517 4605 tempus
2544 4536 2704 4601 illud,
2735 4552 2844 4606 quo
2880 4539 3183 4608 ignorantia
3210 4539 3516 4595 hominibus
3544 4540 3723 4596 domi-

2143 4633 2268 4680 nata
2296 4633 2401 4681 est.
2447 4624 2601 4680 Diem
2631 4641 2764 4681 vero
2792 4627 3037 4682 nominat
3064 4636 3276 4699 tempus
3306 4628 3435 4685 illud
3453 4671 3467 4696 ,
3498 4646 3607 4700 quo
3628 4631 3723 4701 iu-

2140 4716 2289 4771 stitia
2311 4714 2440 4771 solis
2466 4714 2763 4771 adventura
2792 4717 3230 4774 decrescentibus
3256 4720 3495 4776 tenebris
3516 4722 3723 4792 agnitio

2141 4807 2389 4863 veritatis
2417 4807 2655 4863 advenit.
2699 4809 2826 4864 Sive
2852 4826 2958 4866 nox
2984 4817 3069 4865 est
3095 4809 3404 4874 infidelitas,
3440 4812 3530 4868 lux
3558 4813 3717 4870 fides.

2142 4894 2402 4957 Sive'nox
2429 4917 2667 4972 praesens
2704 4903 2938 4959 mundus
2964 4919 3136 4975 usque
3172 4906 3242 4961 ad
3271 4904 3555 4975 judicium,
3598 4908 3720 4964 dies

2144 5003 2356 5064 tempus
2393 5004 2518 5064 post
2545 4994 2706 5050 tinem
2738 4995 2939 5052 szeculi.
2976 4996 3176 5051 Verum
3205 4997 3482 5053 sciendum
3508 5007 3593 5055 est
3620 5000 3720 5054 ad-

2141 5093 2361 5140 ventum
2382 5084 2517 5140 lucis
2534 5082 2711 5153 hujus,
2729 5093 2785 5140 et
2801 5085 2905 5141 diei
2926 5085 3124 5156 duplici
3143 5087 3302 5143 modo
3318 5088 3714 5158 accipiendum.

2142 5172 2479 5230 Generaliter
2497 5175 2770 5240 omnibus,
2792 5182 2849 5230 et
2872 5177 3164 5246 unicuique
3189 5179 3517 5248 specialiter.
3546 5179 3722 5236 Gem.»

2143 5265 2332 5321 raliter
2355 5281 2477 5321 cum
2515 5266 2631 5322 dies
2669 5264 2836 5322 futuri
2874 5269 3056 5323 smculi
3097 5269 3412 5336 advenerit,
3457 5265 3535 5326 ad
3562 5271 3723 5344 cuius

2145 5359 2602 5428 comparationem
2632 5361 2914 5428 prmseutis
2946 5359 3106 5429 hujus
3143 5362 3328 5417 mundi
3364 5366 3596 5434 spatium
3640 5375 3722 5420 te-

2145 5448 2325 5504 nebra:
2371 5449 2731 5519 appellantur.
2804 5446 3163 5522 Singulariter
3209 5452 3539 5523 unicuique,
3591 5471 3722 5511 cum

2144 5539 2393 5597 Christus
2418 5541 2475 5596 in
2497 5541 2661 5596 corde
2685 5549 2792 5605 est,
2816 5542 2956 5597 diem
2984 5541 3061 5597 illi
3087 5540 3240 5610 facit,
3264 5558 3388 5599 cum
3414 5544 3719 5616 ignorantia

2147 5634 2398 5689 tenebras
2423 5632 2501 5688 illi
2527 5641 2771 5703 generat.

2216 5723 2537 5797 Abjiciamus
2576 5739 2696 5794 ergo
2734 5739 2888 5794 opera
2927 5724 3289 5792 tenebrarum,
3336 5734 3383 5780 et
3430 5725 3723 5783 induantur
