3952 6468
238 285 341 342 513

949 298 954 303 -
1041 263 1556 337 COLLECTIONES
1589 278 1657 335 IN
1696 277 2078 336 EPISTOLAS
2104 279 2205 352 ET
2246 277 2660 336 EVANGELIA.

3377 280 3482 336 5M

238 410 388 451 arma
418 392 584 459 lucis,
621 392 757 449 sicut
794 392 849 446 in
886 391 972 445 die
1006 392 1218 446 Itoneste
1251 391 1598 446 ambulemus.
1641 390 1817 461 Opera
1846 398 1896 456 Α
1922 391 2171 448 fessionis
2195 394 2443 463 portabat
2471 403 2654 465 typum
2676 433 2691 461 ,
2714 401 2770 449 et
2786 401 2905 450 erat
2926 392 3063 449 situs
3091 392 3145 448 in
3172 402 3355 451 monte
3380 395 3489 453 Oli-

238 486 588 542 tenebrarum
624 489 754 538 sunt
789 489 946 537 actus
984 481 1096 545 illi,
1137 481 1230 550 qui
1260 497 1292 534 a
1319 480 1433 536 Deo
1467 480 1628 536 alieni
1655 490 1816 547 sunt,

238 590 362 645 qua:
394 574 579 631 carnis
617 587 784 643 opera
831 571 1189 642 appellantur,
1236 570 1291 624 in
1332 570 1419 624 his
1461 568 1554 638 qui
1598 585 1819 625 carnem

240 679 396 719 suam
424 663 651 718 luxuria:
682 670 739 718 et
767 660 1146 731 impudicitiae,
1176 675 1282 714 non
1309 660 1619 726 sanctitati,
1646 675 1821 729 neque

244 754 471 809 Domino
492 754 891 823 maneiparunt.
918 753 1083 807 Arma
1104 766 1235 807 vero
1255 751 1413 817 lucis,
1435 759 1560 808 sunt
1578 753 1819 807 omnium

242 846 538 914 assumptio
566 845 861 911 virtutum,
904 844 958 900 in
985 843 1184 913 quibus
1208 843 1365 912 quasi
1392 844 1449 897 in
1480 843 1569 899 die
1596 843 1823 899 honeste

241 944 300 990 et
331 936 666 999 contidenter
690 934 1050 990 ambulamus.

316 1024 441 1079 Non
487 1026 543 1080 in
584 1023 1048 1081 eomessationibus
1096 1031 1147 1077 et
1201 1022 1560 1078 ebrietatibus.
1609 1022 1826 1079 Comes-

245 1116 386 1172 satio
444 1132 646 1172 mensae
695 1116 914 1173 collatio
962 1122 1066 1170 est.
1120 1113 1246 1168 Sive
1284 1114 1707 1170 comessationes
1744 1115 1825 1168 di-

247 1215 444 1259 cuntur
465 1206 748 1260 inhonesta
772 1212 825 1259 et
846 1205 1125 1259 luxuriosa
1143 1202 1412 1268 convivia,
1427 1203 1625 1272 quibus
1643 1217 1825 1259 comes

247 1302 332 1349 est
361 1295 673 1366 turpissima
702 1294 1042 1351 temulentia.

322 1384 446 1438 Non
470 1385 526 1437 in
550 1382 808 1438 cubilibus
831 1392 879 1438 et
902 1382 1262 1454 impudicitiis.
1290 1381 1336 1436 Α
1361 1382 1524 1438 foedis
1541 1382 1826 1439 cubitalia-

249 1472 410 1528 nihus
436 1472 633 1528 cubilia
663 1473 928 1543 appellata
954 1479 1112 1536 sunt,
1165 1485 1285 1540 qua:
1322 1486 1427 1526 non
1451 1480 1561 1526 tam
1591 1472 1828 1528 rationa-

248 1562 450 1616 bilibus
495 1562 782 1617 videantur
829 1561 1160 1619 hominibus.
1202 1575 1367 1631 quam
1391 1558 1521 1616 feris
1550 1569 1607 1615 et
1636 1560 1829 1616 belluis

250 1650 562 1713 convenire.
597 1651 937 1722 lmpudicitia
964 1650 1164 1706 dicitur
1188 1649 1596 1722 irreligiositas,
1631 1659 1687 1706 et
1710 1650 1829 1707 sine

248 1741 579 1797 verecundia
608 1743 900 1812 turpitudo.
1722 1732 1729 1740 ’

326 1831 452 1887 Non
479 1833 537 1887 in
571 1834 897 1891 contentione
941 1844 991 1889 et
1020 1835 1377 1891 aemulatione.
1408 1838 1500 1892 llla
1527 1853 1649 1907 quae
1675 1851 1834 1908 supe-

254 1922 371 1979 rius
392 1923 527 1979 dixit
549 1924 733 1979 carnis
752 1931 878 1980 sunt
896 1925 1028 1980 vitia
1047 1966 1063 1992 ,
1091 1927 1209 1982 haec
1235 1943 1365 1983 vero
1390 1930 1584 1987 anima:
1601 1969 1616 1993 ,
1644 1944 1835 1998 quam-

253 2017 343 2073 vis
352 2018 532 2075 omnia
545 2018 706 2073 simul
727 2018 910 2087 carnis
924 2034 1084 2089 opera
1109 2027 1164 2073 et
1190 2021 1539 2074 tenebrarum
1557 2020 1829 2083 dicantur,

254 2107 381 2174 quia
425 2121 613 2162 revera
652 2107 927 2162 contentio
964 2118 1021 2162 et
1052 2107 1329 2162 mmulatio
1355 2108 1410 2162 in
1456 2108 1613 2163 malis
1645 2123 1834 2164 eorum

255 2204 360 2260 est,
391 2197 482 2265 qui
512 2197 805 2257 secundum
828 2211 1049 2251 carnem
1070 2196 1279 2262 vivunt,
1307 2206 1364 2252 et
1388 2198 1481 2267 qui
1510 2198 1565 2252 in
1595 2198 1834 2254 tenebris

259 2287 569 2354 ambulant;
599 2289 693 2358 qui
721 2298 901 2347 autem
929 2288 983 2344 in
1007 2288 1128 2345 luce
1155 2298 1263 2355 est,
1287 2298 1343 2345 et
1375 2290 1516 2345 sicut
1544 2290 1598 2344 in
1624 2290 1713 2345 die
1738 2291 1837 2345 ho—

258 2387 409 2433 neste
439 2379 715 2445 ambulat,
759 2380 895 2436 nihil
938 2396 1037 2451 per
1073 2383 1507 2447 contentionem,
1541 2396 1714 2451 neque
1738 2395 1837 2451 per

257 2469 472 2524 inanem
497 2470 722 2541 gloriam
756 2472 930 2543 gerit,
980 2473 1071 2529 hic
1101 2473 1372 2529 tumulatio
1404 2473 1697 2529 invidentia
1747 2473 1834 2528 in-

262 2559 540 2631 telligitur.

330 2647 434 2705 Sed
475 2652 757 2708 induimini
795 2654 1080 2709 Dominum
1111 2654 1297 2711 Iesum
1331 2656 1614 2713 Christum.
1679 2657 1836 2712 Modo

257 2743 499 2812 exponit,
529 2745 673 2814 quod
694 2746 951 2815 superius
980 2746 1139 2813 dixit,
1164 2748 1455 2807 induamus
1493 2764 1644 2806 arma
1677 2750 1832 2805 lucis.
1866 2777 1869 2780 ι

258 2829 510 2887 Christus
523 2835 666 2890 enim
688 2830 928 2891 omnium
945 2845 1259 2895 sanctorum
1282 2855 1502 2895 suorum
1525 2856 1676 2895 arma
1701 2841 1836 2898 lucis

257 2922 511 2979 ellicitur.
590 2927 1111 2997 Frequentercuim
1151 2931 1385 2987 diximus
1429 2931 1706 2987 Christum
1749 2949 1838 2989 sa-

1915 485 2045 551 veti,
2073 485 2163 539 ubi
2191 485 2372 540 lumen
2398 485 2637 541 scientia:
2661 524 2677 551 ,
2728 485 2818 540 ubi
2865 483 3109 538 laborum
3152 492 3211 540 et
3240 484 3488 543 dolorum

1918 578 2134 646 requies
2152 585 2256 633 est.

1991 669 2136 725 Tune
2163 669 2321 725 Iesus
2364 670 2508 724 misit
2552 669 2685 723 duos
2726 668 3032 739 discipulos,
3056 669 3233 743 dicens
3258 669 3351 724 eis.
3384 669 3490 741 (Ex

1917 762 2108 836 Beda.)
2161 763 2278 820 Non
2309 763 2581 818 immerito
2605 763 2785 832 posuit
2810 763 2917 817 duo
2945 762 3218 832 discipuli.
3250 764 3317 818 ad
3345 763 3494 819 exhi-

1918 854 2092 911 benda
2120 856 2352 911 Domino
2379 854 2629 922 animalia
2659 854 2913 909 destinati
2941 855 3047 909 duo
3078 855 3489 924 praedicatorum

1919 944 2158 1010 ordines,
2188 960 2328 1000 unus
2365 943 2617 999 videlicet
2660 944 2712 998 in
2756 951 2974 1014 gentes,
3019 944 3157 998 alter
3184 945 3237 998 in
3262 944 3495 1005 circum-

1920 1033 2127 1089 cisione
2162 1035 2407 1105 intelligi.
2471 1035 2573 1102 Qui
2601 1045 2748 1090 recte
2781 1037 2886 1091 duo
2913 1037 3216 1102 mittuntur,
3243 1037 3357 1092 sive
3375 1050 3497 1107 pro-

1920 1130 2043 1192 pter
2077 1126 2361 1180 scientiam
2400 1127 2644 1181 veritatis
2682 1134 2736 1181 et
2777 1127 3106 1197 operationis
3142 1127 3494 1192 munditiam,

1923 1226 2017 1266 seu
2038 1222 2259 1284 propter
2274 1215 2502 1284 geminae
2526 1215 2826 1270 dilectionis
2848 1216 2940 1270 Dei
2968 1217 3219 1272 videlicet
3231 1226 3286 1273 et
3311 1215 3500 1286 proxi-

1923 1302 1997 1356 mi
2028 1311 2427 1358 sacramentum
2459 1311 2569 1358 tote
2591 1306 2723 1359 ονξέ
2750 1305 3166 1374 praedicandum.

1996 1390 2083 1444 Ite
2107 1392 2163 1445 in
2193 1392 2466 1446 castellum
2497 1393 2637 1465 quod
2671 1402 2852 1447 contra
2882 1409 2971 1448 eos
2993 1404 3089 1448 est.
3120 1394 3222 1466 (Ex
3246 1392 3495 1466 Hieron.)

1925 1478 2127 1537 Contra
2156 1481 2426 1552 apostolos
2449 1482 2592 1537 enim
2621 1490 2767 1546 erat,
2805 1496 2905 1538 nec
2924 1482 3109 1554 jugum
3133 1483 3498 1539 doctrinarum

1924 1570 2181 1625 volebant
2199 1572 2465 1641 accipere.
2505 1571 2652 1627 Missi
2685 1573 2774 1627 isti
2797 1573 3043 1643 discipuli
3066 1574 3312 1629 doctores
3333 1574 3502 1646 signi-

1927 1661 2129 1726 ﬁcant,
2182 1661 2272 1729 qui
2324 1662 2539 1716 indocta
2594 1678 2659 1719 ae
2697 1665 2927 1719 barbara
2975 1666 3139 1720 totius
3185 1668 3333 1723 orbis
3361 1668 3500 1733 loca,

1858 1748 1906 1807 B
1932 1751 2083 1819 quasi
2110 1751 2460 1819 contrapositi
2494 1752 2698 1807 castelli
2736 1753 2935 1807 muenia
2970 1753 3384 1825 evangelizando
3409 1771 3503 1826 pc—

1933 1840 2194 1894 netrando
2222 1839 2530 1894 destinavit.

2002 1928 2095 1982 Et.
2121 1929 2301 1983 statim
2344 1930 2615 1984 inreuietis
2656 1931 2861 1984 asinum
2905 1929 3177 1999 alligatam
3222 1942 3269 1986 et
3301 1931 3504 2002 pullum

1933 2033 2052 2073 cum
2075 2033 2168 2081 ea;
2206 2017 2407 2080 soluite,
2434 2027 2482 2072 et
2512 2017 2759 2072 adducite
2781 2019 2930 2071 mihi.
2994 2018 3328 2074 lntroeuntes
3349 2034 3504 2074 mun-

1934 2105 2062 2160 dum
2092 2105 2472 2174 praedicatores
2501 2106 2671 2160 sancti
2694 2145 2710 2170 ,
2761 2105 3084 2161 invenerunt
3122 2106 3375 2176 populum
3416 2121 3508 2161 na-

1934 2199 2140 2253 tionum
2180 2197 2421 2268 pel-ﬁdite
2456 2198 2684 2253 vinculis
2714 2198 3005 2252 irretitum.
3059 2197 3334 2253 Funiculis
3361 2198 3505 2252 enim

1933 2300 2277 2359 peccatorum
2325 2304 2547 2344 suorum
2597 2290 2968 2359 unusquisque
2995 2290 3325 2344 constrictus
3367 2296 3507 2353 erat,

1934 2395 2035 2436 nec
2056 2380 2228 2434 solum
2252 2380 2550 2443 nationum,
2574 2394 2760 2434 verum
2782 2379 2946 2433 etiam
2972 2377 3301 2444 Judreorum,
3320 2393 3511 2434 omnes

1934 2471 2079 2528 enim
2105 2478 2467 2540 peccaverunt
2491 2478 2550 2524 et
2572 2477 2733 2541 egent
2749 2469 2918 2540 gloria
2952 2469 3067 2523 Dei.
3099 2469 3261 2524 Asina
3290 2469 3508 2538 quippe,

1935 2575 2055 2631 quae
2099 2559 2394 2632 subiugatis
2422 2569 2476 2615 et
2500 2560 2732 2623 domita,
2780 2574 3136 2631 synagogam,
3178 2574 3298 2630 qua:
3318 2558 3507 2629 iugum

1936 2650 2069 2722 legis
2099 2657 2340 2706 traxerat
2360 2690 2379 2716 ,
2420 2650 2598 2720 pullus
2639 2650 2806 2704 asiam
2832 2649 3066 2704 lascivus
3103 2658 3160 2704 et
3182 2649 3321 2704 liber
3344 2663 3514 2719 popu-

1932 2742 2049 2805 lum
2095 2743 2374 2796 nationum
2414 2741 2717 2811 signiﬁcat,
2773 2755 2935 2811 super
2968 2755 3128 2810 quem
3156 2755 3316 2795 nemo
3339 2741 3513 2796 adhuc

1937 2835 2215 2889 hominum
2250 2834 2408 2897 sedit,
2449 2834 2575 2903 quia
2600 2848 2761 2889 nemo
2795 2834 3193 2889 rationabilium
3222 2834 3508 2889 doctorum

1936 2924 2147 2982 frenum
2171 2926 2564 2991 correctionis,
2611 2925 2755 2995 quod
2793 2924 2877 2978 vel
2921 2925 3155 2996 linguam
3202 2925 3458 2980 cohibere
3472 2942 3515 2983 ,a

257 3015 520 3085 picntiam
570 3033 692 3074 esse
753 3028 809 3075 et
860 3019 1129 3089 justitiam
1168 3030 1224 3077 et
1267 3022 1746 3080 sanctiﬁcationem
1780 3033 1837 3081 et
1940 3017 2103 3083 malo.
2125 3019 2209 3073 vel
2234 3018 2288 3072 in
2316 3025 2526 3074 arctam
2551 3018 2677 3072 vitae
2701 3017 2846 3071 viam
2888 3016 2968 3072 ire
3003 3025 3306 3088 cogeretur.
3344 3017 3514 3072 Nemo

256 3102 547 3163 veritatem
573 3146 588 3169 ,
638 3115 695 3161 et
727 3124 916 3167 omnes
954 3111 1216 3175 virtutes,
1243 3127 1381 3181 quas
1407 3114 1592 3184 utique
1622 3115 1714 3185 qui
1746 3131 1834 3171 as-
1862 3090 1908 3153 C
1941 3111 2252 3166 indumenta
2283 3109 2471 3165 salutis
2499 3111 2694 3179 quibus
2724 3108 3077 3179 spiritualiter
3105 3107 3396 3170 caleﬁeret,
3422 3123 3517 3179 po-

260 3197 553 3264 sumpserit
599 3196 872 3253 Christum
923 3200 1120 3255 dicitur
1165 3201 1431 3268 induisse,
1472 3204 1517 3258 si
1550 3205 1695 3259 enim
1723 3206 1839 3262 haec

260 3287 443 3343 omnia
491 3285 739 3344 Christus
786 3297 901 3355 est,
955 3293 1265 3349 necessario
1303 3294 1396 3363 qui
1438 3295 1555 3351 haec
1581 3296 1744 3352 habet
1783 3307 1839 3354 et

263 3375 538 3431 Christum
569 3377 749 3434 habet.
914 3440 921 3449 π
1000 3442 1001 3447 η

559 3486 894 3527 EVAXGELIUI
930 3487 1220 3538 IATTBEI,
1264 3490 1381 3543 CAP.
1423 3491 1536 3531 XXI.

343 3574 363 3607 ι
383 3554 513 3613 Cum
533 3563 1483 3637 appropinquassentHierosolymis,
1498 3569 1843 3625 etvenissent

270 3664 290 3698 ε
321 3647 630 3720 Bethphage
673 3652 742 3706 ad
784 3662 1022 3708 montem
1060 3653 1276 3710 Oliveti.
1335 3655 1487 3713 Tune
1505 3657 1667 3714 Iesus
1692 3659 1843 3713 misit

266 3755 289 3818 ς
324 3737 457 3794 duos
486 3740 801 3810 discipulos,
830 3743 1016 3799 dicens
1035 3744 1154 3800 eis:
1190 3745 1270 3801 lle
1309 3745 1362 3800 in
1401 3748 1844 3820 eastellumquod

268 3848 291 3907 μ
323 3837 510 3885 contra
552 3847 651 3886 vos
678 3840 793 3897 est,
829 3841 887 3888 et
906 3835 1091 3888 statim
1121 3835 1406 3892 invenietis
1425 3838 1633 3895 asinam
1657 3839 1845 3909 alliga-

272 3939 290 3968 ι
323 3928 455 3983 tam,
486 3929 537 3974 et
560 3922 759 3991 pullum
793 3938 916 3979 cum
949 3938 1042 3989 ea;
1086 3924 1304 3992 solvite,
1332 3934 1387 3980 et
1412 3926 1667 3983 adducite
1686 3929 1841 3983 mihi.

272 4031 292 4063 ς
325 4014 392 4068 Et
432 4015 475 4070 si
504 4018 626 4085 quis
661 4018 814 4073 vobis
841 4018 1043 4088 aliquid
1064 4018 1291 4086 dixerit,
1332 4019 1493 4076 dicite
1520 4038 1534 4076 :
1585 4020 1719 4087 Quia
1747 4022 1848 4076 Do-

272 4122 290 4152 ι
323 4104 507 4161 minus
533 4107 617 4161 his
640 4122 776 4178 Opus
803 4108 997 4175 habet,
1045 4118 1100 4165 et
1135 4111 1418 4166 confestim
1451 4112 1689 4168 dimittet
1727 4127 1843 4168 eos.

271 4213 289 4244 ι
323 4193 436 4250 Hoc
453 4206 634 4251 autem
658 4206 830 4253 totum
847 4196 1051 4254 factum
1075 4209 1173 4264 est,
1204 4208 1264 4255 ut
1291 4200 1678 4270 adimpleretur
1700 4202 1846 4271 quod

271 4307 291 4340 ι
323 4289 525 4346 dictum
569 4298 655 4346 est
702 4306 803 4361 per
832 4291 1157 4361 Proplmtam
1209 4292 1479 4348 dicentem
1519 4293 1739 4348 :Dieite
1786 4293 1848 4347 ti-

271 4398 290 4431 ι
323 4380 406 4434 lia:
435 4380 564 4434 Sion
586 4398 603 4432 :
629 4380 768 4435 Ecce
801 4395 895 4435 rex
935 4390 1057 4436 tuus
1092 4381 1240 4436 venit
1271 4381 1367 4437 tibi
1395 4391 1732 4448 mansuetus,
1762 4398 1848 4439 se-

273 4491 292 4523 c
322 4472 457 4527 deus
509 4487 671 4541 super
718 4473 927 4528 asinam
964 4480 1021 4528 et
1062 4473 1264 4543 pullum
1316 4472 1485 4528 lilium
1531 4473 1849 4547 subiugatis.

274 4581 292 4612 ι
326 4562 528 4617 Euntcs
578 4569 761 4619 autem
821 4562 1065 4632 discipuli
1118 4561 1364 4619 fecerunt
1411 4562 1553 4619 sicut
1593 4564 1852 4634 praecepit

274 4673 293 4708 ι
325 4654 433 4708 illis
454 4651 633 4707 lcsus.
710 4653 778 4707 Et
814 4654 1151 4710 alduxerunt
1194 4655 1403 4710 asinam
1450 4662 1504 4709 et
1548 4654 1752 4724 pullum
1795 4665 1851 4711 et

276 4764 296 4798 ι
332 4745 704 4815 imposuerunt
731 4760 894 4815 super
917 4760 1012 4800 eos
1038 4746 1359 4802 vestimenta
1383 4744 1501 4809 sua,
1528 4756 1579 4802 et
1603 4760 1728 4803 eum
1757 4747 1853 4802 de-

278 4855 298 4887 ι
331 4849 495 4906 super
522 4835 711 4891 sedere
747 4833 1011 4892 fecerunt.
1050 4836 1285 4893 Plurima
1317 4845 1500 4893 autem
1528 4839 1685 4893 turba
1714 4846 1853 4894 stra-

280 4912 300 5001 ᾁ
327 4933 525 4980 verunt
550 4924 868 4980 vestimenta
892 4940 991 4981 sua
1010 4925 1066 4981 in
1098 4926 1201 4981 via.
1239 4926 1344 4982 Alii
1367 4938 1545 4984 autem
1575 4928 1854 4984 cadebant

280 5034 303 5067 ι
332 5030 515 5071 ramos
538 5015 605 5071 de
636 5015 920 5071 arboribus
954 5021 1010 5072 et
1046 5016 1362 5072 sternebant
1396 5017 1451 5072 in
1485 5017 1591 5073 via.
1659 5018 1854 5075 Turba:

281 5124 302 5157 ι
333 5114 513 5161 autem
544 5120 665 5176 quae
694 5103 1099 5175 praecedebant,
1127 5112 1185 5160 et
1209 5120 1330 5174 quas
1354 5107 1718 5177 sequebantur
1745 5105 1856 5161 cla-

281 5184 301 5246 d
331 5194 577 5262 maltant,
613 5195 895 5251 dicentes:
928 5194 1144 5252 Osanna
1168 5197 1281 5251 lilio
1299 5196 1497 5265 David,
1533 5196 1857 5255 benedictus

280 5305 301 5337 ι
331 5287 422 5357 qui
451 5287 599 5342 venit
619 5289 673 5341 in
697 5287 913 5344 nomine
949 5288 1181 5344 Domini.
1215 5307 1235 5342 ι

347 5379 481 5436 Cum
527 5379 1034 5450 adpropinquassent
1060 5379 1443 5452 Hierosolymis
1466 5421 1481 5445 ,
1510 5390 1559 5436 et
1596 5382 1855 5436 venissent

276 5468 581 5541 Betltpltage
605 5469 673 5523 ad
699 5481 923 5524 montem
950 5470 1156 5527 Olircti.
1186 5471 1289 5541 (Ex
1318 5469 1562 5542 Hieron.)
1590 5471 1859 5542 Bethpha-

277 5574 347 5633 ge
376 5567 557 5614 autem
581 5560 773 5615 domus
798 5560 979 5615 bucca:
997 5601 1012 5624 ,
1053 5562 1167 5617 sive
1194 5563 1389 5617 domus
1404 5561 1751 5618 maxillarum
1775 5562 1860 5616 ius

281 5658 653 5721 terpretatur,
679 5650 803 5722 quia
848 5652 1187 5708 sacerdotum
1222 5651 1428 5707 viculus
1469 5660 1613 5715 erat,
1643 5659 1698 5708 et
1727 5666 1862 5707 con-

1935 3201 2062 3272 pulo
2107 3200 2346 3271 gentium
2394 3200 2545 3254 utilia
2597 3197 2872 3254 suadendo
2916 3197 3259 3261 contulerat,
3306 3198 3517 3251 sederet

1937 3306 2172 3360 namque
2197 3306 2360 3361 super
2390 3291 2537 3345 illum
2561 3291 2753 3352 homo,
2788 3289 2834 3345 si
2871 3288 3069 3359 aliquis
3090 3288 3297 3341 ratione
3330 3296 3514 3353 utens,

1939 3380 2058 3452 ejus
2086 3381 2370 3436 stultitiam
2396 3381 2747 3451 deprimcndo
2774 3382 3088 3451 corrigeret.

2014 3472 2084 3527 Et
2121 3473 2168 3526 si
2191 3473 2308 3543 quis
2329 3471 2475 3526 vobis
2495 3466 2696 3542 aliquid
2721 3473 2912 3526 dixer’t
2938 3488 2954 3527 :
3000 3470 3166 3524 Dicite
3189 3468 3312 3541 quin
3342 3468 3521 3523 Domi-

1942 3578 2042 3616 nus
2063 3563 2145 3615 liis
2167 3578 2295 3631 opus
2319 3560 2491 3625 liabet,
2512 3569 2559 3613 et
2585 3559 2855 3630 confestim
2883 3559 3105 3613 dimittet
3131 3573 3238 3611 eos.
3296 3556 3352 3610 In
3376 3556 3520 3610 Luca

1942 3652 2204 3721 scriptum
2229 3660 2332 3714 est,
2364 3650 2491 3720 quia
2545 3650 2799 3705 Direrunt
2838 3649 3041 3703 domini
3090 3648 3203 3719 ejus
3244 3647 3314 3700 ad
3346 3646 3470 3701 illos
3499 3659 3519 3698 :

1946 3741 2087 3808 Quid
2114 3740 2313 3797 solt-itis
2344 3739 2590 3811 pullum?
2627 3749 2684 3795 et
2731 3746 2854 3810 apte
2902 3739 3073 3794 satis:
3111 3738 3303 3793 Multos
3326 3741 3525 3808 quippe

1944 3830 2183 3889 habebat
2203 3831 2483 3893 dominos,
2513 3831 2604 3900 qui
2632 3846 2741 3886 non
2770 3846 2880 3885 uno
2918 3831 3155 3901 dogmati
3182 3840 3237 3883 et
3270 3831 3527 3900 supersti-

1947 3923 2081 3979 tioui
2102 3924 2346 3987 deditus,
2387 3924 2480 3978 sed
2508 3938 2607 3992 pro
2628 3922 2782 3977 libitu
2810 3924 3207 3978 imntundorum
3240 3923 3526 3992 spirituum

1947 4012 2018 4067 ad
2041 4012 2223 4068 varios
2262 4013 2609 4082 diversosque
2644 4013 2812 4068 miser
2848 4014 3166 4081 raptabatur
3195 4025 3431 4078 errores,
3460 4013 3527 4066 ad

1948 4103 2239 4160 sintulacra
2267 4111 2438 4168 muta,
2473 4114 2635 4174 prout
2657 4104 2957 4158 ducebatur
2990 4104 3265 4157 incedens.

2022 4192 2137 4248 Hoc
2167 4203 2341 4248 autem
2373 4204 2540 4249 totum
2571 4195 2769 4265 factum
2804 4205 2910 4260 est,
2959 4206 3015 4248 ut
3049 4196 3351 4266 impleretur
3389 4197 3529 4267 quod

1947 4283 2142 4337 dictum
2164 4292 2237 4336 est
2256 4300 2349 4353 per
2361 4281 2696 4352 Propltetam,
2715 4284 2968 4338 dicentem
3001 4302 3019 4338 :
3036 4285 3202 4338 Dicite
3222 4284 3350 4354 ﬁlim
3372 4286 3526 4350 Sion,

1950 4384 2056 4430 etc.
2116 4375 2231 4430 Hoc
2269 4374 2324 4429 in
2375 4375 2634 4444 propheta
2673 4375 2934 4430 Zachatia
2984 4376 3241 4446 scriptum
3272 4384 3356 4431 est
3386 4391 3401 4430 :
3434 4376 3524 4431 Fi-

1950 4467 2023 4521 lia
2045 4465 2175 4521 Sion
2203 4464 2394 4539 (Zaclt.
2449 4467 2548 4537 Ix).
2586 4466 2947 4523 Historialiter
2984 4468 3318 4522 Hierusalem
3360 4477 3531 4524 totam

1951 4560 2036 4615 vel
2062 4558 2215 4626 Sion,
2246 4574 2367 4629 qua:
2396 4559 2449 4615 iu
2481 4568 2600 4615 arte
2619 4560 2791 4630 posita
2818 4570 2936 4617 erat
2956 4562 3090 4617 dicit
3114 4579 3131 4617 :
3165 4560 3534 4633 Spiritualiter

1951 4667 2083 4706 vero
2128 4660 2370 4706 sanctam
2417 4651 2686 4717 signiﬁcat
2718 4652 3012 4708 Ecclesium
3039 4694 3053 4719 ,
3096 4654 3161 4708 ad
3185 4670 3346 4724 quam
3375 4653 3535 4710 Chri-

1952 4749 2069 4798 stus
2103 4741 2288 4797 venire
2317 4742 2571 4812 dignatus
2592 4750 2695 4798 est.
2738 4743 2891 4811 Quod
2914 4743 3046 4799 dicit
3080 4743 3192 4799 Rex.
3213 4756 3367 4812 tuus,
3398 4761 3461 4802 ac
3484 4746 3532 4802 si

1954 4832 2124 4897 dicat,
2157 4847 2265 4887 non
2293 4839 2606 4899 extraneos,
2632 4848 2739 4887 non
2764 4832 3091 4905 alienigena,
3133 4835 3228 4890 sed
3258 4836 3531 4906 proprius,

1954 4930 2289 4986 mansuetus,
2322 4921 2375 4975 id
2412 4932 2516 4987 est,
2544 4937 2652 4978 non
2684 4922 2835 4978 ferox
2871 4931 2927 4978 et
2952 4924 3174 4979 immitis
3199 4966 3214 4989 ,
3248 4934 3307 4980 ut
3328 4926 3531 4992 czeteri,

1953 5015 2070 5086 ipse
2101 5016 2245 5071 enim
2273 5015 2340 5070 de
2365 5030 2426 5071 se
2451 5015 2527 5070 ait
2553 5034 2566 5069 :
2598 5016 2798 5071 Discite
2821 5032 2853 5070 α
2880 5032 2982 5083 me,
3023 5018 3147 5088 quia
3176 5018 3314 5072 mitis
3339 5033 3454 5073 sum
3485 5010 3535 5072 et

1953 5104 2167 5160 humilis
2187 5105 2344 5160 corde
2372 5104 2586 5176 (Matth.
2617 5104 2716 5177 xl).

2027 5198 2229 5253 Euntes
2255 5209 2430 5253 autem
2455 5199 2699 5270 discipuli
2726 5199 2981 5268 fecerunt,
3013 5201 3149 5255 sicut
3185 5202 3429 5273 pra'eepit
3459 5200 3536 5256 eis

1956 5288 2135 5350 Iesus,
2163 5300 2212 5343 et
2241 5290 2577 5345 adduxerunt
2607 5293 2813 5347 asinam
2838 5302 2887 5346 et
2907 5291 3131 5363 pullum.
3165 5293 3303 5361 Quid
3327 5292 3537 5346 solven-

1957 5380 2027 5436 do
2079 5381 2226 5451 pullo
2267 5382 2744 5445 contradixerant,
2806 5384 2992 5439 audito
3051 5384 3259 5439 Domini
3300 5383 3536 5447 nomine,

1957 5473 2241 5543 quiescunt
2263 5514 2278 5537 ,
2328 5472 2421 5543 qui
2451 5474 2795 5531 venientibus
2821 5476 2887 5530 ad
2916 5475 3145 5531 salutem
3174 5476 3410 5546 gentium
3444 5473 3541 5529 do-

1954 5564 2200 5621 ctoribus
2227 5565 2600 5632 obsistebant,
2652 5574 2880 5621 eatenus
2915 5581 3041 5621 suas
3076 5566 3328 5621 tenebras
3354 5562 3541 5620 delen-

1959 5655 2187 5720 deruut,
2231 5655 2404 5712 donec
2428 5656 2707 5714 miraculis
2753 5657 3161 5724 aut-stantibus,
3190 5656 3303 5712 veri
3334 5668 3522 5726 posses
