3952 6414
291 260 394 316 517

1094 252 1610 312 COLLECTlO-NES
1648 253 1714 310 lN
1757 252 2137 313 EPISTOLAS
2171 255 2258 312 ET
2298 255 2707 314 EV’ANGELlA.

3429 263 3545 325 εδδ

290 374 433 426 sicut
457 377 512 424 et
537 368 787 426 Christus
814 368 1185 422 immunditias
1211 368 1545 423 credentium
1571 366 1858 438 reputavit.
1892 373 1941 432 Α
1965 364 2130 420 etiam
2172 380 2290 436 qua:
2328 367 2380 421 in
2419 367 2590 422 cmlis.
2631 367 2786 423 Omni
2826 369 3021 441 gaudio
3060 380 3116 426 ct
3158 386 3290 443 pace
3317 373 3542 445 impleti,

290 462 392 527 Qui
444 459 645 514 nullius
689 457 875 513 obruit
920 457 1178 512 delictum
1204 496 1222 524 ,
1278 474 1379 514 nec
1406 457 1568 512 alicui
1597 457 1868 535 reputavit

291 560 610 624 peccatum,
657 551 750 606 sed
782 565 972 606 omnes
1017 550 1072 605 in
1120 551 1383 606 honorem
1422 551 1680 620 suscepit.
1723 548 1869 616 Quos

291 646 433 698 enim
460 643 698 713 suscepit
721 641 999 709 Christus,
1037 643 1197 698 docet
1228 657 1322 699 eos
1350 644 1424 697 ita
1455 659 1617 714 agere
1644 644 1866 708 debere,

292 745 352 791 ut
378 736 624 792 videntes
661 735 911 790 homines
956 749 1122 805 Opera
1161 750 1347 792 eorum
1380 737 1519 792 bona
1565 735 1870 808 gloriﬁcent

291 835 521 897 patrem,
557 826 648 896 qui
677 826 732 880 in
763 826 914 880 cadis
939 835 1043 882 est.

359 917 492 971 Dico
537 918 674 972 enim
711 915 976 973 Christum
1007 918 1187 972 Jesum
1226 920 1522 972 ministrum
1562 919 1726 990 fuisse
1763 919 1868 972 cir-
1927 993 1930 996 ἢ

288 1006 624 1061 cumcisionis
650 1046 666 1071 ,
713 1015 926 1077 propter
953 1008 1222 1062 veritatem
1248 1008 1346 1062 Dei
1375 1009 1444 1062 ad
1476 1008 1866 1077 conﬁrmandus

289 1098 658 1162 promissiones
681 1106 913 1167 patrum.
965 1098 1172 1168 Duplici
1205 1101 1366 1155 modo
1393 1101 1496 1155 hoc
1529 1101 1753 1170 intelligi
1776 1115 1866 1170 po-

295 1197 420 1251 test,
453 1187 568 1240 sive
594 1185 739 1254 quod
780 1187 1248 1241 circumcisionem
1286 1187 1337 1240 in
1373 1203 1536 1242 carne
1560 1203 1656 1241 sua
1685 1203 1866 1241 susce«

291 1275 370 1342 pit
394 1275 528 1346 ipse,
561 1284 620 1328 ut
644 1290 713 1329 ex
742 1276 947 1330 semine
975 1276 1205 1330 Abraha:
1232 1277 1456 1331 veniens
1484 1276 1780 1345 compleret
1809 1276 1862 1329 in

287 1365 489 1435 seipse,
521 1380 640 1434 quze
671 1365 918 1434 patribus
947 1365 1161 1420 fuerant
1187 1366 1534 1436 repromissa,
1575 1367 1692 1420 sive
1718 1374 1777 1418 ut
1806 1367 1861 1420 in

290 1470 452 1510 carne
486 1471 582 1510 sua
615 1457 862 1512 minister
907 1457 1339 1512 circumcisionis
1386 1455 1552 1511 fuisse
1601 1456 1813 1511 dicatur
1844 1472 1857 1509 :

287 1545 354 1600 de
393 1561 500 1614 qua
527 1545 668 1599 idem
708 1545 998 1616 Apostolus
1023 1547 1192 1601 dicit:
1229 1546 1352 1600 Non
1377 1548 1467 1617 qui
1506 1547 1562 1600 in
1583 1546 1860 1616 manifesto

283 1631 510 1688 Iudaeus
530 1644 622 1697 est,
653 1650 815 1704 neque
838 1651 954 1704 qute
998 1635 1051 1688 in
1076 1635 1353 1704 manifesto
1377 1636 1431 1689 in
1457 1651 1613 1688 carne
1637 1635 1860 1689 circum-

1973 455 2185 511 videtur
2223 457 2357 511 mihi
2402 457 2615 514 dillicile
2660 461 2876 530 esponi.
2941 459 3052 514 Pax
3094 461 3328 516 ﬁdelium
3367 463 3421 516 in
3450 478 3546 533 spe

1969 552 2130 607 debet
2156 565 2278 608 esse
2305 551 2487 607 futura
2511 593 2526 620 ,
2573 554 2663 608 ubi
2709 554 2964 624 gaudium
2994 563 3314 625 perpetuum
3356 565 3410 610 et
3438 573 3545 627 pax

1968 649 2116 698 certa
2146 651 2458 713 permanet,
2502 643 2829 698 abundantia
2862 660 2992 700 vero
3027 647 3140 715 spei
3169 647 3223 700 in
3256 647 3544 704 virtutibus

1969 734 2238 788 consistit.

2315 841 2654 881 EYANGELIUI
2691 843 2875 889 LUCAi,
2916 843 3034 882 CAP.
3072 843 3184 882 XXI.

2044 931 2062 964 ι
2090 913 2265 968 Erunt
2293 915 2447 986 signa
2475 917 2531 969 in
2558 916 2669 972 sole
2691 926 2747 971 et
2767 918 2892 971 luna
2921 928 2976 972 et
3001 917 3189 985 stellis,
3223 927 3279 974 et
3303 920 3356 974 in
3382 921 3542 974 terris

1973 1023 1991 1056 ι
2019 1020 2275 1076 pressura
2311 1007 2560 1063 Gentium
2589 1048 2604 1073 ,
2657 1023 2769 1078 prae
2799 1008 3113 1063 confusione
3139 1010 3348 1065 sonitus
3377 1012 3543 1066 maris

1971 1114 1990 1145 ε
2020 1103 2076 1148 et
2101 1093 2355 1150 ﬂuctuum
2380 1136 2396 1162 ,
2444 1099 2813 1152 arescentibus
2855 1099 3165 1177 hominibus
3207 1093 3319 1168 prae
3350 1101 3543 1154 timore

1971 1202 1990 1234 ι
2019 1193 2074 1238 et
2097 1186 2500 1254 exspectatione
2539 1202 2657 1256 qua:
2694 1190 3078 1257 supervenient
3115 1189 3370 1245 universo
3396 1190 3539 1244 orbi.

1971 1291 1989 1323 ι
2018 1272 2153 1326 Nam
2179 1274 2407 1329 virtutes
2434 1275 2694 1330 caelorum
2728 1278 3108 1334 movebuntur.
3144 1281 3212 1333 Et
3238 1289 3366 1335 tunc
3396 1281 3541 1335 vide-

1969 1381 1988 1412 ι
2017 1363 2151 1417 bunt
2180 1363 2345 1418 ﬁlium
2372 1364 2602 1420 hominis
2626 1367 2930 1422 venientem
2971 1369 3023 1422 in
3061 1370 3204 1423 nube
3239 1384 3360 1423 cum
3391 1380 3540 1438 pote-

1969 1471 1988 1504 ι
2019 1461 2157 1508 state
2180 1470 2373 1525 magna
2403 1465 2459 1508 et
2479 1455 2774 1524 majestate.
2815 1457 2911 1513 His
2931 1468 3110 1514 autem
3138 1461 3254 1515 ﬁeri
3278 1461 3540 1531 incipien-

1969 1561 1988 1594 ι
2019 1545 2162 1599 tibus
2184 1584 2200 1610 ,
2247 1546 2501 1616 respicite
2543 1559 2598 1603 et
2625 1548 2800 1604 levate
2828 1551 3006 1621 capita
3036 1561 3214 1614 vestra
3233 1591 3248 1617 ,
3280 1553 3537 1622 quoniam

1969 1654 1988 1686 ι
2018 1639 2413 1708 appropinquat
2439 1640 2734 1710 redemptio
2763 1650 2962 1696 vestra.
3002 1643 3072 1697 Et
3091 1643 3229 1698 dixit
3254 1644 3358 1699 illis
3393 1644 3539 1698 simi-

267 1713 598 1780 cisioest,;ed
653 1719 744 1790 qui
777 1718 831 1772 in
869 1717 1068 1772 occulto
1116 1718 1337 1772 Judwus
1387 1728 1434 1771 et
1469 1719 1792 1774 circumcisio
1888 1726 1935 1785 Β
1969 1746 1989 1779 ι
2018 1728 2298 1784 litudiucm
2343 1744 2358 1784 ;
2403 1730 2594 1786 Videte
2637 1731 2921 1787 ﬁculneam
2967 1741 3023 1788 ει
3057 1748 3247 1790 omnes
3284 1737 3526 1792 arbores,

283 1810 479 1874 cordis,
505 1826 624 1880 qua:
647 1810 836 1880 spiritu
858 1827 960 1863 non
980 1809 1151 1863 littera
1173 1809 1264 1878 ﬁt,
1309 1809 1461 1879 cujus
1502 1809 1620 1862 laus
1655 1826 1756 1864 non
1790 1826 1855 1863 ea:

282 1898 579 1953 hominibus
608 1898 780 1972 (Rom.
819 1898 905 1971 ιι),
939 1899 1034 1954 sed
1061 1914 1126 1954 ex
1155 1900 1264 1954 Deo
1290 1908 1390 1965 est,
1422 1913 1519 1969 per
1548 1897 1855 1966 hujusmodi

283 1991 752 2048 circumcisionem
799 2002 1007 2049 certum
1064 2002 1147 2051 est
1192 2003 1407 2064 patrum
1463 1993 1858 2064 promissiones

281 2094 404 2135 esse
433 2081 749 2150 completas.

354 2174 539 2231 Gentes
571 2187 744 2232 autem
769 2194 925 2248 super
943 2175 1357 2231 misericordiam
1383 2176 1642 2230 honorare
1667 2174 1850 2229 Deum.

283 2267 437 2324 Sicut
467 2269 654 2324 audire
682 2270 917 2335 debent,
960 2269 1084 2339 quia
1130 2269 1236 2324 illis
1262 2268 1406 2323 Deus
1429 2267 1722 2338 gratuitam
1753 2268 1854 2321 mi-

280 2363 632 2418 sericordiam
658 2362 912 2428 donavit;
955 2362 1041 2417 cui
1075 2361 1219 2418 enim
1246 2360 1366 2430 plus
1391 2360 1706 2426 dimittitur,
1733 2358 1854 2428 plus

280 2450 506 2521 diligere
532 2452 709 2508 debet.

351 2541 498 2598 Sicut
519 2545 768 2614 scriptum
790 2552 865 2596 est
889 2557 906 2594 :
934 2540 1214 2612 Propterea
1238 2541 1521 2611 conﬁtebor
1540 2539 1633 2594 tibi
1657 2541 1708 2595 in
1731 2557 1854 2612 gen-

281 2633 442 2698 tibus,
467 2644 513 2687 et
538 2634 592 2687 in
618 2634 825 2687 nomine
858 2643 948 2688 tuo
977 2633 1220 2688 cantabo.
1269 2633 1369 2705 (Ex
1403 2632 1659 2706 Primas.)
1690 2632 1853 2687 Tollit

277 2721 481 2779 Judaeis
525 2724 887 2794 arrogantiam
916 2762 932 2788 ,
981 2723 1106 2778 dum
1155 2725 1391 2794 gentium
1439 2723 1664 2780 salutem
1697 2725 1855 2780 docet

277 2830 400 2870 esse
429 2815 761 2886 praedictam,
786 2813 1032 2884 quamvis
1054 2813 1185 2886 ipsis
1199 2829 1306 2870 non
1332 2813 1496 2870 fuerit
1522 2815 1849 2881 nuntiatum,

276 2905 530 2960 Christus
556 2905 610 2958 in
636 2905 888 2976 gentibus
917 2903 1223 2960 conﬁtetur.
1261 2903 1328 2958 Et
1352 2905 1547 2960 iterum
1571 2905 1702 2960 dicit
1730 2922 1746 2960 :

348 2993 609 3060 Laudate,
631 3009 805 3048 omnes
830 3003 1002 3064 gentes
1027 3033 1043 3060 ,
1084 2992 1367 3047 Dominum
1385 3033 1400 3059 ,
1444 3003 1492 3048 et
1519 2994 1852 3064 magniﬁcate

1967 1837 1987 1870 ς
2017 1818 2152 1874 Cum
2178 1820 2480 1889 producunt
2492 1819 2606 1891 jam
2644 1838 2711 1878 ex
2732 1838 2790 1878 se
2813 1823 3072 1887 lructum.
3097 1827 3251 1881 scitis
3279 1828 3541 1896 quoniam

1963 1927 1980 1960 ι
2009 1924 2177 1981 prope
2216 1920 2300 1965 est
2333 1919 2514 1966 testas.
2551 1911 2629 1966 Ita
2660 1922 2716 1968 et
2743 1930 2838 1970 vos
2867 1930 2990 1970 cum
3017 1917 3266 1972 videritis
3293 1919 3408 1974 haec
3437 1919 3536 1972 ﬁe-

1963 2022 1981 2054 ι
2012 2004 2079 2068 ι·ἱ,
2109 2005 2306 2060 scitote
2343 2005 2602 2074 quoniam
2640 2021 2810 2077 prope
2845 2016 2928 2063 est
2957 2024 3183 2078 regnum
3207 2010 3322 2066 Dei.
3362 2010 3536 2066 Amen

1962 2112 1981 2146 s
2010 2095 2131 2151 dico
2160 2096 2336 2163 vobis,
2361 2097 2486 2166 quia
2510 2112 2618 2152 non
2645 2099 2944 2179 praeteribit
2972 2101 3250 2172 generatio
3278 2103 3412 2168 huic,
3442 2102 3536 2156 do-

1961 2203 1981 2236 s
2011 2201 2115 2242 nec
2141 2187 2328 2241 omnia
2353 2186 2506 2242 fiant.
2550 2186 2756 2244 Caelum
2797 2197 2852 2244 et
2878 2199 3024 2245 terra
3047 2192 3382 2259 transiliunt,
3412 2206 3536 2246 vcr-

1960 2294 1980 2328 s
2009 2276 2078 2331 ha
2106 2285 2287 2332 autem
2307 2293 2427 2334 mea
2451 2293 2559 2333 non
2582 2281 2906 2336 transibunt.
2943 2299 2962 2334 ι

2024 2364 2201 2420 Erunt
2244 2368 2398 2437 signa
2444 2369 2501 2422 in
2541 2369 2650 2424 sole
2682 2381 2731 2424 et
2770 2370 2897 2425 luna
2929 2380 2977 2425 et
3010 2372 3196 2439 stellis,
3230 2382 3278 2426 et
3300 2375 3354 2427 in
3381 2375 3534 2428 terris

1953 2473 2199 2528 pressura
2243 2459 2499 2528 gentium,
2548 2477 2658 2530 prce
2703 2461 3010 2531 confusione
3045 2464 3250 2516 sonitus
3280 2464 3440 2516 maris
3483 2472 3533 2517 et

1953 2549 2234 2618 ﬂuctuum.
2291 2549 2444 2616 Quod
2487 2565 2617 2604 vero
2659 2551 2828 2605 dicit:
2875 2552 3048 2606 Erunt
3089 2554 3239 2624 signa
3270 2554 3323 2606 in
3350 2553 3458 2608 sole
3484 2563 3533 2607 et

1953 2637 2084 2693 luna
2111 2649 2158 2692 et
2192 2639 2358 2692 stellis
2384 2678 2401 2706 ,
2439 2655 2803 2711 praecursores
2842 2641 3010 2697 vicini
3047 2641 3287 2712 ejusdem
3318 2642 3532 2711 judicii,

1953 2730 2112 2800 quasi
2138 2731 2360 2786 nuntius
2384 2731 2606 2786 indicat.
2646 2732 2688 2786 E
2709 2733 2912 2802 quibus
2932 2741 3046 2799 est,
3079 2743 3134 2789 et
3157 2734 3286 2788 illud
3307 2737 3535 2806 prophe-

1955 2829 2023 2878 ιω
2051 2839 2064 2875 :
2093 2820 2185 2877 Sol
2209 2832 2433 2877 vertetur
2469 2824 2525 2877 in
2572 2823 2845 2889 tenebras,
2884 2833 2932 2878 et
2963 2825 3088 2879 luna
3115 2826 3170 2879 in
3201 2827 3530 2896 sanguinem,

1953 2921 2229 2982 antequam
2283 2913 2452 2966 veniat
2494 2913 2603 2966 dies
2646 2913 2856 2967 Domini
2895 2930 3117 2984 magnus
3145 2925 3193 2968 et
3225 2917 3532 2985 manifestus

1956 3001 2114 3073 (laet.
2149 3003 2230 3073 ιι).
2272 3001 2402 3057 Item
2431 3005 2575 3073 quod
2606 2997 2778 3058 Lucas
2807 3004 2920 3058 ait:
2955 3005 3025 3058 Et
3056 3006 3114 3060 in
3143 3007 3297 3060 terris
3323 3023 3534 3076 pressu-

275 3102 419 3152 eunt,
447 3101 623 3138 omnes
645 3083 843 3155 populi.
899 3083 1023 3140 llaec
1056 3099 1161 3138 vox
1185 3083 1553 3155 apostolorum
1576 3094 1692 3150 est,
1721 3100 1851 3155 pro-

1961 3109 2016 3146 ra
2043 3096 2306 3164 gentium,
2340 3095 2512 3164 ipsum
2551 3111 2670 3150 esse
2698 3110 2841 3160 reor,
2874 3095 3018 3166 quod
3043 3096 3363 3152 Antichristi
3392 3107 3530 3152 tem-

276 3175 584 3232 vocantium
617 3175 685 3229 ad
711 3176 1037 3246 baptismum
1081 3177 1348 3232 novellum
1392 3176 1686 3247 populum,
1715 3192 1779 3231 ac
1806 3178 1852 3232 si

275 3267 518 3323 diceret:
550 3267 658 3324 Vos
683 3283 873 3325 omnes
910 3276 1128 3334 gentes,
1167 3267 1260 3336 qui
1295 3265 1499 3321 relictis
1527 3265 1852 3331 simulacris,

277 3359 586 3415 accessistis
615 3359 684 3414 ad
729 3359 898 3414 Deum
943 3374 1042 3428 per
1085 3359 1267 3426 ﬁdem,
1295 3356 1509 3413 laudate
1536 3372 1676 3421 cum,
1708 3359 1854 3428 quod

277 3447 444 3504 David
469 3448 635 3504 dicit:
662 3447 1000 3521 Magniﬁcate
1034 3464 1157 3503 cum
1184 3463 1372 3504 omnes
1400 3447 1609 3519 populi,
1643 3457 1698 3502 et
1729 3449 1854 3503 lior-

277 3547 423 3594 tatur
449 3555 582 3606 eos,
637 3541 730 3612 qui
773 3557 841 3596 ex
882 3538 1083 3597 Judwis
1129 3540 1340 3598 fuerant
1376 3541 1642 3597 conversi.
1696 3539 1850 3606 Quod

277 3631 462 3688 titulus
490 3632 578 3687 ille
606 3633 994 3704 pronuntiavit,
1018 3650 1177 3704 quem
1206 3650 1370 3706 super
1396 3650 1613 3691 crucem
1643 3633 1851 3688 Pilatus

274 3724 490 3794 posuit,
535 3725 796 3796 scriptum
839 3725 1138 3793 llebraice,
1186 3725 1372 3783 Grates
1416 3735 1472 3782 et
1527 3726 1745 3792 Latine,
1795 3726 1847 3780 id

273 3823 380 3882 est,
419 3815 534 3872 Rex
555 3814 583 3870 J
591 3816 805 3871 udzeoru
814 3834 885 3871 ιιι.

343 3908 412 3964 Et
440 3925 649 3964 rursum
687 3907 861 3964 Isaias
894 3910 967 3964 ait
992 3923 1010 3960 :
1041 3909 1157 3964 Erit
1188 3910 1342 3963 radix
1368 3908 1543 3974 Iesse,
1574 3921 1621 3965 et
1646 3911 1733 3982 qui
1760 3927 1849 3964 ex-

272 3999 439 4068 surgit
484 4015 656 4070 regcre
697 4010 868 4070 gentes
913 4001 967 4052 in
1010 4016 1128 4053 eunt
1167 4010 1342 4070 gentes
1368 4000 1670 4071 sperabunt.
1706 3999 1849 4066 Quo-

272 4086 420 4142 niam
451 4085 602 4144 Jesse
628 4089 1014 4160 interpretatur
1042 4089 1095 4143 in
1125 4100 1309 4146 nostra
1336 4091 1539 4160 lingua,
1579 4100 1664 4148 est
1691 4093 1842 4147 mihi.

271 4179 328 4235 ln
369 4181 599 4236 adventu
644 4197 773 4253 ergo
802 4182 1001 4238 Christi
1036 4181 1240 4248 omnis,
1273 4182 1366 4252 qui
1402 4183 1576 4236 credit
1606 4183 1690 4247 ci,
1718 4199 1848 4238 con-

270 4273 553 4328 venienter
578 4273 713 4327 dixit
741 4292 752 4327 :
802 4273 900 4328 Est
930 4273 1091 4338 mihi,
1121 4275 1274 4343 quasi
1311 4274 1456 4330 dicat
1483 4274 1571 4329 ille
1592 4316 1608 4337 .
1645 4277 1710 4331 de
1741 4291 1846 4345 quo

272 4368 449 4424 Moses
474 4368 610 4422 dixit
636 4386 648 4421 :
681 4368 783 4434 Qui
811 4378 907 4433 est,
929 4368 1068 4422 misit
1089 4384 1169 4422 me
1191 4367 1260 4422 ad
1280 4385 1366 4423 vos
1393 4410 1408 4434 ,
1440 4369 1554 4439 ipse
1576 4379 1661 4425 est
1685 4371 1840 4436 mihi,

270 4459 374 4514 hoc
396 4467 504 4523 est,
531 4458 586 4513 in
609 4458 782 4527 ipsum
814 4459 1007 4524 credo,
1046 4466 1102 4511 et
1130 4458 1243 4528 ipse
1280 4469 1363 4513 est
1389 4461 1480 4528 qui
1513 4461 1752 4517 surrexit
1777 4476 1842 4515 es

269 4548 451 4605 radice
475 4547 644 4615 Jesse,
679 4550 812 4605 etin
838 4549 954 4620 ipso
975 4559 1162 4622 gentes
1187 4553 1501 4622 sperabunt.

337 4644 480 4698 Deus
505 4653 678 4698 autem
711 4644 818 4714 spei
843 4643 1034 4714 repleat
1078 4660 1167 4698 vos
1202 4645 1343 4698 omni
1370 4645 1587 4715 gaudio,
1633 4656 1681 4700 et
1720 4663 1847 4717 pace

267 4738 323 4792 in
365 4737 654 4802 credendo,
697 4747 754 4792 ut
801 4736 1074 4790 abundetis
1121 4737 1178 4789 in
1218 4753 1308 4808 spe
1342 4747 1390 4791 et
1417 4738 1607 4792 virtute
1632 4739 1846 4809 spiritus

265 4829 453 4884 sancti.
495 4828 632 4896 Quia
662 4827 910 4898 superius
935 4826 1184 4882 dixerat:
1209 4826 1276 4882 In
1313 4843 1432 4882 eum
1463 4838 1638 4899 gentes
1671 4844 1849 4899 spera-

1952 3202 2087 3257 pora
2117 3188 2429 3244 describens
2468 3189 2756 3250 Matthzeus
2779 3232 2794 3258 ,
2835 3194 2967 3248 dicit
3014 3211 3028 3246 :
3082 3192 3199 3246 Erit
3237 3195 3372 3248 enim
3407 3205 3531 3248 tam.

1951 3277 2220 3332 tribulatio
2261 3295 2483 3350 magna,
2533 3281 2705 3352 qualis
2748 3299 2853 3336 non
2894 3283 2994 3353 fuit
3050 3284 3114 3336 ab
3159 3285 3307 3337 initio
3349 3287 3531 3338 mundi

1952 3385 2114 3441 usque
2139 3371 2312 3434 modo,
2345 3389 2510 3442 neque
2532 3373 2638 3441 ﬁet.
2658 3374 2810 3440 Quod
2831 3386 3010 3429 autem
3035 3375 3207 3431 Lucas
3236 3377 3528 3448 subjungit,

1949 3477 2060 3531 pra:
2086 3461 2393 3531 confusione
2438 3464 2640 3518 sonitus
2665 3465 2824 3518 maris
2855 3475 2904 3518 et
2933 3467 3221 3535 ﬂuctuum,
3244 3483 3422 3538 prtuco
3448 3478 3533 3523 est

1951 3553 2116 3618 illius,
2145 3554 2290 3623 quod
2325 3555 2467 3609 inter
2499 3565 2700 3610 caetera
2724 3557 3006 3612 mutabilia
3037 3558 3239 3624 saeculi,
3294 3557 3530 3613 Joannes

1951 3659 2100 3699 mare
2128 3645 2442 3700 habiturum
2471 3647 2772 3716 conspexit.

2018 3736 2385 3790 Arescentibus
2405 3737 2700 3791 hominibus
2721 3753 2830 3808 prae
2851 3738 3036 3792 timore
3057 3747 3104 3792 et
3128 3740 3526 3809 exspectatione.

1947 3843 2064 3898 qua:
2091 3837 2450 3897 supervenient
2499 3829 2740 3882 universo
2779 3829 2914 3895 orbi,
2957 3845 3081 3883 nam
3120 3831 3333 3884 virtutes
3374 3832 3524 3884 creto-

1949 3934 2064 3972 rum
2091 3919 2570 3973 commovebuntur.
2601 3920 2777 3975 Credo
2807 3922 2980 3992 ipsum
3009 3922 3208 3992 judicis
3237 3925 3526 3978 adventum

1946 4008 2050 4062 hac
2076 4009 2343 4062 sententia
2387 4009 2681 4080 designari,
2713 4013 2931 4080 quando
2967 4012 3125 4082 juxta
3170 4011 3394 4067 alterius
3423 4013 3526 4068 loci

1945 4097 2258 4166 parabolam
2298 4113 2512 4164 omnes,
2549 4099 2652 4152 hoc
2681 4108 2785 4164 est,
2830 4107 2886 4152 et
2928 4101 3225 4169 prudentes
3269 4110 3324 4156 et
3365 4101 3528 4157 fatua:

1944 4188 2184 4258 virgines
2237 4187 2456 4242 insolito
2483 4187 2717 4242 clamore
2740 4190 2986 4246 suscitare
3009 4189 3281 4260 lampades
3308 4199 3525 4255 ornant,

1946 4275 2001 4329 id
2044 4286 2160 4340 est,
2200 4291 2298 4331 sua
2347 4291 2532 4331 secum
2573 4291 2737 4346 opera
2789 4285 3119 4344 numerant,
3181 4293 3279 4348 pro
3331 4280 3526 4351 quibus

1945 4368 2181 4423 maximo
2209 4383 2331 4422 cum
2365 4368 2559 4423 timore
2598 4365 2715 4436 jam
2749 4367 2971 4440 jamque
3001 4370 3291 4424 instantem
3335 4373 3525 4427 aeterni

1947 4457 2277 4528 discriminis
2296 4467 2616 4528 exspectant
2645 4470 2918 4515 eventum.
2953 4461 3104 4517 Tunc
3132 4463 3315 4533 itaque
3337 4481 3528 4536 supcr-

1947 4549 2197 4604 veniente
2225 4551 2479 4604 universo
2521 4552 2640 4606 orbi
2675 4553 2890 4619 timore,
2929 4562 2984 4609 et
3015 4558 3417 4626 exspectatione
3445 4559 3526 4613 di-

1948 4643 2124 4697 stricti
2153 4642 2438 4707 examinis,
2475 4644 2626 4698 multi
2655 4646 2746 4714 qui
2777 4646 2830 4699 in
2863 4648 2965 4701 hoc
3001 4648 3200 4702 mundo
3227 4649 3417 4706 llorerc
3447 4652 3522 4706 vir

1949 4735 2238 4801 debautur,
2263 4751 2387 4790 cum
2412 4749 2472 4789 se
2492 4737 2607 4789 sine
2632 4737 2805 4790 fructu
2829 4739 3236 4807 conspexerit“,
3252 4752 3528 4807 arescent,

1951 4835 2079 4881 tunc
2126 4826 2280 4892 ﬁdes,
2307 4842 2429 4898 qua:
2471 4828 2588 4881 sine
2619 4829 2873 4898 operibus
2897 4830 3126 4897 vixerat,
3174 4833 3438 4901 probante
3465 4851 3530 4890 se

267 4919 414 4986 bunt,
448 4918 726 4992 conjungit
757 4927 1035 4992 gratanter
1063 4939 1076 4974 :
1102 4919 1245 4976 Deus
1275 4923 1414 4992 spei;
1455 4921 1501 4977 si
1541 4923 1683 4976 enim
1714 4922 1849 4978 scri-
1938 4915 2070 4986 justi
2093 4915 2294 4986 judicis
2317 4921 2458 4989 igne.
2483 4929 2796 4974 marcescu-

268 5023 416 5081 ptum
439 5009 628 5065 fuisset
647 5010 917 5080 superius,
947 5010 1000 5064 in
1037 5009 1212 5080 ipsum
1245 5021 1433 5082 gentes
1475 5013 1718 5076 credunt,
1753 5011 1848 5066 ad-

259 5100 484 5174 iecisset
506 5102 623 5157 sine
646 5102 832 5166 dubio,
869 5102 1010 5158 Deus
1037 5102 1181 5168 ﬁdei,
1208 5103 1301 5159 sed
1334 5103 1462 5175 quia
1487 5105 1556 5158 ab
1579 5104 1848 5175 sperando

261 5201 454 5266 gentes
499 5193 702 5264 posuit,
744 5193 864 5248 ideo
909 5193 1077 5250 Deum
1125 5194 1240 5265 spei
1282 5194 1498 5250 invocat
1542 5211 1705 5266 super
1749 5211 1844 5250 eos

262 5291 354 5362 qui
382 5297 607 5360 sperant
630 5289 685 5343 iu
722 5303 847 5346 eum
867 5328 884 5355 ,
931 5303 962 5343 a
993 5303 1105 5358 quo
1129 5287 1211 5342 eis
1231 5295 1286 5343 et
1306 5287 1702 5344 benedictionis
1728 5304 1843 5343 mu-

261 5396 365 5435 nus
412 5386 670 5449 precatur
711 5377 919 5448 augeri.
970 5378 1066 5434 Est
1108 5385 1289 5432 autem
1318 5376 1626 5434 benedictio
1659 5377 1843 5448 hujus-

259 5471 442 5537 modi,
498 5479 561 5526 ut
606 5469 917 5540 repleantur
959 5470 1106 5524 omni
1158 5469 1356 5542 gaudio
1399 5480 1454 5526 et
1486 5471 1634 5526 omni
1682 5487 1835 5542 pace,

260 5563 406 5636 quod
433 5564 500 5617 de
525 5562 742 5627 Christo
766 5569 912 5617 recte
941 5559 1277 5631 intelligitur,
1298 5563 1390 5632 qui
1417 5562 1720 5632 paciﬁcavit
1745 5580 1842 5634 per

259 5653 579 5719 sanguinem
634 5667 791 5708 suum
819 5691 837 5717 ,
884 5665 992 5705 non
1042 5649 1212 5706 solum
1261 5665 1380 5721 qua:
1420 5652 1473 5706 in
1506 5653 1694 5718 terris,
1748 5653 1838 5707 sed

2017 5007 2087 5062 Et
2117 5018 2240 5064 tunc
2277 5004 2714 5065 ridebuiuI"iliuiu
2738 5011 2962 5066 hominis
2989 5014 3272 5069 venientem
3314 5016 3365 5069 in
3390 5016 3528 5070 nube

1946 5118 2066 5156 cum
2099 5111 2351 5173 potestate
2379 5118 2568 5172 magna
2597 5113 2645 5156 et
2675 5105 2968 5174 majestate.
3003 5105 3104 5176 (Ex
3133 5105 3320 5178 Grcg.)
3349 5107 3404 5161 ln
3429 5123 3526 5177 po-

1949 5200 2143 5247 testate
2168 5207 2362 5262 magna
2392 5203 2448 5247 et
2481 5192 2760 5261 majestate
2789 5195 2954 5249 visuri
2981 5205 3129 5262 sunt,
3157 5212 3315 5266 quem
3346 5198 3397 5250 in
3427 5199 3522 5250 liu-

1949 5283 2178 5339 militate
2211 5282 2444 5353 positum
2469 5283 2658 5338 audire
2694 5283 3005 5350 noluerunt,
3042 5297 3102 5340 ut
3126 5287 3379 5340 virtutem
3407 5285 3524 5354 ejus

1949 5384 2103 5431 tanto
2138 5383 2268 5430 tunc
2299 5374 2600 5430 districtius
2639 5376 2897 5441 sentiant,
2929 5385 3130 5445 quanto
3174 5393 3315 5432 nunc
3351 5377 3525 5431 cervi-

1946 5481 2064 5522 cem
2101 5466 2282 5522 cordis
2323 5466 2392 5522 ad
2429 5465 2547 5537 ejus
2589 5466 2908 5535 patientiam
2948 5482 3057 5522 non
3096 5466 3376 5522 inclinant.
3417 5465 3524 5521 Sed

1945 5559 2074 5628 quia
2103 5559 2219 5614 haec
2242 5566 2432 5615 contra
2461 5557 2720 5629 reprobos
2749 5558 2893 5614 dicta
2919 5567 3067 5621 sunt,
3091 5573 3216 5612 mox
3237 5558 3305 5612 ad
3329 5556 3524 5623 electo-

1947 5641 2067 5706 rum
2100 5649 2522 5707 consolationem
2549 5650 2712 5705 verba
2738 5657 3041 5708 vertuntur.
3075 5647 3207 5704 Nam
3233 5648 3482 5704 subditur
3504 5667 3522 5704 :
