3952 6418
462 230 568 289 5:9

1735 200 2090 262 SMARAGDI
2125 197 2417 256 ABBATIS

3607 185 3727 246 προ

536 339 636 393 His
661 345 834 393 autent
858 333 976 404 ﬁeri
999 326 1382 399 incipientibus,
1410 321 1645 393 respicite
1668 327 1717 374 et
1753 316 1919 370 levate
1944 329 2037 368 ca-
2065 314 2116 374 Α
2146 330 2165 363 ι
2200 312 2437 367 humano
2485 309 2593 363 die.
2644 306 2752 363 Sed
2803 320 2979 376 neque
3029 304 3292 374 mcipsum
3341 301 3548 374 judico,
3581 301 3727 357 nihil

464 428 571 500 pita
607 438 798 491 vestra,
831 421 1072 497 quoniam
1110 414 1488 488 appropinquat
1518 405 1796 479 redemptio
1842 413 2032 459 vestra.

465 519 599 575 Cum
625 517 815 587 plagae,
854 511 1047 580 inquit,
1084 506 1269 562 mundi
1304 502 1674 563 crebrescunt,
1704 511 1828 551 cum
1860 503 2040 549 terror

462 608 649 681 jndicii
699 604 986 661 virtutibus
1032 598 1318 656 commotis
1361 593 1683 654 ostenditur,
1719 587 1895 642 levate
1942 598 2040 639 vos

467 675 661 770 capita,
710 698 762 754 id
803 704 904 757 est,
944 692 1241 747 exhilarate
1282 686 1466 749 corda,
1511 682 1638 752 quia
1683 680 1808 735 dum
1858 675 2042 730 ﬁnitur

468 766 720 855 mundus,
754 786 909 857 cujus
939 783 1095 839 amici
1120 798 1229 837 non
1254 779 1407 842 estis,
1439 789 1605 845 prope
1630 772 1688 826 iit
1721 766 2039 835 redemptio,

467 897 631 953 quam
679 876 969 949 quaesistis.
1016 873 1221 927 Levare
1259 870 1441 937 itaque
1481 864 1654 933 capita
1702 868 1786 915 est
1823 857 2042 914 omnino

471 948 940 1030 mentesinostras
980 964 1046 1018 ad
1079 960 1272 1034 gaudia
1312 956 1501 1028 patria:
1538 949 1772 1007 caelestis
1812 948 2039 1017 erigere.

470 1062 622 1131 Quod
673 1068 854 1113 autem
909 1053 1106 1109 calcari
1152 1048 1404 1111 mundus,
1462 1059 1527 1097 ac
1571 1038 1775 1110 despici
1827 1038 2040 1100 debeat,

470 1126 693 1227 provida
728 1148 986 1205 Dominus
1010 1137 1412 1213 comparatione
1440 1130 1768 1188 manifestat.
1795 1126 1929 1181 Nam
1960 1139 2047 1179 se-

475 1244 686 1315 quitur:

543 1334 610 1387 Et
648 1330 781 1385 dixit
822 1325 928 1382 illis
964 1319 1401 1379 similitudinem:
1450 1313 1629 1369 Videte
1667 1308 1948 1381 ﬁculneam
1996 1313 2045 1360 et

472 1439 648 1480 omnes
677 1420 909 1482 arbores,
926 1429 1043 1469 cum
1065 1408 1359 1483 producunt
1383 1406 1490 1473 iam
1508 1420 1571 1458 ex
1591 1418 1644 1457 se
1668 1400 1914 1470 fructum,
1945 1395 2049 1449 sci-

473 1513 538 1567 tis
567 1509 811 1584 quoniam
838 1519 995 1576 prope
1038 1482 1114 1554 est
1143 1508 1319 1561 a’stas,
1346 1496 1421 1549 ita
1459 1503 1506 1547 et
1554 1508 1639 1545 eos
1667 1500 1783 1542 cum
1816 1482 2046 1584 videritis

475 1571 590 1655 lucc.
630 1597 780 1668 ﬁeri,
828 1571 1010 1649 scitote
1051 1588 1298 1660 quoniam
1346 1598 1504 1654 prope
1548 1588 1624 1633 est
1667 1588 1881 1647 regnum
1928 1571 2043 1625 Dei.

2143 420 2162 454 ι
2198 401 2343 457 enim
2383 400 2513 455 mihi
2553 398 2803 454 conscius
2852 411 2995 462 sum,
3026 396 3119 449 sed
3150 406 3254 449 non
3284 390 3337 447 in
3369 393 3470 448 hoc
3509 390 3728 463 justiti-

2143 510 2162 543 ι
2194 500 2347 548 catus
2374 506 2514 546 sum.
2558 489 2660 557 Qui
2698 495 2877 543 autem
2922 485 3132 555 judicat
3171 499 3280 549 me,
3319 483 3584 539 Dominus
3611 490 3724 537 est.

2144 601 2163 633 ι
2198 583 2385 652 Itaque
2411 581 2579 636 nolite
2628 587 2753 635 ante
2802 584 3014 647 tempus
3051 576 3319 646 judicare,
3366 576 3727 646 quoadusque

2145 693 2165 726 ι
2201 675 2380 728 veniat
2423 672 2720 735 Dominus,
2788 669 2881 739 qui
2930 675 2986 723 et
3033 665 3355 721 illuminabit
3403 666 3725 719 abscondita

2147 783 2165 816 ι
2198 764 2563 827 tenebrarum,
2594 767 2650 817 et
2679 758 3048 815 manifestabit
3082 756 3310 811 consilia
3355 755 3620 810 eordium.
3651 751 3729 809 Et

2147 872 2166 905 ι
2201 863 2329 909 tunc
2358 853 2476 907 laus
2500 852 2606 907 erit
2632 850 2925 920 unicuique
2952 863 2982 903 a
3010 848 3141 903 Deo.

2212 942 2301 999 Sic
2348 959 2441 997 nos
2476 941 2733 996 existimet
2782 940 2972 1004 homo,
3020 947 3079 992 ut
3121 936 3387 991 ministros
3436 934 3635 990 Christi
3668 944 3725 989 et

2143 1033 2524 1104 dispensatores
2548 1029 2910 1101 mysteriorum
2941 1028 3058 1082 Dei.
3086 1027 3147 1082 Id
3184 1036 3285 1089 est,
3311 1041 3419 1081 non
3456 1034 3519 1080 ut
3541 1040 3727 1095 aequa-

2143 1126 2223 1181 les
2255 1124 2478 1188 Christi,
2509 1125 2615 1179 hoc
2654 1130 2738 1179 est
2780 1122 2983 1187 dicere,
3027 1136 3135 1175 non
3164 1121 3338 1176 dicam
3385 1121 3726 1191 pseudoapo-

2144 1217 2330 1281 stolos,
2363 1216 2457 1270 sed
2485 1230 2553 1269 ne
2593 1214 2864 1284 apostolos
2902 1214 3118 1284 quidem
3148 1214 3314 1268 nimia
3346 1213 3504 1267 laude
3549 1214 3727 1267 hono-

2145 1322 2269 1363 rare
2294 1307 2522 1371 debetis,
2554 1308 2694 1363 sicut
2721 1306 2826 1361 alio
2848 1304 3171 1361 loco-dixit:
3222 1303 3479 1375 Nunquid
3514 1301 3723 1357 Paulus

2145 1399 2430 1467 cruciﬁxus
2458 1406 2532 1451 est
2553 1413 2647 1468 pro
2672 1397 2835 1461 vobis,
2854 1404 2946 1450 aut
2974 1394 3029 1449 in
3051 1392 3255 1448 nomine
3285 1391 3443 1446 Pauli
3471 1392 3728 1462 baptizari

2145 1492 2268 1547 estis
2286 1492 2313 1545 .’
2336 1491 2461 1560 quia
2484 1486 2821 1558 hapti~matis
2843 1486 3005 1541 homo
3029 1485 3274 1539 minister
3294 1490 3398 1548 est,
3420 1493 3611 1537 auctor
3636 1498 3729 1537 ve-

2148 1597 2209 1637 ro
2231 1582 2391 1646 Deus,
2422 1580 2561 1635 sicut
2588 1578 2851 1650 legimus:
2903 1574 3074 1646 Super
3109 1590 3257 1646 quem
3296 1572 3487 1627 videris
3521 1573 3728 1627 colum-

475 1645 670 1761 Aperle
700 1645 827 1755 ergo
872 1645 1223 1748 docet,'quia
1273 1645 1532 1729 sicut'ex
1576 1645 1754 1722 fructu
1790 1663 2044 1718 arborum

2159 1672 2269 1727 bam
2297 1645 2709 1736 descendentem,
2740 1669 2824 1723 hic
2844 1678 2916 1723 est
2940 1645 3030 1739 qui
3052 1645 3278 1737 baptizat
3306 1664 3361 1718 in
3383 1662 3570 1734 spiritu
3598 1679 3730 1717 san—

428 1827 448 1850 ,
476 1755 701 1833 ventura
723 1782 882 1830 mstas
909 1768 1238 1841 agnoscitur,
1283 1765 1356 1819 ita
1387 1778 1453 1817 ex
1485 1760 1640 1815 ruina
1669 1755 1851 1811 mundi
1881 1764 2047 1823 prope

474 1884 595 1924 esse
621 1864 963 1936 cognoscitur
992 1873 1215 1930 regnum
1241 1856 1358 1920 Dei,
1387 1853 1579 1923 quibus
1608 1846 1847 1919 profecto
1866 1842 2049 1898 verbis

472 1932 797 2020 ostenditur,
843 1952 970 2024 quia
1020 1948 1229 2002 fructus
1275 1943 1458 1999 mundi
1488 1940 1644 1995 ruina
1691 1944 1793 1991 est.
1834 1932 1918 1988 Ad
1947 1932 2050 1986 hoc

473 2049 619 2102 enim
647 2043 844 2100 crescit
866 2049 926 2094 ut
951 2037 1128 2098 cadat,
1177 2034 1245 2089 ad
1281 2034 1385 2088 hoc
1412 2029 1679 2102 germinat
1717 2036 1776 2079 ut
1800 2036 2052 2093 quaecun-

476 2151 581 2207 que
619 2129 1021 2206 germinaverit,
1065 2123 1307 2180 cladibus
1348 2125 1649 2175 consumat.
1688 2114 1828 2168 Bene
1870 2119 2050 2165 autem

478 2201 702 2297 regnum
731 2222 823 2276 Dei
853 2219 1025 2275 testati
1058 2219 1423 2284 comparatur,
1456 2208 1583 2278 quia
1628 2216 1756 2260 tunc
1802 2201 2053 2257 maeroris

479 2290 651 2375 nostri
705 2313 888 2369 nubila
937 2315 1238 2370 transeunt,
1275 2311 1331 2358 et
1374 2302 1499 2356 vitm
1534 2297 1651 2353 dies
1695 2293 1881 2351 aeterni
1925 2290 2053 2347 solis

478 2408 724 2466 claritate
782 2400 1107 2473 fulgeseunt,
1134 2409 1254 2466 quae
1296 2392 1476 2448 omnia
1501 2404 1621 2445 cum
1665 2399 1858 2455 magna
1889 2381 2057 2438 certi-

478 2500 662 2556 tudiue
688 2492 1095 2555 conﬁrmantur,
1121 2500 1244 2543 cum
1269 2481 1533 2541 sententia
1563 2475 1924 2547 subjungitur,
1946 2484 2055 2543 qua

478 2593 678 2648 dicitur
701 2603 716 2642 :

549 2681 715 2734 Amen
737 2678 852 2732 dico
874 2674 1035 2739 vobis,
1059 2670 1181 2743 quia
1207 2683 1307 2723 non
1330 2662 1610 2738 prmteribit
1635 2655 1901 2731 generatio
1917 2653 2053 2715 hare,

478 2772 641 2826 donec
681 2770 854 2824 omnia
896 2767 1046 2836 ﬁant.
1081 2763 1180 2835 (Ex
1209 2757 1395 2828 Beda.)
1435 2755 1657 2810 Multum
1684 2750 1881 2820 quippe
1902 2758 2055 2800 com-

478 2861 700 2917 mendat
741 2858 1016 2915 Dominus.
1043 2852 1184 2923 quod
1220 2851 1295 2905 ita
1322 2844 1656 2918 pronuntiat,
1695 2839 2055 2910 quodammo-

479 2953 569 3016 do,
593 2952 637 3007 si
662 2951 764 3005 dici
788 2948 870 3003 fas
890 2956 991 3010 est,
1018 2942 1217 3013 juratio
1238 2940 1353 3011 ejus
1378 2956 1391 2991 :
1420 2937 1582 2991 Amen
1604 2933 1720 2987 dico
1748 2928 1907 2991 vobis,
1928 2924 2053 2997 quia

480 3058 581 3096 non
602 3040 880 3111 prwteribit
898 3035 1160 3111 generatio
1177 3034 1308 3097 lure,
1330 3029 1492 3084 donec
1512 3025 1687 3081 omnia
1705 3023 1857 3093 ﬁant.
1880 3018 2053 3075 Gene-

480 3110 738 3187 rationcm
788 3110 991 3192 autem,
1035 3137 1126 3181 aut
1159 3137 1320 3180 omne
1360 3118 1636 3174 hominum
1688 3128 1856 3184 genus
1899 3110 2049 3177 dicit,

477 3230 571 3277 aut
590 3219 894 3291 specialiter
919 3216 1246 3271 Judmorum.

550 3312 746 3368 Caelum
790 3320 838 3365 et
868 3318 1009 3362 terra
1053 3302 1370 3364 transibunt,
1410 3296 1562 3352 verba
1604 3301 1780 3348 autem
1804 3306 1918 3345 mea
1948 3305 2053 3344 non

478 3404 754 3461 transient.
779 3398 987 3456 Caelum
1009 3395 1151 3466 quod
1180 3390 1432 3446 transibit
1467 3402 1573 3441 non
1598 3384 1912 3446 auhereum,
1940 3380 2055 3435 sive

480 3496 773 3557 sidereum,
805 3490 898 3546 sed
935 3501 1175 3549 aereum,
1218 3498 1248 3537 a
1291 3496 1397 3551 quo
1438 3488 1494 3534 et
1521 3491 1649 3531 aves
1694 3474 1836 3540 coeli,
1866 3481 1923 3529 et
1950 3487 2054 3527 nu-

480 3584 585 3641 bila
634 3583 755 3638 caeli
804 3577 1269 3650 cognominantur,
1324 3570 1623 3641 intelligere
1670 3567 1943 3621 debemus.
1996 3564 2054 3620 Si

481 3681 661 3728 autem
702 3669 896 3725 ctelnm
939 3675 995 3720 et
1043 3673 1185 3719 terra
1234 3660 1558 3723 transibunt,
1593 3672 1811 3712 movere
1856 3663 2053 3726 potest,

481 3762 750 3834 quomodo
790 3759 937 3814 dicat
974 3754 1327 3810 Ecclesiastes
1360 3768 1375 3805 :
1409 3748 1685 3805 Ceneratio
1726 3747 1980 3818 pra'terit,
2006 3755 2055 3800 et

482 3833 747 3923 generatio
776 3848 1005 3912 advenit,
1030 3855 1166 3898 terra
1196 3858 1315 3897 vero
1338 3842 1395 3895 in
1424 3851 1674 3895 (uernum
1723 3846 1825 3891 stat
1852 3833 2053 3908 (Eccle.

484 3943 550 4016 ι),
578 3941 673 3996 sed
709 3947 892 4011 aperta
918 3937 1126 3992 ratione
1145 3934 1340 3991 malum
1364 3941 1420 3988 et
1455 3940 1594 3986 terra
1626 3945 1722 4001 per
1746 3944 1866 3984 eam
1891 3940 2055 3997 quam

485 4009 628 4091 nunc
657 4009 856 4088 habent
892 4030 1150 4102 Speciem,
1205 4033 1504 4082 transeunt.
1558 4023 1808 4079 Attamen
1843 4009 2055 4089 per'es-

483 4131 713 4186 sentiam
756 4126 871 4182 sine
916 4124 1020 4179 ﬁne
1057 4122 1392 4177 subsistunt:
1441 4115 1681 4172 Praeterit
1713 4114 1850 4168 enim
1884 4112 2057 4182 figura

483 4221 642 4291 hujus
671 4217 872 4272 mundi.
902 4214 968 4270 Et
997 4214 1063 4269 ad
1090 4211 1352 4267 Joannem
1379 4207 1637 4279 angelus:
1688 4204 1830 4269 Erit,
1858 4201 2054 4272 inquit,

2149 1772 2231 1817 cto
2261 1758 2441 1833 (Joan.
2470 1758 2532 1833 ι).

2222 1850 2325 1905 Hic
2367 1850 2476 1920 iam
2517 1850 2774 1922 qutrritur
2818 1848 2956 1902 inter
2997 1846 3401 1918 dispensatores,
3446 1852 3504 1897 ut
3550 1841 3729 1913 ﬁdelis

2148 1940 2264 2013 quis
2292 1938 2604 1993 inveniatur.
2632 1936 2757 1992 Haec
2780 1936 3161 2005 interrogantis
3190 1950 3289 1988 vox
3320 1939 3425 1998 est,
3456 1933 3545 1987 hic
3573 1949 3730 1997 qna:-

2150 2032 2310 2095 ritur,
2339 2027 2391 2083 id
2418 2035 2522 2091 est,
2568 2027 2621 2081 in
2668 2025 2919 2098 praesenti
2968 2024 3182 2089 sarculo,
3232 2020 3342 2093 jam
3385 2038 3481 2077 vos
3523 2022 3734 2091 putatis

2150 2119 2507 2175 conscientias
2524 2117 2763 2188 judicare
2782 2118 3064 2172 humanas.
3097 2114 3247 2182 Quod
3269 2113 3414 2177 dicit,
3443 2111 3727 2183 quan-itur.

2152 2211 2471 2267 subauditur
2497 2210 2565 2265 ab
2594 2208 2923 2273 hominibus,
2955 2214 3016 2261 ιιι
3044 2205 3216 2260 ﬁdelis
3243 2205 3364 2274 quis
3386 2200 3730 2257 inveniatur"

2153 2303 2280 2360 Sive
2309 2304 2355 2357 is
2384 2301 2475 2372 qui
2522 2300 2778 2365 mittitur,
2813 2299 2927 2354 sive
2959 2299 3025 2352 de
3077 2297 3163 2351 his
3202 2295 3270 2350 ad
3299 2309 3434 2365 quos
3470 2291 3728 2354 mittitur,

2151 2403 2213 2449 ut
2243 2393 2413 2448 ﬁdelis
2440 2399 2495 2448 et
2523 2406 2711 2447 servus
2738 2389 2975 2460 prudens
3022 2386 3344 2442 inveniatur.
3378 2382 3569 2448 Aliter,
3610 2390 3734 2435 tan-

2153 2498 2315 2555 quam
2342 2484 2391 2538 si
2435 2482 2659 2546 diceret,
2687 2481 2777 2536 hic
2815 2478 2927 2547 jam
2967 2476 3193 2533 forsitan
3220 2475 3413 2545 aliquis
3447 2474 3732 2544 dispensa-

2155 2583 2333 2630 torum
2363 2573 2555 2629 merita
2593 2571 2871 2643 praesumit
2908 2569 3190 2634 extollere,
3221 2575 3275 2623 et
3302 2581 3465 2621 ausus
3489 2572 3573 2619 est
3602 2570 3731 2617 ante

2155 2672 2367 2733 tempus
2387 2662 2575 2731 judicii
2604 2662 2669 2717 de
2697 2658 3046 2716 conscientiis
3067 2655 3328 2728 judicare.

2227 2751 2361 2806 Milli
2386 2760 2557 2805 autem
2578 2766 2673 2821 pro
2710 2749 2925 2803 minima
2951 2755 3049 2813 est,
3075 2754 3132 2799 ut
3166 2762 3198 2799 a
3220 2743 3359 2800 vobis
3377 2743 3609 2815 jndicer,
3639 2753 3731 2797 aut

2155 2841 2222 2896 ab
2261 2841 2494 2895 humano
2539 2840 2644 2906 die,
2701 2840 2794 2894 sed
2838 2855 3001 2909 neque
3057 2836 3309 2907 mcipsum
3342 2833 3553 2905 judico,
3599 2832 3731 2886 nihil

2156 2936 2285 2992 mihi
2317 2936 2551 2991 conscius
2594 2951 2730 2989 sum.
2790 2932 2943 3001 Quod
2988 2930 3155 2986 dicit:
3211 2928 3345 2983 Mihi
3375 2942 3470 3000 pro
3515 2926 3732 2980 minimo

2155 3038 2252 3095 est,
2287 3044 2351 3084 ac
2379 3028 2424 3083 si
2460 3028 2622 3092 dicat,
2644 3042 2744 3097 pro
2781 3025 2949 3080 nihilo
2975 3022 3107 3078 mihi
3131 3029 3235 3087 est,
3265 3027 3379 3075 uta
3409 3019 3564 3073 vobis
3586 3017 3734 3088 judi-

2152 3137 2263 3177 cer.
2294 3120 2595 3175 Humanum
2634 3116 2894 3188 judicium
2925 3114 3043 3170 ideo
3068 3112 3301 3179 vocavit,
3329 3110 3453 3181 quia
3479 3106 3735 3178 frequen-

2154 3223 2237 3268 ter
2279 3213 2332 3266 in
2382 3226 2448 3266 eo
2484 3210 2686 3265 veritas
2728 3217 2781 3263 et
2814 3206 3022 3277 justitia
3067 3206 3378 3260 frustratur.
3425 3201 3733 3256 Humanum

2153 3319 2287 3359 vero
2315 3303 2479 3367 diem,
2506 3300 2678 3371 ipsam
2702 3298 2923 3355 humani
2939 3296 3130 3369 judicii
3158 3276 3539 3349 revelationem
3562 3289 3731 3345 dixit:

2153 3392 2339 3463 Neque
2387 3390 2651 3463 mcipsum
2692 3390 2903 3461 judico,
2952 3386 3156 3457 inquit,
3204 3385 3256 3439 id
3314 3390 3429 3448 est,
3468 3380 3736 3450 mcipsum

2154 3499 2261 3539 non
2290 3483 2468 3553 culpo,
2497 3482 2623 3551 quia
2668 3480 2800 3535 nihil
2847 3478 2975 3533 mali
3021 3477 3078 3532 in
3126 3493 3212 3531 me
3240 3474 3373 3539 scio,
3402 3484 3577 3543 neque
3605 3486 3737 3526 con-

2154 3578 2301 3632 scius
2328 3590 2468 3630 sum.
2496 3573 2705 3628 Aliter:
2735 3571 2866 3627 Mihi
2891 3587 2985 3643 pro
3019 3569 3233 3623 minimo
3269 3576 3365 3633 est,
3395 3565 3449 3620 id
3481 3570 3586 3629 est,
3612 3577 3739 3618 esse

2154 3664 2374 3734 aliquid,
2416 3671 2477 3718 ut
2505 3663 2572 3718 ab
2614 3663 2851 3717 humano
2897 3661 3005 3726 die,
3054 3658 3108 3714 id
3153 3666 3257 3724 est,
3284 3658 3531 3713 humana:
3558 3654 3739 3710 laudis

2155 3758 2328 3826 gratia
2356 3755 2441 3811 vel
2467 3754 2650 3810 favore
2680 3770 2787 3809 non
2816 3754 3022 3823 capior,
3062 3759 3122 3807 ut
3151 3752 3279 3806 illud
3306 3767 3322 3806 :
3369 3749 3520 3804 Diem
3560 3750 3730 3803 hami.

2155 3846 2236 3901 nis
2262 3861 2366 3898 non
2389 3844 2701 3910 desiderari,
2747 3844 2803 3899 id
2845 3850 2948 3909 est,
2980 3840 3425 3902 consolationem,
3457 3837 3613 3907 cujus
3638 3835 3736 3905 ju-

2155 3936 2403 3992 cunditas
2430 3934 2700 3991 carnalem
2730 3943 2964 3990 mentem
2993 3940 3172 4005 potest
3205 3946 3421 4004 capere,
3451 3946 3557 3986 non
3588 3946 3739 4002 qua-

2156 4029 2279 4085 sivi.
2320 4026 2641 4101 Sed‘neque
2671 4030 2934 4100 mcipsum
2960 4028 3164 4101 judico,
3188 4028 3242 4084 id
3293 4035 3396 4093 est,
3423 4041 3597 4098 neque
3625 4041 3741 4081 me-

2156 4120 2330 4190 ipsnm
2377 4121 2603 4190 alicujus
2649 4120 2827 4175 meriti
2872 4135 2992 4177 esse
3043 4119 3358 4191 pronuntio,
3427 4117 3552 4188 quia
3608 4117 3737 4188 plus

2155 4214 2316 4268 credo
2341 4212 2687 4269 conscientiae
2722 4227 2874 4279 mere,
2905 4227 3064 4282 quam
3094 4210 3235 4267 laudi
3280 4227 3346 4267 ex
3377 4210 3549 4265 aliena
3579 4214 3737 4265 aesti-

484 4313 668 4366 ctzlum
700 4324 884 4363 novum
913 4314 959 4361 et
998 4314 1139 4359 terra
1166 4319 1316 4357 nova.
1366 4300 1497 4367 Quae
1543 4298 1759 4368 quidem
1808 4300 1925 4349 non'
1950 4292 2054 4347 alia
2079 4316 2133 4376 D
2158 4301 2393 4358 [natione
2419 4301 2675 4358 νεηῖοηιῑ,
2726 4301 2834 4373 (Ex
2861 4299 3106 4374 August.)
3144 4301 3368 4368 Quando
3401 4316 3619 4371 possum
3641 4298 3738 4369 ju-

484 4402 760 4457 condenda
786 4406 930 4462 sunt,
952 4396 1046 4453 sed
1071 4398 1185 4451 ιιωο
1211 4395 1323 4464 ipsa
1348 4398 1695 4446 renovantur.
1725 4388 1931 4443 Caelum
1958 4386 2057 4457 igi-

486 4501 573 4547 tur
601 4500 655 4547 ct
681 4499 846 4555 terra,
875 4498 928 4543 ct
959 4486 1206 4542 transibit
1229 4492 1283 4539 et
1312 4483 1434 4547 erit,
1461 4481 1582 4549 quia
1607 4488 1661 4532 et
1684 4480 1753 4533 ab
1778 4493 1864 4541 ea,
1894 4492 2055 4545 quam

486 4598 627 4639 nunc
657 4584 820 4638 habet
855 4580 1052 4649 specie,
1083 4592 1178 4647 per
1219 4577 1397 4645 ignem
1428 4578 1686 4641 tergetur,
1709 4575 1764 4622 et
1795 4576 1974 4621 tamen
2003 4567 2055 4620 in

484 4690 583 4731 sua
610 4688 822 4742 semper
851 4678 1040 4724 natura
1066 4666 1388 4722 servabitur.

580 4800 995 4860 HEBDOMADA
1028 4798 1069 4853 ll
1113 4796 1297 4851 ANTE
1334 4790 1662 4848 NATALEBI
1707 4787 1962 4852 οολιικι.

1155 4910 1259 4964 hoc
1294 4914 1400 4971 est,

767 5019 1091 5080 DOMlNlCA
1117 5017 1371 5074 TERTIA
1399 5011 1788 5071 ADVENTUS.

485 5142 744 5186 ενιετοιλ
800 5139 957 5180 ΒΕΑΤΙ
1008 5138 1161 5177 Ριιυιι
1214 5133 1469 5176 Αροετοιι
1530 5132 1597 5173 AD
1647 5126 1968 5172 COBINTBIOS
2016 5126 2059 5177 ἰ,

1161 5208 1277 5248 CAP.
1308 5204 1381 5246 IV.

564 5328 583 5360 ι
612 5307 705 5363 Sic
738 5320 837 5361 nos
861 5302 1131 5359 existimet
1175 5304 1334 5357 homo
1362 5308 1422 5355 ut
1449 5298 1723 5354 ministros
1751 5294 1974 5360 Christi,
2006 5301 2061 5350 et

492 5418 514 5452 ι
549 5399 947 5469 dispensatores
971 5392 1347 5464 mysteriorum
1369 5390 1484 5446 Dei.
1510 5389 1611 5443 llic
1642 5387 1756 5455 jam
1799 5385 2061 5455 quaeritur

492 5508 513 5542 ο
550 5491 690 5546 inter
714 5488 1110 5557 dispensatores
1137 5493 1196 5538 ut
1225 5483 1396 5538 ﬁdelis
1423 5482 1545 5550 quis
1572 5476 1897 5533 inveniatur.
1928 5477 2057 5532 Mihi

494 5599 519 5636 ι
552 5588 730 5636 autem
755 5591 853 5648 pro
876 5575 1096 5630 minimo
1125 5583 1228 5640 est,
1263 5580 1380 5627 uta
1404 5569 1556 5625 vobis
1593 5565 1826 5635 jndicer,
1871 5575 1961 5621 aut
1993 5568 2061 5622 ab

2160 4394 2341 4450 dicare
2366 4394 2756 4449 conscientiam
2804 4407 3002 4459 meam,
3049 4393 3264 4464 quando
3299 4391 3611 4446 examinare
3637 4405 3740 4460 po-

2160 4493 2299 4549 tero,
2327 4498 2433 4554 quo
2459 4484 2641 4539 animo
2670 4482 2827 4549 facio,
2851 4483 3107 4553 quidquid
3143 4481 3304 4547 iacio,
3326 4488 3581 4550 quantum
3608 4486 3739 4549 pns-

2160 4590 2279 4629 sum
2319 4574 2566 4629 homines
2601 4573 2669 4629 de
2714 4572 2820 4628 alio
2861 4570 3126 4641 judicare,
3176 4571 3297 4640 plus
3340 4571 3500 4625 homo
3544 4569 3737 4638 utique

2159 4667 2224 4721 de
2264 4681 2321 4721 se
2356 4666 2491 4735 ipso,
2538 4665 2632 4721 sed
2661 4664 2804 4719 Deus
2847 4663 2965 4734 plus
2991 4663 3057 4718 de
3084 4662 3324 4725 homine,
3353 4676 3514 4732 quam
3567 4661 3738 4717 homo

2158 4757 2224 4812 de
2253 4771 2329 4811 se.
2360 4755 2531 4810 Homo
2554 4755 2696 4809 enim
2722 4754 2867 4809 videt
2891 4754 2944 4808 in
2975 4752 3132 4819 facie,
3158 4754 3299 4808 Deus
3326 4752 3383 4806 in
3411 4753 3590 4807 corde.

2228 4847 2332 4904 Sed
2362 4864 2468 4903 non
2512 4848 2567 4902 in
2596 4848 2692 4901 hoc
2735 4846 3060 4917 justiﬁcatus
3100 4860 3237 4900 sum.
3277 4843 3335 4899 Id
3378 4851 3482 4907 est,
3532 4843 3585 4897 in
3625 4842 3734 4898 hoc

2156 4951 2417 5009 tempore,
2460 4946 2553 4991 aut
2585 4937 2632 4992 si
2680 4936 2818 4992 forte
2848 4935 3053 4991 nullum
3090 4935 3298 4991 crimen
3344 4931 3559 4997 admisi,
3609 4932 3736 4987 ideo

2157 5046 2265 5086 non
2292 5028 2531 5101 peccavi.
2579 5027 2638 5082 Si
2683 5028 2786 5083 hoc
2830 5026 3026 5081 Paulus
3070 5026 3220 5091 dicit,
3268 5025 3396 5096 quid
3424 5038 3524 5079 nos
3551 5022 3736 5079 dicere

2159 5118 2462 5175 debemus?
2488 5119 2581 5188 qui
2606 5117 2762 5189 longe
2784 5117 2853 5172 ab
2878 5115 3021 5172 illius
3044 5116 3253 5172 meritis
3293 5116 3574 5170 distamus.
3618 5112 3741 5168 Ali-

2161 5220 2246 5266 ter
2270 5227 2284 5264 :
2314 5209 2437 5265 Non
2477 5210 2533 5263 in
2560 5208 2656 5262 hoc
2675 5206 3000 5279 justiﬁcatus
3027 5223 3163 5271 sum,
3191 5207 3297 5262 hoc
3321 5213 3407 5262 est
3431 5203 3635 5269 dicere,
3660 5216 3738 5257 ne

2162 5302 2264 5357 hoc
2292 5301 2507 5373 quidem
2545 5298 2677 5354 mihi
2716 5298 2781 5352 ad
2800 5297 3065 5370 jpstitiam
3091 5298 3320 5368 proﬁcit,
3351 5297 3397 5351 si
3422 5296 3592 5351 nolim
3618 5293 3740 5349 lau-

2160 5376 2301 5458 dari,
2326 5391 2415 5461 qui
2447 5405 2533 5446 me
2558 5390 2833 5461 indignum
2870 5388 3027 5443 laude
3054 5404 3344 5460 cognosco.

2235 5483 2339 5550 Qui
2366 5493 2539 5538 autem
2559 5481 2765 5552 judicat
2789 5497 2889 5547 me,
2918 5480 3168 5535 Dominus
3194 5489 3289 5534 est.
3317 5480 3393 5534 Ac
3415 5478 3460 5534 si
3488 5478 3696 5533 diceret
3717 5494 3736 5533 ι

2162 5572 2365 5629 Cuncta
2392 5573 2528 5636 haec,
2576 5585 2696 5640 quae
2721 5572 2882 5625 homo
2922 5572 3152 5641 propriae
3182 5568 3557 5625 aestimationis
3599 5565 3740 5624 alie-
