3952 6412
220 267 311 332 εει

1033 261 1551 317 COLLI'XJTIONES
1591 260 1656 315 ΙΝ
1699 259 2081 315 ENSTOLAS
2122 261 2208 316 ET
2252 259 2666 316 EYANGELIA.

3394 260 3499 323 521

217 384 366 432 ctum
393 374 625 445 probare
659 371 932 436 secredit,
966 370 1146 425 divino
1191 380 1318 425 sunt
1359 371 1683 425 reservanda
1719 367 1808 438 ju-
1836 377 1884 433 Α
1910 368 2200 424 ditJesus:
2239 371 2376 425 Caci
2419 371 2610 435 vident,
2661 387 2724 426 ac
2767 372 2811 426 si
2855 370 3079 437 diceret,
3123 380 3335 443 tempus
3370 373 3498 434 illud

217 466 384 531 dicio,
413 464 504 534 qui
552 464 704 519 novit
735 478 844 518 non
885 462 1060 518 solum
1106 463 1172 517 de
1217 462 1496 533 operibus.
1525 463 1620 519 sed
1643 471 1699 518 et
1743 462 1811 518 de

217 557 639 630 cogitationibus
659 555 907 626 judicare
928 555 1128 628 (Eccle.
1144 553 1244 636 rx).

288 649 478 722 Itaque
527 647 687 703 nolite
715 658 837 703 ante
888 656 1090 718 tempus
1134 646 1408 718 Judicare,
1455 659 1563 703 etc.
1618 646 1676 705 Id
1701 654 1809 714 est,

217 741 384 798 nolite
417 748 545 795 ante
594 739 784 808 judicii
835 748 1050 809 tempus
1079 739 1146 794 de
1179 738 1339 797 laude
1387 739 1623 800 hominis
1667 738 1811 796 ferre

217 833 568 895 sententiam,
613 831 740 902 quia
770 831 1032 901 scriptum
1073 838 1178 898 est,
1210 845 1280 887 ne
1316 829 1504 889 laudes
1536 829 1810 889 hominem

217 923 272 976 in
299 922 406 979 vita
437 938 553 979 sua.

288 1015 356 1067 Et
396 1024 519 1068 tunc
569 1020 688 1068 taus
733 1014 834 1072 erit
882 1015 1162 1085 unicuique
1191 1031 1223 1068 a
1258 1013 1390 1072 Deo.
1446 1013 1525 1070 De
1573 1013 1810 1071 humana

217 1103 375 1158 laude
403 1119 463 1160 se
500 1105 701 1164 habere
744 1122 1056 1167 sermonem
1090 1109 1180 1164 hic
1223 1109 1506 1166 evidenter
1549 1107 1805 1172 ostendit,

214 1212 340 1255 cum
374 1198 522 1262 dicit,
565 1199 882 1256 meritorum
923 1201 1210 1256 veritatem
1251 1202 1306 1256 in
1353 1201 1466 1256 sola
1514 1201 1611 1256 Dei
1653 1200 1810 1255 laude

215 1288 537 1356 consistere,
571 1290 661 1344 ille
712 1307 841 1346 vero
870 1291 1158 1348 laudabilis
1189 1302 1295 1359 est,
1336 1307 1496 1364 quem
1526 1293 1669 1348 Deus
1695 1294 1810 1348 lau-

215 1379 444 1448 daverit,
476 1381 568 1453 qui
597 1382 782 1441 omnia
810 1383 1020 1438 occulta
1048 1391 1104 1439 et
1134 1385 1307 1440 invisa
1335 1385 1633 1455 cognoscit.

554 1487 900 1528 EVANCELIUII
931 1490 1210 1539 ΙΛΤἸἮᾹΞΙ,
1243 1491 1363 1530 CAP.
1394 1490 1468 1528 XI.

291 1583 310 1616 s
341 1565 475 1622 Cum
499 1567 742 1622 audisset
769 1566 1007 1622 Joannes
1030 1568 1084 1622 in
1125 1568 1355 1624 vinculis
1377 1583 1541 1637 opera
1582 1565 1804 1630 Christi,

217 1671 237 1704 ι
277 1655 501 1713 mittens
528 1654 666 1710 duos
709 1656 775 1711 de
802 1655 1081 1726 discipulis
1105 1657 1220 1716 suis
1249 1657 1325 1714 ait
1360 1656 1436 1714 illi
1463 1675 1475 1710 :
1517 1655 1598 1715 Tu
1631 1671 1693 1711 es
1713 1656 1804 1726 qui

1914 465 2150 532 advenit,
2197 475 2255 522 ut
2284 467 2412 522 caeci
2443 467 2535 536 qui
2568 467 2733 523 solem
2773 467 2998 538 justitite
3027 467 3179 538 prius
3207 484 3312 522 non
3355 469 3500 524 vide,

1913 556 2065 624 bant,
2086 559 2198 628 jam
2228 559 2482 629 impletur
2509 559 2561 613 in
2596 559 2713 613 eis:
2747 558 2898 612 Beati
2926 558 3124 613 mundo
3153 561 3328 624 corde,
3367 577 3500 631 quo.

1913 653 2052 706 niani
2080 653 2180 722 ipsi
2228 653 2394 708 Deum
2421 652 2684 707 videbunt.
2714 651 2782 708 Et
2811 651 2988 707 claudi
3012 651 3104 722 qui
3149 651 3380 707 terrenis
3409 652 3506 708 ad-

1914 746 2214 810 lncrebant,
2258 753 2312 803 et
2345 745 2412 799 de
2450 744 2761 803 cwlestibus
2789 745 3010 806 minime
3053 744 3384 816 cogitabant,
3407 757 3507 816 per

1913 839 2344 896 mansuetudinis
2397 837 2776 900 humilitatem,
2831 837 2898 891 ad
2953 844 3157 891 terram
3206 836 3502 897 viventium

1917 939 2155 996 currant,
2183 939 2242 984 ut
2272 929 2564 999 impleatur
2604 929 2658 983 in
2698 929 2814 987 eis;
2864 927 3016 982 Beati
3057 927 3228 991 mites,
3254 927 3502 998 quoniam

1910 1023 2012 1093 ipsi
2039 1021 2372 1092 possidebunt
2401 1032 2617 1078 terram.
2655 1021 2724 1082 Et
2765 1020 2986 1094 leprosi,
3013 1021 3105 1090 qui
3133 1021 3398 1076 immensa
3423 1021 3504 1081 vi.

1914 1113 2110 1166 tiorum
2142 1112 2281 1166 mole
2309 1112 2518 1182 gravati
2551 1112 2897 1182 languebant,
2939 1111 3312 1181 paenitentiam
3341 1128 3504 1183 agens

1912 1211 2012 1267 tes,
2049 1201 2474 1262 consolationem
2521 1201 2810 1275 accipiant,
2859 1209 2915 1255 et
2961 1201 3249 1270 impleatur
3277 1201 3333 1257 in
3379 1203 3498 1257 eis:

1910 1291 2060 1346 Beati
2089 1294 2179 1365 qui
2207 1291 2404 1365 lugent,
2427 1293 2676 1363 quoniam
2700 1291 2800 1364 ipsi
2830 1290 3257 1346 consolabuntur.
3287 1292 3355 1347 Et
3377 1307 3501 1348 sur-.-

1910 1383 1985 1448 di,
2017 1384 2110 1454 qui
2147 1383 2397 1438 audiendi
2425 1400 2586 1440 aures
2630 1383 2850 1439 minime
2881 1384 3170 1450 habebant,
3196 1384 3311 1458 jam
3339 1385 3500 1444 modo

1901 1471 2169 1540 justitiam
2204 1475 2385 1530 cordis
2430 1475 2655 1531 auribus
2703 1474 2977 1540 hauriant,
3023 1483 3079 1532 et
3123 1473 3408 1546 impleatur
3444 1473 3500 1535 in

1908 1565 1989 1619 eis
2024 1582 2036 1620 :
2077 1563 2228 1618 Beati
2273 1563 2361 1635 qui
2387 1565 2622 1620 csuriunt
2647 1572 2693 1617 et
2721 1564 2904 1625 sitiunt
2925 1562 3210 1634 Justitiam,
3248 1561 3499 1632 quoniam

1908 1657 2008 1727 ipsi
2036 1657 2390 1714 satiabuntur.
2435 1656 2504 1711 Et
2538 1656 2629 1731 qui
2671 1656 2822 1730 prius
2850 1657 3048 1710 mortui
3095 1664 3254 1712 erant
3281 1655 3415 1720 Deo,
3444 1664 3501 1717 et

218 1763 236 1795 ι
279 1755 540 1820 venturus
559 1761 619 1802 es
645 1761 714 1803 an
739 1746 902 1802 alium
928 1750 1354 1818 exspectamus?
1382 1749 1450 1808 Et
1476 1749 1810 1819 respondens
1836 1751 1885 1810 B
1911 1750 2168 1810 vivebant
2191 1749 2411 1815 saeculo,
2447 1749 2809 1807 misereantur
2839 1764 2938 1820 per
2964 1747 3339 1820 paenitentiam
3383 1747 3502 1802 ani~

217 1856 235 1885 ο
273 1836 434 1892 Jesus
469 1838 546 1897 ait
570 1838 677 1897 illis
709 1852 725 1892 :
760 1838 965 1897 Euntes
990 1840 1298 1899 renuntiate
1327 1838 1520 1896 Joanni
1558 1855 1678 1910 qua:
1707 1855 1809 1895 au-

219 1952 236 1979 ι
276 1930 432 1985 distis
461 1938 518 1986 et
555 1930 789 1988 vidistis.
836 1928 977 1986 Caeci
1023 1930 1227 1996 vident,
1277 1929 1454 1987 claudi
1507 1929 1808 1996 ambulant,

217 2039 237 2072 ι
280 2020 479 2091 leprosi
527 2021 878 2086 mundantur,
927 2022 1074 2077 surdi
1115 2023 1360 2085 audiunt,
1394 2022 1591 2077 mortui
1621 2037 1808 2079 resuro

219 2129 238 2164 ι
279 2119 431 2182 gunt,
481 2125 748 2180 pauperes
777 2111 1240 2182 evangelizantur.
1285 2111 1355 2166 Et
1392 2111 1582 2167 beatus
1603 2120 1692 2169 est
1715 2111 1807 2181 qui

217 2222 238 2254 ι
277 2220 383 2258 non
437 2201 602 2257 fuerit
652 2203 1054 2258 scandalizatus
1107 2204 1162 2258 in
1202 2217 1310 2259 me.
1363 2203 1474 2260 Illis
1505 2212 1685 2260 autem
1714 2204 1811 2262 ab-

219 2311 239 2346 ‹
279 2293 554 2361 euntibus,
582 2293 750 2364 cmpit
776 2291 938 2348 Jesus
963 2293 1148 2348 dicere
1175 2293 1243 2348 ad
1262 2293 1451 2356 turbas
1471 2291 1540 2350 de
1561 2290 1802 2352 Joanne:

222 2405 240 2437 ι
281 2386 421 2458 Quid
467 2385 663 2443 existis
717 2384 770 2442 in
821 2385 1098 2442 desertum
1174 2383 1414 2440 videre?
1467 2382 1806 2442 Arundinem

221 2502 239 2532 ε
276 2475 436 2567 ventq
481 2481 785 2558 agitatam?
817 2479 926 2536 Sed
951 2480 1080 2551 quid
1125 2480 1318 2536 existis
1344 2479 1576 2536 videre?
1623 2477 1810 2533 Homi-

218 2592 239 2626 ε
276 2591 400 2630 nem
447 2574 700 2630 mollibus
747 2573 1048 2629 vestitum?
1089 2572 1231 2628 Ecce
1283 2572 1376 2642 qui
1425 2570 1680 2627 mollibus
1715 2583 1806 2626 ve-

217 2681 240 2717 s
277 2665 516 2720 stiuntur
553 2663 607 2719 in
639 2663 890 2718 domibus
911 2677 1099 2734 regum
1133 2670 1281 2717 sunt.
1312 2661 1418 2718 Sed
1439 2661 1570 2732 quid
1613 2660 1808 2717 existis

215 2770 241 2809 s
278 2754 508 2810 videre?
557 2753 927 2822 Prophetam?
977 2753 1176 2808 Etiam.
1222 2753 1352 2808 Dico
1377 2752 1552 2818 vobis,
1583 2759 1642 2808 et
1685 2752 1808 2822 plus

219 2862 241 2897 ι
275 2860 440 2915 quam
483 2845 822 2916 prophetam.
877 2843 976 2900 Hic
998 2853 1083 2900 est
1117 2844 1263 2900 enim
1294 2844 1360 2900 de
1391 2859 1501 2914 quo
1541 2844 1805 2914 scriptum

219 2953 242 2988 s
275 2944 360 2991 est
385 2953 397 2986 :
431 2935 570 2991 Ecce
599 2936 757 2991 mitto
783 2935 1032 3007 angelum
1061 2951 1240 2993 meum
1270 2945 1393 2992 ante
1411 2935 1609 2993 faciem
1633 2944 1802 3004 luant,

218 3043 239 3080 ι
273 3027 368 3097 qui
391 3027 715 3098 praeparabit
743 3027 886 3085 viam
912 3036 1056 3085 tuam
1082 3037 1207 3086 ante
1236 3038 1306 3084 te.
1331 3049 1351 3082 ι

287 3118 420 3174 Cum
443 3120 678 3174 audisset
697 3119 934 3176 Joannes
947 3122 1003 3175 in
1028 3122 1246 3176 vinculis
1267 3139 1424 3193 opera
1446 3120 1661 3188 Christi,
1685 3123 1801 3178 mit-
1829 3099 1876 3162 (ἶ

215 3219 330 3268 tens
371 3210 502 3269 duos
546 3211 612 3269 de
638 3211 910 3283 discipulis
939 3213 1074 3279 suis,
1098 3214 1172 3266 ait
1201 3213 1322 3268 illi:
1354 3212 1432 3268 Tu
1467 3231 1521 3269 es
1553 3217 1643 3285 qui
1682 3233 1804 3270 ven-

211 3315 368 3360 turus
393 3323 468 3372 es,
494 3323 564 3359 an
593 3305 757 3360 alium
781 3316 1141 3377 exspectamus
1166 3308 1191 3362 ἲ
1213 3308 1310 3380 (Ex
1337 3307 1522 3382 Beda.)
1546 3308 1644 3376 Qui
1669 3326 1802 3365 veno

216 3405 371 3453 turus
396 3405 497 3458 est.
533 3397 585 3452 id
612 3405 715 3464 est,
759 3413 922 3470 quem
963 3399 1240 3470 prophetae
1282 3410 1568 3457 venturum
1603 3403 1802 3472 praedi-

215 3495 429 3543 carunt.
478 3486 594 3542 Non
639 3488 757 3543 ait:
808 3489 886 3544 Tu
914 3505 974 3546 es
1002 3491 1093 3560 qui
1139 3491 1359 3556 venisti,
1398 3493 1494 3547 sed
1519 3501 1576 3546 tu
1621 3507 1683 3549 es
1710 3493 1801 3563 qui

218 3587 478 3636 venturus
501 3595 582 3645 es,
614 3590 668 3636 et
696 3591 779 3636 est
819 3596 1030 3648 sensus,
1063 3585 1258 3639 manda
1299 3585 1451 3651 mihi,
1482 3587 1573 3655 qui
1601 3586 1804 3641 interti-

214 3669 440 3726 ciendus
465 3673 533 3726 ab
561 3672 791 3739 Herode,
822 3682 879 3728 et
905 3675 972 3732 ad
1002 3674 1210 3730 inferna
1255 3677 1618 3733 descensurus
1659 3694 1801 3738 stur.

215 3769 399 3820 utrum
435 3771 486 3816 te
511 3771 567 3818 et
595 3764 649 3818 in
675 3763 861 3820 inferis
882 3765 1108 3820 debeam
1130 3767 1407 3833 nuntiare,
1436 3772 1528 3837 qui
1559 3769 1800 3824 nuntiari

215 3851 449 3920 superis,
481 3867 548 3908 an
585 3865 691 3906 non
719 3853 1006 3908 conveniat
1031 3852 1172 3909 Filio
1210 3853 1324 3918 Dei,
1354 3864 1414 3910 ut
1452 3864 1633 3928 gustet
1658 3873 1802 3913 mor-

217 3951 343 4005 tem,
377 3951 432 3998 et
456 3943 620 3998 alium
649 3945 716 3998 ad
745 3944 861 4000 haec
883 3954 1223 4000 sacramenta
1255 3946 1520 4004 missurus
1543 3965 1622 4004 es.

289 4033 356 4086 Et
391 4034 703 4104 respondens
743 4033 920 4101 Iesus,
958 4037 1032 4090 ait
1077 4035 1185 4092 illis
1207 4050 1226 4089 :
1271 4037 1472 4094 Euntes
1510 4043 1802 4096 renuntiate

213 4121 413 4178 Joanui
447 4139 564 4194 qua:
581 4123 804 4179 audistis
848 4137 897 4179 et
945 4126 1150 4180 vidistis
1185 4140 1204 4178 :
1230 4129 1356 4182 eieci
1399 4129 1590 4193 vident,
1624 4129 1801 4187 claudi

213 4213 509 4280 ambulant,
538 4213 728 4283 leprosi
771 4216 1116 4280 mundantur,
1143 4218 1289 4270 surdi
1327 4219 1571 4284 audiunt,
1608 4224 1801 4275 mortui

215 4313 513 4372 resurgunt,
543 4321 796 4373 pauperes
820 4304 1266 4374 evangelisuntur,
1293 4317 1341 4361 et
1380 4307 1560 4362 beatus
1598 4320 1672 4364 est
1709 4313 1800 4381 qui

213 4410 321 4447 non
343 4393 501 4460 fuerit
540 4393 934 4452 scandalizatus
961 4397 1016 4451 in
1045 4413 1142 4451 me.
1185 4396 1286 4468 (Ex
1312 4397 1586 4472 Fulgent.)
1639 4402 1798 4458 Aliud

1913 1859 2016 1898 mae
2039 1858 2171 1909 suae,
2197 1852 2255 1898 et
2294 1844 2498 1908 vivant,
2526 1851 2584 1902 et
2625 1842 2916 1912 impleatur
2947 1842 3000 1896 in
3025 1842 3106 1896 eis
3131 1858 3144 1895 :
3171 1840 3328 1896 Beati
3349 1840 3502 1900 mise-

1911 1932 2165 1998 ricordes,
2205 1933 2453 2003 quoniam
2498 1932 2597 2003 ipsi
2643 1931 3057 1986 misericordiam
3099 1939 3498 2003 consequentur.

1910 2023 1978 2078 Et
2005 2023 2096 2094 qui
2123 2001 2275 2094 prius
2316 2001 2580 2094 pauperes
2623 2031 2780 2078 erant
2817 2021 3132 2086 virtutibus,
3174 2001 3526 2090 impleantur

1911 2113 2118 2185 Spiritu
2154 2123 2364 2180 sancto,
2411 2123 2465 2170 et
2487 2114 2881 2186 evangelizcnt,
2911 2121 2972 2170 ut
3018 2112 3231 2174 dicatur
3263 2110 3444 2170 dehis
3480 2127 3494 2170 ;

1911 2205 2084 2272 Quam
2133 2205 2338 2276 pulchri
2386 2221 2542 2276 super
2585 2213 2784 2262 montes
2824 2203 2979 2274 pedes
3027 2200 3496 2278 euangelizantium

1908 2311 2110 2365 pacem,
2136 2294 2605 2366 euangelizandum
2633 2293 2768 2347 bona
2796 2292 2952 2363 (Isai.
2983 2291 3100 2364 Lit).

1979 2383 2049 2436 Et
2091 2384 2272 2442 beatus
2313 2394 2409 2447 est,
2457 2384 2545 2456 qui
2585 2399 2690 2438 non
2730 2383 2887 2453 fuerit
2931 2381 3346 2441 scandalizatus.
3394 2381 3495 2453 (Es

1909 2473 2097 2545 Greg.)
2128 2476 2268 2542 Quid
2307 2483 2393 2531 est
2417 2490 2546 2547 ergo
2570 2475 2771 2541 dicere,
2803 2473 2985 2530 beatus
3009 2483 3103 2539 est,
3129 2474 3219 2545 qui
3250 2489 3356 2533 non
3379 2473 3494 2544 fug.

1909 2565 1977 2618 rit
2003 2565 2396 2620 scandalizatus
2441 2567 2497 2620 in
2540 2565 2671 2620 me?
2703 2565 2809 2620 nisi
2838 2573 3027 2636 aperta
3068 2579 3198 2623 voce
3241 2561 3499 2632 abiectio-

1909 2671 2034 2711 nem
2063 2658 2256 2712 mortis
2281 2673 2392 2712 sua:
2417 2657 2890 2728 humilitatemque
2923 2656 3183 2727 signare?
3224 2654 3305 2712 Ac
3333 2655 3378 2711 si
3403 2671 3499 2726 pa,

1909 2755 2088 2803 tenter
2113 2749 2274 2815 dicat,
2298 2749 2436 2803 mira
2467 2747 2682 2818 quidem
2727 2748 2889 2818 facio,
2920 2750 3013 2804 sed
3053 2747 3264 2820 abjecta
3293 2749 3499 2828 perpeti

1907 2854 2014 2895 non
2045 2839 2324 2911 dedignor,
2352 2841 2478 2910 quia
2508 2855 2607 2912 ego
2638 2841 2918 2896 moriendo
2947 2842 3267 2910 subsequor.
3295 2840 3498 2897 Caven.

1908 2933 2036 2985 dum
2059 2930 2215 2986 valde
2250 2939 2335 2986 est
2360 2931 2690 2994 hominibus,
2736 2946 2803 2987 ne
2833 2932 2887 2986 in
2925 2947 3010 2987 me
3042 2940 3271 2990 mortem
3317 2932 3498 3011 despi-

1908 3025 2075 3090 ciant,
2107 3024 2198 3094 qui
2225 3025 2378 3096 signa
2409 3031 2762 3079 venerantur.

1979 3113 2098 3168 Illis
2128 3123 2304 3168 autent
2348 3114 2658 3169 abeuntibus
2702 3115 2851 3185 coepit
2891 3113 3049 3170 Iesus
3087 3115 3262 3172 dicere
3285 3117 3356 3172 ad
3381 3127 3498 3172 tur.

1905 3207 1998 3262 bas
2021 3207 2086 3261 de
2121 3205 2328 3261 Joanne
2350 3219 2369 3258 .°
2409 3205 2550 3272 Quid
2580 3207 2759 3261 existis
2787 3207 2842 3260 in
2864 3206 3126 3262 desertum
3147 3209 3318 3264 videre
3340 3211 3364 3264 ἲ
3389 3219 3496 3273 etc,

1906 3296 2021 3355 lloc
2058 3298 2309 3359 videlicet
2350 3313 2455 3353 non
2497 3298 2812 3364 asscrendo,
2862 3299 2957 3354 sed
3002 3301 3252 3371 negando
3293 3301 3496 3363 intulit.

1903 3391 2238 3451 Arundinem
2269 3390 2489 3460 quippe,
2531 3405 2657 3445 mox
2687 3398 2747 3444 ut
2772 3405 2906 3444 aura
2943 3391 3252 3463 contigerit,
3281 3392 3335 3453 in
3365 3405 3496 3464 par-

1907 3491 2015 3559 tem
2040 3481 2226 3548 ﬂectit,
2257 3481 2465 3551 etquid
2485 3496 2584 3553 per
2619 3481 2964 3549 arundinem,
2992 3481 3097 3542 nisi
3119 3483 3356 3543 carnalis
3380 3486 3499 3541 ani.

1905 3588 2028 3628 mus
2074 3571 2408 3642 designatur,
2457 3572 2549 3642 qui
2596 3587 2722 3630 mox
2768 3570 2972 3638 favore,
3029 3573 3113 3636 vel
3159 3575 3495 3637 detractione

1907 3663 2166 3732 tangitur,
2197 3663 2251 3719 in
2276 3674 2486 3736 partem
2508 3663 2806 3734 quamlibet
2833 3664 3142 3727 inclinatur.
3167 3666 3226 3723 Si
3248 3667 3394 3731 enim
3419 3669 3492 3729 ab

1906 3758 2142 3818 humano
2171 3772 2267 3814 ore
2293 3773 2426 3812 aura
2475 3757 2678 3814 favoris
2720 3757 2951 3825 ﬂaverit,
2981 3759 3277 3829 hilarescit,
3321 3763 3494 3819 extol.

1905 3851 2054 3915 titur,
2095 3859 2376 3920 totumque
2417 3853 2653 3922 sequasi
2686 3851 2753 3907 ad
2799 3869 3023 3924 granum
3072 3854 3278 3924 ﬂectit;
3310 3860 3404 3916 sed
3445 3861 3492 3920 si

1907 3941 2030 3998 inde
2055 3949 2248 3996 ventus
2281 3939 2636 4002 detractionis
2679 3945 2944 4015 eruperit,
2989 3947 3131 4009 unde
3159 3948 3332 4009 laudis
3355 3966 3488 4014 aura

1903 4030 2172 4094 veniebat,
2196 4046 2322 4086 mox
2345 4032 2489 4093 hunc
2509 4035 2662 4103 quasi
2683 4035 2750 4093 ad
2772 4046 2979 4105 partem
3006 4039 3256 4108 alteram,
3287 4043 3355 4098 ad
3383 4043 3490 4105 vim

1903 4121 2104 4176 furoris
2143 4120 2386 4178 inclinat.
2421 4122 2528 4178 Sed
2568 4126 2777 4184 arundo
2808 4136 2968 4184 vento
3009 4131 3212 4200 agitata
3253 4133 3492 4192 Joannes

1902 4226 2009 4266 non
2044 4219 2184 4277 erat,
2211 4213 2336 4282 quia
2363 4213 2505 4275 hunc
2532 4230 2633 4270 nec
2661 4216 2914 4276 blandum
2951 4221 3150 4290 gratia,
3175 4237 3275 4283 nec
3305 4224 3489 4293 cujus.

1901 4300 2032 4354 libet
2073 4301 2150 4360 ira
2180 4317 2433 4372 asperum
2476 4302 2724 4371 faciebat,
2771 4322 2872 4362 nec
2905 4323 3163 4380 prospera
3202 4313 3350 4376 hunc
3383 4318 3492 4377 eri.

1901 4410 2052 4465 gere,
2091 4411 2189 4450 nec
2219 4396 2447 4455 adversa
2478 4408 2742 4456 noverant
2768 4399 3048 4462 inclinare.

213 4482 361 4537 enim
396 4489 605 4538 tantum
633 4483 945 4548 audierunt,
975 4484 1117 4540 aliud
1148 4493 1354 4540 tantum
1380 4488 1666 4544 viderunt:
1700 4507 1799 4545 au-
1831 4472 1881 4530 Ῐ)
1979 4486 2086 4540 Sed
2114 4487 2238 4559 quid
2276 4487 2456 4546 existis
2501 4489 2693 4555 videre,
2743 4491 3006 4553 hominem
3046 4495 3290 4554 mollibus
3333 4503 3490 4556 uestis

213 4572 436 4630 dierunt
460 4573 602 4632 enim
647 4574 790 4642 quod
837 4574 984 4628 surdi
1031 4575 1301 4641 audirent,
1351 4579 1492 4646 quod
1537 4595 1802 4651 pauperes

213 4661 756 4734 evangelizarenturp
782 4665 1032 4719 viderunt
1089 4675 1269 4723 autem
1313 4683 1486 4724 caecos
1531 4670 1796 4737 videntes,

215 4753 438 4810 claudos
473 4753 826 4818 ambulantes,
858 4755 1100 4824 leprosos
1143 4761 1444 4815 mundatos.
1486 4759 1800 4819 Renuntiate

212 4844 434 4912 Joanni,
461 4852 564 4900 etc.
591 4845 668 4899 Ac.
692 4845 736 4900 si
766 4846 988 4910 diceret,
1031 4849 1270 4904 nuntiate
1297 4847 1510 4914 Joanni,
1542 4853 1668 4921 quia
1697 4867 1798 4924 ego

215 4951 338 4992 sum
369 4937 433 4991 de
466 4953 572 5010 quo
616 4940 875 5008 propheta
906 4939 1117 4998 diccbat
1146 4959 1158 4998 ;
1209 4941 1349 4996 Deus
1395 4943 1503 5012 ipse
1532 4945 1714 5012 veniet,
1744 4955 1792 5000 et

213 5027 387 5086 salvos
418 5045 508 5082 nos
529 5029 683 5099 faciet
709 5029 860 5099 (Esa.
893 5031 1077 5098 xxxv).
1101 5029 1241 5086 Caeci
1264 5032 1459 5095 vident,
1492 5042 1548 5087 ut
1575 5034 1796 5104 implea-

217 5129 309 5174 tur
337 5117 462 5173 illnd
492 5121 864 5192 prOpheticum
889 5136 902 5174 :
947 5121 1091 5178 Tunc
1143 5124 1443 5192 aperientur
1469 5125 1607 5178 oculi
1634 5142 1799 5179 acco-

217 5225 355 5263 rum.
384 5207 569 5264 Claudi
592 5211 888 5277 ambulant,
922 5219 984 5265 ut
1007 5211 1333 5282 impleatur:
1369 5213 1511 5268 Tunc
1544 5215 1694 5269 saliet
1724 5217 1798 5270 si-

213 5308 303 5356 cut
332 5316 512 5354 cervus
541 5299 779 5356 claudus.
821 5301 982 5358 Surdi
1009 5304 1251 5368 audiunt,
1280 5313 1338 5358 ut
1375 5305 1693 5380 impleatur:
1723 5306 1794 5361 Et

213 5407 371 5447 aures
417 5390 696 5445 surdorum
737 5393 1003 5462 patebunt.
1047 5393 1409 5464 Spiritualiter
1447 5395 1683 5454 Joannes
1719 5397 1793 5452 le-

149 5492 152 5496 '
213 5498 337 5554 gem
367 5482 671 5555 significat:
705 5483 845 5553 Ergo
882 5483 1116 5542 Joannes
1151 5487 1204 5542 in
1240 5489 1468 5545 vinculis
1493 5489 1576 5546 lex
1617 5491 1796 5550 vincta

217 5575 269 5630 in
295 5571 516 5641 Judazis,
560 5575 707 5630 misit
735 5577 869 5630 duos
910 5575 1130 5632 Scribas
1163 5587 1218 5632 et
1255 5578 1592 5636 Pharismos:
1625 5581 1706 5638 Tu
1735 5597 1794 5640 es

215 5663 324 5728 lex.
356 5664 647 5737 interrogat
670 5665 966 5730 Christum,
993 5676 1050 5723 ut
1071 5682 1192 5722 eum
1229 5671 1500 5742 praedicet.
1547 5672 1790 5749 Respon-

575 5757 851 5820 Pnuot.
899 5754 1032 5823 Cll.

1903 4585 2053 4638 tum?
2086 4583 2220 4642 Ecce
2246 4583 2337 4654 qui
2364 4583 2606 4638 mollibus
2633 4586 2922 4640 vestiuntur
2948 4589 3003 4646 in
3040 4589 3278 4648 domibus
3306 4611 3486 4667 regum

1903 4687 2045 4730 sunt.
2077 4675 2418 4732 Camelorum
2441 4677 2641 4735 etenim
2667 4677 2793 4748 pilis
2814 4680 3041 4736 vestitus
3065 4679 3301 4742 Joannes
3321 4685 3490 4746 fuisse

1902 4768 2248 4824 describitur.
2303 4765 2417 4820 Non
2445 4782 2576 4838 ergo
2617 4769 2843 4836 caelesti,
2890 4771 3084 4842 inquit,
3128 4776 3223 4831 sed
3269 4785 3490 4839 terreno

1899 4874 2066 4931 regno
2088 4857 2320 4912 militant
2343 4857 2420 4923 hi,
2445 4857 2535 4926 qui
2558 4874 2656 4928 pro
2679 4860 2788 4915 Deo
2810 4865 3017 4931 perpeti
3039 4881 3226 4937 aspera
3252 4867 3485 4943 fugiunt,
3515 4896 3524 4908 ο

1900 4951 1994 5006 sed
2025 4948 2155 5008 solis
2180 4947 2542 5006 exterioribus
2581 4951 2768 5017 dediti,
2798 4956 3082 5023 prazsentis
3127 4959 3250 5019 vita:
3292 4963 3486 5022 molliti

1899 5051 2046 5107 sunt,
2089 5049 2147 5095 et
2174 5039 2584 5102 delectationem
2632 5053 2900 5112 quaerunt.
2939 5045 3109 5104 Nemo
3143 5066 3272 5122 ergo
3297 5055 3488 5112 existi.

1900 5143 2012 5200 met
2040 5132 2093 5186 in
2123 5131 2252 5191 luxu
2274 5141 2438 5201 atque
2475 5133 2654 5191 studio
2681 5136 2935 5202 vestium,
2964 5151 3248 5208 peccatum
3276 5145 3482 5215 deesse.

1901 5224 2028 5291 quia
2068 5225 2112 5280 si
2141 5225 2247 5280 hoc
2289 5223 2445 5294 culpa
2475 5239 2582 5282 non
2614 5235 2778 5293 esset,
2825 5229 2974 5289 nullo
3020 5234 3181 5292 modo
3223 5233 3482 5304 Joannem

1903 5317 2162 5372 Dominus
2209 5316 2276 5372 de
2333 5315 2642 5374 vestimenti
2689 5320 2771 5378 sui
2835 5324 3132 5391 asperitate
3185 5327 3486 5395 laudasset.

1901 5405 2157 5473 Quamvis
2180 5407 2283 5463 hoc
2307 5408 2452 5478 quod
2495 5406 2732 5468 Joannes
2773 5427 2878 5467 non
2905 5424 3052 5473 esset
3085 5418 3312 5475 vestitus
3349 5422 3482 5479 ωοι.

1898 5496 2041 5553 libus
2069 5497 2288 5563 dicitur,
2321 5514 2417 5568 per
2455 5499 2900 5569 signiﬁcationem
2947 5505 3170 5578 intelligi
3205 5507 3362 5564 aliter
3385 5526 3481 5582 po-

1900 5593 2027 5641 ωδε.
2076 5585 2322 5644 Mollibus
2368 5587 2511 5646 enim
2561 5592 2788 5647 vestitus
2835 5609 2940 5648 non
2988 5594 3108 5660 fuit,
3159 5599 3285 5668 quia
3312 5601 3480 5658 vitam

1900 5680 2263 5756 peccantium,
2295 5695 2400 5738 non
2444 5681 2827 5745 blandimentis
2873 5685 3026 5750 fovit.
3057 5689 3150 5744 sed
3179 5692 3362 5762 vigore
3392 5711 3478 5759 με*

3001 5781 3072 5848 1'1
