3952 6416
439 282 544 339 5'23

1731 273 2079 329 SMARAGDI
2113 269 2404 327 ABBATIS

3607 271 3676 324 5L9.
3687 272 3716 324 ι

439 413 582 470 pera:
633 394 951 451 invectiouis
996 391 1314 462 increpavit,
1365 390 1551 445 dicens
1578 409 1588 442 :
1641 388 1917 443 Ccnimina
1960 391 2032 443 vi-
2062 396 2108 454 Α
2134 385 2563 450 commendatur,
2587 384 2676 456 qui
2705 400 2827 440 cum
2854 391 3016 440 tanta:
3038 384 3255 439 virtutis
3279 393 3442 449 esset,
3475 393 3533 439 ut
3557 384 3723 441 Chri-

439 502 707 558 perarum,
758 485 874 555 quis
911 479 1053 536 vobis
1089 479 1462 534 demonstravit
1509 480 1686 549 fugere
1730 494 1761 531 a
1810 488 2028 532 ventura

441 582 524 633 ira
549 577 762 650 (Matth.
793 575 914 642 tu)?

511 673 618 728 Sed
646 672 773 744 quid
814 671 996 726 existis
1032 671 1246 727 videre?
1290 667 1646 741 Prophetam?
1671 676 1720 722 et
1763 666 1880 739 jam
1910 667 2029 720 dico

440 764 578 818 vobis
618 775 665 818 et
699 764 974 835 plusquam
1022 764 1348 835 prophetam.
1386 760 1668 831 Propheta:
1698 760 1897 830 quippe
1925 758 2027 812 mi—

441 857 724 910 nisterium
751 864 854 922 est,
885 865 1113 910 ventura
1141 857 1342 918 dicere,
1368 869 1474 907 non
1507 854 1667 907 etiam
1691 853 2030 906 demonstra-

442 964 521 1003 re.
550 947 788 1004 Joannes
815 963 942 1017 ergo
972 947 1257 1017 plusquam
1289 946 1548 1016 propheta
1594 955 1698 1008 est,
1728 944 1854 1013 quia
1882 957 2028 1008 eum,

443 1056 603 1110 quem
631 1039 1012 1110 pnecurrendo
1037 1039 1475 1108 prophetaverat.
1509 1036 1671 1090 etiam
1700 1031 2033 1089 ostendendo

444 1133 749 1186 nuntiabat.

515 1221 620 1276 Hic
643 1231 718 1277 est
743 1221 806 1276 de
825 1238 924 1292 quo
949 1222 1197 1290 scriptum
1235 1227 1310 1274 est
1337 1232 1354 1270 :
1393 1216 1548 1271 Mitto
1579 1213 1822 1285 angelum
1856 1229 2029 1267 meum

447 1324 568 1369 ante
595 1313 784 1384 faciem
816 1324 982 1378 tuum,
1015 1313 1104 1379 qui
1142 1309 1454 1382 pravparavit
1480 1309 1615 1360 viam
1646 1315 1790 1359 tuam
1821 1313 1940 1358 ante
1965 1313 2032 1358 te.

447 1405 598 1472 Quod
628 1403 815 1459 Gncce
849 1401 1082 1477 ἄγγελος,
1107 1401 1327 1472 angelus
1356 1399 1547 1453 Latine
1573 1396 1792 1450 nuntius
1817 1395 2032 1450 dicitur.

450 1497 617 1551 ilccte
655 1509 803 1566 ergo,
841 1494 934 1564 qui
977 1492 1228 1547 nuntiare
1258 1504 1551 1560 supernum
1592 1486 1830 1556 judicem
1876 1485 2040 1539 mitti-

451 1598 558 1654 tur,
586 1588 806 1658 angelus
846 1594 1093 1651 vocatur,
1125 1592 1185 1639 ut
1227 1583 1540 1654 dignitatem
1572 1588 1752 1636 servet
1791 1579 1844 1632 in
1870 1577 2039 1632 nomi-

448 1694 535 1745 ne,
569 1693 731 1750 quam
763 1678 942 1748 esplet
982 1676 1314 1747 Operatione.
1360 1673 1538 1728 Alium
1573 1671 1790 1742 quidem
1839 1683 2034 1724 nomen

2132 484 2248 530 stus
2273 474 2418 530 credi
2442 475 2740 546 potuisset,
2787 475 2951 546 elegit
2999 474 3167 530 solide
3215 475 3514 530 subsistere
3550 477 3602 531 in
3634 494 3712 540 se,

2132 581 2200 620 ne
2245 566 2481 620 humana
2527 565 2780 635 opinione
2814 573 3100 635 raperetur
3142 564 3374 620 inaniter
3423 579 3586 635 super
3631 583 3714 624 sc.

2135 655 2276 710 Nam
2307 656 2574 727 confessus
2601 665 2696 722 est,
2724 664 2773 712 et
2803 672 2906 711 non
2934 654 3156 726 negavit,
3186 656 3453 725 confessus
3476 667 3574 724 est,
3590 661 3716 730 quia

2135 765 2238 803 non
2287 765 2403 803 sum
2446 765 2540 820 ego
2596 743 2856 803 Christus.
2917 747 3022 802 Sed
3058 748 3181 817 quia
3211 749 3378 815 dixit,
3427 765 3532 805 non
3569 766 3712 814 sum,

2135 843 2351 911 negavit
2379 840 2539 910 plane
2567 842 2712 911 quod
2748 857 2854 896 non
2877 848 2996 894 erat
3022 880 3036 905 ,
3075 843 3172 895 sed
3194 855 3300 894 non
3329 841 3545 911 negavit
3570 844 3716 911 quod

2135 941 2273 995 erat,
2307 942 2367 986 ut
2411 933 2699 986 veritatem
2747 931 2973 1001 loquens
2995 971 3009 996 ,
3055 932 3171 1002 ejus
3199 932 3504 986 membrum
3540 931 3714 1000 ﬁeret,

2137 1021 2291 1090 cujus
2314 1022 2414 1077 sibi
2439 1037 2633 1076 nomen
2667 1021 2933 1076 fallaciter
2958 1037 3064 1076 non
3093 1029 3398 1090 usurparet.

2208 1111 2275 1166 Et
2302 1116 2748 1182 interrogaverunt
2775 1129 2893 1165 eum
2929 1128 2946 1166 :
2977 1111 3117 1177 Quid
3146 1113 3306 1182 ergo?
3333 1111 3483 1167 Elias
3527 1130 3580 1168 es
3614 1124 3672 1167 tu
3695 1115 3724 1168 ζ’

2139 1203 2209 1258 Et
2243 1203 2375 1257 dixit
2403 1216 2421 1254 :
2447 1203 2568 1256 Non
2609 1219 2745 1257 sum.
2789 1203 3106 1257 Timendnm
3130 1211 3212 1257 est
3231 1203 3400 1268 enim,
3438 1218 3509 1257 ne
3539 1207 3721 1259 minus

2141 1294 2500 1364 intelligentes
2519 1294 2795 1350 contraria
2828 1301 3015 1364 putent
3033 1293 3294 1348 Joannem
3309 1294 3532 1360 dixisse,
3555 1310 3719 1363 quam

2140 1388 2436 1444 Christum.
2477 1388 2726 1443 Christus
2748 1387 2958 1442 dixerat
2994 1403 3007 1440 :
3039 1386 3185 1442 Elias
3205 1384 3318 1454 jam
3342 1387 3504 1452 venit,
3528 1397 3584 1442 et
3605 1388 3722 1459 ipse

2141 1487 2225 1532 est
2252 1477 2488 1533 Joannes
2510 1477 2770 1547 Baptista.
2813 1475 3050 1532 Joannes
3080 1477 3463 1547 interrogatus,
3497 1492 3721 1546 respon-

2143 1570 2259 1624 dit.
2295 1567 2410 1622 Non
2445 1582 2566 1622 sum
2597 1566 2777 1632 Elias,
2814 1567 3032 1636 utrique
3069 1567 3214 1620 enim
3255 1565 3540 1619 veritatem
3569 1566 3722 1620 dixe-

2144 1667 2288 1713 runt.
2333 1656 2391 1712 Si
2417 1656 2805 1726 proprietatem
2847 1657 3170 1726 interroges,
3209 1653 3447 1710 Joannes
3483 1654 3724 1710 Joannes

446 1738 549 1835 est,
575 1738 668 1822 sed
693 1767 816 1821 vitae
835 1738 1058 1821 nomine
1085 1764 1312 1819 inferior
1350 1777 1457 1817 non
1487 1738 1605 1816 est:
1627 1759 1733 1814 Sed
1760 1766 1815 1812 et
1844 1771 2034 1812 omnes
2063 1738 2112 1800 Β
2140 1759 2245 1816 est,
2279 1759 2333 1805 et
2361 1750 2506 1805 Elias
2530 1750 2675 1805 Elias
2700 1758 2802 1805 est.
2842 1749 3073 1805 Joannes
3102 1757 3278 1803 autem
3315 1757 3460 1804 recte
3494 1747 3563 1803 de
3594 1763 3722 1818 pro-

447 1861 538 1932 qui
581 1858 872 1914 sacerdotii
917 1856 1136 1912 nomine
1172 1861 1484 1918 censentur,
1532 1849 1706 1922 angeli
1749 1855 2032 1913 vocantur,

445 1951 706 2020 propheta
751 1955 1061 2010 altestante,
1095 1947 1187 2016 qui
1215 1945 1327 2000 ait:
1364 1944 1529 1997 Labia
1555 1941 1843 1997 sacerdotis
1865 1950 2038 1994 custo-

447 2044 600 2098 diunt
629 2043 926 2106 scientiam,
957 2049 1005 2095 et
1032 2039 1193 2109 legem
1238 2039 1509 2108 requirunt
1535 2051 1599 2089 ea:
1625 2050 1714 2088 ore
1751 2033 1888 2103 ejus,
1913 2032 2038 2104 quia

448 2129 664 2202 angelus
690 2129 902 2183 Domini
929 2129 1249 2182 exercituum
1273 2133 1366 2180 est.
1409 2124 1519 2179 Nec
1544 2139 1651 2178 non
1690 2123 1853 2178 etiam
1873 2135 2038 2176 unus-

448 2221 679 2291 quisque
725 2219 984 2284 iidelium,
1034 2218 1088 2272 in
1129 2225 1393 2288 quantum
1437 2213 1654 2280 sufﬁcit,
1696 2213 1750 2268 in
1778 2221 2036 2283 quantum

449 2311 676 2382 gratiam
719 2323 964 2380 superum
989 2307 1336 2379 aspirationis
1365 2305 1578 2374 accipit,
1623 2304 1668 2359 si
1708 2318 1739 2357 a
1772 2303 2040 2374 pravitate

448 2401 754 2469 proximum
785 2408 1026 2463 revocat,
1053 2398 1099 2453 si
1126 2397 1403 2453 exhortari
1437 2396 1503 2450 ad
1543 2396 1679 2449 bene
1706 2393 2036 2463 operandum

451 2499 626 2554 curat,
672 2489 718 2544 si
767 2495 1028 2543 mternum
1073 2502 1299 2560 regnum
1349 2485 1430 2542 vel
1467 2485 1788 2556 supplicium
1833 2481 2042 2540 erranti

452 2580 753 2642 denuntiat,
781 2595 905 2634 cum
943 2580 1109 2634 verba
1139 2587 1340 2634 sancta:
1365 2575 1750 2640 admonitionis
1781 2574 2036 2640 intendit,

453 2672 693 2743 profecto
719 2670 943 2742 angelus
965 2671 1169 2726 existit.

557 2782 1023 2839 HEBDOMADAI
1065 2781 1249 2837 ANTE
1289 2779 1617 2837 NATALEM
1666 2777 1928 2846 DOMINI,

1140 2911 1241 2952 noc
1273 2909 1394 2960 nsr,

700 3013 1021 3070 DOMINICA
1063 3012 1350 3080 QUARTA
1388 3009 1780 3068 ADVENTUS.

2137 1841 2372 1911 prietate
2422 1852 2670 1910 persona:
2701 1853 2812 1895 suae
2862 1840 3182 1910 respondit,
3233 1837 3354 1894 Non
3396 1854 3514 1894 sum
3551 1839 3719 1894 Elias.

2136 1931 2398 1986 Dominus
2441 1946 2572 1986 vero
2612 1930 2679 1986 de
2725 1931 3162 2002 przeliguratione
3209 1938 3360 1985 recte
3387 1930 3521 1985 dicit
3555 1947 3570 1985 :
3604 1930 3724 2000 Ipse

2135 2031 2224 2078 est
2246 2022 2409 2076 Elia‘s.
2447 2021 2558 2076 Nec
2586 2020 2824 2077 Joannes
2853 2021 3067 2088 falsum,
3093 2036 3192 2076 nec
3220 2021 3482 2076 Dominus
3503 2021 3721 2086 falsum,

2137 2114 2253 2183 ipsa
2276 2113 2716 2184 praeﬁguratione
2739 2113 2889 2168 venit
2915 2112 3018 2168 iste
3039 2152 3056 2179 ,
3086 2127 3192 2184 qua
3222 2113 3555 2183 proprietate
3587 2129 3722 2170 ven-

2138 2212 2296 2260 turus
2323 2213 2410 2260 est
2439 2204 2603 2259 Elias.

2207 2296 2445 2352 Joannes
2475 2297 2642 2368 igitur
2669 2295 2725 2350 in
2768 2295 2962 2368 spiritu
3009 2295 3154 2351 Elias
3194 2303 3346 2362 erat,
3388 2295 3444 2351 in
3486 2310 3722 2366 persona

2138 2387 2286 2442 Elias
2308 2401 2414 2442 non
2445 2393 2582 2442 erat.
2625 2385 2779 2453 Quod
2813 2401 2943 2458 ergo
2973 2385 3232 2442 Dominus
3271 2384 3478 2441 fatetur
3505 2387 3572 2465 de
3611 2389 3720 2459 spi-

2138 2479 2269 2542 ritu,
2297 2478 2402 2532 hoc
2434 2475 2672 2532 Joannes
2705 2475 2938 2548 denegat
2977 2476 3046 2532 de
3075 2490 3342 2546 persona,
3397 2477 3613 2550 qniget
3635 2477 3725 2547 ju-

2138 2578 2280 2626 stum
2316 2570 2396 2624 sic
2433 2577 2587 2632 erat,
2639 2577 2700 2624 ut
2732 2577 2789 2623 et
2824 2567 3106 2638 discipulis
3135 2569 3396 2625 Dominus
3423 2570 3725 2639 spiritalem

2139 2659 2207 2714 de
2229 2657 2437 2714 Joanne
2465 2657 2790 2714 sententiam
2819 2657 3056 2723 diceret;
3087 2667 3142 2712 et
3180 2655 3416 2713 Joannes
3457 2658 3514 2713 in
3551 2657 3728 2714 turbis

2139 2749 2447 2805 carnalibus
2469 2789 2484 2816 ,
2528 2764 2636 2804 non
2672 2749 2739 2804 de
2779 2763 2878 2804 suo
2905 2749 3119 2820 spiritu,
3150 2751 3246 2806 sed
3275 2751 3344 2805 de
3374 2764 3602 2820 corpore
3639 2765 3728 2806 re-

2139 2843 2450 2912 sponderet.

2213 2930 2478 3001 Propheta
2501 2946 2556 2985 es
2593 2929 2689 2984 tu?
2714 2927 2783 2982 Et
2824 2927 3130 2999 respondit:
3164 2927 3308 2983 Non.
3342 2927 3468 2984 Ideo
3495 2929 3730 2999 prophe-

2150 3034 2260 3080 tam
2297 3038 2357 3078 se
2395 3036 2515 3077 esse
2548 3036 2657 3076 non
2697 3020 2848 3086 dicit,
2898 3020 3024 3090 quia
3057 3019 3317 3089 majorem
3359 3033 3419 3075 se
3446 3023 3732 3090 prophetis

453 3121 707 3161 l-ZPISTOLA
767 3123 926 3161 nam
984 3121 1139 3160 PAULI
1204 3119 1460 3160 sros'rou
1520 3119 1590 3158 sn
1649 3117 2042 3158 "impressas:
2077 3091 2122 3154 C
2151 3129 2272 3170 esse
2297 3111 2600 3183 cognoscit,
2630 3110 2756 3180 quia
2779 3124 2937 3179 quem
2963 3111 3241 3180 prophetae
3279 3117 3566 3165 venturum
3611 3109 3731 3168 fore

1126 3213 1258 3252 CAP.‘
1287 3213 1370 3252 ιιι.

521 3329 540 3362 ‹
563 3311 804 3368 Gaudete
823 3312 878 3366 in
901 3311 1130 3367 Domino
1149 3325 1381 3380 semper,
1400 3310 1592 3364 iterum
1609 3310 1734 3366 dico
1755 3308 2000 3380 gaudete.
2023 3329 2043 3363 ι

527 3403 704 3474 Hujus
751 3404 981 3476 epistola:
1026 3403 1402 3474 expositionem
1452 3402 1507 3456 in
1558 3401 1903 3457 Hebdomada
1933 3412 2050 3473 post

458 3496 795 3552 Pentecosten
825 3495 1066 3550 vicesima
1096 3502 1288 3565 quarta
1320 3493 1546 3563 require.

849 3598 1189 3640 EVANGELIUI
1226 3598 1462 3648 JOANNIS,
1495 3599 1612 3638 CAP.
1643 3598 1681 3637 1.

534 3692 556 3733 't
594 3678 858 3734 Miserum
899 3673 1067 3731 Judaei
1114 3676 1183 3730 ab
1228 3675 1612 3747 Hierosolymis
1650 3675 1957 3733 sacerdotes
1996 3685 2050 3733 et

464 3789 482 3823 ‹
519 3771 737 3826 Levitas
763 3769 832 3822 ad
853 3782 997 3833 eum,
1022 3775 1081 3821 ut
1104 3769 1507 3838 interrogarent
1531 3782 1655 3822 eum
1677 3787 1688 3822 :
1709 3766 1786 3822 Tu
1809 3769 1931 3839 quis
1951 3783 2009 3825 es
2027 3769 2050 3824 ?

464 3879 484 3912 ι
519 3862 586 3915 Et
613 3857 890 3915 confessus
917 3865 1022 3923 est,
1052 3865 1108 3912 et
1145 3873 1252 3913 non
1280 3857 1515 3929 negavit.
1546 3858 1612 3912 Et
1641 3856 1922 3913 confessus
1944 3868 2046 3925 est,

467 3971 486 4002 ο
519 3952 643 4022 quia
691 3965 799 4006 non
839 3965 959 4007 sum
1009 3966 1110 4021 ego
1155 3950 1423 4006 Christus.
1471 3950 1536 4005 Et
1577 3951 2052 4021 interrogaverunt

467 4062 485 4094 ι
520 4057 666 4099 eum.
702 4042 842 4110 Quid
871 4043 1047 4112 ergo?
1075 4042 1220 4097 Elias
1244 4056 1302 4097 es
1340 4042 1442 4096 tu?
1469 4042 1538 4096 Et
1558 4043 1732 4096 dixit:
1762 4041 1877 4098 Non
1908 4059 2045 4098 sum.

466 4155 484 4186 ο
514 4135 784 4206 Propheta
810 4149 870 4190 es
897 4141 954 4189 tu
975 4134 998 4188 ?
1018 4133 1085 4189 Et
1110 4133 1389 4205 respondit
1413 4153 1424 4188 :
1468 4132 1605 4188 Non.
1635 4134 1898 4189 Dixerunt
1923 4149 2051 4205 ergo

467 4245 485 4278 ι
518 4229 568 4282 ei
608 4226 786 4294 :Quis
811 4240 890 4290 es,
936 4234 999 4281 ut
1035 4241 1354 4297 responsum
1391 4225 1579 4280 demus
1624 4224 1707 4280 his
1748 4224 1838 4295 qui
1883 4225 2046 4280 mise-

467 4337 484 4370 ι
522 4327 648 4373 runt
678 4318 820 4373 nos?
867 4317 1005 4386 Quid
1053 4318 1190 4374 dicis
1237 4318 1303 4373 de
1350 4316 1568 4386 teipso?
1603 4316 1731 4370 Ait:
1791 4317 1902 4386 Ego
1946 4331 2048 4371 vox

468 4429 486 4460 ε
521 4408 805 4464 clamantis
832 4409 886 4464 in
928 4409 1162 4473 deserto,
1212 4408 1430 4477 dirigite
1465 4407 1607 4460 viam
1649 4406 1884 4473 Domini,
1911 4407 2052 4462 sicut

469 4518 487 4551 ι
521 4500 654 4555 dixit
681 4498 848 4555 lsaias
881 4500 1166 4570 propheta.
1209 4499 1278 4552 Et
1303 4497 1396 4566 qui
1443 4497 1594 4552 missi
1627 4496 1861 4563 fuerant,
1890 4506 2046 4551 erant

469 4610 488 4643 ι
523 4606 591 4646 ex
617 4589 923 4646 Pharisaeis.
953 4589 1021 4644 Et
1042 4590 1512 4657 interrogaverunt
1536 4602 1679 4650 eum,
1709 4595 1764 4642 et
1795 4587 2046 4642 dixerunt

471 4701 488 4734 ι
521 4683 572 4738 ei
597 4699 613 4737 :
639 4681 779 4749 Quid
804 4697 934 4754 ergo
957 4682 1218 4750 baptizas,
1251 4681 1298 4734 si
1339 4686 1395 4733 tu
1425 4693 1530 4733 non
1561 4694 1621 4734 es
1649 4677 1914 4745 Christus,
1953 4693 2048 4734 ne-

471 4793 490 4825 (
521 4789 629 4843 que
655 4773 820 4838 Elias,
868 4787 968 4828 nec
1013 4771 1310 4840 pr0pheta?
1348 4769 1645 4840 Respondit
1680 4771 1760 4826 eis
1791 4769 2043 4837 Joannes,

471 4887 489 4920 ι
521 4868 708 4923 dicens
736 4881 750 4921 :
775 4867 888 4937 Ego
914 4865 1130 4934 baptizo
1157 4866 1209 4919 in
1237 4879 1456 4935 aquam,
1501 4865 1710 4920 medius
1737 4873 1916 4919 autem
1957 4881 2048 4920 ve-

473 4976 490 5009 ι
523 4968 699 5014 stram
742 4957 894 5013 stetit
921 4971 1079 5026 quem
1122 4973 1218 5012 vos
1256 4957 1496 5012 nescitis.
1549 4955 1665 5026 Ipse
1700 4956 1900 5026 estqui
1929 4966 2048 5026 post

473 5070 490 5101 ς
529 5063 615 5104 me
657 5055 920 5104 venturus
947 5056 1049 5113 est,
1090 5049 1182 5118 qui
1225 5056 1350 5102 ante
1394 5063 1481 5102 me
1528 5047 1704 5102 factus
1753 5056 1856 5112 est,
1895 5048 2048 5117 cujus

475 5160 493 5192 ι
525 5155 628 5212 ego
671 5155 781 5195 non
823 5154 942 5196 sum
992 5141 1201 5214 dignus,
1250 5149 1312 5196 ut
1356 5139 1560 5195 solvam
1607 5140 1724 5211 ejus
1759 5142 2048 5212 corrigiam

475 5249 494 5284 ι
524 5231 892 5288 calceamenti.
920 5230 1044 5286 [huc
1068 5232 1123 5285 in
1151 5230 1413 5285 Bethania
1445 5229 1586 5285 facta
1611 5239 1738 5285 sunt
1763 5239 1914 5285 trans
1937 5229 2052 5285 Jor-

475 5340 496 5374 ι
525 5321 739 5385 danem,
763 5320 857 5374 ubi
877 5332 995 5375 erat
1017 5317 1253 5375 Joannes
1273 5319 1571 5389 baptizans.
1596 5340 1615 5373 ι

541 5410 799 5466 Miserum
828 5410 1007 5467 Judtei
1045 5412 1110 5466 ab
1143 5410 1522 5482 Hierosolymis
1550 5411 1844 5466 sacerdotes
1869 5419 1917 5464 et
1947 5409 2048 5464 Le-

471 5505 602 5560 vitas
631 5504 700 5558 ad
727 5503 1014 5569 Joannem,
1040 5513 1094 5557 ut
1117 5503 1497 5574 interrogarent
1519 5520 1638 5559 eum
1665 5517 1684 5555 :
1711 5503 1788 5557 Tu
1817 5505 1933 5574 quis
1956 5520 2010 5558 es
2027 5505 2053 5558 Ζ)

475 5595 542 5649 Et
567 5595 834 5664 confessus
860 5603 1021 5658 est,et
1044 5610 1148 5649 non
1172 5597 1392 5666 negavit.
1421 5595 1490 5649 Et
1512 5594 1778 5664 confessus
1807 5603 1901 5660 est,
1924 5596 2051 5666 quia

478 5702 580 5740 non
605 5701 720 5741 sum
755 5699 846 5754 ego
871 5681 1132 5739 Christus.
1195 5685 1288 5740 llis
1315 5685 1494 5740 verbis
1523 5684 1747 5741 Joannis
1775 5685 2050 5741 humilitas

2147 3204 2436 3270 dixerunt,
2478 3202 2584 3257 iste
2625 3201 2792 3270 digito
2834 3199 3258 3267 demonstravit,
3309 3199 3500 3256 dicens
3537 3219 3549 3255 :
3591 3202 3734 3259 Ecce

2149 3310 2318 3364 agnus
2337 3292 2457 3358 Dei,
2481 3307 2596 3346 ecce
2619 3291 2708 3361 qui
2735 3288 2872 3343 tollit
2897 3299 3110 3360 peccata
3134 3288 3338 3343 mundi.

2218 3385 2479 3438 Dixerunt
2523 3399 2645 3452 ergo
2695 3381 2744 3436 ei
2777 3397 2796 3435 :
2829 3379 2958 3445 Quis
2986 3397 3075 3446 es,
3105 3390 3161 3434 ut
3205 3389 3509 3452 responsum
3544 3384 3733 3441 densus

2149 3474 2230 3528 liis
2260 3472 2350 3543 qui
2395 3470 2649 3524 miserunt
2695 3483 2788 3522 nos
2811 3469 2836 3521 ?
2874 3466 3014 3533 Quid
3059 3469 3192 3523 dicis
3242 3469 3306 3524 de
3333 3479 3383 3524 te
3412 3472 3566 3542 ipso?
3593 3475 3679 3527 Ait
3711 3491 3734 3529 :

2151 3563 2266 3634 Ego
2293 3578 2393 3617 vos:
2415 3559 2695 3615 clamantis
2718 3561 2775 3613 in
2798 3559 3034 3623 deserto,
3074 3560 3283 3630 dirigite
3315 3563 3453 3617 viam
3488 3564 3731 3632 Domini,

2149 3655 2284 3708 sicut
2323 3652 2456 3706 dixit
2491 3651 2666 3705 Isaias
2701 3650 2969 3721 propheta.
3013 3651 3212 3707 Vocem
3256 3668 3314 3708 se
3339 3668 3458 3709 esse
3489 3653 3738 3715 Joannes

2150 3745 2379 3809 asserit,
2408 3743 2535 3814 quia
2578 3742 2806 3798 verbum
2842 3742 3119 3812 praecedit.
3170 3743 3410 3800 Primum
3449 3748 3594 3802 enim
3624 3765 3736 3806 vox

2152 3847 2309 3896 sonat
2333 3836 2588 3901 Joannis,
2621 3843 2680 3890 ut
2710 3837 2935 3890 verbum
2961 3845 3240 3905 sequatur.
3289 3838 3596 3897 Adventum
3628 3845 3737 3898 ita-

2149 3947 2255 4003 que
2303 3929 2633 3986 dominicum
2673 3942 3014 3998 praecurrens
3059 3943 3161 3983 vox
3204 3930 3436 3986 dicitur:
3464 3932 3598 3999 Quia
3632 3951 3742 4004 per

2150 4025 2266 4094 ejus
2302 4022 2620 4094 mysterium
2655 4020 2830 4089 patris
2869 4020 3096 4075 verbum
3135 4022 3206 4077 ab
3240 4023 3548 4080 hominibus
3577 4029 3735 4083 audi-

2151 4126 2258 4174 tur.
2298 4116 2434 4171 lllud
2460 4113 2684 4178 scilicet,
2715 4113 2780 4168 de
2807 4128 2916 4183 quo
2945 4111 3183 4170 Joannes
3205 4115 3282 4168 ait
3318 4134 3331 4169 :
3373 4115 3441 4170 In
3467 4120 3733 4191 principio

2150 4221 2263 4266 erat
2299 4208 2522 4263 Verbum
2543 4247 2560 4273 ,
2606 4215 2655 4261 st
2697 4204 2910 4261 Verbum
2949 4215 3062 4259 erat
3089 4207 3230 4276 apud
3259 4205 3427 4261 Deum
3448 4248 3464 4275 ,
3515 4220 3563 4263 et
3585 4210 3736 4267 Deus

2150 4310 2262 4358 erat
2303 4298 2524 4354 Verbum
2546 4338 2562 4362 ,
2603 4296 2883 4367 quietiam
2907 4295 2961 4349 in
2989 4296 3206 4351 deserto
3230 4297 3447 4364 clamat,
3477 4301 3606 4371 quia
3639 4304 3736 4358 de.

2151 4393 2356 4448 relictae
2401 4405 2467 4444 ac
2504 4388 2775 4444 destitutae
2812 4385 3044 4454 Judaeaa,
3089 4387 3338 4442 solatium
3355 4390 3732 4461 Redemptoris

2152 4482 2453 4538 annuntiat.
2495 4479 2636 4547 Quid
2678 4487 2858 4533 autem
2897 4478 3138 4544 clamat,
3175 4479 3414 4534 insinuat
3437 4495 3558 4536 eum
3594 4484 3732 4538 sub-

2146 4574 2359 4646 iungit:
2395 4572 2617 4642 Dirigite
2644 4571 2779 4624 viam
2807 4568 3046 4635 Domini,
3089 4570 3228 4642 sicut.
3249 4571 3386 4626 dixit
3406 4571 3580 4628 Isaias
3603 4591 3735 4646 pro.

2152 4668 2307 4738 pheta
2333 4663 2492 4735 (Isai.
2526 4659 2616 4733 ιι)
2645 4680 2657 4715 :
2689 4661 2788 4718 Via
2827 4661 3042 4715 Domini
3082 4661 3152 4715 ad
3181 4677 3276 4716 cor
3303 4663 3569 4734 dirigitur,
3600 4679 3732 4721 cum

2153 4755 2400 4811 veritatis
2423 4767 2604 4808 sermo
2633 4751 2909 4806 humiliter
2931 4751 3166 4816 auditur,
3193 4753 3278 4806 via
3303 4753 3511 4809 Domini
3540 4755 3607 4811 ad
3630 4772 3736 4814 cor

2154 4845 2423 4916 dirigitur,
2449 4858 2572 4898 cum
2599 4842 2669 4896 ad
2693 4849 3019 4912 praceptum
3047 4843 3170 4897 vita:
3190 4854 3544 4914 prmparatur.

2220 4955 2288 5008 Et
2314 4955 2403 5025 qui
2437 4953 2582 5006 missi
2609 4951 2850 5021 fuerant,
2902 4939 3051 5007 erant
3095 4970 3160 5007 ea:
3197 4951 3504 5012 Pharisa’is.
3547 4960 3616 5015 Et
3647 4962 3733 5016 in-

2149 5054 2539 5115 terrogaverunt
2567 5060 2701 5108 eum,
2745 5053 2792 5097 et
2820 5043 3065 5098 dixerunt
3090 5045 3182 5100 ei:
3223 5046 3366 5113 Quid
3399 5068 3520 5122 ergo
3558 5053 3734 5124 bapti-

2151 5159 2260 5204 zas,
2292 5141 2335 5195 si
2365 5149 2421 5193 tu
2461 5156 2564 5193 non
2604 5155 2657 5193 es
2685 5137 2954 5204 Christus,
3006 5155 3168 5211 neque
3204 5142 3374 5210 Elias,
3413 5163 3574 5217 neque
3604 5165 3734 5218 pro-

2149 5231 2344 5302 pheta?
2371 5230 2522 5297 Quod
2545 5230 2669 5300 quia
2707 5245 2814 5284 non
2839 5229 3018 5285 studio
3043 5236 3431 5302 cognoscenda:
3458 5237 3734 5308 veritatis,

2155 5321 2249 5376 sed
2296 5321 2512 5375 malitia:
2545 5319 2860 5374 exercenda:
2908 5319 3266 5377 aemulationis
3305 5323 3524 5392 dicitur,
3562 5343 3738 5382 evan-

2155 5412 2342 5482 gelista
2372 5412 2534 5466 tacite
2556 5409 2806 5474 innotuit,
2842 5409 2934 5478 qui
2961 5409 3256 5480 subjunxit,
3289 5414 3476 5472 dicens
3505 5430 3520 5471 :
3548 5415 3616 5473 Et
3639 5421 3736 5488 qui

2155 5501 2302 5555 missi
2325 5501 2557 5570 fuerant,
2581 5507 2727 5552 erant
2753 5514 2818 5551 ea:
2845 5496 3156 5566 Pharisteis,
3188 5517 3252 5558 ac
3282 5504 3328 5558 si
3349 5515 3535 5574 aperte
3555 5505 3737 5564 dicat:

2154 5594 2232 5648 illi
2259 5592 2520 5648 Joannem
2559 5593 2624 5647 de
2657 5590 2772 5645 suis
2819 5590 3030 5645 actibus
3058 5595 3367 5666 requirunt,
3413 5598 3506 5670 qui
3535 5599 3749 5657 doctri-

2155 5699 2281 5739 nam
2306 5685 2555 5740 nesciuut
2578 5697 2842 5753 quaerere,
2874 5682 2967 5737 sed
2996 5682 3255 5742 invidere.
