3952 6420
278 266 390 327 325

1088 266 1610 329 COLLECTIONES
1647 271 1717 328 IN
1756 271 2138 330 EPISTOLAS
2178 272 2265 328 ET
2306 274 2711 339 ΕνΑΝςΕωΔ.

3441 279 3549 340 516

351 384 637 458 Respondit
679 389 754 443 eis
798 387 1071 455 Joannes,
1115 391 1293 448 dicens
1333 409 1352 448 :
1397 393 1513 466 Ego
1553 394 1760 468 baptizo
1806 400 1862 453 in
1891 407 1942 466 Α
1966 406 2067 462 est,
2102 413 2205 454 non
2233 398 2441 454 suilicio
2463 399 2644 454 omnia
2673 399 2877 455 Christi
2923 401 2991 457 ad
3029 398 3306 469 liquidum,
3337 403 3549 462 sublata

277 496 437 552 aqua.
476 479 716 537 Joannes
750 497 859 538 non
892 484 1117 553 spiritu,
1154 485 1250 540 sed
1285 501 1425 558 aqua
1466 487 1861 559 baptizatorum

274 585 508 642 corpora
532 572 682 639 lavit,
714 574 808 628 sed
834 582 1017 630 tamen
1041 590 1141 646 per
1166 577 1382 633 veniam
1404 595 1514 635 non
1542 580 1708 636 lavat.
1754 579 1865 637 Cur

276 677 407 733 ergo
435 663 696 732 baptizat,
725 664 1064 737 quipeccata
1086 681 1185 737 per
1204 667 1474 739 baptisma
1497 686 1603 727 non
1631 673 1861 741 relaxat,

276 754 385 809 nisi
421 763 478 808 ut
502 756 892 825 praecursiouis
937 773 1049 814 sua:
1086 759 1331 815 ordinem
1381 778 1628 830 servans,
1656 766 1746 837 qui
1774 780 1865 820 ua—

276 845 542 900 sciturum
575 849 849 903 nascendo
887 861 1252 919 pravenerat,
1288 853 1687 925 baptizatumm
1729 873 1865 928 quo-

275 953 383 1006 que
414 937 702 993 Dominum
725 941 1053 1012 baptizando
1081 947 1424 1014 praeveniret,
1457 957 1512 1003 et
1544 950 1637 1019 qui
1675 953 1864 1021 praedi-

274 1029 447 1084 cando
469 1030 645 1087 factus
664 1043 743 1088 est
767 1048 1072 1103 prtecursor
1100 1033 1323 1103 Christi,
1355 1040 1677 1111 baptizando
1697 1044 1860 1101 etiam

271 1133 584 1191 prtecursor
609 1122 727 1192 ejus
753 1124 910 1180 ﬁeret
936 1125 1242 1183 imitatione
1276 1131 1624 1188 sacramenti.

346 1208 556 1268 Medius
579 1221 754 1269 autem
786 1225 1013 1271 vestrum
1037 1220 1196 1282 stetit,
1219 1235 1372 1289 quem
1411 1237 1500 1276 vos
1535 1222 1764 1280 nescitis.
1800 1225 1860 1281 In

271 1301 453 1358 medio
496 1318 626 1377 ergo
666 1305 946 1363 hominm
971 1317 1029 1364 et
1062 1310 1280 1366 stetisse
1316 1311 1572 1370 Salvator
1596 1317 1862 1374 asseritur

269 1398 328 1450 et
366 1394 567 1450 nesciri
588 1435 603 1461 ,
647 1396 774 1466 quia
818 1411 917 1468 per
944 1414 1168 1455 carnem
1202 1417 1469 1473 apparens
1492 1444 1508 1469 ,
1547 1412 1602 1462 et
1629 1405 1860 1464 visibilis

270 1485 425 1540 stetit
447 1498 677 1554 corpore
698 1494 755 1542 et
779 1487 1069 1546 invisibilis
1094 1489 1396 1559 majestate.

338 1572 451 1647 (Ea:
478 1574 671 1647 Beda.)
734 1576 913 1634 Lucas
935 1580 1083 1636 enim
1111 1581 1167 1637 in
1189 1582 1296 1638 hoc
1324 1582 1443 1640 loco
1473 1584 1589 1641 ait:
1618 1582 1741 1657 Ipse
1763 1602 1859 1642 nos

267 1662 547 1736 baptizavit
568 1666 626 1722 in
638 1666 840 1738 Spiritu
867 1680 1055 1728 sancto
1080 1682 1131 1726 et
1154 1674 1297 1744 igni,
1322 1675 1424 1730 hoc
1444 1682 1549 1742 est,
1583 1686 1640 1733 et
1662 1693 1860 1750 purga-

269 1754 420 1810 tione
461 1756 911 1817 sanctitleationis
933 1801 950 1826 ,
1006 1768 1062 1818 et
1106 1763 1430 1832 probatione
1464 1764 1850 1827 tribulationis.
1885 1761 1930 1820 B

266 1844 453 1901 Potest
501 1855 681 1904 autem
729 1848 873 1905 idem
914 1851 1154 1922 Spiritus
1198 1854 1372 1910 sancti
1426 1855 1591 1911 etiam
1639 1859 1858 1917 nomine

267 1938 408 2011 ignis
457 1941 831 1999 saactilicatus
880 1943 1147 2016 intelligi,
1199 1947 1329 2018 quia
1386 1956 1445 2003 et
1490 1948 1732 2007 incendit
1758 1967 1859 2025 per

266 2045 508 2088 amorem
532 2072 548 2099 ,
594 2042 650 2088 ct
681 2048 783 2105 per
813 2035 1140 2106 sapientiam
1178 2037 1345 2094 corda
1382 2052 1505 2111 qua:
1542 2040 1715 2112 replet
1741 2041 1860 2099 illu-

267 2123 462 2180 miunt.

340 2216 459 2289 Ipse
491 2228 567 2273 est
606 2219 697 2290 qui
719 2228 837 2292 post
863 2236 948 2277 me
970 2231 1220 2279 venturus
1253 2232 1350 2290 est,
1401 2224 1492 2296 qui
1521 2233 1644 2280 ante
1664 2242 1746 2283 me
1766 2227 1853 2297 fa-

264 2317 379 2363 ctus
407 2319 504 2364 est.
555 2310 658 2384 (Ex
698 2310 888 2387 Greg.)
934 2311 1028 2369 Sic
1070 2326 1307 2386 namque
1336 2312 1574 2373 dicitur:
1608 2328 1731 2373 ante
1773 2334 1857 2375 me

262 2401 460 2472 factus,
489 2417 556 2459 se
577 2403 622 2459 si
652 2403 907 2460 dicatur:
936 2413 1067 2461 ante
1094 2420 1183 2461 me
1207 2406 1438 2477 positus.
1460 2404 1591 2463 Post
1613 2420 1703 2464 me
1723 2423 1857 2480 ergo

261 2492 445 2563 venit,
461 2495 591 2565 quia
612 2498 961 2568 postmodum
980 2507 1164 2554 natus.
1203 2498 1343 2555 Ante
1362 2514 1452 2555 me
1473 2508 1657 2556 autem
1676 2499 1854 2558 factus

261 2594 371 2654 est,
397 2590 525 2659 quia
548 2588 681 2646 mihi
709 2588 996 2661 praelatus,
1032 2591 1131 2647 sed
1160 2590 1283 2648 hac
1309 2590 1472 2661 paulo
1501 2592 1751 2667 superius
1776 2592 1855 2649 di-

259 2684 390 2736 cens
413 2720 430 2746 ,
476 2678 642 2737 etiam
675 2679 1009 2752 praelationis
1044 2674 1163 2751 ejus
1199 2695 1394 2738 causas
1431 2683 1676 2753 aperuit,
1724 2684 1853 2755 quia

258 2770 413 2843 prior
437 2785 525 2827 me
551 2778 694 2838 erat,
714 2786 780 2827 ac
801 2771 848 2827 si
867 2780 1054 2843 aperte
1081 2773 1226 2828 dicat
1249 2789 1263 2827 :
1294 2771 1423 2829 inde
1442 2787 1530 2828 me
1548 2775 1714 2831 etiam
1733 2783 1854 2847 post

259 2870 425 2919 natus
453 2870 694 2935 supcrat,
720 2878 830 2937 quo
851 2878 975 2921 eum
1000 2863 1305 2919 nativitatis
1335 2878 1447 2920 suae
1469 2871 1714 2936 tempora
1741 2880 1853 2922 non

258 2962 578 3027 angustant.
618 2953 757 3011 Nam
778 2956 886 3027 qui
913 2969 1015 3029 per
1040 2962 1272 3012 matrem
1300 2956 1359 3012 in
1391 2964 1636 3029 tempore
1676 2959 1853 3014 nasci-

258 3056 371 3115 tur,
399 3047 517 3104 sine
548 3055 792 3119 tempore
820 3056 906 3105 est
926 3063 956 3104 a
985 3055 1143 3120 patre
1168 3057 1475 3120 generatus.
1509 3048 1611 3117 Qui
1634 3060 1850 3122 quantae

1963 490 2255 545 verborum
2280 489 2576 556 velamine,
2609 493 2850 548 revelare
2871 493 3149 565 mySteria.

2038 582 2168 638 Hec
2192 584 2249 639 in
2276 583 2539 641 Bethania
2570 586 2713 655 facta
2756 596 2878 643 sunt
2920 597 3068 643 trans
3105 582 3430 653 Iordanem,
3458 593 3548 646 tibi

1962 673 2198 729 Joannes
2226 673 2521 745 baptizans.
2548 676 2808 735 Bethania
2838 675 2965 731 villa
2994 684 3078 733 est
3118 677 3173 731 in
3215 679 3455 738 secundo
3476 684 3551 735 ait

1962 765 2080 825 Elia
2111 766 2388 833 milliario,
2417 767 2471 823 in
2503 758 2672 825 latere
2705 770 2907 825 montis
2931 768 3150 835 Oliveti,
3184 771 3551 829 ubiSalvator

1961 856 2229 911 Lazarum
2256 857 2563 912 suscitavit.
2619 858 2762 914 Bene
2790 872 3094 934 praecursor
3123 859 3331 914 Domini
3371 861 3545 923 nostri

1962 950 2016 1008 in
2043 953 2307 1013 Bethania
2331 957 2531 1012 dicitur
2553 957 2883 1026 haptizasse,
2917 972 3039 1019 nam
3063 955 3327 1015 Bethania
3355 956 3546 1013 domus

1960 1044 2289 1103 obedientim
2319 1048 2733 1118 interpretatur,
2766 1056 2828 1102 ut
2847 1048 3249 1102 demonstraret
3280 1061 3378 1116 per
3412 1046 3546 1100 obe-

1961 1136 2222 1197 dientiam
2275 1140 2397 1194 lidei
2446 1154 2636 1197 omnes
2678 1140 2745 1198 ad
2788 1137 2990 1196 Christi
3039 1140 3308 1212 baptisma
3348 1139 3548 1193 debere

1960 1231 2267 1299 pervenire.

1965 1338 2234 1396 Hactenus
2258 1334 2471 1414 dierum
2495 1342 2890 1401 Dominicarum
2928 1342 3368 1414 festivitatumque
3412 1344 3550 1409 mule

2031 1419 2207 1485 tarum
2253 1413 2626 1483 expositiones,
2666 1414 2887 1485 juvante
2929 1412 3160 1475 Christo.
3204 1412 3543 1473 absolvimus.

2033 1479 2232 1554 Dehinc
2285 1479 2589 1543 sanctorum
2640 1479 2931 1553 martyrum
2950 1523 2967 1549 ,
3014 1485 3272 1554 uirginum
3319 1493 3366 1537 et
3424 1500 3545 1539 con.

2032 1550 2289 1619 fessarum
2317 1554 2665 1623 expositiones
2688 1550 2960 1624 ponemus.

2289 1665 2353 1720 lN
2398 1666 2648 1725 NATALI
2685 1666 3221 1731 APOS'I'OLOBUH.
3254 1652 3267 1667 '

2075 1792 2331 1835 EPISTOLA
2370 1794 2530 1835 πιτι
2568 1796 2723 1837 PAULI
2760 1796 3025 1853 Ανοετοιι,
3053 1798 3123 1838 AD
3160 1795 3426 1845 κοιλιςοϐρ

2610 1867 2729 1907 CAP.
2779 1867 2898 1907 νιη.
3532 1920 3539 1929 _

2034 1981 2053 2013 ι
2082 1961 2297 2019 Scimus
2311 1963 2568 2020 quoniam
2584 1962 2931 2036 diligentibus
2952 1966 3121 2022 Deum
3143 1965 3326 2022 omnia
3348 1978 3544 2036 coope-

1964 2074 1983 2107 ι
2014 2065 2207 2110 rantur
2226 2056 2281 2111 in
2304 2057 2528 2123 bonum,
2553 2056 2638 2112 his
2658 2059 2750 2127 qui
2778 2052 3075 2114 secundum
3098 2058 3435 2128 propositum
3449 2073 3544 2113 νο-

1962 2164 1983 2198 (
2012 2148 2121 2202 cati
2150 2155 2276 2203 sunt
2303 2147 2497 2203 sancti.
2537 2144 2674 2203 Nam
2710 2165 2847 2221 quos
2872 2150 3147 2221 praescivit
3178 2156 3234 2206 et
3255 2150 3541 2222 prmdesti~

1962 2259 1982 2293 σ
2010 2242 2162 2297 navit
2181 2239 2490 2298 conformes
2512 2241 2630 2299 ﬁeri
2661 2238 3046 2315 imaginisFilii
3077 2242 3159 2298 sui
3188 2284 3202 2308 ,
3232 2247 3294 2297 ut
3330 2242 3401 2298 sit
3428 2242 3545 2313 ipse

1961 2347 1981 2381 ι
2012 2331 2408 2403 primogenitus
2433 2331 2487 2387 in
2512 2331 2699 2388 multis
2727 2332 3008 2388 fratribus.
3034 2331 3184 2400 Quos
3205 2341 3384 2387 autem
3402 2345 3544 2403 pra:-

1961 2423 2285 2479 tdestinavit
2303 2424 2404 2480 hos
2419 2433 2473 2480 et
2490 2425 2722 2486 vocavit,
2748 2424 2815 2480 Et
2833 2439 2970 2496 quos
2989 2425 3224 2492 vocavit,
3253 2424 3355 2480 hos
3379 2432 3435 2480 et
3454 2423 3544 2495 ju-

1961 2532 1981 2565 ι
2009 2514 2282 2569 stilicavit.
2308 2513 2454 2582 Quos
2482 2525 2666 2572 autem
2689 2515 3027 2588 justiticavit,
3066 2515 3187 2571 illos
3208 2523 3264 2571 et
3285 2513 3539 2586 magniﬁ-

1961 2622 1981 2656 ι
2009 2606 2175 2662 cavit.
2198 2604 2338 2673 Quid
2353 2621 2483 2678 ergo
2497 2607 2740 2663 dicemus
2751 2600 2992 2665 ad'hazc?
3012 2604 3071 2663 Si
3089 2607 3232 2662 Deus
3245 2619 3346 2677 pro
3360 2605 3537 2669 nobis,

1961 2715 1980 2749 ι
2014 2698 2138 2769 quis
2159 2706 2350 2753 contra
2379 2700 2515 2755 nos?
2534 2698 2635 2767 Qui
2654 2700 2819 2757 etiam
2832 2698 3306 2772 preprioFiliosuo
3321 2710 3427 2754 non
3443 2711 3540 2769 pe-

1962 2807 1981 2839 s
2009 2788 2206 2857 percit,
2239 2788 2334 2844 sed
2355 2803 2456 2858 pro
2476 2788 2633 2844 nobis
2662 2789 2915 2845 omnibus
2948 2788 3172 2844 tradidit
3206 2786 3377 2843 illum.
3399 2781 3547 2854 Quo-

1962 2895 1983 2930 ι
2018 2880 2176 2935 modo
2203 2890 2311 2935 non
2349 2879 2515 2935 etiam
2561 2894 2685 2935 cum
2732 2879 2827 2935 illo
2874 2878 3057 2935 omnia
3098 2880 3256 2935 nobis
3285 2875 3546 2935 donavit?

1962 2987 1983 3020 α
2012 2969 2145 3038 Quis
2168 2970 2447 3025 accusabit
2471 2971 2733 3026 adversus
2756 2971 2960 3027 electos
2993 2966 3133 3027 Dei?
3169 2966 3312 3026 Deus
3335 2978 3421 3027 est
3449 2968 3544 3040 qui

1964 3080 1982 3113 ι
2005 3060 2289 3132 justiticat.
2330 3060 2465 3130 Quis
2486 3071 2571 3118 est
2597 3062 2687 3132 qui
2718 3058 3089 3118 condemnet?
3111 3060 3361 3118 Christus
3386 3060 3546 3124 Jesu.

259 3141 580 3197 reverentiae
601 3116 966 3225 humilitatem
988 3116 1193 3198 habeat
1214 3142 1497 3200 subdendo
1516 3116 1847 3200 manifestat.

1968 3179 1981 3210 ι
2013 3159 2104 3230 qui
2133 3166 2380 3214 mortuus
2401 3165 2504 3225 est,
2532 3159 2649 3214 imo’
2670 3159 2763 3229 qui
2798 3164 2853 3214 et
2887 3156 3206 3223 resurrexit,
3244 3157 3336 3229 qui
3367 3163 3452 3214 est
3475 3156 3543 3214 ad

329 3235 498 3308 Cujus
527 3251 633 3291 non
656 3222 772 3290 sum
800 3234 991 3307 dignus
1011 3275 1027 3302 ,
1074 3245 1132 3289 ut
1180 3235 1379 3291 solvam
1420 3235 1536 3306 ejus
1567 3238 1851 3308 corrigiam

256 3330 637 3398 calceamenti,
672 3341 779 3388 etc.
816 3331 932 3387 Mos
962 3330 1105 3401 apud
1146 3339 1363 3386 veteres
1394 3329 1518 3398 fuit,
1568 3338 1630 3387 ut
1658 3331 1703 3388 si
1728 3331 1853 3403 quis

257 3440 381 3482 eam
424 3439 546 3498 quat
589 3424 695 3482 sibi
742 3430 1078 3496 competeret
1116 3423 1365 3493 accipere
1408 3437 1634 3478 uxorem
1662 3423 1848 3488 nollet,

262 3518 354 3578 ille
377 3521 427 3577 ei
456 3520 886 3577 calceamentum
915 3518 1182 3584 solveret,
1228 3517 1321 3588 qui
1353 3518 1422 3572 ad
1452 3517 1593 3572 hanc
1620 3533 1851 3588 sponsus

254 3611 379 3684 jure
407 3611 831 3684 propinquitatis
857 3610 1072 3665 veniret
1096 3649 1111 3674 ,
1162 3607 1296 3680 quid
1329 3608 1496 3680 igitur
1519 3609 1661 3663 inter
1682 3608 1853 3664 homi-

258 3718 358 3761 nes
378 3704 650 3769 Christus,
676 3702 782 3761 nisi
806 3709 1008 3759 sancta:
1034 3700 1293 3756 Ecclesiae
1321 3715 1553 3771 sponsus
1578 3699 1848 3782 apparuit,

258 3796 326 3853 de
368 3811 475 3867 quo
518 3804 575 3852 et
612 3794 716 3851 iste
753 3792 992 3849 Joannes
1033 3792 1164 3848 dicit
1215 3811 1229 3847 :
1267 3790 1371 3857 Qui
1411 3791 1564 3846 habet
1601 3807 1851 3863 sponsam

257 3903 480 3958 sponsus
517 3896 592 3941 est
626 3884 824 3956 (Joan.
850 3882 970 3957 nt),
1017 3884 1112 3939 sed
1137 3883 1264 3953 quia
1305 3881 1568 3937 Joannem
1599 3882 1850 3937 homines

257 3976 535 4035 Christum
562 3993 683 4034 esse
713 3982 1062 4049 putaverunt,
1093 3977 1236 4046 quod
1270 3982 1325 4029 et
1357 3975 1461 4030 iste
1487 3973 1726 4030 Joannes
1751 3988 1848 4029 ne-

255 4080 368 4143 gat.
407 4068 575 4128 Recte
624 4086 682 4127 se
728 4070 1010 4141 indignum
1061 4082 1183 4124 esse
1234 4068 1300 4122 ad
1339 4066 1655 4123 solvendum
1682 4064 1852 4119 corri-

257 4162 401 4235 giam
427 4164 546 4236 ejus
576 4161 932 4217 calceamenti
962 4158 1269 4222 denuntiat,
1301 4172 1365 4212 ac
1388 4158 1433 4211 si
1455 4163 1644 4227 aperte
1672 4154 1846 4210 dicat:

256 4249 761 4324 Egoliedemptoris
798 4250 1029 4320 vestigia
1059 4247 1336 4303 denudare
1368 4262 1475 4301 non
1504 4247 1689 4312 valeo,
1722 4247 1849 4316 quia

257 4349 444 4420 sponsi
474 4362 671 4402 nomen
702 4345 834 4402 mihi
858 4343 1165 4401 immeritus
1195 4358 1300 4396 non
1326 4356 1547 4412 usurpo.
1593 4339 1746 4408 Quod
1770 4349 1851 4395 ta-

256 4457 379 4497 men
421 4436 651 4510 intelligi
699 4444 756 4493 et
801 4435 958 4491 aliter
1004 4442 1224 4506 potest,
1273 4433 1395 4503 quis
1436 4430 1579 4488 enim
1617 4431 1841 4496 nesciat,

256 4533 401 4607 quod
443 4530 814 4587 calceamenta
842 4541 908 4582 ex
946 4525 1177 4581 mortuis
1223 4524 1547 4581 animalibus
1590 4522 1742 4589 ﬁant,
1768 4523 1847 4576 in-

255 4632 513 4681 earnatus
539 4636 670 4676 vero
695 4616 960 4674 Dominus
989 4617 1211 4672 veniens
1229 4657 1242 4681 ,
1270 4615 1425 4687 quasi
1453 4614 1726 4670 calceatus
1752 4629 1848 4685 ap-

253 4716 458 4788 paruit,
487 4713 580 4786 qui
617 4714 672 4767 in
716 4710 1002 4767 divinitate
1034 4724 1133 4764 sua
1162 4707 1450 4763 morticina
1482 4705 1849 4775 corruptionis

256 4817 460 4867 nostra:
507 4803 842 4877 assumpsit,
891 4802 984 4858 sed
1013 4799 1174 4870 hujus
1218 4799 1611 4856 incarnationis
1645 4805 1847 4869 myste-

260 4902 399 4956 rium
427 4900 697 4956 humanus
723 4898 913 4955 oculus
943 4904 1231 4969 penetrare
1258 4908 1365 4948 non
1392 4891 1611 4948 sufﬁcit.
1663 4889 1848 4947 Corri-

258 4992 345 5069 gia
374 5010 503 5067 ergo
525 4990 879 5049 calceamenti
913 5000 996 5046 est
1028 4989 1261 5061 ligatura
1302 4985 1567 5058 mysterii.
1606 4981 1846 5038 Joannes

261 5094 442 5156 itaque
471 5084 681 5141 solvere
706 5082 1000 5155 corrigiam
1022 5079 1380 5137 calceamenti
1400 5076 1519 5147 ers
1544 5082 1649 5132 non
1678 5075 1843 5130 valet.

263 5176 384 5250 quia
427 5172 817 5231 incarnationis
843 5174 1159 5245 mysterium
1182 5210 1198 5234 .
1240 5184 1342 5224 nec
1375 5167 1491 5238 ipse
1515 5166 1845 5237 investigare

256 5260 476 5332 sullicit,
509 5266 600 5338 qui
630 5264 773 5320 hanc
800 5278 899 5335 per
926 5260 1227 5333 prophetiae
1256 5258 1510 5330 spiritum
1540 5258 1780 5329 agnovit.

331 5355 557 5414 Solvere
596 5355 1023 5411 calceamentum
1054 5352 1264 5409 nudare
1292 5359 1377 5407 est
1406 5349 1648 5406 membra
1668 5391 1682 5415 ,
1724 5365 1844 5418 qua:

256 5450 332 5509 ab
354 5450 470 5521 ipso
505 5454 781 5519 teguntur,
824 5452 880 5501 et
924 5445 1127 5502 nudum
1156 5443 1413 5509 verbum,
1445 5441 1499 5497 id
1528 5449 1643 5507 est,
1675 5440 1844 5496 divini

258 5538 531 5599 sermonis
565 5534 969 5594 evidentissime
993 5534 1116 5605 quis
1150 5534 1354 5608 poterit
1389 5532 1717 5604 speculando
1749 5548 1846 5587 ex—

258 5632 465 5705 plicare
491 5641 823 5691 sermonem,
856 5626 911 5681 ni
935 5626 1073 5682 forte
1102 5624 1371 5696 aliquibus
1395 5621 1720 5696 imaginibus
1750 5639 1843 5678 ex-

260 5724 482 5796 plicare,
525 5730 577 5778 et
607 5723 709 5777 hoc
739 5730 817 5779 est
845 5717 986 5791 quod
1025 5714 1159 5775 dicit
1184 5737 1194 5772 :
1246 5714 1360 5774 Non
1390 5732 1508 5772 sum
1534 5714 1746 5785 dignus,
1789 5714 1841 5773 id

1961 3270 1980 3303 ι
2009 3252 2290 3317 dexteram
2319 3249 2460 3316 Dei,
2506 3250 2600 3322 qui
2655 3250 2817 3306 etiam
2868 3247 3178 3320 interpellat
3222 3262 3323 3319 pro
3363 3247 3542 3303 nobis.

1960 3361 1979 3394 ι
2011 3340 2144 3410 Quis
2193 3358 2324 3415 ergo
2380 3357 2481 3399 nos
2552 3342 2828 3415 separabit
2890 3358 2921 3397 a
2978 3341 3246 3397 cbaritate
3296 3338 3547 3397 ChriSti?

1960 3454 1978 3486 ι
2012 3435 2311 3491 Tribulatio
2346 3450 2414 3490 an
2439 3436 2726 3508 angustia,
2756 3452 2824 3491 an
2856 3434 3059 3498 fames,
3089 3450 3156 3490 an
3186 3434 3440 3501 nuditas,
3474 3449 3544 3490 an

1959 3545 1978 3577 Ι
2008 3525 2308 3596 periculum
2327 3565 2343 3592 ,
2372 3542 2440 3580 an
2488 3526 2827 3596 persecutio,
2872 3540 2941 3579 an
2965 3521 3194 3595 gladius.
3235 3521 3391 3580 Sicut
3410 3523 3547 3579 scri-

1959 3637 1978 3669 «
2006 3626 2156 3689 ptum
2193 3625 2314 3673 est:
2343 3615 2478 3684 Quia
2505 3625 2729 3689 propter
2764 3625 2819 3673 te
2856 3615 3256 3672 mortiﬁcamur
3290 3622 3402 3671 tuta
3430 3613 3543 3682 die,

1958 3728 1977 3760 ι
2011 3707 2267 3765 aestimati
2297 3724 2485 3765 sumus
2516 3710 2657 3765 sicut
2684 3725 2814 3765 oves
2858 3707 3168 3764 occisionis.
3223 3706 3328 3763 Sed
3362 3706 3416 3762 in
3458 3706 3547 3764 liis

1957 3815 1976 3848 ι
2008 3797 2262 3852 omnibus
2293 3811 2617 3868 superamus
2655 3807 2878 3869 propter
2902 3813 3026 3855 eum
3066 3796 3159 3868 qui
3192 3796 3384 3853 dilexit
3421 3811 3541 3853 nos.

1958 3903 1976 3935 σ
2004 3884 2198 3942 Certus
2245 3899 2365 3942 sum
2411 3887 2557 3941 enim
2589 3886 2713 3955 quia
2762 3901 2938 3957 neque
2988 3898 3167 3952 mors,
3201 3884 3382 3958 neque
3407 3887 3544 3954 vita.

1958 4000 1975 4032 ι
2009 3996 2185 4051 neque
2211 3981 2387 4053 angeli
2415 4022 2429 4045 ,
2465 3996 2642 4052 neque
2666 3982 3004 4053 principatus
3028 4023 3043 4048 ,
3080 3997 3257 4053 neque
3288 3981 3542 4049 virtutes.

1957 4089 1975 4120 ι
2007 4084 2181 4140 neque
2209 4070 2467 4126 instantia
2494 4112 2509 4135 ,
2548 4085 2727 4141 neque
2778 4070 2959 4126 futura
2983 4113 2997 4138 ,
3034 4087 3211 4143 neque
3255 4068 3543 4138 fortitudo,
3638 4129 3645 4135 _

1957 4178 1975 4211 α
2007 4174 2183 4230 neque
2205 4159 2456 4226 altitudo,
2494 4175 2670 4229 neque
2706 4159 3055 4230 prolundum,
3090 4174 3266 4230 neque
3288 4168 3541 4220 creatura

1957 4270 1976 4303 α
2007 4252 2109 4306 alia
2136 4251 2339 4321 poterit
2367 4268 2469 4307 nos
2493 4266 2750 4321 separare
2787 4266 2818 4306 a
2851 4251 3119 4306 charitate
3144 4250 3243 4306 Dci
3260 4292 3277 4319 ,
3307 4264 3430 4326 qua:
3456 4260 3543 4309 est

1957 4361 1975 4392 ι
2005 4342 2058 4397 in
2087 4341 2308 4398 Christo
2340 4339 2469 4397 Jesu
2497 4341 2729 4397 Domino
2759 4350 2965 4399 nostro.
2998 4362 3016 4394 ι

2020 4431 2228 4487 Scimus
2270 4434 2521 4505 quoniam
2552 4432 2887 4503 diligentibus
2934 4433 3101 4488 Deum
3150 4435 3327 4488 omnia
3352 4449 3553 4508 coope-v

1952 4533 2140 4578 rantur
2160 4524 2217 4578 in
2244 4524 2457 4578 bonum.
2509 4522 2569 4579 in
2605 4531 2812 4578 tantum
2843 4524 2988 4579 enim
3021 4525 3203 4581 omnia
3241 4538 3541 4597 cooperan-

1951 4625 2041 4671 tur
2067 4616 2120 4671 in
2162 4616 2389 4682 bonum,
2439 4625 2494 4672 et
2538 4615 2846 4672 collaudant
2877 4616 2933 4672 hi
2964 4617 3059 4688 qui
3080 4616 3311 4689 diligunt
3343 4616 3536 4687 Deum,

1950 4719 2010 4767 ut
2066 4719 2122 4767 et
2167 4711 2285 4782 ipse
2330 4711 2557 4782 spiritus
2596 4710 2839 4782 adjuvet,
2878 4726 2978 4766 nec
3003 4711 3327 4783 dedignatur
3354 4711 3537 4770 divina

1951 4812 2145 4857 natura
2172 4801 2279 4857 dux
2305 4815 2427 4857 esse
2454 4799 2663 4856 itineris
2687 4800 2762 4856 ad
2784 4800 3004 4855 bonum.

2022 4892 2123 4948 His
2157 4893 2248 4966 qui
2296 4892 2585 4947 secundant
2624 4893 2946 4965 propositum
2993 4892 3162 4946 vocati
3193 4898 3315 4946 sunt
3343 4893 3535 4947 sancti.

1949 4983 2006 5039 Id
2028 4992 2132 5051 est,
2183 4983 2484 5040 secundum
2514 4983 2656 5054 quod
2702 4984 3018 5056 proposuit,
3056 4999 3162 5039 non
3189 4998 3255 5041 ex
3283 4983 3538 5055 operibus

1948 5078 2109 5149 legis,
2141 5092 2243 5132 nec
2273 5076 2535 5148 legalibus
2561 5074 2880 5141 sacrificiis,
2928 5077 3021 5131 sed
3051 5077 3166 5132 sola
3196 5074 3299 5131 ﬁde
3330 5082 3385 5131 et
3411 5090 3538 5130 san-

1949 5169 2132 5240 guinis
2167 5169 2248 5224 sui
2274 5166 2570 5234 effusione,
2602 5166 2812 5222 salvere
2839 5181 2978 5239 quos
3015 5167 3327 5240 praescierat
3358 5166 3538 5222 credi-

1949 5270 2141 5325 turos,
2198 5266 2253 5313 et
2302 5273 2438 5328 quos
2486 5259 2656 5329 gratis
2697 5258 2913 5313 vocavit
2959 5259 3027 5314 ad
3057 5258 3318 5324 salutem,
3361 5254 3537 5315 multo

1949 5350 2122 5422 magis
2150 5346 2477 5423 gloriﬁcavit
2503 5356 2813 5419 operantes.

2022 5441 2165 5497 Nam
2193 5457 2323 5514 quos
2351 5441 2609 5513 praesciuit
2633 5448 2680 5496 et
2700 5440 3108 5512 prazdestinaoit.
3135 5436 3535 5495 Praedesttnaro

1949 5548 2056 5590 non
2089 5533 2231 5589 idem
2258 5541 2344 5590 est
2367 5532 2510 5604 quod
2540 5532 2819 5603 praescire,
2864 5534 2991 5604 quia
3018 5531 3358 5604 pratscientia
3391 5542 3533 5601 pra»

1949 5625 2367 5682 destinationem
2399 5625 2609 5681 ratione
2638 5624 2916 5697 praecedit.
2978 5623 3113 5681 Nam
3149 5639 3285 5694 quos
3308 5624 3529 5696 pra-sci-

1948 5717 2026 5773 vit
2051 5717 2223 5774 bonos
2256 5716 2752 5789 prmdestiuationc,
2784 5715 2963 5774 reddit
2988 5714 3194 5773 beatos.
3221 5714 3362 5788 Ergo
3387 5732 3522 5790 quos
