3952 6430
408 269 511 324 Ξὶυ
1701 251 2052 314 SM.\R.\CDI
2089 251 2380 308 ABBATIS

3579 249 3684 306 59-3

409 387 664 460 prmvidit
707 382 1014 440 conformes
1056 379 1258 437 Christi
1304 379 1514 436 futuros
1547 378 1600 432 in
1627 375 1769 436 vita,
1824 369 1991 427 voluit
2022 372 2071 430 Λ
2170 365 2449 460 Quietiora
2500 359 2866 460 proprio
2901 376 3130 460 suo-non
3166 364 3442 460 pepercit,
3475 363 3565 418 sed
3590 382 3689 435 pro

410 489 572 548 atque
607 475 910 546 proposuit,
944 481 1005 528 ut
1030 472 1225 528 tierent
1252 469 1563 527 conlormes
1603 469 1654 523 iu
1684 466 1888 538 gloria,
1921 464 1998 519 si-

409 579 504 626 cut
549 569 724 624 dixit:
764 565 870 633 Qui
916 564 1268 635 conﬁgurabit
1317 579 1506 633 corpus
1552 559 1866 614 humilitatis
1905 572 2002 610 no-

409 672 533 717 stra:
561 659 826 729 conforme
853 655 1060 727 corpori
1092 653 1350 709 claritatis
1378 669 1488 707 sua’
1516 650 1772 725 (Ph'lipp.
1807 646 1912 717 ιιι).

483 749 549 806 Ut
575 751 774 820 sit-ipse
801 744 1250 819 primogenitusin
1275 743 1455 798 multis
1477 741 1753 813 fratribus.
1781 737 1998 794 Secun-

412 843 539 898 dum
590 841 734 912 quod
783 838 1096 910 unigenitus
1143 836 1362 899 dicitur,
1416 834 1614 888 fratres
1657 849 1766 887 non
1811 831 1996 895 habet,

412 935 517 988 hoc
543 941 649 996 est,
681 929 978 985 secundum
1007 926 1366 981 divinitatem.
1407 923 1719 978 Secundum
1743 921 1794 975 id
1817 930 1998 974 autem

411 1023 557 1094 quod
585 1020 980 1092 primogenitus
1011 1018 1232 1082 dicitur,
1277 1016 1473 1070 fratres
1517 1015 1709 1078 habet,
1761 1014 1863 1068 hoc
1891 1021 1996 1077 est,

412 1113 714 1170 secundum
745 1110 1140 1166 humanitatem
1161 1149 1175 1174 ,
1220 1109 1361 1162 unde
1390 1116 1472 1162 est
1507 1115 1561 1160 et
1590 1106 1757 1160 illud:
1791 1102 2002 1158 Primo-

412 1204 615 1274 genitus
648 1218 712 1256 ετ
752 1201 1007 1261 mortuis,
1038 1206 1097 1252 ut
1127 1199 1199 1252 sit
1242 1198 1354 1267 ipse
1393 1196 1684 1268 primatum
1718 1203 1910 1250 tenens
1931 1210 1996 1249 ex

409 1294 812 1351 resurrectione
853 1301 1211 1346 mortuorum.

485 1385 628 1450 Quos
659 1393 830 1437 autem
857 1381 1246 1452 prtrdestinarit
1276 1381 1370 1435 hos
1401 1391 1448 1435 et
1485 1381 1702 1436 vocarit.
1758 1377 1873 1433 Non
1901 1393 2000 1447 pu-

413 1483 630 1538 temus,
683 1473 827 1543 quod
869 1471 1273 1542 prmdestinatio
1306 1472 1416 1526 vim
1456 1471 1767 1528 nolentibus
1807 1469 1992 1524 faciat.

418 1563 680 1619 Vocando
705 1571 886 1616 autem
919 1561 1162 1616 volentes
1183 1561 1515 1633 colligitnon
1545 1561 1770 1624 invitos,
1799 1575 1998 1615 vocan-

2100 456 2249 511 nobis
2276 454 2514 508 erunibus
2538 452 2760 507 tradidit
2783 451 2956 505 illum.
3003 449 3258 506 Permisit
3287 451 3458 518 tradi,
3488 462 3550 508 ut
3578 462 3688 508 tra-

2099 548 2278 604 dentis
2310 555 2559 602 maneret
2587 545 2811 599 libertas
2839 542 3090 608 arbitrii,
3117 551 3175 598 et
3200 543 3358 598 nobis
3386 559 3484 613 per
3507 542 3690 599 domi-

2098 637 2250 691 nicas
2291 637 2570 706 passiones
2609 634 2886 705 patientia:
2923 643 3320 704 proponeretur
3354 635 3685 704 exemplum.

2101 727 2207 783 Sed
2235 744 2332 799 pro
2362 727 2518 783 nobis
2547 727 2832 791 omnibus,
2865 727 2956 780 hic
2992 728 3238 791 adverte,
3269 726 3412 796 quod
3443 743 3551 781 non
3585 742 3688 796 pro

2099 820 2429 889 aliquantis,
2497 819 2640 874 sicut
2685 817 3182 887 prtedcstinatioois
3227 833 3385 873 error
3425 819 3688 884 :estiniat,

2099 911 2192 965 sed
2223 927 2321 980 pro
2349 909 2602 965 omnibus
2628 909 2851 964 tradidit
2883 908 3055 963 illum.

2175 1002 2284 1073 (Ex
2313 1001 2490 1074 Orig.)
2520 1001 2638 1058 Non
2667 1002 2842 1056 solum
2870 1016 2969 1070 pro
2990 1001 3222 1062 sanctis,
3256 1015 3357 1056 nec
3385 999 3558 1055 solum
3588 1015 3690 1070 pro

2098 1096 2304 1166 magis,
2331 1097 2425 1151 sed
2457 1112 2554 1166 pro
2581 1105 2637 1150 et
2662 1096 2903 1150 minimis
2935 1095 3188 1157 omnino,
3229 1093 3322 1164 qui
3350 1103 3478 1148 sunt
3500 1093 3554 1148 in
3583 1093 3690 1147 Ec-

2099 1187 2283 1252 clesia,
2316 1185 2734 1242 tradiditFilium
2765 1186 3044 1257 proprium
3070 1186 3247 1250 Fater,
3278 1193 3334 1238 et
3363 1185 3483 1239 ideo
3509 1184 3692 1238 nullus

2100 1279 2154 1332 in
2178 1276 2422 1332 Ecclesia
2451 1275 2922 1337 scaudalizandus,
2949 1274 3037 1329 vel
3065 1274 3498 1330 contemnendus
3522 1284 3627 1328 est.

2171 1367 2445 1434 Quomodo
2470 1385 2572 1421 non
2603 1368 2762 1420 etiam
2789 1383 2909 1420 cum
2930 1365 3022 1420 illo
3049 1368 3227 1420 omnia
3265 1365 3412 1420 nobis
3433 1365 3647 1420 donavit
3664 1365 3692 1419 .’

2098 1458 2238 1527 Quid
2280 1467 2462 1528 potest
2501 1457 2702 1512 habere
2729 1457 2969 1518 eharius,
3010 1457 3156 1526 quod
3196 1456 3353 1511 nobis
3379 1465 3558 1527 neget,
3590 1457 3686 1526 qui

2077 1546 2267 1604 Filium
2312 1549 2532 1602 unicum
2579 1563 2687 1602 non
2723 1546 2977 1618 negavit?
3014 1546 3096 1603 Ac
3141 1547 3189 1602 si
3224 1547 3474 1603 diceret:
3523 1546 3684 1602 Nulla

413 1661 506 1708 tur
534 1637 714 1708 autem
743 1661 804 1707 ut
829 1667 928 1723 per
954 1651 1392 1721 praedicationem
1421 1653 1666 1708 credant.
1701 1651 1996 1707 Credentes

2106 1646 2203 1703 est,
2232 1639 2347 1693 sive
2373 1635 2626 1703 visibilis,
2659 1637 2772 1692 sive
2801 1635 3089 1692 invisibilis
3118 1645 3392 1702 creatura,
3420 1637 3688 1707 quaiFilio

413 1754 718 1814 autemper
758 1717 1087 1812 baptismum
1108 1741 1505 1812 justiticantur,
1554 1752 1610 1798 et
1650 1741 1994 1813 postmodum
2023 1717 2070 1776 Β
2097 1729 2270 1800 possit
2299 1729 2524 1800 aequari.
2567 1728 2682 1784 Etsi
2712 1738 2929 1784 creator
2958 1728 3074 1800 ipse
3113 1729 3346 1784 donatus
3375 1737 3459 1784 est
3501 1729 3686 1796 nobis,

401 1833 860 1906 .maguiﬁcantur,
886 1833 944 1889 id
965 1842 1069 1898 est,
1097 1833 1484 1905 gloriﬁcantur,
1517 1842 1610 1890 aut
1639 1851 1782 1890 nunc
1811 1835 1863 1890 in
1889 1834 1996 1888 vir-

400 1929 624 1984 tutibus
648 1928 947 2000 gratiarum
966 1968 982 1993 ,
1033 1935 1127 1981 aut
1152 1928 1496 2000 postmodum
1526 1928 1579 1983 in
1617 1927 1776 1983 beata
1809 1934 1997 1982 ventu-

414 2019 464 2075 ri
495 2019 680 2074 saiculi
711 2017 1133 2074 resurrectione.

486 2111 555 2166 Et
574 2127 704 2182 quos
730 2111 930 2165 vocavit
953 2110 1047 2164 Iios
1070 2119 1118 2164 et
1134 2110 1450 2181 justiﬁcaoit
1467 2152 1482 2176 ,
1506 2128 1638 2182 quos
1661 2120 1853 2177 autem,
1885 2119 1991 2167 etc.

414 2203 514 2260 llis
542 2203 636 2274 qui
666 2202 964 2259 secundum
1006 2203 1344 2272 propositum
1375 2202 1574 2258 bonum
1611 2212 1668 2259 et
1691 2203 1887 2258 bonam
1909 2218 1998 2258 vo-

411 2295 679 2350 luntatem
705 2335 721 2361 ,
768 2309 930 2365 quam
978 2293 1124 2348 circa
1153 2293 1248 2348 Dei
1286 2293 1490 2349 cultum
1527 2293 1667 2364 gerit
1709 2303 1994 2360 vocantur,

415 2386 519 2456 ipsi
544 2393 670 2440 sunt
697 2384 790 2455 qui
817 2382 1116 2440 secundum
1149 2385 1486 2456 propositum
1513 2385 1693 2442 vocati
1724 2385 1994 2451 dicuntur,

396 2486 472 2535 'et
497 2479 588 2534 isti
615 2485 742 2534 sunt
767 2477 861 2548 qui
896 2477 1075 2532 vocati
1099 2475 1466 2546 justiﬁeantur
1492 2485 1548 2532 et
1570 2475 1853 2544 iustificati
1885 2476 1998 2546 glo-

414 2569 720 2625 riﬁcantur.
763 2567 858 2622 llla
903 2565 1074 2638 gloria
1119 2567 1173 2622 in
1223 2568 1474 2637 praesenti
1519 2567 1736 2632 SIBCUIO,
1787 2568 1853 2622 de
1891 2582 1998 2637 qua

413 2658 706 2732 Apostolus
727 2658 836 2714 ait:
873 2657 987 2714 Nos
1031 2668 1204 2714 autem
1244 2674 1418 2712 omnes
1452 2657 1674 2712 revelata
1715 2657 1851 2727 facie
1889 2657 2000 2728 glo-

417 2752 556 2806 riam
577 2748 789 2805 Domini
804 2748 1157 2819 speculantes,
1180 2750 1235 2802 in
1256 2748 1492 2803 eamdem
1517 2748 1797 2818 imaginem
1819 2756 1998 2801 trans-

416 2839 712 2910 formamur
751 2855 784 2892 a
815 2837 989 2909 gloria
1016 2837 1085 2894 ad
1106 2837 1328 2908 gloriam
1348 2837 1406 2893 in
1427 2837 1609 2907 futuro
1661 2852 1780 2891 cum
1813 2853 1999 2907 corpus

416 2929 732 2986 humilitatis
765 2939 958 2984 nostra:
984 2940 1157 3002 surget
1184 2931 1238 2984 in
1273 2929 1517 3000 gloriam.

489 3017 606 3089 (Ea:
629 3017 879 3089 August.)
942 3017 1095 3085 Quod
1123 3032 1252 3072 vero
1275 3017 1522 3088 superius
1551 3017 1628 3072 ait
1651 3034 1663 3070 :
1690 3013 1999 3088 Conformes

417 3110 536 3180 ﬁeri
580 3111 828 3181 imaginis
855 3101 980 3163 Filii
1022 3109 1165 3179 ejus,
1181 3109 1262 3164 sic
1307 3107 1646 3178 intelligitur,
1694 3109 1820 3178 quia
1857 3109 2000 3164 sicut

416 3203 539 3268 ille,
589 3201 897 3258 immortale
932 3216 1130 3272 corpus
1157 3199 1499 3265 habebimus,
1527 3199 1837 3256 conlormes
1871 3199 2001 3256 facti

416 3295 473 3350 in
503 3295 606 3350 hac
631 3305 804 3366 parte,
839 3309 948 3350 non
979 3293 1156 3350 Patris
1189 3291 1472 3361 imaginis,
1505 3291 1850 3363 autSpiritus
1875 3307 2002 3347 san-

416 3385 492 3440 cti
518 3425 534 3450 ,
574 3386 670 3440 sed
701 3373 1200 3440 tantummodoFilii
1227 3420 1244 3446 ,
1289 3381 1414 3451 quia
1448 3379 1514 3434 de
1561 3380 1664 3435 hoc
1706 3379 1838 3435 ﬁdes
1867 3396 2001 3436 sana

417 3475 684 3546 accipitur
729 3493 742 3529 :
805 3473 1032 3527 Verbum
1073 3469 1432 3540 carojactum
1475 3480 1570 3524 est.
1629 3469 1814 3525 Potest
1848 3480 1902 3526 et
1924 3473 2002 3528 sic

415 3565 593 3635 accipi
621 3607 636 3633 ,
675 3575 736 3619 ut
767 3560 1222 3635 quemadmodum
1254 3561 1410 3617 nobis
1434 3561 1523 3616 ille
1550 3561 1900 3630 mortalitate,
1928 3565 2001 3619 ita

415 3671 521 3714 nos
544 3655 622 3716 illi
641 3654 953 3709 .ellieiamur
979 3650 1390 3708 immortalitate
1415 3650 1743 3707 conformes.

493 3748 632 3817 Quid
681 3762 804 3818 ergo
847 3745 1080 3800 dicemus
1126 3743 1195 3798 ad
1238 3743 1390 3799 lucc?
1437 3743 1496 3800 Si
1527 3744 1668 3800 Deus
1705 3762 1800 3818 pro
1833 3747 1999 3810 nobis,

415 3841 536 3913 quis
563 3848 746 3895 contra
783 3836 919 3891 nos?
956 3835 1084 3891 Vult
1121 3835 1442 3900 ostendere,
1481 3836 1625 3908 quod
1646 3851 1807 3892 nemo
1832 3839 2004 3908 possit

418 3945 650 3996 nocere,
693 3927 778 3983 vel
809 3926 1070 3997 impedire
1108 3941 1203 3981 eos
1237 3925 1329 3995 qui
1370 3926 1655 3998 diligentes
1690 3926 1858 3982 Deum
1887 3927 2004 3983 dili-

419 4029 622 4094 guntur
669 4035 699 4073 a
746 4019 890 4084 Deo,
937 4033 1044 4088 quo
1089 4018 1266 4073 minus
1295 4017 1555 4088 gloriam,
1585 4034 1706 4089 qua:
1735 4019 2003 4090 promissa

418 4124 526 4182 est,
552 4120 976 4182 consequantur,
1028 4126 1093 4166 eo
1137 4113 1282 4182 quod
1311 4110 1556 4181 perlecta
1583 4151 1600 4178 ,
1646 4127 1767 4182 quae
1807 4112 1862 4166 in
1899 4113 2003 4168 illis

419 4215 523 4272 est,
555 4205 796 4263 Charitas
831 4203 974 4260 foras
999 4219 1214 4259 omnem
1245 4218 1474 4260 causam
1503 4203 1750 4258 mortalis
1792 4205 2002 4261 timoris

418 4297 651 4368 expellat

492 4387 601 4460 (Ex
625 4386 800 4458 Orig.)
865 4386 1146 4454 Quomodo
1178 4402 1283 4457 pro
1313 4387 1470 4443 nobis
1501 4388 1573 4444 sit
1596 4387 1741 4443 Deus
1769 4385 1999 4444 manife-

418 4488 562 4534 stum
594 4486 680 4534 est
718 4493 785 4534 ex
831 4478 916 4532 his
966 4493 1085 4548 qua:
1127 4493 1290 4548 supra
1321 4479 1592 4548 exposuit,
1629 4479 1680 4532 id
1710 4487 1815 4543 est,
1855 4476 1997 4548 quod

2098 1821 2367 1892 quomodo
2393 1835 2501 1875 non
2525 1836 2650 1876 cum
2675 1820 2790 1887 ipso
2819 1820 2998 1876 omnis
3024 1819 3180 1875 nobis
3209 1828 3463 1876 creatura
3503 1821 3680 1877 dona-

2096 1912 2280 1967 bitur?
2309 1911 2500 1967 Ethoc
2528 1910 2819 1980 dupliciter
2847 1909 3258 1982 intelligendum
3279 1950 3296 1976 ,
3333 1911 3380 1966 si
3409 1910 3556 1964 enim
3587 1911 3690 1964 ha-

2097 2001 2320 2058 beamus
2347 2002 2401 2057 in
2433 2001 2591 2057 nobis
2612 2000 2910 2067 Christum,
2943 2001 3239 2058 secundum
3268 2002 3372 2057 hoc
3397 2001 3538 2071 quod
3562 2017 3690 2056 ver-

2096 2094 2222 2150 bum
2267 2103 2325 2150 et
2368 2093 2635 2165 sapientia
2667 2101 2724 2148 et
2746 2093 2969 2157 veritas,
2998 2101 3054 2148 et
3075 2090 3286 2160 iustitia
3305 2133 3321 2158 ,
3362 2101 3417 2147 et
3441 2108 3544 2163 pax
3575 2101 3682 2158 est,

2097 2197 2153 2245 et
2171 2197 2368 2245 ctetera
2411 2187 2594 2244 omnia
2635 2202 2755 2259 qua:
2802 2186 2870 2242 de
2896 2200 2961 2242 eo
2990 2185 3195 2256 scripta
3232 2194 3392 2251 sunt,
3423 2201 3548 2241 cum
3578 2186 3686 2240 hac

2096 2281 2452 2354 plenitudine,
2477 2279 2739 2334 virtutum
2789 2277 2946 2333 nobis
2985 2277 3170 2332 omnia
3213 2276 3582 2342 donabantur,
3621 2284 3686 2332 ut

2098 2373 2280 2428 omnia
2311 2387 2651 2444 quaecunque
2693 2371 2901 2428 creavit
2945 2369 3091 2424 Deus
3137 2368 3368 2424 visibilia
3405 2377 3459 2424 et
3485 2369 3682 2424 invisi-

2097 2465 2246 2528 bilia,
2295 2464 2509 2520 occulta
2549 2471 2606 2520 et
2650 2461 2976 2527 manifesta,
3012 2460 3330 2531 temporalia
3354 2469 3410 2515 et
3443 2468 3680 2526 eterna,

2098 2571 2222 2612 cum
2248 2555 2465 2612 Christo
2491 2555 2696 2626 pariter
2735 2554 3065 2620 habeamus,
3114 2561 3169 2607 et
3200 2552 3307 2608 alio
3337 2553 3520 2618 modo,
3547 2567 3676 2607 cum

2100 2651 2218 2720 ipso
2253 2649 2437 2705 omnia
2482 2648 2639 2704 nobis
2667 2647 2907 2712 donavit,
2954 2647 3056 2702 hoc
3097 2655 3206 2712 est,
3241 2645 3342 2717 ipsi
3367 2653 3425 2701 ut
3453 2644 3682 2707 hzeredi,

2099 2740 2258 2796 nobis
2283 2755 2414 2796 vero
2456 2747 2518 2795 ut
2549 2737 2947 2804 coh:eredibus,
2987 2736 3105 2806 eius
3152 2737 3359 2808 pariter
3396 2751 3522 2791 cum
3563 2735 3683 2806 ipso

2099 2835 2258 2890 nobis
2283 2833 2537 2888 universa
2564 2829 2771 2902 perfrui
2802 2829 3022 2885 dabitur
3047 2837 3319 2908 creatura.

2173 2923 2303 2990 Quis
2334 2922 2599 2978 accusabit
2623 2922 2876 2977 adversus
2909 2920 3099 2976 electos
3125 2919 3266 2975 Dei?
3306 2918 3448 2974 Deus
3474 2920 3564 2990 qui
3585 2919 3683 2989 ju-

2101 3016 2314 3086 stiﬁcat.
2356 3015 2580 3070 Videtur
2619 3013 2751 3070 mihi
2792 3013 2936 3083 quod
2961 3013 3078 3068 ait:
3112 3010 3244 3078 Quis
3285 3010 3552 3066 accusabit
3578 3009 3687 3064 ele-

2100 3118 2209 3162 ctos
2241 3107 2378 3166 Dei?
2409 3107 2474 3161 de
2497 3105 2710 3160 diabolo
2733 3104 2915 3160 dicere
2932 3145 2947 3169 ,
2978 3103 3156 3160 nullus
3175 3111 3260 3159 est
3281 3102 3426 3162 enim
3462 3102 3536 3157 ita
3566 3101 3683 3157 ele-

2100 3207 2238 3261 ctus,
2272 3206 2326 3253 et
2353 3197 2428 3252 ita
2461 3211 2692 3266 magnus
2721 3207 2883 3264 quem
2915 3194 3005 3250 ille
3035 3209 3142 3250 non
3170 3195 3368 3254 audeat
3395 3207 3682 3256 accusare,

2103 3292 2208 3348 nisi
2238 3290 2384 3345 illum
2415 3288 2589 3344 solum
2618 3287 2711 3358 qui
2739 3296 3024 3358 peccatum
3051 3300 3158 3341 non
3189 3284 3347 3350 fecit,
3384 3285 3476 3357 qui
3507 3291 3562 3340 et
3592 3283 3680 3338 di-

2100 3382 2293 3437 cebat:
2329 3378 2486 3433 Nunc
2509 3378 2645 3433 venit
2679 3374 2918 3448 princeps
2965 3375 3368 3446 hujitstundi,
3408 3385 3455 3428 et
3501 3373 3557 3429 in
3599 3390 3686 3428 me

2102 3471 2232 3529 nihil
2274 3470 2500 3535 invenit;
2554 3467 2650 3523 sed
2711 3467 2963 3538 quamvis
3014 3466 3104 3522 ille
3149 3474 3336 3520 exerat
3383 3464 3684 3534 nequitiam

2101 3560 2376 3633 prmpositi
2405 3559 2527 3624 sui,
2570 3557 2682 3612 Deo
2718 3554 3054 3624 iustiﬁcante
3095 3562 3151 3610 et
3183 3553 3395 3610 delente
3425 3553 3688 3624 iniquita-

2103 3661 2211 3706 tem
2239 3649 2531 3704 electorum
2559 3662 2803 3713 suorum,
2831 3646 3240 3719 quid-proﬁciet
3267 3653 3554 3700 accusator
3574 3645 3600 3699 ?

2174 3740 2304 3806 Quis
2333 3750 2408 3794 est
2437 3740 2527 3811 qui
2571 3737 2915 3793 condemnet?
2939 3735 3180 3792 Christus
3221 3735 3380 3791 Iesus
3423 3737 3514 3810 qui
3541 3753 3688 3791 mor-

2103 3843 2223 3886 tuus
2248 3841 2346 3897 est,
2369 3832 2472 3884 into
2493 3831 2582 3899 qui
2607 3839 2653 3884 et
2678 3829 3089 3900 resurrexit,qui
3111 3839 3184 3882 est
3208 3828 3277 3884 ad
3297 3828 3538 3884 dextram
3558 3828 3685 3896 Dei,

2101 3925 2190 3996 qui
2236 3925 2394 3979 etiam
2433 3921 2728 3994 interpellat
2773 3938 2869 3993 pro
2919 3922 3085 3978 nobis.
3147 3921 3256 3978 Sed
3285 3937 3407 3978 cum
3433 3921 3688 3980 Christus

2101 4032 2201 4088 pro
2239 4015 2319 4070 eis
2357 4023 2604 4070 mortuus
2656 4014 2759 4080 sit,
2807 4014 2919 4069 imo
2958 4013 3142 4086 potius
3170 4029 3202 4068 a
3235 4014 3466 4069 mortuis
3500 4029 3687 4071 resur-

2104 4105 2246 4161 rexit
2266 4112 2329 4160 et
2355 4112 2463 4160 stat
2491 4121 2522 4159 a
2551 4104 2756 4159 dextris
2779 4103 2954 4158 Patris
2997 4113 3052 4159 et
3100 4103 3408 4175 interpellat
3449 4120 3551 4178 pro
3573 4105 3682 4172 his,

2104 4199 2226 4270 quis
2268 4214 2363 4254 eos
2411 4197 2610 4268 poterit
2640 4194 3040 4251 condemnare?
3082 4195 3295 4250 Aliter:
3327 4195 3553 4251 Videtur
3581 4197 3685 4253 hoc

2104 4298 2292 4344 contra
2318 4286 2534 4344 Judzeos
2563 4287 2726 4341 tacite
2746 4286 2893 4358 loqui
2920 4305 2933 4340 :
2965 4285 3216 4356 Nunquid
3246 4300 3504 4343 accusare
3530 4297 3686 4360 pote-

2107 4383 2226 4438 ritis
2271 4381 2457 4436 ﬁdeles
2484 4379 2689 4434 Christi
2738 4378 3019 4435 venientes
3051 4394 3117 4434 ex
3144 4379 3424 4450 gentibus,
3450 4379 3541 4450 qui
3565 4393 3686 4435 cre-

2102 4475 2290 4530 dentes
2318 4473 2529 4545 gratize,
2569 4471 2823 4525 mandata
2871 4470 3063 4543 legalia
3108 4471 3555 4543 praetermittunt,
3589 4470 3683 4542 qui

417 4571 632 4640 spiritus
661 4568 759 4624 Dei
782 4569 987 4624 habitat
1013 4569 1066 4622 in
1097 4568 1266 4634 nobis,
1293 4569 1379 4623 vel
1405 4569 1548 4638 quod
1575 4567 1816 4623 Christus
1849 4578 1923 4623 est
1946 4569 2000 4622 in
2093 4567 2228 4638 justi
2272 4567 2444 4637 signis
2475 4574 2532 4620 et
2559 4565 2854 4620 virtutibus
2901 4564 3378 4620 demonstrantur?
3427 4563 3534 4619 Aut
3558 4564 3684 4637 quis

420 4663 587 4728 nobis,
615 4662 701 4717 vel
733 4662 875 4732 quod
921 4661 1108 4731 spiritu
1142 4659 1237 4713 Dei
1262 4661 1473 4730 agimur
1515 4670 1562 4714 et
1604 4661 1845 4731 spiritum
1877 4661 2000 4715 ado-

419 4753 612 4823 ptionis
638 4752 955 4822 accepimus,
985 4751 1070 4804 vel
1097 4749 1239 4820 quod
1267 4768 1447 4804 sumus
1476 4751 1577 4820 ﬁlii
1607 4751 1733 4818 Dei,
1766 4762 1814 4806 et
1837 4753 2001 4807 Iler-

419 4844 510 4896 des
539 4851 586 4896 et
611 4839 904 4894 cohccredes
929 4837 1127 4892 Christi
1145 4878 1160 4902 ,
1191 4837 1276 4892 vel
1306 4840 1448 4908 quod
1478 4840 1744 4910 primitias
1782 4843 1998 4912 spiritus

421 4933 738 5004 accepimus,
769 4938 825 4983 et
851 4929 995 4999 quod
1018 4929 1128 4999 ipse
1155 4931 1368 4999 spiritus
1391 4931 1684 5001 interpellat
1705 4950 1802 5004 pro
1829 4934 1996 4999 nobis,

420 5023 505 5076 vel
550 5021 692 5092 quod
737 5020 914 5075 omnia
960 5019 1107 5072 nobis
1147 5029 1495 5090 cooperantur
1535 5022 1590 5076 in
1637 5022 1864 5087 bonum,
1913 5022 1999 5077 vel

423 5115 567 5185 quod
596 5111 883 5166 secundum
924 5112 1249 5181 propositum
1284 5113 1446 5166 rocati
1490 5129 1692 5178 sumus,
1729 5124 1776 5169 et
1806 5129 2002 5184 pI'tL’CO-

422 5208 572 5280 gniti,
598 5215 644 5259 et
660 5204 970 5274 justi/irati,
1001 5213 1046 5257 et
1072 5204 1452 5275 prwdestinati,
1479 5217 1527 5260 et
1555 5206 1859 5277 glori/icati.
1891 5205 2000 5260 Ho-

422 5317 546 5355 rum
591 5297 792 5353 etenim
835 5297 1078 5352 omnium
1108 5297 1271 5352 veluti
1298 5300 1703 5369 anaecphaleosi
1737 5308 1914 5364 utens,
1946 5308 2003 5354 et

422 5390 586 5452 simul
627 5390 807 5445 omnia
861 5397 1132 5459 repetens,
1184 5389 1296 5444 ait:
1345 5389 1484 5456 Quid
1513 5407 1633 5460 ergo
1672 5391 1902 5445 dicemus
1929 5393 1998 5445 ad

425 5482 558 5549 hac,
594 5483 698 5538 hoc
737 5489 850 5545 est,
899 5480 966 5534 ad
1017 5481 1130 5536 h:ec
1173 5481 1353 5535 omnia
1385 5495 1504 5552 qua:
1536 5494 1695 5548 supra
1740 5481 1996 5548 diximus,

424 5572 552 5638 quia
577 5571 620 5626 si
650 5571 728 5626 sic
759 5569 901 5626 Deus
928 5585 1026 5640 pro
1053 5569 1206 5624 nobis
1229 5577 1342 5632 est,
1381 5577 1441 5622 ut
1466 5568 1583 5622 hmc
1620 5568 1774 5624 nobis
1804 5583 1996 5625 cuneta

428 5661 774 5728 concesserit,
806 5660 928 5732 quis
954 5675 1072 5715 esse
1097 5659 1381 5713 adversum
1415 5671 1514 5712 nos
1541 5657 1772 5728 poterit?

2101 4665 2202 4718 hos
2247 4661 2339 4732 qui
2385 4675 2483 4729 prr
2531 4660 2998 4730 regenerationem
3049 4660 3218 4714 abluti
3263 4667 3319 4714 et
3353 4657 3682 4715 sanctiﬁcati

2100 4762 2245 4816 sunt,
2265 4729 2377 4822 pro
2409 4729 2652 4820 pristinis
2699 4751 2918 4806 audebit
2951 4765 3240 4815 accusare,
3270 4749 3504 4815 delictis,
3551 4729 3700 4804 sub:

2104 4843 2465 4899 audiendum?
2494 4841 2749 4913 Nunquid
2777 4842 2917 4897 Deus
2945 4843 3036 4914 qui
3059 4841 3342 4911 justiﬁeat,
3372 4842 3682 4898 accusabit?

2105 4934 2359 5005 Nunquid
2404 4933 2654 4989 Christus
2697 4933 2945 4989 viventes
2986 4933 3039 4988 in
3071 4934 3183 4989 suis
3200 4931 3681 5008 justiﬁeationibus

2106 5025 2513 5090 condemnabit,
2544 5039 2644 5095 pro
2673 5025 2870 5094 quibus
2891 5035 3136 5080 mortuus
3159 5033 3260 5091 est,
3284 5033 3340 5080 et
3363 5039 3464 5090 oro
3483 5023 3679 5092 quibus

2105 5116 2416 5186 interpellat
2435 5119 2653 5172 Patrem
2678 5155 2694 5182 ,
2745 5130 2810 5170 ac
2832 5130 2930 5186 pro
2960 5115 3039 5170 eis
3067 5114 3414 5188 infatigabilis
3441 5117 3672 5171 advoca-

2105 5216 2191 5260 tus
2244 5205 2486 5261 assistit?
2534 5203 2884 5274 lnterpellare
2933 5205 3078 5258 enim
3121 5207 3330 5260 Patrem
3375 5219 3476 5276 pro
3521 5205 3676 5260 nobis

2101 5295 2322 5362 dicitur,
2358 5295 2485 5350 dum
2513 5309 2725 5365 semper
2771 5293 2822 5347 ei
2874 5292 3168 5360 hominem,
3218 5309 3378 5366 quem
3416 5295 3673 5365 suscepit,

2099 5390 2254 5458 quasi
2281 5397 2530 5443 nostrum
2557 5375 2754 5456 pignus
2781 5386 3038 5440 ostendit.

2169 5481 2278 5536 (Ex
2299 5478 2546 5550 August.)
2583 5479 2716 5532 Cum
2749 5494 2845 5548 pro
2872 5477 2977 5542 his,
3009 5477 3203 5547 inquit,
3233 5478 3483 5534 omnibus
3512 5477 3674 5534 bene-

2098 5569 2259 5634 ﬁciis,
2289 5584 2408 5638 quae
2436 5566 2713 5622 consecuti
2741 5582 2960 5633 sumus,
3012 5566 3103 5621 ﬁxi
3136 5575 3188 5621 et
3217 5568 3444 5622 radieati
3485 5584 3675 5626 sumus

2099 5660 2154 5716 in
2183 5659 2448 5714 eharitate
2494 5655 2611 5723 Dei,
2659 5659 2782 5726 quis
2825 5672 2928 5712 nos
2952 5658 3020 5712 ab
3046 5673 3107 5713 ea
3138 5658 3336 5731 poterit
3366 5673 3622 5728 separare
3649 5659 3676 5716 τ
