3952 6422
271 362 374 424 529
1080 371 1597 431 COLLECTIONES
1635 373 1703 430 IN
1745 373 2127 435 EPISTOLAS
2166 378 2254 435 ET
2295 379 2703 438 EVANGELIA.
3450 389 3556 446 530

200 541 206 546 _
270 480 577 539 Tribulatio
611 481 658 539 si
685 482 922 550 venerit,
957 483 1202 542 dicemus
1237 487 1303 542 ad
1343 487 1552 542 Deum:
1598 487 1664 542 In
1693 487 1860 543 tribu-
1889 493 1938 553 Α
1963 499 2070 548 tate
2121 491 2242 560 Dei,
2272 510 2391 564 quae
2429 504 2504 549 est
2550 495 2604 550 in
2659 493 2868 551 Christo
2906 495 3036 551 Iesu
3082 497 3308 556 Domino
3356 519 3552 560 nostra.

270 572 468 630 latione
487 576 729 632 dilatasti
753 594 834 632 me
863 574 1036 649 (Psal.
1064 579 1138 650 iv)
1167 597 1179 632 :
1209 579 1474 652 Angustia
1492 581 1537 636 si
1562 581 1746 650 fuerit,
1774 597 1862 638 sa-
1962 583 2136 638 Etiam
2165 584 2210 641 si
2237 585 2340 640 alia
2370 593 2618 642 creatura
2637 627 2651 652 ,
2679 587 2730 641 id
2757 595 2862 654 est,
2893 588 3122 646 alterius
3148 594 3406 664 regionis,
3431 613 3554 665 quae

269 670 492 742 pientiaa
520 670 616 727 Dei
648 679 703 726 et
736 671 978 726 scientia:
1011 671 1354 728 latitudinem
1387 675 1766 744 requiremus,
1807 675 1860 731 in
1962 677 2014 731 in
2046 676 2150 732 alia
2177 694 2359 733 rerum
2393 687 2584 733 natura
2634 682 2868 750 seposita
2900 683 3007 749 sit,
3045 685 3110 740 de
3153 685 3344 742 inferis
3383 688 3558 758 possit

271 776 378 834 qua
405 778 508 820 nos
532 772 826 833 angustare
854 778 961 820 non
989 765 1194 834 poterit
1221 765 1454 820 mundus
1474 807 1488 830 ,
1533 766 1626 820 sed
1662 781 1760 835 per
1787 766 1862 822 di-

272 852 521 908 vinarum
564 854 792 925 mystice
833 863 890 910 et
930 852 1253 924 spiritaliter
1273 855 1678 925 Seripturarum
1709 856 1862 927 equi-

273 947 402 1003 tabo
426 946 793 1015 amplissimos
835 963 1076 1020 campos.
1117 947 1560 1004 Persecutionem
1589 950 1634 1006 si
1658 949 1858 1020 patior,

271 1047 329 1094 et
352 1039 618 1096 conﬁteor
649 1039 926 1097 Christum
957 1055 1138 1096 meum
1170 1057 1357 1096 coram
1383 1041 1720 1108 hominibus,
1745 1058 1863 1098 eer-

271 1137 361 1188 tus
399 1147 519 1188 sum
557 1132 682 1202 quia
726 1140 782 1186 et
821 1132 912 1188 ille
958 1147 1046 1187 me
1092 1133 1444 1189 conﬁtebitur
1471 1149 1656 1189 coram
1701 1137 1860 1194 Patre

269 1236 393 1289 suo,
425 1223 518 1294 qui
543 1223 597 1278 in
627 1223 782 1280 ctelis
803 1232 886 1280 est
913 1221 1133 1295 (Matth.
1166 1224 1245 1296 ι).
1277 1221 1474 1280 Fames
1517 1223 1562 1280 si
1601 1223 1856 1289 adfuerit,

271 1315 493 1371 turbare
515 1329 603 1370 me
631 1329 740 1370 non
767 1323 967 1384 potest,
993 1315 1170 1370 habeo
1197 1315 1342 1369 enim
1366 1328 1562 1384 panem
1588 1314 1733 1380 vitae,
1765 1314 1858 1385 qui

269 1404 338 1460 de
359 1405 499 1463 caelo
527 1405 811 1461 descendit
839 1404 1139 1479 (Joan.vt).
1181 1404 1408 1461 Nuditas
1450 1419 1538 1460 me
1568 1420 1675 1460 non
1722 1419 1857 1460 con-

270 1495 492 1564 fundit,
541 1497 763 1554 indutus
813 1514 934 1554 sum
982 1499 1130 1555 enim
1170 1498 1460 1554 Dominum
1489 1497 1674 1556 Iesum
1704 1499 1861 1555 Chri-

269 1595 414 1644 stum
441 1588 623 1659 (Rom.
661 1588 804 1662 χιιι).
858 1588 1162 1646 Periculum
1203 1607 1311 1647 non
1349 1591 1571 1657 timebo,
1604 1590 1860 1645 Dominus

269 1679 415 1734 enim
455 1678 778 1735 illuminatio
828 1698 944 1736 mea
987 1691 1035 1736 et
1064 1681 1209 1737 salus
1259 1699 1394 1746 mea,
1444 1700 1595 1754 quem
1623 1682 1860 1737 timebo?

269 1769 498 1826 Gladius
521 1779 730 1827 terrere
759 1787 847 1828 me
881 1789 989 1828 non
1017 1782 1231 1845 potest,
1265 1775 1438 1830 habeo
1465 1777 1612 1832 enim
1642 1791 1857 1831 meeum

1962 782 2268 840 resurgere,
2290 786 2544 840 separare
2572 788 2670 826 nos
2700 778 3023 840 aCi-eatore,
3051 777 3135 831 cui
3169 778 3348 833 anima
3387 779 3556 836 etiam

1961 867 2134 913 morte
2155 859 2426 931 jungenda
2457 869 2563 926 est,
2594 877 2700 916 non
2725 862 2949 918 valeret.

2286 964 2623 1006 EVANGELIU)!
2675 969 2922 1019 JOANNIS,
2965 971 3084 1010 C.\P.
3131 973 3220 1011 XV.

2038 1059 2056 1091 ι
2095 1040 2208 1097 Hoc
2234 1051 2319 1098 est
2344 1052 2672 1114 prmceptum
2705 1060 2907 1111 meum,
2936 1055 3001 1100 ut
3025 1047 3262 1119 diligatis
3287 1049 3548 1116 invicem,

1965 1149 1984 1182 ι
2029 1131 2170 1185 sicut
2217 1131 2380 1186 dilexi
2434 1147 2552 1187 vos.
2600 1133 2858 1204 Majorem
2895 1135 2998 1191 hac
3026 1137 3371 1194 dilectionem
3397 1157 3556 1196 nemo

1967 1241 1985 1274 ι
2030 1223 2216 1290 habet,
2248 1233 2308 1289 ut
2347 1224 2586 1279 animam
2637 1241 2789 1280 suam
2848 1239 3011 1296 pttllal
3039 1233 3162 1302 quis
3216 1247 3325 1300 pro
3364 1232 3555 1287 amicis

1965 1334 1986 1367 ‹
2031 1317 2164 1371 suis.
2218 1316 2326 1372 Vos
2371 1317 2532 1372 amici
2581 1318 2687 1372 mei
2736 1318 2888 1384 estis,
2934 1317 2978 1373 si
3027 1317 3265 1376 feceritis
3295 1337 3415 1391 qua:
3453 1338 3554 1394 ego

1967 1423 1985 1455 ι
2031 1403 2287 1476 praecipio
2335 1405 2509 1460 vobis.
2557 1403 2678 1460 Jam
2727 1421 2835 1461 non
2865 1407 3040 1462 dicam
3066 1423 3161 1463 vos
3187 1424 3396 1475 servos,
3427 1411 3553 1481 quia

1966 1513 1985 1546 ι
2025 1510 2214 1550 servus
2247 1495 2424 1550 nescit
2449 1496 2579 1566 quid
2603 1495 2768 1553 faciat
2799 1497 3061 1554 Dominus
3080 1498 3214 1568 ejus.
3243 1501 3352 1556 Vos
3373 1510 3553 1557 autem

1965 1603 1984 1637 ι
2029 1584 2138 1640 dixi
2167 1585 2395 1652 amicos,
2416 1587 2543 1656 quia
2571 1588 2752 1643 omnia
2775 1604 3111 1660 quacunque
3132 1593 3313 1647 audivi
3333 1608 3364 1648 a
3385 1593 3550 1650 Patre

1965 1695 1985 1728 ι
2031 1691 2174 1742 ιιιεο,
2200 1685 2327 1732 nota
2364 1675 2466 1732 feci
2499 1676 2672 1732 vobis.
2721 1676 2838 1734 Non
2880 1695 2977 1734 vos
3025 1696 3112 1736 me
3156 1681 3430 1753 elegistis,
3457 1686 3552 1738 sed

1966 1787 1985 1820 ι
2028 1783 2128 1840 ego
2153 1767 2288 1841 elegi
2312 1783 2426 1835 vos,
2455 1778 2518 1824 ut
2547 1769 2686 1825 eatis
2713 1778 2769 1825 et
2795 1769 3030 1825 fructum
3057 1771 3298 1829 afferatis
3319 1815 3334 1840 ,
3357 1783 3414 1830 et
3439 1775 3555 1830 fru-

269 1859 509 1931 gladium
540 1861 767 1931 spiritus
790 1902 805 1928 ,
855 1863 998 1930 quod
1046 1873 1131 1918 est
1158 1866 1383 1920 verbum
1411 1865 1538 1932 Dei,
1587 1867 1777 1922 vivens
1800 1875 1856 1922 et
1882 1871 1930 1930 Β
1965 1879 1982 1912 ι
2029 1870 2150 1917 ctus
2176 1869 2358 1917 vester
2387 1869 2607 1917 maneat
2631 1877 2646 1917 :
2670 1870 2732 1917 ut
2757 1863 3120 1935 quodcunque
3157 1867 3426 1937 petieritis
3453 1870 3552 1925 Pa-

267 1950 457 2006 etiieax
482 1991 497 2016 ,
531 1961 586 2007 et
618 1953 1007 2022 penetrabilior
1049 1956 1195 2010 omni
1226 1956 1404 2027 gladio
1434 1957 1678 2028 ancipiti.
1709 1957 1857 2014 Illius

268 2043 417 2099 enim
449 2043 689 2100 charitas
730 2045 824 2116 qui
870 2061 972 2102 nos
1001 2047 1192 2104 dilexit
1223 2057 1278 2104 et
1301 2058 1548 2105 nostrum
1575 2051 1642 2106 ad
1676 2065 1734 2106 se
1763 2066 1854 2105 ra-

268 2135 388 2205 puit
433 2134 708 2203 affectum,
751 2140 1056 2195 cruciatum
1104 2143 1349 2212 corporis
1393 2150 1450 2198 et
1481 2142 1726 2198 dolorem
1756 2157 1857 2199 nos

270 2228 473 2283 sentire
498 2226 652 2295 facit,
679 2229 800 2285 ideo
824 2245 956 2302 ergo
980 2231 1035 2286 in
1063 2233 1148 2288 his
1178 2234 1432 2289 omnibus
1461 2249 1806 2306 superamus.
1825 2261 1843 2278 ι

341 2316 464 2388 (Ea:
499 2316 690 2391 Orig.)
723 2319 948 2375 Videtur
976 2322 1121 2376 enim
1156 2338 1316 2393 posse
1355 2323 1470 2379 haec
1514 2340 1697 2396 agere,
1732 2333 1789 2380 ut
1827 2341 1858 2380 a

268 2406 539 2464 cbaritate
567 2408 665 2465 Dei
710 2426 1046 2482 separemur.
1099 2412 1244 2470 Mors
1285 2422 1340 2470 et
1382 2414 1632 2470 fortassis
1661 2416 1857 2489 angeli,

269 2512 328 2560 et
350 2504 705 2574 principatus,
739 2516 795 2561 et
842 2507 1076 2564 virtutes
1131 2508 1484 2565 adversantes
1535 2510 1714 2574 nobis,
1742 2510 1860 2566 sine

268 2594 434 2651 dubio
455 2605 512 2651 et
537 2597 850 2666 praesentia,
883 2614 1005 2668 quae
1033 2606 1161 2653 sunt
1197 2600 1386 2670 utique
1429 2599 1638 2656 lubrica
1669 2608 1724 2656 et
1769 2615 1862 2656 ca-

268 2685 430 2752 duca,
462 2687 559 2742 sed
594 2695 651 2742 et
697 2687 1050 2758 profundum,
1079 2699 1260 2760 potest
1313 2690 1566 2747 similiter
1608 2691 1858 2764 intelligi,

269 2785 381 2832 vita
407 2787 587 2834 autem
617 2777 797 2833 futura
824 2787 880 2834 et
906 2779 1135 2836 altitudo
1161 2789 1217 2837 et
1237 2791 1510 2848 creatura,
1534 2783 1718 2854 aliquo
1745 2800 1861 2840 mo-

267 2866 342 2923 do
370 2883 402 2922 a
433 2869 700 2924 eharitate
728 2869 824 2924 Dei
851 2885 1106 2941 separare
1127 2887 1228 2927 uos
1249 2879 1537 2928 conantur.
1573 2873 1693 2928 Non
1721 2875 1860 2930 otio-

269 2977 393 3017 sum
423 2963 640 3018 videtur
659 2977 954 3033 exponere,
979 2964 1082 3019 nisi
1112 2964 1234 3034 quis
1253 2964 1392 3020 forte
1422 2966 1567 3021 dicat
1597 2965 1862 3036 hyperbo-

269 3050 374 3108 lice
415 3052 532 3108 haec
568 3052 886 3123 Apostolum
934 3054 1138 3120 dicere,
1162 3055 1268 3111 hoc
1292 3064 1396 3122 est,
1427 3071 1533 3110 non
1564 3055 1736 3111 solum
1765 3071 1863 3126 per

269 3157 336 3197 ea
361 3156 482 3212 quae
513 3143 760 3198 accidere
783 3151 1032 3213 possunt,
1064 3146 1158 3200 sed
1187 3158 1255 3200 ne
1287 3161 1381 3216 per
1405 3161 1468 3201 ea
1495 3147 1712 3216 quidem
1738 3162 1861 3218 quae

1963 1971 1984 2006 ι
2031 1963 2171 2009 trem
2202 1954 2258 2010 in
2284 1954 2503 2010 nomine
2526 1969 2648 2010 meo
2674 1955 2766 2011 det
2794 1956 2966 2011 vobis.
3008 1976 3023 2009 ι

2030 2046 2148 2101 Hoc
2187 2055 2260 2102 est
2289 2054 2606 2117 praceptum
2635 2062 2832 2112 meum,
2861 2058 2920 2100 ut
2947 2047 3181 2118 diligatis
3212 2047 3455 2113 invicem,
3479 2049 3551 2103 si-

1958 2150 2044 2195 cut
2065 2138 2225 2193 dilexi
2254 2154 2362 2194 vos.
2390 2138 2492 2212 (Ex
2521 2138 2774 2212 August.)
2805 2139 2878 2196 Ut
2904 2140 3034 2210 quid
3054 2140 3197 2195 enim
3235 2156 3335 2196 nos
3361 2141 3550 2198 dilexit

1957 2230 2227 2296 Christus,
2255 2229 2360 2285 nisi
2391 2237 2449 2284 ut
2473 2230 2743 2299 possimus
2773 2244 3002 2300 regnare
3031 2247 3155 2286 eum
3181 2230 3546 2290 Christo?'Ad

1958 2321 2064 2377 hoc
2110 2335 2209 2376 nos
2259 2320 2482 2393 diligere
2514 2321 2774 2377 debemus
2796 2363 2810 2388 ,
2844 2331 2901 2376 ut
2931 2323 3230 2378 habeamus
3270 2323 3462 2390 Deum,
3492 2335 3550 2380 et

1959 2429 2276 2469 maneamus
2329 2413 2383 2468 in
2421 2415 2550 2480 Deo,
2582 2424 2639 2471 et
2691 2415 2738 2471 si
2787 2415 2866 2470 sic
2889 2415 2981 2486 qui
3013 2432 3071 2472 se
3099 2416 3348 2488 diligunt,
3379 2418 3547 2474 Deum

1959 2505 2210 2576 diligunt,
2236 2513 2291 2560 et
2328 2507 2443 2561 [nec
2474 2515 2560 2560 est
2584 2505 2823 2573 dilectio,
2856 2517 2912 2560 ut
2946 2507 3010 2562 sit
3066 2506 3203 2562 Deus
3259 2510 3438 2563 omnia
3495 2511 3550 2564 in

1960 2598 2202 2652 omnibus
2233 2597 2288 2670 (Ι
2310 2595 2434 2652 Cor.
2464 2597 2577 2669 xv).

2034 2687 2296 2758 Majorem
2347 2689 2447 2744 hac
2499 2690 2834 2747 dilectionem
2877 2709 3029 2749 nemo
3085 2694 3239 2749 habet
3289 2711 3446 2766 quam
3496 2705 3552 2748 ut

1959 2781 2195 2835 animam
2233 2797 2387 2836 suam
2422 2793 2582 2852 ponat
2633 2787 2750 2856 quis
2784 2802 2879 2856 pro
2917 2787 3102 2842 amicis
3151 2787 3282 2842 suis.
3337 2785 3396 2841 in
3450 2788 3554 2842 hoc

1959 2868 2165 2924 Christi
2196 2869 2415 2926 dilectio
2447 2875 2815 2942 supereminet
2861 2876 2916 2930 in
2965 2891 3093 2940 nos,
3123 2877 3251 2946 quia
3302 2876 3469 2941 venit,
3493 2885 3554 2931 ιιι

1962 2959 2201 3013 animam
2229 2974 2382 3014 suam
2417 2971 2647 3032 poneret
2677 2978 2778 3032 pro
2808 2964 3046 3020 inimicis
3076 2965 3220 3031 suis,
3243 2965 3312 3020 ad
3339 2965 3444 3020 hoc
3471 2975 3551 3018 ta-

1963 3063 2088 3102 men
2119 3057 2180 3103 ut
2199 3063 2268 3104 ex
2303 3049 2537 3106 inimicis
2567 3050 2770 3109 faceret
2797 3055 3023 3120 amicos,
3046 3055 3142 3111 sed
3169 3071 3279 3111 non
3309 3055 3555 3110 omnium

1964 3148 2049 3195 est
2099 3141 2438 3212 martyrium,
2472 3150 2653 3198 tamen
2688 3144 2931 3199 omnium
2978 3144 3302 3201 beneficium
3363 3155 3452 3204 est
3498 3148 3555 3202 in

269 3232 456 3288 venire
485 3234 708 3289 omnino
741 3249 846 3290 non
872 3242 1118 3306 possunt,
1152 3235 1260 3292 ullo
1285 3246 1445 3306 pacto
1475 3252 1505 3292 a
1540 3237 1635 3293 Dei
1678 3237 1858 3294 chari-
1884 3241 1932 3307 ο
1961 3229 2177 3287 fratres.
2207 3232 2308 3300 Qui
2337 3247 2522 3287 veram
2551 3234 2910 3289 substantiam
2947 3251 3100 3290 suam
3147 3233 3305 3291 fratri
3354 3237 3410 3292 in
3457 3253 3556 3292 ne-

272 3336 384 3383 tate
407 3327 759 3384 deﬂectimur.

341 3418 450 3490 (Ea:
476 3418 636 3490 Aug.)
682 3418 853 3475 Nemo
881 3435 980 3476 nos
1025 3421 1150 3475 inde
1176 3429 1392 3491 separet
1419 3420 1680 3476 minando
1709 3437 1856 3478 mor-

270 3521 402 3577 tem,
435 3511 666 3581 idipsum
685 3512 850 3578 enim,
885 3514 1027 3582 quod
1057 3513 1330 3584 diligimus
1356 3511 1548 3577 Deum,
1579 3513 1718 3568 mori
1743 3529 1855 3570 non

271 3612 467 3674 potest.
491 3603 604 3659 Nisi
626 3603 753 3658 dum
776 3621 882 3660 non
907 3605 1079 3678 diligit
1102 3606 1291 3671 Deum,
1309 3606 1396 3660 cui
1425 3621 1576 3662 mors
1602 3606 1718 3676 ipsa
1752 3613 1856 3670 est,

273 3706 380 3747 non
405 3692 627 3763 diligere
654 3693 843 3749 Deum.
866 3692 1032 3750 Nemo
1052 3711 1150 3751 nos
1176 3695 1299 3750 inde
1321 3704 1537 3766 separet
1555 3695 1860 3766 pollicendo

271 3783 458 3837 vitam.
492 3783 661 3840 Nemo
703 3785 849 3840 enim
903 3786 972 3841 ab
1021 3785 1140 3856 ipso
1179 3784 1327 3842 fonte
1373 3794 1594 3858 separat
1640 3801 1852 3857 aquam.

271 3871 391 3927 Non
421 3883 640 3944 separat
668 3875 916 3946 angelus;
973 3891 1078 3930 non
1119 3876 1266 3932 enim
1312 3886 1397 3933 est
1440 3877 1684 3948 angelus,
1736 3894 1861 3934 cum

273 3963 599 4020 inhaeremus
627 3966 761 4032 Deo,
793 3975 981 4021 nostra
1009 3978 1194 4021 mente
1221 3967 1512 4038 potentior.
1545 3967 1662 4022 Non
1705 3983 1862 4038 sepa-

273 4066 360 4111 rat
390 4057 583 4124 virtus,
626 4057 716 4112 illa
762 4058 986 4120 scilicet,
1018 4073 1139 4126 qua:
1166 4065 1490 4128 potestatem
1518 4057 1860 4112 tenebrarum

273 4148 329 4204 in
367 4148 471 4205 hoc
500 4149 700 4204 mundo
731 4158 897 4215 tenet,
933 4158 1046 4204 toto
1076 4148 1275 4203 mundo
1318 4156 1404 4202 est
1445 4148 1668 4202 omnino
1697 4147 1865 4202 subli-

272 4244 414 4300 mior
439 4259 593 4298 mens
625 4243 895 4298 inhmrens
942 4242 1074 4296 Deo.
1122 4239 1240 4294 Non
1289 4247 1545 4308 separant
1599 4238 1864 4293 instantes

273 4335 554 4398 molestize,
587 4335 690 4388 hoc
733 4334 880 4387 enim
928 4332 1160 4386 leviores
1200 4346 1296 4386 eas
1324 4330 1590 4385 sentimus
1617 4345 1724 4399 quo
1753 4329 1802 4384 ei
1831 4345 1862 4384 a

273 4439 385 4494 quo
441 4438 542 4478 nos
595 4436 849 4492 separare
909 4421 1207 4477 moliuntur
1261 4421 1466 4476 arctius
1515 4421 1860 4475 inhaeremus.

275 4514 393 4569 Non
421 4523 636 4583 separat
663 4513 952 4582 promissio
975 4511 1302 4577 futurorum,
1335 4526 1458 4566 nam
1498 4519 1552 4566 et
1600 4511 1862 4581 quidquid

1961 3323 2222 3378 cessitate
2248 3324 2428 3393 posito
2454 3338 2560 3379 non
2592 3326 2804 3392 tribuit,
2834 3327 3105 3396 quomodo
3133 3328 3370 3382 animam
3397 3345 3553 3384 suam

1959 3413 2015 3469 in
2039 3415 2418 3484 persecutione
2447 3417 2674 3472 daturus
2719 3426 2804 3472 est
2834 3410 2940 3489 pro
2984 3418 3154 3475 fratre
3203 3421 3338 3475 suo?
3367 3421 3554 3476 Virtus

1958 3521 2090 3561 vero
2116 3504 2276 3575 hujus
2307 3507 2590 3564 cbaritatis
2613 3517 2698 3564 est
2723 3509 2778 3564 in
2806 3525 2942 3580 pace
2969 3526 3067 3566 sua
3097 3511 3426 3568 distribuere
3456 3529 3554 3584 pro

1961 3595 2166 3652 Christi
2197 3613 2383 3653 amore
2415 3606 2474 3654 ut
2503 3599 2677 3670 possit
2710 3601 2765 3656 in
2811 3602 3221 3672 perturbatione
3263 3618 3322 3659 se
3375 3603 3551 3675 ipsun‘

1960 3691 2179 3746 tradere
2201 3705 2300 3761 pro
2327 3690 2549 3746 nomine
2576 3691 2717 3762 ejus.

2042 3781 2146 3837 Vos
2166 3781 2324 3836 amici
2341 3783 2442 3836 mei
2462 3782 2584 3837 estis
2611 3782 2656 3836 si
2683 3783 2910 3853 feceritis
2938 3787 3056 3856 qua:
3079 3800 3171 3856 ego
3198 3786 3447 3856 pra'cipio
3475 3803 3556 3841 vo-

1962 3875 2061 3929 bis.
2094 3874 2285 3946 Magua
2313 3882 2400 3929 est
2427 3874 2663 3946 dignitas
2687 3876 2922 3931 amicum
2951 3893 3072 3932 esse
3101 3876 3219 3942 Dei,
3250 3877 3345 3933 sed
3367 3877 3556 3934 viden-

1963 3966 2093 4021 dum
2127 3972 2233 4029 est,
2259 3965 2457 4034 quibus
2479 3965 2737 4036 gradibus
2761 3965 2829 4020 ad
2857 3967 2999 4021 hanc
3026 3966 3404 4023 celsitudinem
3424 3984 3553 4039 per-

1960 4057 2230 4113 veniatur.
2254 4055 2545 4127 Subjungit
2570 4073 2584 4110 :
2619 4056 2680 4112 Si
2709 4057 2940 4127 feceritis
2959 4075 3022 4112 ea
3046 4075 3164 4130 quae
3190 4076 3281 4129 ego
3303 4061 3552 4132 prwcipio

1962 4148 2124 4204 vobis.
2158 4149 2237 4203 Ac
2265 4148 2311 4203 si
2343 4154 2530 4217 aperte
2557 4147 2702 4202 dicat
2735 4165 2747 4200 :
2775 4147 3037 4204 Gaudetis
3063 4149 3130 4203 de
3146 4149 3402 4216 culmine,
3420 4167 3553 4220 pen-

1964 4250 2081 4296 sate
2108 4240 2308 4310 quibus
2329 4238 2608 4294 laboribus
2637 4240 2855 4294 venitur
2883 4239 2948 4294 ad
2969 4241 3206 4296 culmen.
3243 4241 3434 4311 Magna
3465 4254 3551 4299 est

1964 4333 2336 4389 misericordia
2363 4331 2636 4403 largitoris
2656 4333 2850 4397 nostri,
2871 4333 3014 4387 servi
3033 4349 3138 4388 non
3157 4333 3356 4389 fuimus
3378 4335 3549 4404 digni,

1963 4433 2018 4480 et
2038 4425 2196 4479 amici
2222 4439 2500 4490 vocamur,
2529 4423 2650 4480 ideo
2678 4421 2975 4496 subjungit.

2033 4514 2158 4569 lam
2185 4532 2289 4570 non
2323 4516 2496 4569 dicam
2519 4532 2608 4569 vos
2633 4533 2830 4582 servos,
2855 4518 2979 4588 quia
3007 4516 3185 4572 servus
3215 4521 3376 4572 nescit
3421 4521 3548 4590 quid

274 4606 403 4662 boni
431 4603 670 4659 futurum
691 4612 796 4668 est,
819 4604 1022 4658 certius
1049 4602 1315 4672 promittit
1344 4601 1506 4667 Deus,
1532 4610 1586 4656 et
1612 4601 1747 4656 nihil
1777 4613 1862 4656 est
1886 4591 1938 4651 D
1965 4606 2129 4676 faciat
2156 4607 2413 4662 Dominus
2451 4607 2586 4678 ejus.
2615 4606 2772 4662 Aliud
2795 4618 2879 4662 est
2905 4623 3120 4664 servum
3150 4610 3380 4675 timoris,
3405 4611 3550 4668 aliud

277 4697 394 4766 ipso
417 4695 528 4750 Deo
551 4695 765 4760 melius,
792 4694 884 4764 qui
905 4692 1018 4763 jam
1043 4692 1286 4764 profecto
1309 4691 1447 4748 bene
1467 4693 1570 4748 sibi
1598 4692 1866 4747 inhaeren-

277 4789 422 4843 tibus
442 4802 682 4858 praesens
700 4795 804 4842 est.

347 4878 532 4933 Certus
575 4895 692 4934 sum
742 4878 901 4932 enim.
933 4876 1050 4931 Non
1095 4875 1512 4947 dixit,opinor,
1541 4875 1637 4931 sed
1685 4884 1865 4932 certus

277 4984 398 5026 sum
427 4970 572 5039 quod
597 4968 783 5024 fideles
813 4967 1012 5024 Christi
1043 4982 1152 5022 non
1187 4976 1408 5037 separat
1443 4967 1512 5022 ab
1541 4965 1658 5034 ejus
1685 4967 1864 5022 chari-

279 5069 411 5125 tate,
441 5077 541 5116 nec
563 5077 730 5126 mors,
763 5076 863 5115 nec
883 5060 1017 5125 vita,
1047 5059 1100 5115 id
1130 5068 1235 5124 est,
1261 5075 1360 5114 nec
1385 5059 1710 5130 persecutio,
1741 5073 1862 5130 qua:

275 5167 424 5207 nunc
465 5167 614 5222 spem
653 5152 776 5206 vitre
801 5151 1019 5222 ingerit,
1057 5166 1202 5205 nunc
1236 5158 1498 5204 terrorem
1537 5149 1730 5205 mortis
1777 5150 1862 5204 in-

277 5253 474 5311 tentat,
503 5260 681 5315 neque
726 5254 967 5315 potestas
1007 5244 1233 5300 adversa
1283 5242 1676 5313 transfigurans
1713 5256 1771 5297 se
1806 5243 1860 5296 in

275 5336 526 5408 angelum
550 5336 700 5398 lucis,
726 5335 990 5390 audienda
1011 5342 1115 5389 est.
1145 5333 1331 5404 Neque
1351 5332 1713 5396 fortitudines,
1733 5333 1859 5403 quia

276 5442 407 5482 vasa
435 5427 590 5483 fortis
619 5427 962 5497 diripientur,
996 5426 1089 5496 qui
1111 5440 1208 5496 per
1231 5425 1510 5481 Christum
1535 5423 1726 5494 ligatus
1752 5433 1855 5478 est.

350 5518 534 5589 Neque
579 5516 803 5572 altitudo
826 5557 841 5582 ,
877 5534 1040 5587 neque
1082 5517 1425 5587 profundum.
1465 5516 1521 5570 ld
1557 5524 1660 5580 est,
1684 5531 1859 5586 neque

276 5607 592 5680 astrologia,
625 5608 1220 5679 neque-necromantia,
1251 5607 1377 5676 quia
1403 5615 1457 5661 et
1496 5605 1585 5660 illa
1623 5605 1860 5662 altitudi-

277 5715 402 5757 nem
427 5716 662 5765 sursum,
685 5709 740 5756 et
768 5700 867 5756 ista
904 5698 1173 5754 infernum
1195 5708 1508 5753 scrutantur
1534 5699 1806 5754 deorsum.

356 5791 533 5863 Neque
562 5804 802 5848 creatura
831 5794 935 5848 alia
962 5794 1149 5864 poterit
1195 5811 1286 5849 nos
1335 5811 1580 5862 separare
1610 5810 1640 5847 a
1681 5793 1858 5848 citari-

1967 4697 2189 4764 amoris,
2219 4713 2339 4767 qua:
2366 4698 2472 4754 duo
2500 4699 2733 4769 exempli
2763 4699 2935 4768 gratia
2968 4701 3081 4770 ipsa
3112 4701 3314 4756 veritas
3343 4701 3397 4760 in
3447 4703 3552 4758 hoc

1965 4791 2157 4848 eodem
2188 4791 2480 4862 Evangelio
2508 4792 2787 4862 exprimit,
2813 4793 3001 4847 dicens
3029 4811 3042 4846 :
3085 4793 3281 4849 Servus
3303 4811 3406 4849 non
3437 4785 3551 4850 m'a-
3618 4859 3622 4864 ,

1967 4894 2051 4938 net
2077 4886 2132 4939 in
2154 4884 2308 4938 domo
2333 4883 2388 4938 in
2427 4892 2703 4949 wternum,
2729 4883 2872 4952 ﬁlius
2921 4893 3096 4939 autem
3132 4894 3328 4941 manet.
3379 4885 3553 4942 Filius

1964 4990 2097 5030 vero
2125 4973 2290 5029 servit
2307 4973 2452 5032 Patri
2477 4982 2702 5046 propter
2727 4990 2990 5040 amorem,
3009 4991 3199 5032 servus
3223 4983 3402 5031 autem
3427 4994 3552 5048 pro-

1962 5073 2085 5136 pter
2115 5065 2385 5130 timorem,
2413 5065 2479 5120 de
2508 5080 2616 5135 quo
2642 5065 2862 5120 servitio
2893 5064 3153 5120 Dominus
3184 5067 3322 5122 dixit
3366 5085 3379 5120 :
3423 5067 3550 5122 Iam

1966 5172 2072 5209 non
2113 5155 2232 5208 dico
2264 5171 2350 5209 vos
2380 5171 2574 5220 servos,
2609 5155 2700 5209 sed
2729 5156 3092 5226 amicos,qnia
3120 5157 3214 5212 lilii
3249 5172 3356 5211 non
3381 5159 3546 5222 servi,

1964 5245 2086 5300 ideo
2113 5253 2170 5300 et
2196 5245 2378 5308 amici,
2407 5246 2532 5314 quia
2575 5262 2752 5300 servus
2803 5248 2963 5300 nescit
2997 5248 3124 5315 quid
3163 5247 3326 5316 faciat
3360 5247 3546 5301 Domi-

1965 5350 2063 5387 nus
2108 5334 2245 5404 ejus.
2291 5332 2477 5387 Neseit
2520 5334 2665 5388 enim
2716 5335 3046 5391 voluntatem
3077 5337 3290 5391 Domini
3319 5337 3426 5402 sui,
3454 5342 3547 5406 qui

1963 5439 2063 5494 per
2089 5425 2298 5479 timoris
2326 5425 2742 5480 amaritudinem
2771 5427 2939 5482 servit
2963 5427 3190 5482 Domino
3212 5442 3332 5490 suo,
3355 5435 3411 5480 et
3437 5444 3545 5482 non

1963 5532 2060 5587 per
2087 5516 2372 5571 charitatis
2398 5515 2757 5583 dulcedinem,
2789 5518 2944 5587 quasi
2969 5519 3114 5576 Patri
3142 5518 3367 5574 serviat.

2047 5605 2147 5661 Vos
2171 5617 2347 5662 autem
2367 5607 2482 5661 dixi
2503 5609 2719 5674 amicos,
2746 5610 2871 5680 quia
2901 5611 3075 5662 omnia
3103 5625 3423 5679 qutrcuuque
3446 5624 3546 5662 au-

1965 5702 2069 5755 divi
2099 5695 2306 5754 aPutre
2351 5717 2488 5766 meo,
2530 5710 2652 5754 nota
2692 5701 2792 5769 feci
2832 5702 2990 5757 vobis.
3023 5701 3154 5767 Qua:
3184 5708 3310 5756 sunt
3334 5701 3540 5766 omnia,

1967 5808 2086 5862 qua:
2137 5791 2344 5848 audivit
2395 5809 2425 5846 a
2469 5792 2620 5847 latrc
2647 5831 2661 5857 ,
2693 5808 2811 5861 qua)
2853 5800 2980 5848 nota
3021 5792 3138 5847 fieri
3169 5792 3335 5849 voluit
3370 5795 3541 5850 servis
