3952 6412
491 302 586 366 ὃ.ῖί

1769 312 2124 374 sumsum
2160 319 2453 377 seems
3650 318 3763 401 5.32

489 426 626 491 suis,
657 436 715 481 ut
742 440 836 482 eos
875 428 1159 498 perliceret
1182 429 1387 485 amicos
1422 444 1569 495 suos,
1601 429 1705 486 nisi
1755 429 1953 500 gaudia
2003 430 2081 485 in-
2107 433 2156 492 Α
2256 428 2326 483 Ut
2360 432 2620 500 possimus
2643 441 2690 485 et
2722 431 2820 502 ipsi
2845 430 3110 487 consolari
3137 448 3224 485 eos
3254 430 3345 501 qui
3370 430 3421 485 in
3444 431 3588 485 omni
3614 448 3763 496 pres-

491 526 657 575 ternzc
677 520 981 585 cliaritatis,
1016 522 1119 576 nisi
1146 522 1234 576 illa
1266 519 1406 577 festa
1433 538 1681 592 superna:
1708 523 1923 594 patriai,
1952 536 2073 592 qua:

485 610 688 665 nostris
743 611 985 680 quotidie
1053 614 1323 670 mentibus
1382 628 1479 684 per
1536 614 1923 684 aspirationem
1985 613 2072 669 sui

486 702 689 756 amoris
718 702 1014 773 imprimit,
1046 704 1140 759 sed
1193 705 1307 759 iure
1364 706 1624 776 cognitio,
1663 721 1784 775 qua:
1818 721 1962 761 nunc
1999 721 2068 761 ex

484 804 639 863 parte
678 795 914 864 proiicit,
962 797 1016 850 in
1050 796 1139 850 illa
1168 795 1504 866 plenitudine
1543 798 1785 852 scientia:
1823 797 2069 868 perlicie-

484 891 592 949 tur,
630 885 697 939 de
726 899 835 955 quo
859 885 1148 955 Apostolus
1173 887 1249 940 ait
1280 902 1293 939 :
1326 886 1457 940 Cum
1491 896 1666 940 autem
1701 888 1893 942 venerit
1927 888 2067 959 quod

480 975 769 1045 perfectum
793 986 890 1042 est,
911 978 1248 1032 evacuabitur
1273 977 1414 1048 quod
1442 993 1508 1031 ea;
1540 987 1690 1048 parte
1729 986 1804 1033 est
1844 977 1912 1050 (1
1939 977 2062 1034 Cor.

483 1067 627 1140 xui),
655 1069 761 1124 hoc
786 1070 931 1124 enim
969 1070 1227 1126 Dominus
1255 1069 1532 1140 discipulis
1559 1084 1619 1125 se
1664 1070 1858 1126 iecisse
1904 1071 2061 1138 dixit,

480 1158 626 1227 quod
649 1158 893 1215 facturus
920 1174 1042 1213 esse
1077 1159 1300 1213 sciebat.

558 1246 683 1302 Non
714 1264 798 1302 ros
822 1265 902 1301 me
922 1248 1165 1319 elegistis,
1185 1250 1275 1304 sed
1298 1265 1390 1320 ego
1418 1250 1548 1321 elegi
1578 1268 1683 1307 vos.
1722 1250 1848 1307 Haec
1874 1260 1959 1307 est
1979 1251 2062 1306 af-

478 1338 658 1397 fabilis
684 1343 880 1413 gratia,
911 1357 1032 1411 quae
1062 1344 1324 1414 praevenit
1350 1358 1473 1409 nos,
1503 1351 1561 1399 ut
1597 1344 1770 1400 simus
1804 1344 1967 1400 amici
1993 1360 2058 1400 ex

475 1435 675 1499 servis,
700 1435 821 1490 ideo
849 1436 1005 1491 nobis
1034 1451 1141 1491 non
1173 1437 1435 1506 subrepat
1456 1435 1736 1506 superbia,
1770 1437 1929 1507 quasi
1958 1451 2059 1507 pro

474 1525 681 1582 nostris
731 1527 940 1585 meritis
993 1526 1197 1595 aliquid
1246 1527 1638 1597 aceipercmus,
1665 1527 1793 1583 dum
1821 1526 1917 1583 lilii
1966 1528 2062 1585 ira:

473 1604 699 1679 fuimus,
736 1630 879 1669 nunc
904 1622 1085 1669 autem
1115 1613 1209 1669 lilii
1243 1614 1339 1669 Dei
1366 1630 1464 1685 per
1485 1615 1717 1685 gratiam
1752 1613 1930 1670 eii‘ccti
1969 1631 2060 1671 su-

472 1721 614 1770 mus,
638 1706 757 1761 sine
784 1721 890 1775 qua
924 1702 1060 1760 nihil
1097 1720 1388 1777 possumus
1419 1704 1620 1767 facere.
1647 1712 1709 1760 ut
1727 1704 1889 1774 paulo
1929 1713 2055 1759 ante

471 1791 587 1865 ipsa
605 1793 814 1850 Veritas
834 1794 916 1849 ait
946 1813 958 1847 :
991 1792 1116 1850 Sine
1141 1810 1223 1848 me
1252 1793 1383 1848 nihil
1409 1795 1621 1864 potestis
1643 1793 1837 1864 facere.

543 1883 613 1937 Et
636 1885 788 1955 posui
821 1900 932 1950 vos,
962 1894 1017 1941 ut
1041 1885 1172 1939 eatis
1194 1893 1241 1937 et
1267 1884 1499 1954 fructum
1523 1884 1781 1954 all'eratis.
1806 1884 1964 1943 Posui
1987 1886 2054 1940 ad

467 1975 719 2046 gratiam,
748 1975 986 2048 plantavi
1010 1983 1070 2031 ut
1100 1974 1239 2032 eatis
1263 1976 1515 2041 voiendo,
1557 1974 1769 2032 fruetus
1814 1976 2054 2032 ail'eratis

465 2066 764 2138 cperando.
799 2066 947 2124 Estis
966 2067 1113 2123 enim
1135 2067 1367 2123 volendo
1390 2067 1531 2123 dixit
1562 2082 1577 2122 :
1618 2067 1756 2136 Quia
1788 2068 1925 2124 velle
1954 2068 2049 2123 ali-

465 2155 599 2227 quid
624 2154 807 2211 facere
824 2156 937 2227 jam
965 2165 1148 2213 mente
1168 2156 1249 2212 ire
1276 2165 1382 2223 est,
1412 2155 1630 2228 qualem
1653 2172 1783 2214 vero
1811 2158 2051 2217 fructum

467 2242 666 2300 ali'erre
702 2244 1274 2317 debeant-subjungit.

534 2332 605 2388 Et
630 2334 832 2404 fructus
854 2345 1019 2390 vester
1043 2344 1268 2401 maneat,
1294 2345 1351 2389 ut
1400 2334 1745 2407 quodcunque
1799 2337 2050 2408 petieritis

458 2422 664 2483 I'atrem
695 2426 751 2479 in
778 2428 987 2480 nomine
1030 2442 1144 2480 meo
1182 2426 1267 2479 det
1296 2426 1456 2480 vobis.
1488 2426 1696 2481 Nomen
1749 2426 1843 2481 lilii
1892 2424 2050 2484 .icsus

460 2526 564 2583 est,
589 2519 747 2575 Jesus
769 2526 949 2575 autem
975 2520 1234 2586 salvator,
1251 2520 1334 2574 vel
1356 2521 1519 2575 etiam
1537 2520 1791 2575 salutaris
1813 2520 2042 2575 dicitur:

459 2601 556 2666 ille
589 2624 720 2683 ergo
750 2611 805 2665 in
842 2610 1063 2667 nomine
1084 2610 1382 2665 Salvatoris
1409 2611 1563 2680 petit,
1592 2611 1683 2681 qui
1724 2610 1855 2667 illud
1891 2612 2043 2683 petit,

458 2702 605 2772 quod
633 2703 702 2756 ad
730 2714 914 2758 veram
946 2695 1174 2757 salutem
1205 2700 1460 2772 pertinet.
1513 2699 1650 2755 Nam
1704 2701 1750 2756 si
1802 2700 1858 2755 id
1903 2703 2047 2772 quod

459 2802 568 2851 non
592 2796 843 2867 expediat
869 2796 1094 2867 petitur,
1125 2809 1230 2849 non
1264 2793 1317 2848 in
1342 2791 1563 2848 nomine
1585 2788 1712 2847 Jcsu
1749 2792 1971 2865 petitur.

675 2924 741 2984 IN
780 2927 1032 2983 NATALI
1083 2920 1293 2983 UNIUS
1326 2923 1820 2982 CONFESSORIS.

451 3047 708 3099 εριετοιλ
763 3055 921 3100 nem
984 3050 1139 3094 mnu
1200 3052 1456 3094 APOSTtlLl
1516 3053 1584 3093 an
1645 3051 1901 3094 comunt.
1963 3054 2076 3107 ιι,

1111 3123 1285 3164 CAPUT
1326 3124 1364 3163 1.

530 3269 551 3302 ι
593 3249 920 3307 Benedictus
969 3243 1114 3306 Deus
1163 3258 1221 3304 et
1263 3246 1427 3305 Pater
1455 3248 1669 3305 Domini
1705 3251 1880 3308 nostri
1911 3247 2041 3308 Jesu

458 3360 478 3393 ι
522 3340 748 3406 Christi,
797 3339 961 3395 Pater
1006 3338 1508 3395 misericordiarum
1562 3348 1619 3395 et
1674 3338 1819 3397 Deus
1871 3342 2041 3398 totius

456 3451 475 3482 ι
522 3430 936 3497 conso.ationis,
958 3430 1051 3503 qui
1076 3429 1391 3486 consolatur
1426 3444 1525 3484 nos
1565 3428 1622 3485 in
1674 3430 1822 3485 omni
1868 3431 2041 3485 tribu-

453 3536 473 3574 ι
519 3522 721 3578 latione
752 3530 964 3587 nostra,
991 3529 1049 3575 ut
1078 3520 1349 3591 possimus
1376 3528 1433 3576 et
1459 3520 1562 3590 ipsi
1602 3521 1876 3576 consolari
1920 3538 2033 3586 eos,

457 3631 475 3665 ι
513 3613 615 3683 qui
647 3613 701 3667 in
728 3613 874 3668 omni
901 3626 1152 3682 pressura
1186 3621 1314 3667 sunt
1336 3626 1435 3682 per
1458 3611 2037 3684 exhortationem,qua

455 3719 474 3754 ι
520 3703 881 3763 exhortamur
901 3711 955 3757 et
994 3703 1094 3773 ipsi
1132 3717 1161 3756 a
1200 3697 1333 3758 Deo.
1381 3700 1650 3768 Quoniam
1700 3699 1841 3757 sicut
1868 3703 2037 3762 abun—

454 3812 472 3846 ι
515 3797 646 3852 dant
678 3797 960 3869 passiones
993 3796 1198 3853 Christi
1230 3797 1284 3851 in
1324 3794 1515 3864 nobis,
1548 3797 1624 3850 ita
1652 3805 1706 3851 et
1732 3812 1830 3869 per
1858 3797 2034 3869 ipsum

452 3903 471 3936 ι
518 3887 756 3943 abundat
783 3887 1084 3944 consolatio
1114 3896 1323 3953 nostra,
1355 3886 1471 3943 sive
1496 3896 1678 3942 autem
1712 3887 2035 3945 tribulamur

452 3996 471 4030 ι
516 3994 614 4057 pro
640 3988 820 4035 vestra
842 3980 1225 4037 exhortatione
1249 3986 1305 4033 et
1326 3977 1523 4044 salute,
1549 3978 1663 4034 sive
1689 3979 2035 4035 consolamur

451 4090 470 4124 ι
515 4088 615 4145 pro
640 4080 817 4128 vestra
841 4071 1231 4134 consolatione,
1255 4079 1377 4142 qua:
1401 4075 1659 4143 operatur
1688 4068 2031 4125 tolerantiam

450 4176 470 4216 ι
514 4164 824 4219 earumdem
839 4161 1172 4234 passionum,
1192 4175 1327 4230 quas
1348 4168 1401 4214 et
1427 4175 1528 4216 nos
1551 4159 1808 4232 patimur,
1829 4168 1887 4213 ut
1910 4174 2032 4231 Spes

449 4270 469 4307 ι
516 4263 702 4310 nostra
724 4253 879 4309 ﬁrma
901 4253 975 4309 sit
1003 4263 1105 4323 pro
1136 4250 1310 4315 vobis,
1340 4251 1576 4307 scientes
1606 4250 1861 4321 quoniam
1887 4252 2032 4305 sicut

447 4363 467 4396 ι
514 4345 647 4402 socii
675 4344 985 4416 passionum
1014 4342 1168 4409 estis,
1203 4341 1284 4398 sic
1333 4342 1489 4398 eritis
1524 4350 1581 4396 et
1614 4340 2025 4405 consolationis,

445 4455 466 4490 l
511 4436 565 4492 in
595 4435 809 4493 Christo
828 4433 956 4490 .iesu
978 4432 1209 4488 Domino
1246 4438 1456 4488 nostro.
1496 4451 1515 4484 ι
1794 4490 1815 4509 .

512 4531 821 4587 Benedictus
842 4530 982 4585 Deus
1012 4537 1059 4583 et
1088 4523 1251 4581 Pater
1273 4524 1488 4580 Domini
1528 4522 1693 4577 nostri
1735 4522 1885 4589 Iesu,
1910 4532 2017 4579 etc.

440 4619 985 4692 Subintelligendum,
1012 4617 1279 4671 Dominus
1307 4620 1494 4668 noster
1529 4610 1803 4668 benedicit
1828 4611 2014 4677 Deum,

436 4716 581 4787 quod
606 4711 1029 4771 consolationem
1080 4707 1202 4762 ideo
1251 4703 1524 4774 accipiunt
1574 4704 1771 4770 sancti,
1820 4712 1879 4759 ut
1916 4704 2018 4775 ipsi

436 4807 575 4863 alios
597 4803 967 4861 consolentur.

511 4895 673 4951 Pater
694 4884 1193 4951 misericordiarum.
1215 4886 1270 4943 id
1293 4896 1396 4953 est,
1411 4888 1534 4959 quia
1552 4904 1616 4944 ex
1641 4890 1755 4961 ipso
1785 4902 1908 4947 nata
1935 4902 2018 4947 est

435 4984 810 5044 misericordia
831 5023 846 5048 ,
876 4990 931 5038 et
967 4990 1147 5036 tamen
1169 4977 1357 5048 junior
1405 4979 1497 5035 illo
1531 4997 1636 5036 non
1673 4992 1777 5036 est.

510 5080 576 5136 Et
604 5078 749 5132 Deus
786 5074 947 5130 totius
989 5070 1381 5136 consolationis,
1408 5072 1498 5143 qui
1545 5072 1852 5127 consolatur
1898 5088 2011 5127 nos.

432 5166 558 5231 ideo
580 5170 718 5227 dixit
740 5167 904 5223 totius
923 5163 1329 5228 consolationis,
1358 5164 1483 5234 quia
1510 5176 1604 5218 eos
1642 5164 1801 5234 plene
1851 5171 2015 5233 atque

430 5264 672 5336 perfecte
698 5260 753 5316 in
778 5257 1052 5314 laboribus
1080 5252 1403 5316 c0nsolatur,
1435 5261 1489 5307 et
1537 5252 1835 5307 consolatio
1890 5267 2011 5306 cum

432 5353 781 5414 tribulatione
816 5354 1151 5419 compensat,
1179 5345 1321 5401 sicut
1347 5343 1483 5398 dixit
1524 5342 1579 5397 in
1618 5342 1828 5413 psalmo
1866 5360 1877 5395 :
1920 5340 2012 5397 Se-

430 5445 659 5502 cundum
688 5440 1075 5502 multitudinem
1101 5437 1339 5495 dolorum
1367 5451 1601 5490 meorum
1631 5433 2011 5490 consolationes

427 5542 533 5590 tua:
555 5535 938 5591 delectaverunt
977 5530 1207 5585 animam
1232 5542 1401 5581 meam
1433 5522 1603 5595 (Psal.
1630 5521 1802 5591 xcm).

502 5624 568 5681 In
596 5625 737 5679 omni
764 5620 1102 5679 tribulatione
1123 5626 1171 5672 et
1194 5613 1568 5671 consolatione.
1601 5611 1657 5667 id
1688 5619 1788 5678 est,
1815 5630 1921 5669 non
1952 5615 2003 5671 in

433 5713 718 5782 aliquibus,
756 5711 848 5767 sed
878 5711 930 5765 in
958 5705 1231 5763 omnibus.

2171 535 2299 573 sura
2326 530 2468 574 sunt.
2506 520 2564 576 id
2598 529 2704 588 est,
2731 530 3018 593 propterea
3047 536 3147 579 nos
3174 521 3390 584 liberat,
3421 529 3481 575 ut
3503 520 3603 591 ipsi
3634 535 3764 590 pos-

2170 611 2339 667 simus
2366 612 2500 668 alios
2522 614 2816 680 consolari,
2846 615 3073 670 lormam
3107 614 3263 669 nobis
3309 613 3403 668 dat
3449 612 3585 667 alios
3625 626 3765 667 cor.-

2169 701 2376 758 solandi
2401 712 2455 759 et
2480 720 2577 774 per
2607 705 3077 771 exhortationem,
3104 720 3209 776 qua
3237 704 3338 775 ipsi
3375 719 3474 774 per
3510 703 3765 759 volunta-

2170 804 2279 850 tem
2315 796 2408 851 Dei
2441 796 2576 853 alios
2605 797 2982 864 consolamur,
3029 796 3370 868 agnoscimus
3416 795 3563 866 quod
3608 795 3759 854 Deus

2168 887 2441 942 neminem
2470 887 2831 958 derelinquat,
2862 896 2915 944 et
2944 887 3116 942 multo
3145 888 3317 957 magis
3343 887 3401 941 in
3450 886 3634 941 futuro
3661 903 3757 943 re-

2167 978 2563 1043 Inunerabitur,
2588 995 2727 1050 quos
2756 980 2810 1034 in
2834 979 3087 1050 pncsenti
3117 979 3317 1034 saeculo
3343 977 3677 1033 consolatur.

2239 1067 2501 1135 Quoniam
2525 1071 2659 1124 sicut
2683 1069 2954 1125 abundant
2978 1072 3249 1143 passiones
3271 1067 3469 1125 Christi
3490 1069 3545 1124 in
3580 1069 3751 1126 nobis.

2165 1160 2220 1215 id
2245 1170 2350 1225 est,
2380 1162 2662 1233 passiones
2695 1176 2794 1233 pro
2816 1162 3035 1219 nomine
3060 1160 3288 1218 Christi.

2236 1249 2323 1304 Ita
2353 1260 2401 1305 et
2436 1268 2528 1322 per
2552 1248 2818 1307 Christum
2838 1253 3071 1306 abundat
3100 1250 3390 1306 consolatio
3414 1262 3613 1307 nostra.
3640 1250 3754 1309 Per

2164 1343 2305 1398 hanc
2328 1342 2758 1400 consolationem
2779 1352 2833 1400 et
2859 1344 2976 1415 ipse
3001 1344 3055 1398 in
3079 1344 3189 1409 via,
3211 1342 3497 1399 manifesta
3513 1344 3747 1413 visione,

2164 1433 2264 1489 sub
2313 1442 2553 1506 tempore
2605 1435 2939 1491 evocationis
2988 1435 3257 1501 eruditur,
3280 1441 3338 1490 et
3372 1435 3587 1505 quando
3628 1435 3751 1508 ipse

2164 1523 2246 1577 vel
2268 1523 2463 1579 Petrus
2488 1522 2557 1579 de
2583 1538 2804 1579 carcere
2834 1524 3226 1580 liberabantur.

2233 1609 2353 1667 Sive
2388 1622 2562 1666 autem
2607 1613 2923 1668 tribulamur
2966 1630 3061 1685 pro
3097 1624 3265 1669 vestra
3293 1615 3655 1672 exhortatione
3698 1628 3747 1673 et

2168 1700 2361 1768 salute,
2384 1711 2489 1758 etc.
2525 1703 2582 1758 id
2618 1712 2723 1771 est,
2774 1704 2972 1775 duplex
3028 1705 3185 1760 nobis
3228 1705 3593 1763 tribulationis
3635 1716 3745 1776 est,

2088 1787 2134 1847 Β
2163 1808 2347 1860 causa,
2387 1793 2469 1849 vel
2497 1795 2623 1850 dum
2665 1794 2893 1849 salutem
2921 1802 3181 1861 vestram,
3214 1809 3334 1865 qua:
3361 1795 3609 1852 Christus
3637 1808 3744 1865 est,

2163 1885 2543 1952 pizedicamus,
2591 1884 2677 1939 vel
2703 1884 2830 1939 dum
2869 1884 3179 1956 exemplum
3233 1884 3535 1941 tolerantia:
3586 1887 3746 1942 vobis

2157 1980 2341 2026 nostra
2372 1971 2663 2029 aﬂlictione
2689 1973 3011 2044 pricbcmus.

2225 2060 2458 2118 Scientes
2485 2065 2735 2134 quoniam
2759 2065 2891 2118 sicut
2918 2064 3047 2119 socii
3075 2065 3337 2135 passionis
3363 2068 3506 2131 estis,
3531 2069 3609 2121 sic
3638 2069 3741 2123 eri-

2151 2150 2217 2204 tis
2238 2161 2285 2205 et
2325 2152 2716 2209 consolationis.
2766 2152 3048 2220 Scientes,
3074 2155 3128 2211 id
3154 2163 3258 2221 est,
3284 2171 3384 2228 spe
3427 2156 3740 2215 ﬁrmissima

2149 2242 2462 2299 retinentes.

2525 2348 2866 2392 nvxsccuuu
2893 2349 3067 2400 LUCE,
3094 2350 3213 2390 car.
3246 2349 3357 2391 xiv.

2229 2442 2248 2476 ι
2283 2423 2342 2481 Si
2372 2425 2496 2496 quis
2532 2427 2683 2482 venit
2708 2425 2774 2481 ad
2800 2441 2907 2492 me,
2934 2434 2990 2485 et
3026 2442 3133 2482 non
3164 2427 3279 2483 odit
3312 2435 3524 2498 patrem
3551 2442 3735 2497 suum,

2156 2534 2175 2567 ι
2214 2525 2269 2571 et
2296 2524 2549 2584 matrem,
2572 2525 2627 2572 et
2648 2532 2876 2573 uxorem
2893 2554 2908 2583 ,
2934 2527 2991 2573 et
3027 2515 3259 2584 ﬁlios,et
3282 2516 3479 2575 fratres
3506 2528 3564 2574 et
3582 2534 3725 2576 coro

2156 2623 2175 2656 ι
2210 2621 2320 2673 res,
2337 2607 2514 2663 adhuc
2533 2615 2714 2662 autem
2738 2616 2794 2664 et
2813 2608 3051 2663 animam
3072 2622 3249 2675 suam,
3265 2625 3372 2665 non
3387 2618 3734 2680 potestmem

2160 2716 2180 2750 ι
2214 2713 2338 2754 esse
2390 2698 2707 2770 discipulus,
2732 2707 2787 2755 et
2822 2700 2915 2771 qui
2945 2715 3053 2756 non
3081 2700 3287 2773 baiulat
3307 2716 3526 2757 crucem
3552 2717 3733 2773 suam,

2154 2806 2174 2839 ι
2208 2796 2265 2844 et
2299 2790 2447 2846 venit
2470 2801 2593 2861 post
2614 2807 2721 2859 me,
2754 2806 2860 2847 non
2889 2799 3067 2863 potest
3094 2804 3251 2849 meus
3271 2807 3393 2849 esse
3412 2792 3729 2865 discipulus.

2153 2899 2172 2931 ι
2207 2879 2342 2949 Quis
2371 2883 2514 2938 enim
2552 2899 2619 2941 ex
2650 2884 2802 2940 vobis
2821 2884 3007 2941 volens
3030 2885 3224 2941 turrim
3243 2885 3730 2954 aediﬁcare,nonne

2151 2991 2172 3027 ι
2203 2974 2357 3046 prius
2394 2976 2620 3043 sedens,
2666 2985 2946 3049 computat
2986 2985 3236 3049 sumptus
3278 2979 3372 3050 qui
3429 2980 3729 3038 necessarii

2149 3079 2171 3115 ι
2206 3071 2354 3129 sunt,
2378 3064 2425 3119 si
2456 3063 2655 3120 habeat
2693 3066 2761 3121 ad
2789 3067 3215 3136 perﬁciendum?
3265 3068 3347 3124 Ne
3372 3077 3725 3140 posteaquam

2067 3132 2113 3195 (ἶ
2151 3173 2170 3207 ι
2201 3156 2448 3227 posuerit
2476 3132 2909 3223 fundamentum,
2938 3166 2995 3214 et
3040 3174 3146 3214 non
3173 3132 3411 3230 potuerit
3434 3132 3725 3231 perﬁcere,

2148 3265 2169 3299 ι
2200 3262 2392 3304 omnes
2419 3247 2512 3319 qui
2547 3249 2734 3306 vident
2761 3249 3023 3321 incipiant
3057 3251 3286 3308 illudere
3335 3252 3387 3307 ei
3430 3253 3679 3313 dicentes
3706 3271 3724 3312 :

2146 3356 2166 3391 ι
2203 3337 2341 3406 Quia
2368 3339 2458 3397 hic
2484 3340 2648 3397 homo
2672 3342 2840 3412 coepit
2865 3341 3136 3398 aedificare
3160 3351 3217 3399 et
3242 3357 3350 3400 non
3377 3345 3555 3415 potuit
3593 3361 3719 3402 eon-

2146 3446 2166 3479 ι
2199 3444 2494 3485 summare.
2518 3429 2628 3485 Aut
2655 3431 2777 3501 quis
2801 3446 2898 3487 rex
2929 3432 3105 3489 iturus
3136 3435 3482 3491 committere
3517 3434 3723 3491 bellum
3756 3434 3761 3437 ’

2144 3536 2164 3572 ι
2200 3522 2461 3578 adversus
2490 3521 2656 3576 alium
2681 3537 2889 3594 regem,
2914 3537 3022 3579 non
3050 3525 3245 3581 sedens
3263 3525 3415 3596 prius
3438 3526 3648 3598 cogitat
3675 3527 3722 3583 si

2142 3628 2163 3662 ε
2202 3612 2378 3682 possit
2413 3627 2538 3668 cum
2564 3612 2752 3668 decem
2789 3612 3029 3670 millibus
3057 3629 3349 3671 occurrere
3382 3615 3432 3671 ei
3464 3617 3560 3686 qui
3593 3631 3721 3672 cum

2143 3721 2161 3754 ι
2198 3704 2389 3776 viginti
2434 3703 2673 3762 millibus
2711 3705 2863 3761 venit
2890 3707 2959 3762 ad
2986 3720 3066 3761 se.
3109 3706 3366 3777 Alioquin
3396 3707 3578 3763 adhuc
3624 3708 3722 3765 illo

2142 3813 2159 3844 τ
2200 3793 2359 3866 longe
2378 3804 2593 3866 agente,
2611 3794 2932 3867 legationem
2947 3795 3169 3852 mittens
3185 3803 3342 3868 rogat
3353 3811 3417 3852 ea
3432 3810 3555 3866 qua:
3567 3797 3719 3867 pacis

2140 3905 2158 3936 ι
2201 3894 2345 3942 sunt.
2375 3885 2466 3943 Sic
2490 3902 2621 3960 ergo
2644 3887 2824 3943 omnis
2853 3904 2920 3943 ex
2949 3888 3105 3943 vobis
3135 3888 3229 3959 qui
3278 3903 3389 3943 non
3439 3890 3720 3945 renuntiat

2139 3996 2158 4028 ‹
2191 3978 2441 4034 omnibus
2475 3993 2596 4049 quae
2621 3978 2879 4050 possidet,
2914 3994 3021 4034 non
3046 3986 3228 4051 potest
3269 3993 3392 4036 esse
3437 3994 3594 4038 meus
3638 3982 3719 4040 di-

2138 4085 2156 4116 ι
2195 4066 2451 4138 scipulus.
2488 4087 2505 4121 r

2201 4155 2259 4212 Si
2296 4159 2414 4229 quis
2463 4160 2600 4213 venit
2644 4158 2715 4213 ad
2754 4175 2837 4213 me
2854 4199 2868 4225 ,
2894 4168 2943 4214 et
2968 4172 3075 4215 non
3101 4160 3212 4215 odit
3238 4170 3442 4232 patrem
3459 4177 3636 4229 suum,
3663 4174 3715 4218 et

2128 4258 2346 4303 matrem
2368 4289 2383 4315 ,
2411 4258 2460 4303 et
2500 4265 2735 4315 uxorem,
2780 4259 2885 4305 etc.
2917 4249 3020 4322 (Ex
3046 4249 3234 4324 Beda.)
3259 4250 3613 4307 Pereunctari
3647 4253 3716 4307 li-

2128 4339 2221 4394 bet
2265 4340 2536 4410 quomodo
2600 4349 2856 4411 parentes
2916 4349 2975 4396 et
3025 4341 3319 4397 carnaliter
3374 4344 3712 4413 propinquos

2047 4470 2103 4532 Β
2125 4432 2473 4502 praecipimur
2492 4432 2691 4495 odisse,
2708 4432 2799 4502 qui
2817 4431 3075 4502 iubemur
3095 4442 3150 4488 et
3169 4433 3422 4493 inimicos
3444 4434 3673 4504 diligere
3689 4474 3706 4501 ,

2125 4529 2181 4576 et
2211 4530 2359 4577 certe
2392 4521 2460 4576 de
2481 4536 2650 4576 uxore
2678 4520 2896 4578 Veritas
2929 4522 3066 4577 dixit
3091 4540 3105 4576 :
3137 4521 3290 4588 Quod
3333 4522 3476 4578 Deus
3497 4523 3705 4593 ἱππεῦ,

2122 4609 2276 4663 homo
2304 4627 2408 4665 non
2435 4619 2640 4681 separet
2684 4610 2901 4683 (Matth.
2928 4611 3065 4684 xix),
3091 4622 3149 4668 et
3175 4611 3376 4668 Paulus
3403 4614 3480 4667 ait
3509 4631 3521 4665 :
3566 4611 3703 4679 Viri.

2122 4697 2323 4768 diligite
2351 4715 2539 4753 uxores
2579 4709 2796 4765 uestras,
2833 4701 2968 4755 sicut
3013 4709 3066 4757 et
3116 4698 3358 4755 Christus
3408 4700 3705 4755 Ecclesium

2124 4788 2340 4859 (Ephcs.
2368 4805 2401 4843 v
2424 4788 2465 4861 ).
2486 4789 2626 4845 Ecce
2648 4790 2942 4861 discipulus
2966 4806 3189 4847 uxorem
3213 4792 3537 4862 diligendum
3566 4806 3705 4860 pra:-

2122 4878 2274 4949 cipit,
2303 4893 2425 4933 cum
2457 4880 2717 4950 magister
2750 4880 2883 4934 dicit
2919 4898 2932 4934 :
2970 4878 3073 4947 Qui
3128 4895 3354 4936 uxorem
3400 4895 3507 4936 non
3556 4879 3701 4945 odit,

2118 4984 2224 5022 non
2254 4977 2434 5039 potest
2451 4983 2572 5024 esse
2595 4983 2744 5025 meus
2766 4955 3081 5040 discipulus,
3095 4971 3335 5041 nunquid
3364 4970 3507 5025 aliud
3523 4967 3701 5038 index

2118 5057 2350 5123 nuntiat,
2378 5059 2524 5114 aliud
2544 5074 2725 5128 ιιι-ωοο
2741 5059 2981 5115 clamat?
3007 5058 3091 5114 An
3118 5059 3279 5114 simul
3300 5067 3358 5115 et
3369 5058 3551 5115 odisse
3571 5073 3700 5128 pos-

2114 5163 2302 5204 sumus
2327 5156 2381 5204 et
2407 5149 2665 5220 diligere?
2688 5150 2782 5205 sed
2803 5150 2849 5204 si
2872 5151 2980 5210 vim
3002 5150 3259 5220 pracepti
3285 5148 3695 5220 perpendimus,

2112 5247 2405 5311 utrumque
2426 5257 2590 5313 agere
2614 5258 2714 5314 per
2757 5241 3143 5299 discretionem
3187 5241 3445 5313 valemus,
3492 5248 3556 5297 ut
3591 5254 3696 5298 eos

2114 5332 2207 5401 qui
2252 5334 2408 5389 nobis
2450 5336 2632 5389 carnis
2679 5335 2998 5405 cognatione
3021 5332 3294 5404 conjuncti
3321 5343 3471 5397 sunt,
3496 5340 3557 5388 et
3578 5346 3695 5401 quo

2112 5425 2388 5495 proximos
2412 5427 2661 5481 novimus
2685 5427 2999 5497 diligamus,
3019 5434 3073 5481 et
3100 5440 3212 5496 quo
3237 5424 3581 5483 adversarios
3628 5424 3691 5480 in

2109 5516 2196 5569 via
2229 5515 2326 5570 Dei
2351 5516 2591 5586 patimur
2614 5517 2847 5575 odiendo
2869 5526 2927 5573 et
2950 5501 3206 5588 fugiendo
3250 5516 3580 5573 nesciamus.
3612 5514 3695 5571 Ut

2108 5618 2290 5664 autem
2322 5609 2581 5665 Dominus
2628 5611 3026 5665 demonstraret
3073 5610 3177 5665 hoc
3227 5624 3359 5680 erga
3406 5608 3691 5681 proximos

2106 5702 2312 5768 odium,
2337 5716 2443 5757 non
2474 5701 2540 5757 de
2565 5699 2904 5757 inall'ectione
2924 5701 3238 5771 procedere,
3272 5700 3367 5757 sed
3408 5702 3476 5757 de
3498 5698 3692 5755 citari-
