3952 6434
269 330 381 390 533
542 319 583 352 "

271 453 403 516 tate,
434 444 642 502 addidit
692 443 942 514 protinus
985 445 1174 532 dieens
1221 463 1236 499 :

268 554 443 592 suam.
471 537 623 591 Tunc
659 535 860 590 etenim
903 536 1142 592 animum
1187 547 1430 592 nostram
1477 537 1712 602 odimus,
1739 553 1863 594 cum

267 627 390 698 ejus
438 628 751 684 carnalibus
803 629 1086 684 desideriis
1131 643 1240 683 non
1291 630 1710 700 acquiescimus,
1739 646 1860 685 cum

261 719 387 788 ejus
442 720 739 790 appetitum
785 718 1122 790 frangimus,
1148 719 1264 789 ejus
1314 721 1686 777 voluntatibus
1717 721 1861 776 relu-

268 820 502 867 ctamur.
557 812 689 880 Quae
738 827 866 882 ergo
920 821 1230 882 contempta
1279 814 1345 868 ad
1381 813 1576 869 melius
1625 813 1862 877 ducitur,

269 905 423 974 quasi
455 920 554 974 per
573 904 755 958 odium
783 911 1017 958 amatur.
1051 902 1142 960 Sic
1162 903 1419 959 nimirum
1444 905 1704 960 exhibere
1738 918 1865 974 pro-

267 995 432 1050 ximis
458 995 659 1051 nostris
680 993 790 1049 odii
816 995 1197 1050 discretionem
1220 995 1501 1060 debemus,
1530 1002 1586 1050 ut
1619 995 1672 1049 in
1702 995 1784 1049 eis
1805 1003 1860 1050 et

266 1087 579 1157 diligamus,
602 1087 744 1156 quod
768 1087 933 1151 Deus,
950 1095 1004 1142 et
1025 1087 1326 1147 habeamus
1347 1087 1494 1153 odio,
1520 1087 1664 1164 quod
1691 1087 1743 1142 in
1767 1087 1860 1142 Dei

266 1179 426 1233 nobis
457 1178 651 1234 itinere
671 1178 962 1232 obsistunt.
1545 1165 1547 1167 ’

339 1267 408 1322 Et
431 1269 522 1338 qui
542 1285 647 1323 non
667 1267 869 1339 bajulat
886 1285 1090 1322 crucem
1112 1285 1282 1332 suam,
1299 1278 1348 1322 et
1366 1269 1502 1323 venit
1525 1278 1638 1339 post
1658 1285 1738 1322 me
1756 1285 1860 1323 non

263 1366 430 1430 potest
458 1375 566 1413 esse
589 1376 735 1413 meus
769 1359 1080 1430 discipulus.
1109 1358 1253 1414 Crux
1283 1359 1484 1428 quippe
1533 1374 1564 1411 a
1616 1359 1859 1413 cruciatu

266 1450 490 1517 dicitur,
511 1459 568 1507 et
599 1451 814 1508 duobus
846 1453 1020 1508 modis
1045 1467 1264 1507 erucem
1298 1451 1511 1506 Domini
1527 1450 1832 1520 bajulamus

264 1557 391 1596 cum
419 1550 513 1596 aut
541 1557 638 1611 per
657 1541 1046 1597 abstinentiam
1076 1557 1295 1596 carnem
1319 1541 1605 1606 allicimus,
1635 1549 1729 1595 aut
1761 1556 1860 1609 per

262 1633 698 1702 compassionem
729 1632 962 1702 proximi
1008 1632 1390 1687 necessitatem
1432 1631 1576 1686 illius
1614 1639 1856 1686 nostram

265 1734 540 1794 putamus.
568 1723 668 1790 Qui
695 1723 841 1778 enim
869 1723 1110 1778 dolorem
1133 1725 1355 1780 exhibet
1376 1723 1435 1779 in
1464 1723 1639 1779 aliena
1666 1738 1855 1779 neces-

1124 328 1642 390 councnoxss
1679 333 1747 389 lN
1778 333 2161 397 EPlSTOLAS
2193 337 2282 393 nr
2320 325 2733 398 EVANGELIA.

3435 351 3539 408 531

1291 446 1476 501 Adhuc
1525 456 1574 502 et
1627 448 1860 503 animam
1888 449 1939 508 A
1964 463 2186 518 sperare
2211 452 2424 510 veniam
2459 455 2737 523 debemus,
2768 459 2860 526 qui
2893 459 2944 514 in
2969 459 3061 516 illo
3090 465 3366 519 tremendo
3412 481 3542 520 exa-

1969 539 2134 605 mine,
2157 555 2282 596 cum
2308 557 2434 613 rege
2459 553 2644 602 nostro
2663 563 2728 603 ex
2751 564 2904 618 teque
2933 551 3001 605 ad
3022 552 3286 622 judicium
3321 572 3424 610 non
3458 575 3544 612 ve-

1967 631 2200 696 niamus,
2227 636 2371 702 quod
2402 636 2658 693 nimirum
2694 642 2968 707 conditio,
2995 643 3284 702 inﬁrmitas
3321 657 3379 702 et
3415 665 3546 704 eau-

1967 739 2041 777 sa:
2081 722 2366 782 inferiores
2393 728 2644 795 exhibet,
2673 732 2767 787 sed
2793 731 3026 790 fortasse
3051 736 3164 805 jam
3206 739 3334 793 mali
3366 742 3546 809 operis

1967 813 2152 883 culpas
2179 816 2580 884 abscondimus,
2600 820 2710 889 jam
2740 838 2905 890 prava
2935 841 3162 896 queque
3181 831 3424 887 exterius
3447 832 3545 886 de-

1966 905 2251 964 clinamus.
2280 908 2534 981 Nunquid
2561 915 2628 968 ad
2653 915 2984 972 reddendam
3025 919 3295 976 rationem
3340 924 3543 994 cogita-

1967 996 2132 1053 tionis
2171 1006 2373 1054 nostra:
2417 999 2748 1058 suﬂicimus?
2795 1004 2932 1060 Cum
2956 1008 3118 1077 duplo
3143 1024 3271 1082 ergo
3305 1016 3542 1069 exercitu

1964 1096 2154 1143 contra
2177 1089 2430 1159 simplum
2459 1092 2626 1155 venit,
2643 1095 2735 1163 qui
2762 1111 2860 1151 nos
2889 1098 2977 1151 vix
3005 1099 3058 1152 in
3085 1100 3200 1155 solo
3224 1116 3390 1170 opere
3409 1121 3548 1174 pra:-

1962 1187 2183 1249 paratos
2217 1181 2376 1237 simul
2413 1184 2481 1240 de
2515 1199 2681 1253 opere
2724 1195 2779 1241 et
2819 1189 3144 1259 cogitatione
3194 1191 3436 1248 discutit.
3479 1196 3553 1250 Et.

1963 1271 2083 1326 ideo
2105 1272 2231 1326 dum
2261 1273 2434 1330 adhuc
2459 1273 2616 1345 longe
2640 1286 2744 1342 est,
2773 1278 3097 1346 legationem
3124 1283 3427 1351 mittamus,
3456 1302 3545 1344 ro-

1960 1377 2150 1432 gemus
2178 1378 2242 1417 ea
2267 1378 2388 1432 quae
2411 1365 2560 1435 pacis
2597 1377 2744 1421 sunt.
2775 1368 2959 1440 Longe
2983 1372 3127 1426 enim
3170 1389 3290 1430 esse
3325 1376 3543 1442 dicitur,

1961 1452 2052 1520 qui
2083 1453 2258 1508 adhuc
2297 1469 2536 1522 przesens
2566 1470 2665 1524 per
2693 1459 2957 1529 judicium
2985 1479 3092 1517 non
3137 1464 3372 1521 videtur.
3415 1465 3544 1521 Mit-

1962 1551 2138 1598 tamus
2161 1543 2484 1614 legationem
2514 1546 2780 1618 lacrymas
2816 1559 3050 1616 nostras,
3069 1553 3348 1610 mittamus
3381 1555 3548 1611 mise-

1960 1633 2206 1688 ricordia:
2232 1649 2415 1703 opera,
2448 1648 2747 1695 mactemus
2777 1642 2829 1694 in
2867 1658 2962 1697 ara
2991 1644 3106 1713 ejus
3134 1646 3339 1705 hostias
3362 1647 3545 1719 placa-

1959 1725 2139 1780 tionis.
2167 1725 2292 1781 llzec
2323 1736 2406 1781 est
2427 1737 2609 1784 nostra
2644 1730 3003 1802 legatio,qu:e
3027 1752 3210 1806 regem
3240 1740 3542 1796 venientem

264 1820 450 1885 silete,
477 1834 696 1875 crucem
726 1826 908 1888 portat
932 1817 985 1872 in
1009 1828 1210 1872 mente.
1237 1816 1485 1885 Bajulare
1509 1819 1712 1873 etenim
1729 1834 1857 1873 cru-
1886 1807 1931 1865 Β
1959 1816 2158 1886 placat.

263 1927 386 1967 cem
411 1918 464 1965 et
490 1918 612 1980 post
651 1910 934 1964 Dominum
971 1909 1074 1975 ire,
1103 1917 1186 1964 est
1231 1909 1314 1963 vel
1360 1910 1544 1964 carnis
1585 1909 1856 1964 abstinen-

263 2004 419 2067 tiam,
443 2001 530 2057 vel
552 2003 983 2070 compassionem
1006 2002 1257 2071 proximo
1279 2001 1460 2056 studio
1505 2009 1724 2056 aeterna:
1772 2001 1855 2056 in-

262 2092 524 2148 tentionis
550 2092 827 2147 exhibere.
860 2091 992 2145 Nam
1021 2091 1268 2160 quisquis
1295 2091 1412 2146 haec
1433 2106 1531 2160 pro
1568 2089 1853 2161 temporali

263 2183 567 2238 intentione
587 2183 826 2247 exhibet,
855 2197 1076 2236 crucem
1107 2182 1326 2251 quidem
1367 2181 1573 2252 bajulat
1593 2225 1606 2245 .
1635 2181 1731 2236 sed
1770 2181 1854 2235 ire

261 2281 387 2345 post
413 2273 701 2330 Dominum
723 2281 954 2328 recusat.
981 2272 1118 2340 Quia
1144 2288 1273 2327 vero
1296 2272 1549 2327 sublimia
1583 2281 1854 2342 praecepta

262 2365 390 2422 data
428 2373 572 2428 sunt,
602 2366 849 2435 protinus
870 2364 1205 2434 comparatio
1246 2362 1579 2418 aedificandae
1611 2361 1855 2418 sublimi-

263 2456 395 2512 tatis
423 2454 761 2526 azljungitur,
789 2470 913 2510 cum
936 2455 1136 2510 dicitur
1162 2472 1174 2508 :

339 2544 470 2612 Quis
495 2547 635 2601 enim
670 2563 736 2601 ex
771 2546 915 2601 vobis
947 2544 1121 2599 colens
1148 2554 1348 2600 turrem
1369 2545 1652 2615 (edi/icore,
1684 2559 1853 2598 nonne

261 2639 410 2708 prius
447 2639 628 2694 sedens
672 2647 936 2708 computat
973 2649 1210 2708 sumptus
1247 2639 1337 2710 qui
1376 2640 1655 2694 necessarii
1693 2647 1848 2706 sunt,

258 2727 310 2781 si
340 2727 526 2781 habeat
550 2729 620 2781 ad
651 2728 1068 2798 perﬁciendum?
1097 2728 1268 2784 Omne
1296 2731 1440 2798 quod
1466 2731 1695 2800 agimus,
1720 2744 1856 2800 prae-

259 2819 450 2874 venire
478 2833 577 2888 per
605 2818 844 2872 studium
887 2819 1340 2874 considerationis
1387 2820 1663 2874 debemus.
1714 2820 1854 2874 Ecce

262 2909 408 2964 enim
453 2908 608 2979 juxta
641 2906 902 2964 Veritatis
947 2925 1158 2964 vocem.
1207 2910 1311 2978 Qui
1360 2919 1564 2966 turrem
1620 2911 1853 2966 aedificat

263 3002 415 3074 prius
442 3001 657 3057 atdilicii
697 3013 948 3074 sumptus
987 3015 1164 3073 parat.
1215 3003 1272 3059 Si
1325 3005 1488 3076 igitur
1531 3005 1852 3061 humilitatis

265 3100 472 3148 turrem
530 3101 848 3148 construere
891 3093 1169 3164 cupimus,
1199 3094 1351 3166 prius
1400 3110 1499 3148 nos
1544 3109 1850 3165 praeparare

264 3186 712 3260 contraadversa
743 3184 903 3254 hujus
933 3186 1118 3241 sseculi
1146 3187 1424 3242 debemus.
1455 3185 1569 3244 Hoc
1588 3187 1731 3241 enim
1765 3186 1852 3240 in-

266 3283 351 3330 ter
378 3285 656 3332 terrenum
687 3285 743 3332 et
768 3277 991 3334 caeleste
1019 3278 1305 3334 :edificium
1338 3278 1524 3344 distat,
1557 3276 1698 3349 quod
1743 3285 1855 3333 ter-

268 3381 458 3422 renum
490 3365 778 3422 aedilicium
831 3383 1099 3438 expensas
1151 3369 1453 3441 colligendo
1495 3369 1853 3434 construitur,

267 3456 489 3513 cmleste
525 3466 708 3512 autem
738 3456 1026 3514 aedilicium
1067 3473 1334 3532 expensas
1380 3458 1740 3529 dispergendo
1788 3458 1856 3513 ad

268 3545 398 3603 illud
445 3557 692 3622 sumptus
729 3547 973 3615 facimus,
1001 3550 1050 3604 si
1078 3565 1186 3608 non
1209 3548 1390 3604 habita
1419 3548 1752 3619 colligamus.
1776 3547 1858 3603 Ad

270 3640 411 3693 istud
442 3647 688 3708 sumptus
733 3639 998 3703 facimus,
1043 3640 1089 3695 si
1138 3648 1193 3696 et
1229 3641 1417 3697 habita
1464 3640 1852 3710 relinquamus.

269 3728 731 3785 Considerandum
759 3745 887 3785 vero
925 3731 1066 3802 quod
1097 3731 1296 3786 dicitur
1321 3748 1334 3784 :

341 3819 424 3877 Ne
450 3827 788 3893 posteaquam
817 3821 1048 3891 posuerit
1071 3819 1494 3890 fundamentum,
1523 3830 1572 3875 et
1621 3835 1724 3874 non
1764 3835 1858 3890 po-

269 3910 388 3964 terit
414 3910 679 3980 perﬁcere,
709 3926 886 3964 omnes
915 3911 1005 3981 qui
1049 3909 1268 3964 viderint
1289 3951 1303 3976 ,
1340 3910 1595 3980 incipiant
1637 3909 1858 3964 illudere

269 4001 339 4067 ei,
371 4001 600 4055 dicentes
631 4015 648 4053 :
682 3999 822 4068 Quia
859 4002 944 4055 hic
975 4002 1129 4055 homo
1165 4001 1313 4072 erepit
1358 4001 1622 4070 wdificare
1663 4009 1712 4052 et
1753 4015 1858 4053 non

270 4096 436 4166 potuit
468 4112 852 4151 consummare.
881 4095 1016 4163 Quia
1039 4095 1194 4166 juxta
1231 4094 1381 4149 Pauli
1412 4109 1595 4149 vocem
1642 4101 1858 4162 specta-

270 4185 450 4240 culum
481 4185 608 4242 facti
649 4201 838 4241 sumus
881 4186 1107 4248 mundo,
1132 4184 1338 4254 angelis
1369 4191 1423 4238 et
1446 4179 1780 4248 hominibus,
1803 4189 1860 4239 et

270 4277 330 4332 in
359 4277 506 4331 omni
533 4291 598 4331 eo
632 4276 776 4345 quod
802 4275 1015 4346 agimus
1034 4315 1050 4340 ,
1074 4274 1426 4329 considerare
1472 4272 1716 4328 occultos
1763 4274 1858 4328 ad—

271 4366 544 4420 versarios
570 4373 786 4420 nostros
823 4365 1102 4429 debemus,
1139 4363 1232 4434 qui
1258 4377 1473 4433 semper
1501 4363 1705 4418 nostris
1730 4377 1858 4434 ope-

2029 1907 2120 1963 Sic
2147 1911 2313 1964 omnis
2334 1928 2400 1965 ea:
2425 1913 2586 1977 vobis,
2616 1916 2707 1985 qui
2728 1931 2830 1971 non
2861 1920 3127 1974 renuntiat
3156 1921 3397 1976 omnibus
3419 1937 3537 1989 qua:

1956 1997 2206 2064 possidet,
2232 2013 2334 2052 non
2363 2009 2528 2069 potest
2554 2019 2665 2057 esse
2687 2020 2835 2060 meus
2869 2006 3178 2077 discipulus.
3221 2009 3536 2066 Manifestis-

1955 2086 2092 2142 sime
2114 2087 2372 2144 Dominus
2431 2092 2532 2146 hac
2557 2095 2905 2151 conclusione
2938 2097 3119 2166 docet,
3145 2101 3274 2169 quid
3313 2102 3386 2156 sit
3413 2100 3545 2156 uidi.

1957 2176 2121 2232 lieare
2148 2187 2374 2246 turrem,
2406 2182 2491 2237 vel
2532 2198 2654 2239 eum
2685 2200 2813 2257 rege
2838 2187 3067 2246 fortiore
3097 2191 3280 2248 facere
3322 2208 3540 2263 pacem,

1943 2284 2114 2325 suum
2153 2272 2404 2328 videlicet
2442 2290 2564 2330 esse
2605 2277 2948 2348 discipulum,
2997 2297 3306 2353 praeparare
3351 2295 3537 2342 autem

1956 2370 2202 2432 sumptus
2225 2363 2292 2417 ad
2313 2364 2692 2433 perﬁciendam
2726 2376 2955 2436 turrem,
2996 2378 3054 2425 et
3077 2373 3293 2429 mittere
3319 2374 3545 2446 legatio.

1955 2467 2080 2508 nem
2113 2454 2180 2508 ad
2209 2454 2602 2524 impetrandam
2627 2473 2836 2528 pacem,
2862 2474 2969 2515 non
3012 2475 3137 2516 esse
3175 2462 3340 2519 aliud
3376 2480 3538 2535 quam

1957 2544 2268 2599 renuntiare
2291 2546 2544 2602 omnibus
2566 2562 2687 2617 quae
2731 2549 2994 2618 possidet.
3039 2551 3214 2607 Distat
3244 2567 3376 2608 sane
3404 2554 3545 2612 inter

1953 2635 2265 2691 renuntiare
2291 2637 2546 2692 omnibus
2577 2645 2631 2692 et
2664 2640 2975 2709 relinquere
3007 2642 3210 2697 omnia.
3239 2643 3540 2700 Paucorum

1953 2728 2100 2781 enim
2145 2727 2626 2799 perfectorumque
2672 2740 2756 2787 est
2800 2733 3108 2804 relinquere
3156 2737 3358 2802 omnia,
3381 2753 3545 2796 curas

1954 2815 2141 2870 mundi
2191 2823 2538 2886 postponere,
2570 2820 2701 2876 solis
2731 2821 3019 2879 desideriis
3062 2827 3282 2882 aeternis
3309 2827 3540 2884 inhiare.

1954 2903 2286 2960 Cunctorum
2316 2914 2496 2963 autem
2537 2908 2775 2966 fidelium
2805 2920 2890 2966 est
2932 2915 3246 2970 renuntiare
3286 2917 3543 2973 omnibus

1955 3010 2076 3064 quae
2109 2997 2410 3084 possident,
2432 2999 2538 3055 hoc
2567 3008 2674 3066 est,
2697 3001 2779 3056 sic
2801 3010 3011 3068 tenere,
3031 3020 3151 3074 quae
3178 3007 3366 3062 mundi
3394 3018 3540 3068 sunt.

1954 3095 2016 3142 ut
2046 3097 2226 3144 tamen
2253 3103 2352 3159 per
2398 3105 2464 3146 ea
2515 3107 2624 3147 non
2665 3100 2954 3149 teneantur
3007 3096 3064 3151 in
3099 3098 3301 3153 mundo
3343 3098 3544 3154 habere

1959 3193 2075 3233 rem
2103 3179 2458 3248 temporalem
2489 3181 2545 3236 in
2592 3197 2719 3250 usu,
2745 3191 3009 3240 arternam
3059 3187 3112 3241 in
3142 3187 3433 3254 desiderio,
3464 3189 3543 3245 sic

1959 3275 2174 3324 terrena
2216 3285 2426 3342 regere,
2461 3279 2524 3326 ut
2569 3281 2751 3328 tamen
2798 3281 2914 3330 tota
2956 3284 3140 3333 mente
3184 3279 3254 3334 ad
3300 3279 3548 3336 cmlestia

1959 3359 2200 3416 tendant.

2028 3487 2096 3543 tu
2141 3487 2468 3546 NATALEM
2517 3461 2941 3550 saucronuu
2984 3493 3464 3556 PLURIMORUM.

2134 3620 2385 3662 ειιιετοιι
2417 3624 2577 3664 ΒΕΔΤῙ
2617 3625 2775 3665 PETRI
2819 3626 3108 3678 APOSTOLI,
3150 3630 3269 3671 CAP.
3321 3632 3360 3671 1.

2035 3734 2055 3766 ί
2091 3715 2415 3775 Benedictus
2441 3719 2584 3777 Deus
2626 3729 2682 3776 et
2723 3720 2886 3777 Pater
2933 3723 3147 3780 Domini
3193 3727 3366 3782 nostri
3413 3726 3545 3784 Jesu

1964 3824 1983 3858 ι
2021 3805 2259 3874 Christi,
2308 3809 2402 3878 qui
2460 3809 2756 3866 secundum
2802 3827 3055 3883 magnam
3112 3815 3540 3873 misericordiam

1963 3914 1982 3947 ι
2020 3911 2173 3951 suam
2219 3900 2562 3968 regeneravit
2600 3915 2702 3956 nus
2743 3901 2799 3956 in
2827 3917 2978 3972 spem
3009 3902 3211 3970 vivam,
3234 3920 3334 3974 per
3369 3922 3547 3962 resur-

1964 4005 1982 4037 ‹
2027 3988 2322 4042 rectionem
2345 3986 2472 4043 Jesu
2492 3989 2694 4045 Christi
2716 4006 2784 4046 ex
2809 3992 3058 4057 mortuis,
3083 3993 3137 4047 in
3168 3994 3540 4053 haereditateui

1965 4097 1983 4130 ι
2021 4077 2483 4148 ineorruptibilem
2505 4089 2559 4135 et
2585 4081 3068 4138 incontaminatam
3118 4093 3176 4140 et
3229 4086 3542 4142 immarces-

1965 4185 1985 4220 ι
2021 4167 2260 4234 cibilem,
2285 4179 2658 4224 conservatam
2684 4171 2738 4225 in
2769 4171 2945 4237 caelis,
2967 4172 3122 4228 vobis
3144 4173 3237 4244 qui
3261 4173 3313 4227 in
3343 4175 3543 4231 virtute

1964 4277 1982 4311 ι
2023 4258 2117 4314 Dei
2141 4260 2489 4316 custodimini
2516 4275 2613 4330 per
2638 4260 2798 4316 fidem
2830 4261 2886 4315 in
2906 4261 3158 4330 salutem,
3181 4273 3430 4334 paratam
3458 4282 3544 4321 re-

1967 4367 1985 4400 ι
2028 4348 2194 4404 velari
2230 4349 2286 4404 in
2328 4357 2572 4421 tempore
2600 4351 2895 4408 novissimo
2951 4353 3005 4408 in
3050 4370 3158 4424 quo
3203 4357 3538 4413 exultabitis.

272 4458 426 4514 ribus
449 4457 760 4523 intendunt,
784 4471 998 4526 semper
1023 4470 1091 4510 ex
1119 4463 1307 4510 nostro
1333 4454 1547 4510 defectu
1582 4455 1857 4526 gratulan-
1881 4495 1934 4556 υ
1964 4460 1984 4494 ⁸
2022 4442 2283 4556 Μοξίίοξιέη
2309 4457 2452 4498 ωιηο
2482 4443 2528 4498 εί
2551 4450 2763 4556 oliui“
2785 4444 3180 4556 οοῐιῑιτίεξίνίοίη
3212 4447 3380 4556 Ἱξεὶτίίε
3429 4457 3541 4503 ωηο

273 4554 380 4611 tur,
399 4561 534 4616 quos
555 4544 822 4616 PrOpheta
848 4546 1066 4601 intuens
1095 4546 1208 4600 ait:
1241 4546 1379 4601 Deus
1400 4561 1564 4610 meus,
1594 4546 1712 4600 inte
1737 4563 1856 4601 con-

272 4636 402 4706 fido,
435 4653 540 4690 non
567 4635 889 4702 erubescam,
923 4652 1085 4708 neque
1107 4635 1365 4690 irrideant
1399 4653 1486 4691 me
1514 4637 1714 4690 inimici
1753 4638 1856 4690 mei

276 4725 502 4800 (Psalm.
531 4725 704 4797 xxiv).
741 4725 800 4781 In
840 4725 998 4782 bonis
1031 4727 1174 4782 enim
1222 4727 1476 4797 operibus
1514 4725 1727 4793 intenti,
1749 4727 1856 4782 nisi

275 4825 463 4871 contra
515 4813 777 4883 malignos
818 4816 1041 4885 spiritus
1086 4816 1319 4872 sollicite
1365 4817 1671 4888 vigilemus,
1708 4817 1854 4888 ipsos

276 4908 530 4966 irrisores
565 4907 837 4978 patimur,
861 4922 999 4978 quos
1027 4908 1094 4963 ad
1122 4907 1324 4963 malum
1361 4923 1712 4978 persuasores
1751 4910 1854 4964 ha-

275 4995 488 5053 bemus.

349 5085 454 5139 Aut
498 5087 615 5157 quis
665 5100 759 5140 res:
803 5084 976 5139 iturus
1017 5085 1336 5138 committere
1378 5083 1569 5139 bellum
1610 5085 1860 5141 adversus

279 5174 444 5231 alium
468 5191 634 5246 regem
652 5215 668 5240 ,
689 5191 795 5230 non
836 5173 1020 5229 sedens
1062 5175 1212 5245 prius
1241 5175 1456 5245 cogitat,
1481 5176 1527 5229 si
1553 5177 1714 5247 possit
1740 5192 1857 5230 cum

280 5263 458 5318 decem
484 5263 712 5318 millibus
748 5277 1022 5318 occurrere
1047 5262 1096 5316 ei
1131 5263 1221 5332 qui
1250 5278 1370 5315 cum
1411 5263 1594 5332 viginti
1627 5261 1858 5318 millibus

279 5356 420 5410 venit
445 5353 514 5407 ad
535 5337 608 5408 se.
636 5351 885 5424 Alioquin
936 5352 1108 5407 adhuc
1146 5351 1239 5406 illo
1275 5351 1426 5423 longe
1468 5363 1682 5424 agente,
1710 5353 1855 5426 lega-

282 5447 474 5500 tionem
516 5443 748 5507 mittens,
779 5450 926 5512 rogat
951 5457 1012 5496 ea
1043 5458 1160 5512 qua:
1191 5442 1336 5513 pacis
1355 5451 1495 5496 sunt.
1529 5442 1642 5498 Rex
1669 5453 1858 5500 contra

282 5548 490 5605 regem,
516 5547 582 5587 ex
604 5545 762 5602 sequo
783 5531 932 5585 venit
967 5530 1035 5585 ad
1082 5531 1347 5600 prmlium,
1378 5539 1434 5586 et
1478 5540 1661 5588 tamen
1709 5534 1755 5589 si
1797 5550 1858 5594 se

282 5623 568 5699 perpendit
592 5636 698 5676 non
727 5633 888 5690 posse
927 5618 1188 5686 sufﬁcere,
1218 5620 1542 5692 legationem
1589 5625 1776 5692 mittit,
1805 5636 1863 5684 et

283 5730 349 5770 ea
363 5727 482 5784 qua:
501 5711 649 5783 pacis
667 5717 796 5767 sunt
813 5708 1064 5780 postulat.
1096 5709 1303 5776 Quibus
1321 5727 1452 5783 ergo
1482 5729 1581 5771 nos
1603 5716 1858 5788 lacrvmis

1967 4553 1986 4584 ι
2024 4533 2350 4598 tationibus,
2384 4541 2446 4588 ut
2479 4534 2732 4604 probatio
2756 4545 2950 4591 vestra:
2988 4534 3112 4591 tidei
3139 4537 3308 4591 multo
3337 4541 3540 4606 pretio-

1955 4639 1986 4694 It
2023 4621 2136 4676 sior
2161 4621 2232 4676 sit
2253 4636 2410 4687 auro,
2439 4623 2581 4692 quod
2627 4637 2724 4691 per
2777 4623 2956 4693 ignem
2995 4625 3274 4692 probatur.
3325 4625 3542 4683 Christe

1967 4729 1986 4764 ι
2029 4712 2195 4782 igitur
2218 4726 2380 4781 passo
2403 4712 2457 4766 in
2483 4727 2652 4768 carne
2677 4720 2734 4768 et
2759 4728 2854 4768 vos
2879 4713 3068 4768 eadem
3092 4715 3418 4784 cogitatione
3448 4735 3539 4774 ar-

1968 4821 1988 4855 (
2031 4803 2272 4858 mamini.
2315 4801 2449 4870 Quia
2497 4804 2589 4872 qui
2634 4818 2826 4872 passus
2877 4813 2963 4861 est
2998 4806 3053 4860 in
3096 4822 3280 4874 carne,
3309 4810 3470 4866 desiit
3509 4828 3541 4867 a

1965 4913 1986 4947 ι
2023 4893 2279 4964 peccatis,
2314 4901 2373 4950 ut
2393 4893 2508 4962 jam
2537 4909 2644 4950 non
2679 4895 2957 4951 hominum
2987 4895 3294 4964 desideriis,
3325 4903 3419 4956 sed
3447 4915 3541 4956 vo-

1967 5003 1987 5036 s
2026 4985 2232 5041 lunlate
2258 4985 2375 5051 Dei,
2399 4985 2543 5056 quod
2570 4984 2836 5054 reliquum
2857 4994 2942 5042 est
2988 4987 3250 5057 temporis
3285 4988 3338 5044 in
3377 5004 3540 5044 carne

1965 5092 1985 5126 ι
2032 5075 2198 5129 vivat.
2227 5074 2370 5130 Deus
2394 5083 2573 5130 autem
2617 5074 2796 5129 omnis
2822 5075 3041 5145 gratiae,
3074 5077 3166 5144 qui
3191 5079 3404 5134 vocavit
3443 5094 3539 5133 vos

1966 5182 1985 5215 s
2030 5166 2082 5219 in
2110 5173 2369 5219 aeternam
2394 5178 2548 5219 suam
2576 5163 2802 5234 gloriam
2837 5165 2892 5219 in
2932 5164 3150 5225 Christo
3190 5166 3316 5226 Jesu
3361 5170 3537 5224 modi-

1964 5273 1982 5308 ι
2031 5270 2153 5311 cum
2180 5268 2392 5325 passos,
2418 5255 2538 5324 ipse
2565 5254 2835 5324 perficiet,
2861 5257 3234 5322 confirmabit,
3261 5258 3539 5314 solidabit-

1967 5365 1985 5400 ι
2027 5361 2152 5416 que.
2182 5346 2288 5417 Ipsi
2309 5346 2478 5418 gloria
2500 5353 2556 5400 et
2583 5347 2870 5418 imperium
2905 5348 2962 5424 in
2987 5349 3182 5404 saecula
3215 5349 3534 5406 saeculorum

1964 5454 1984 5490 ι
2029 5436 2222 5492 Amen.
2267 5455 2289 5490 ι

2030 5529 2344 5585 Benedictus
2361 5528 2498 5584 Deus
2507 5538 2555 5584 et
2569 5525 2732 5585 Pater
2740 5530 2955 5586 Domini
2975 5531 3138 5586 nostri
3148 5530 3298 5594 Iesu,
3311 5536 3422 5584 etc.
3433 5528 3535 5600 (Ex

1961 5620 2152 5694 Beda.)
2181 5621 2258 5677 Ita
2300 5621 2412 5676 Deo
2440 5621 2589 5679 Patri
2617 5621 2804 5677 laudes
2832 5621 3220 5678 benedictionis
3261 5619 3448 5686 refert,
3475 5629 3539 5675 ut

1965 5704 2248 5772 Dominum
2269 5711 2592 5769 salvatorem
2616 5719 2857 5769 nostrum
2880 5720 2934 5768 et
2957 5711 3122 5766 Deum
3137 5725 3256 5766 esse
3270 5722 3537 5766 utuustrrt
