3952 6438
475 323 581 389 555

1760 321 2040 384 SMARAG
2050 329 2111 384 Dl
2152 319 2440 383 ABBATIS

3627 323 3736 381 556

477 455 533 504 et
574 444 868 502 hominem.
912 439 1044 497 Cum
1073 442 1216 495 enim
1243 441 1373 496 dicit
1403 442 1543 496 Deus
1568 450 1615 495 et
1646 441 1806 496 Pater
1832 442 2044 496 Domini
2073 445 2121 503 Α
2148 442 2226 495 sic
2252 447 2464 510 oportet
2491 438 2800 496 contristari
2821 478 2835 505 ,
2874 445 3123 530 oportet,
3157 436 3354 506 inquit,
3391 436 3733 501 cOntristari,

478 539 645 594 nostri
670 535 798 590 Iesu
822 533 1036 601 Christi,
1055 535 1220 588 Deum
1247 535 1464 602 quidem
1490 534 1700 588 Domini
1725 535 1892 588 nostri
1922 532 2048 588 Jesu

474 626 676 684 Christi
707 625 958 696 appellat,
989 625 1115 693 quia
1145 625 1320 694 ipsum
1347 623 1630 678 Dominum
1660 621 1843 677 Iesum
1879 623 2051 677 homi-

474 726 598 772 nem
636 716 836 773 factum
867 715 1034 770 fuisse
1066 714 1330 769 meminit.
1375 713 1591 767 Patrem
1633 720 1812 767 autem
1837 713 2049 767 Domini

474 807 649 866 nostri
698 807 957 869 nominat,
1002 805 1130 875 quia
1181 803 1430 860 eumdem
1477 803 1763 859 Dominum
1805 812 2049 860 nostrum

479 889 576 952 Dei
607 895 806 950 Filium
835 911 1049 965 semper
1067 895 1340 950 exstitisse
1367 910 1472 948 non
1501 895 1728 950 dubitat.

551 987 654 1053 Qui
682 988 969 1042 secundm
1005 995 1251 1056 magnam
1279 987 1692 1040 misericordiam
1727 999 1878 1040 suam
1911 1002 2050 1055 rege-

473 1080 673 1135 neravit
700 1080 756 1133 in
781 1094 922 1150 spem
950 1079 1115 1132 vivam
1134 1094 1226 1147 per
1253 1078 1681 1132 resurreetiomm
1705 1078 1833 1132 Iesu
1857 1076 2049 1132 Christi

471 1187 540 1225 ea:
566 1170 785 1225 mortuis
807 1169 861 1223 in
886 1168 1400 1231 Itwreditatem,etc.
1453 1165 1586 1222 Jure
1633 1167 1972 1223 benedicitur
2018 1182 2049 1221 a

473 1260 631 1315 nobis
657 1260 822 1325 Deus,
844 1259 934 1328 qui
965 1273 1088 1313 cum
1117 1259 1169 1312 in
1202 1258 1403 1312 nostris
1429 1259 1638 1313 meritis
1659 1261 1899 1329 generati
1923 1258 2052 1314 fuis-

474 1361 656 1402 semus
688 1347 754 1401 ad
789 1356 1042 1410 mortem,
1065 1361 1159 1402 sua
1191 1361 1289 1402 nos
1315 1347 1685 1402 misericordia
1711 1349 2052 1416 regeneravit

470 1436 539 1490 ad
552 1435 737 1491 vitam.
764 1436 830 1491 Et
857 1437 958 1494 hoc
979 1453 1077 1507 per
1105 1437 1552 1492 resurrectionem
1576 1437 1693 1491 Filii
1720 1439 1822 1501 sui,
1841 1453 1964 1493 cum
1995 1439 2048 1492 in

469 1535 681 1582 tantum
719 1537 962 1582 nostram
997 1528 1247 1583 dilexerit
1296 1529 1498 1591 vitam,
1528 1536 1587 1583 ut
1619 1527 1766 1582 illum
1805 1544 1903 1597 pro
1944 1529 2048 1584 hac

470 1617 610 1672 mori
645 1617 978 1687 disponeret,
1015 1626 1178 1686 atque
1218 1617 1404 1672 eadem
1445 1625 1618 1672 morte
1661 1631 1758 1685 per
1806 1631 2048 1671 resurre-

466 1709 701 1764 ctionem
723 1708 1019 1774 destructa,
1045 1723 1192 1778 spem
1225 1709 1381 1764 nobis
1407 1709 1821 1779 exemplumque
1865 1723 2045 1764 resur-

466 1797 627 1866 gendi
653 1807 998 1853 monstraret.
1036 1797 1278 1854 Mortuus
1306 1807 1392 1853 est
1418 1813 1671 1868 namque,
1693 1813 1761 1854 ne
1785 1813 1884 1854 nos
1905 1799 2042 1853 mori
2070 1803 2118 1862 B

469 1890 805 1954 timeremus,
834 1891 1133 1946 resurrexit
1158 1906 1226 1945 ex
1255 1890 1502 1955 mortuis,
1518 1898 1579 1944 ut
1601 1899 1656 1946 et
1675 1905 1777 1946 nos
1800 1903 1897 1959 per
1917 1903 2041 1944 cum

467 1989 872 2038 resurrecturos
895 1997 1016 2039 esse
1040 1997 1402 2053 speraremus.

536 2071 606 2126 In
629 2073 988 2127 bwreditatem
1011 2073 1454 2144 incorruptibilem
1494 2083 1541 2127 et
1577 2073 2042 2127 incontaminatam

465 2173 516 2217 et
551 2163 1048 2218 immarcescibilem.
1081 2161 1556 2234 Incorruptibilem,
1587 2163 1796 2232 inquit,
1827 2172 2046 2233 propter

465 2254 636 2308 vitam
674 2251 975 2319 cmlestem,
1023 2268 1144 2323 qua:
1189 2267 1289 2308 nec
1331 2252 1504 2317 senio,
1555 2267 1658 2308 nec
1705 2254 1918 2317 morbo,
1945 2267 2047 2308 nec

467 2343 660 2406 morte,
685 2356 786 2397 nec
819 2341 998 2412 aliqua
1051 2341 1307 2396 mmstitia
1358 2342 1614 2408 tangitur.
1649 2339 2046 2396 Incontamina-

465 2443 598 2498 tam,
626 2433 754 2503 quia
784 2432 964 2488 nullus
992 2447 1111 2488 eam
1136 2441 1315 2502 potest
1336 2431 1644 2486 immundus
1683 2432 1906 2486 intrare.
1940 2431 2047 2485 Im-

467 2523 896 2588 marcescibilem,
923 2523 1054 2593 quia
1075 2539 1178 2579 nec
1199 2524 1252 2578 in
1281 2524 1414 2594 ipsis
1439 2524 1724 2579 beatorum
1765 2523 2043 2578 hominum

466 2616 762 2680 mentibus,
790 2630 858 2670 ex
891 2615 1051 2686 longo
1105 2630 1205 2670 usu
1261 2613 1499 2669 caelestis
1557 2614 1646 2668 illa
1701 2613 2046 2668 conversatio

465 2705 612 2762 valet
638 2705 926 2777 aliquando
949 2706 1226 2768 vilescere,
1246 2703 1516 2776 quomodo
1544 2705 1832 2775 praesentis
1862 2705 2046 2761 saeculi

468 2795 629 2853 luxus
653 2805 706 2852 et
722 2797 928 2853 delicia:
946 2797 1144 2862 solent,
1172 2811 1280 2851 non
1310 2811 1586 2866 nunquam
1610 2796 1794 2852 divina
1819 2811 2048 2853 consue-

466 2889 657 2943 tudine
683 2895 739 2943 et
767 2903 867 2943 usu
898 2889 952 2942 in
970 2886 1249 2942 fastidium
1280 2886 1441 2941 verti.

535 2977 908 3034 Conservatam
936 2979 993 3033 in
1013 2977 1176 3044 colis,
1205 2985 1312 3034 etc.
1353 2976 1742 3034 Gonservatam
1787 2975 1840 3031 in
1893 2977 2046 3032 vobis

465 3071 615 3136 dicit,
635 3085 735 3142 pro
755 3085 820 3126 eo
848 3079 911 3125 ut
937 3069 1148 3126 diceret
1175 3088 1188 3123 :
1218 3053 1609 3126 Conservatam
1637 3069 1809 3137 vobis,
1840 3068 1893 3124 id
1935 3077 2040 3134 est,

465 3163 535 3218 ad
559 3163 662 3217 hoc
687 3170 1080 3226 conservatam,
1111 3175 1258 3215 nunc
1283 3166 1347 3213 ut
1375 3158 1531 3214 vobis
1569 3166 1812 3228 tempore
1835 3159 2047 3227 prmsti-
2074 3167 2119 3228 ί]

465 3261 585 3308 tuto
621 3254 878 3308 reddatur
927 3251 984 3307 in
1029 3250 1202 3314 malis,
1242 3249 1329 3304 vel
1379 3257 1530 3304 certe
1575 3256 1957 3303 conservatam
1987 3248 2041 3302 in

465 3343 640 3408 caelis,
671 3343 726 3397 in
761 3343 940 3412 vobis,
964 3343 1092 3413 quia
1122 3342 1215 3412 qui
1244 3341 1392 3396 dedit
1423 3339 1775 3395 credentibus
1811 3347 2046 3409 potesta-

474 3440 578 3492 tem
605 3433 744 3489 filios
777 3433 876 3489 Dei
915 3432 1054 3498 fieri,
1093 3433 1210 3504 ipse
1255 3431 1405 3487 dedit
1437 3431 1645 3486 eisdem
1684 3439 2043 3501 potestatem,

467 3515 838 3580 hereditatem
861 3525 931 3580 ab
949 3538 1036 3589 eo,
1061 3539 1170 3579 non
1201 3530 1472 3578 merentes
1501 3523 1766 3592 accipere,
1796 3537 2046 3593 perseve-

469 3616 640 3671 rando
663 3632 833 3686 usque
864 3617 918 3670 in
953 3612 1134 3679 finem,
1166 3623 1225 3670 ut
1254 3609 1388 3670 salvi
1425 3616 1552 3672 sint.
1585 3613 1652 3672 Et
1679 3615 1800 3672 ideo
1821 3631 2044 3673 conser-

467 3699 650 3761 tatam
703 3706 834 3761 dicit
863 3725 876 3760 :
908 3706 965 3761 in
990 3706 1095 3762 illis
1134 3707 1528 3773 lnereditatem,
1554 3723 1786 3778 quorum
1833 3709 2046 3764 meritis

463 3797 689 3864 juvante
711 3797 941 3852 Domino
977 3798 1396 3868 perveniendum
1442 3799 1594 3854 novit
1626 3799 1695 3854 ad
1724 3798 1892 3864 illam,
1917 3800 2044 3868 quia

468 3888 564 3959 qui
595 3903 702 3945 non
723 3890 1064 3946 servaverint
1089 3889 1428 3960 disciplinam
1455 3887 1650 3956 Patris,
1671 3891 2042 3946 haereditath

470 3979 540 4034 ab
571 3993 637 4034 eo
664 3993 770 4033 non
801 3986 1081 4032 merentur
1104 3979 1370 4048 accipere.

543 4067 648 4132 Qui
667 4068 722 4120 in
744 4067 933 4120 virtute
954 4067 1070 4133 Dei,
1101 4075 1207 4122 etc.
1240 4069 1308 4123 Et
1336 4068 1594 4125 Dominus
1621 4069 1697 4124 ait
1726 4068 1781 4124 in
1799 4067 2050 4142 Evange-

471 4157 542 4212 lio
567 4175 579 4211 :
603 4156 670 4212 In
689 4157 842 4212 domo
869 4157 1046 4212 Patris
1070 4160 1170 4212 mei
1196 4158 1373 4213 multa:
1398 4161 1696 4214 mansiones
1717 4169 1835 4214 sunt
1865 4159 2048 4232 (Joau.

471 4250 604 4324 xlv),
635 4259 691 4306 et
718 4251 916 4306 iterum
945 4267 960 4306 :
994 4251 1116 4306 Non
1149 4261 1224 4307 est
1252 4269 1424 4306 meum
1448 4253 1606 4318 dare,
1635 4255 1725 4308 sed
1747 4255 1934 4326 quibus
1957 4269 2054 4327 pa-

471 4352 646 4396 ratum
678 4353 752 4398 est
791 4358 824 4397 a
854 4341 1010 4398 Patre
1045 4358 1178 4398 meo.
1223 4344 1434 4399 Parata:
1464 4353 1590 4399 sunt
1630 4359 1760 4415 ergo
1795 4347 1951 4403 sedes
1997 4347 2050 4402 in

472 4443 639 4503 regno
663 4431 777 4497 Dei,
800 4442 1003 4502 parata:
1032 4433 1341 4487 mansiones
1365 4432 1419 4486 in
1448 4434 1607 4488 domo
1636 4433 1835 4499 Patris,
1861 4445 2053 4505 parata

2150 535 2277 604 quia
2307 549 2413 588 non
2451 534 2553 587 nisi
2594 549 2692 604 per
2721 529 2997 587 tristitiam
3023 530 3202 586 saeculi
3237 529 3486 590 labentis,
3515 539 3572 584 et
3593 530 3731 584 allii-

2150 625 2358 680 cliones
2383 632 2560 694 potest
2586 623 2652 678 ad
2681 623 2871 694 gaudia
2902 634 3102 677 aeterna
3134 620 3429 690 perveniri.
3459 619 3734 675 Modicum

2151 723 2331 769 autem
2379 715 2540 779 dicit,
2568 714 2694 784 quia
2740 714 2831 770 ubi
2879 727 3089 768 merces
3135 721 3340 766 aeterna
3387 712 3732 775 retribuitur,

2150 807 2317 862 breve
2346 807 2616 861 videbitur
2645 821 2711 860 ac
2738 806 2854 861 leve
2877 813 3049 859 totum
3076 804 3263 868 fuisse,
3291 802 3433 872 quod
3463 803 3517 857 in
3543 805 3732 859 muli

2153 897 2587 953 tribulationibus
2617 912 2781 968 grave
2808 897 3097 951 videbatur
3119 903 3175 950 et
3205 895 3480 950 acerbum.

2223 1004 2290 1060 Ut
2315 1003 2552 1076 probatio
2583 1014 2763 1060 vestra:
2789 1005 2914 1075 ﬁdei
2954 1004 3120 1059 multo
3148 1003 3426 1075 pretiosius
3460 1003 3526 1059 sit
3571 1016 3728 1070 auro,

2148 1098 2287 1165 quod
2319 1096 2474 1168 perit,
2500 1105 2607 1154 etc.
2630 1095 2698 1152 Et
2726 1097 3008 1168 sapientiae
3041 1095 3180 1152 liber
3199 1095 3480 1167 passiones
3514 1103 3733 1151 sancto-

2150 1205 2268 1242 rum
2294 1189 2603 1258 anro,qnod
2619 1204 2716 1259 per
2741 1189 2917 1258 ignem
2941 1185 3307 1252 examinatur,
3323 1197 3620 1257 comparat,
3649 1188 3735 1243 di-

2149 1294 2278 1333 cens
2310 1293 2324 1331 :
2353 1277 2632 1348 Tanquam
2659 1293 2850 1332 aurum
2887 1279 2941 1332 in
2973 1277 3195 1332 fornace
3241 1276 3491 1347 probavit
3527 1276 3735 1333 electos

2150 1370 2428 1433 Dominus,
2454 1378 2509 1423 et
2534 1369 2690 1439 quasi
2741 1367 3116 1423 holocaustum
3147 1372 3202 1423 et
3244 1367 3474 1422 hostiam
3520 1368 3734 1438 accepit

2149 1461 2267 1516 illos
2291 1460 2444 1532 (Sap.
2463 1462 2568 1532 ιιι).
2597 1460 2727 1528 Quae
2756 1461 3014 1515 nimirum
3047 1460 3204 1530 quasi
3237 1459 3292 1514 in
3323 1460 3536 1515 camino
3564 1461 3734 1514 tribu-

2147 1549 2365 1607 lationis
2414 1551 2600 1607 ﬁdeles
2632 1553 2962 1622 probaverit,
2992 1553 3092 1608 bos
3125 1553 3178 1606 in
3203 1553 3397 1622 gaudio
3419 1553 3733 1607 retributio-

2146 1643 2252 1708 nis,
2280 1643 2434 1713 quasi
2461 1638 2779 1714 placabilem
2810 1643 2912 1698 sibi
2940 1640 3171 1698 hostiam
3219 1643 3466 1698 assumit.
3497 1643 3566 1697 Et
3592 1644 3734 1699 bene

2146 1736 2409 1807 patientia
2455 1746 2768 1792 sanctorum
2797 1751 2932 1790 auro
2966 1734 3330 1800 assimilatur,
3357 1735 3484 1805 quia
3511 1735 3659 1790 sicut
3677 1736 3732 1790 in

2145 1823 2376 1882 metallis
2397 1827 2687 1898 pretiosius
2712 1842 2845 1881 auro
2865 1823 3066 1897 aliquid
3093 1840 3198 1880 non
3222 1833 3324 1889 est,
3357 1827 3428 1880 ita
3450 1826 3568 1880 htec
3588 1828 3734 1894 apud

2148 1913 2431 1973 Dominum
2469 1919 2614 1974 omni
2659 1927 2744 1974 est
2794 1915 2950 1974 laude
2987 1918 3326 1989 dignissima,
3372 1917 3500 1973 hinc
3528 1919 3730 1973 etenim

2144 2009 2404 2078 scriptum
2442 2016 2528 2064 est
2571 2027 2583 2062 :
2626 2006 2866 2062 Pretiosa
2909 2009 2963 2062 in
3007 2016 3283 2076 conspectu
3324 2006 3538 2060 Domini
3587 2022 3732 2059 mors

2145 2107 2446 2153 sanctorum
2475 2099 2590 2169 ejus
2621 2095 2794 2170 (Psal.
2823 2095 2968 2167 cxv).
3024 2095 3178 2151 Sicut
3223 2095 3369 2150 enim
3423 2111 3617 2148 aurum
3674 2095 3728 2148 in

2147 2189 2367 2247 fornace
2401 2187 2642 2246 clausum
2671 2189 2884 2262 ignibus
2903 2187 3570 2258 examinatur,probatum
3602 2201 3731 2240 vero

2146 2281 2312 2348 foras,
2343 2282 2496 2352 cujus
2525 2284 2597 2337 sit
2622 2281 2844 2353 fulgoris
2882 2281 3181 2351 apparebit,
3208 2278 3283 2333 ita
3323 2276 3562 2331 fidelium
3602 2292 3734 2330 con-

2145 2376 2344 2430 stantia
2379 2376 2522 2430 inter
2548 2373 2786 2429 ﬁdelium
2831 2373 3046 2444 quidem
3086 2381 3372 2442 presseras
3409 2372 3733 2441 contempti-

2145 2467 2270 2522 bilis
2290 2467 2522 2532 videtur,
2548 2481 2614 2521 ac
2639 2465 2826 2530 stulta,
2850 2464 2946 2520 sed
2975 2463 3066 2518 ubi
3095 2470 3307 2533 tempus
3329 2461 3729 2526 retributionis,

2147 2553 2300 2610 ﬁnito
2319 2553 2640 2621 certamine,
2660 2554 3070 2608 tribulationum
3086 2551 3344 2617 adfuerit,
3360 2558 3489 2605 tunc
3510 2559 3731 2620 quanta:

2147 2644 2312 2702 fuerit
2333 2647 2535 2719 glorias,
2558 2654 2821 2717 quantum
2845 2644 3078 2700 ﬂammis
3100 2643 3411 2715 passionum
3436 2641 3732 2699 profecerit

2147 2752 2336 2795 eorum
2367 2740 2542 2795 virtus
2564 2739 2888 2795 ostenditur.

2218 2851 2425 2912 Christo
2451 2851 2613 2928 igitur
2634 2871 2789 2925 passo
2821 2855 2878 2909 in
2903 2867 3060 2909 carne
3087 2860 3136 2908 et
3161 2867 3253 2908 vos
3301 2850 3484 2908 eadem
3530 2852 3732 2923 cogita-

2146 2947 2286 3002 tione
2311 2945 2611 3001 armamini.
2646 2943 2938 3015 Postquam
2980 2939 3284 3015 exemplum
3312 2937 3733 3000 resurrectionis

2147 3031 2430 3092 dominicae
2453 3043 2508 3091 et
2535 3035 2826 3091 ablutionis
2848 3038 3068 3099 nostrae,
3109 3051 3230 3106 quae
3261 3035 3320 3090 tit
3361 3035 3418 3089 in
3457 3035 3733 3105 baptismo

2150 3124 2217 3183 de
2266 3139 2406 3182 arcae
2459 3142 2526 3183 ac
2569 3126 2756 3182 diluvii
2787 3134 3130 3182 sacramento
3155 3125 3520 3191 adstruxerat,
3552 3140 3736 3181 rever-

2153 3214 2291 3273 titur
2317 3219 2384 3274 ad
2435 3219 2540 3274 hoc
2593 3218 2737 3289 quod
2782 3219 2964 3274 dicere
3003 3229 3264 3289 cmpcrat,
3311 3216 3414 3274 hoc
3455 3218 3736 3274 imitantes

2144 3325 2280 3381 opus
2332 3309 2696 3380 redemptoris
2741 3310 2937 3375 nostri,
2979 3310 3122 3365 inter
3165 3310 3304 3365 bona
3333 3325 3453 3382 quae
3479 3307 3732 3376 facimus,

2145 3403 2414 3474 patienter
2450 3397 2714 3457 malorum
2751 3398 3049 3472 nequitiam
3086 3399 3398 3458 toleremus.
3423 3399 3734 3458 Notandum

2146 3502 2329 3550 autem
2351 3535 2366 3560 ,
2393 3509 2554 3565 quam
2592 3495 2838 3558 districto
2875 3489 3104 3566 loquens
3144 3494 3223 3550 ait
3259 3512 3273 3550 :
3309 3491 3517 3549 Christo
3569 3495 3738 3565 igitur

2144 3603 2300 3658 passo
2338 3588 2394 3643 in
2437 3604 2616 3643 carne.
2657 3587 2794 3656 Quia
2843 3588 2984 3644 sicut
3015 3587 3209 3644 beatus
3233 3587 3556 3644 Ambrosius
3583 3587 3662 3642 ait
3714 3602 3732 3643 :

2145 3679 2287 3735 Caro
2311 3680 2454 3736 enim
2484 3695 2664 3751 passa,
2693 3679 2949 3736 divinitas
2979 3687 3158 3734 autem
3183 3678 3373 3735 mortis
3397 3679 3588 3746 libera,
3612 3695 3737 3750 pas-

2145 3769 2287 3827 sioni
2316 3785 2516 3840 corpus
2539 3777 2748 3824 naturae
2769 3769 3023 3824 humanae
3052 3768 3169 3840 lege
3193 3767 3578 3824 concessit.An
3601 3784 3736 3824 vero

2146 3849 2283 3914 mori
2319 3859 2572 3914 divinitas
2595 3867 2794 3931 potest,
2827 3874 2948 3915 cum
2986 3859 3169 3914 anima
3208 3874 3316 3913 non
3358 3859 3567 3930 possit?
3617 3860 3738 3914 No-
3798 3850 3818 3862 ’

2143 3950 2254 4016 lite,
2291 3950 2484 4020 inquit,
2514 3951 2695 4006 timere
2732 3968 2818 4005 eos
2857 3951 2946 4022 qui
2975 3963 3168 4022 corpus
3200 3949 3466 4015 occidunt,
3495 3947 3734 4004 animam

2143 4052 2319 4098 autem
2349 4058 2452 4096 non
2476 4050 2691 4113 possunt
2717 4037 2974 4097 occidere.
2994 4038 3051 4097 Si
3071 4057 3202 4112 ergo
3225 4041 3406 4096 anima
3423 4036 3598 4096 occidi
3621 4051 3735 4094 non

2143 4142 2343 4204 potest,
2368 4133 2639 4204 quomodo
2659 4131 2912 4190 divinitas
2932 4133 3146 4205 potest?

2217 4243 2356 4310 Quia
2377 4247 2466 4317 qui
2478 4263 2665 4316 passus
2687 4256 2760 4301 est
2785 4246 2840 4300 in
2861 4263 3040 4313 carne,
3055 4254 3161 4302 etc.
3181 4241 3436 4316 Quisquis
3455 4240 3735 4314 iustorum

2143 4349 2344 4404 corpus
2389 4351 2546 4390 suum
2577 4337 2646 4390 ad
2691 4337 3009 4408 martyrium
3059 4343 3468 4408 persecutorum
3519 4335 3735 4392 violen-

2149 4428 2240 4482 tize
2263 4428 2476 4493 subdit,
2520 4428 2653 4483 nulli
2691 4427 2913 4484 dubium
2947 4431 3078 4499 quin
3119 4445 3291 4499 usque
3331 4429 3402 4484 ad
3441 4427 3570 4483 vitae
3617 4443 3736 4483 sua:

471 4521 616 4577 salus
640 4521 696 4578 in
725 4522 896 4577 caelis.
923 4521 1153 4577 Tantum
1178 4522 1342 4577 faciat
1368 4535 1429 4576 se
1453 4523 1671 4593 dignum
1693 4526 1785 4594 qui
1807 4527 2052 4597 accipere
2071 4508 2124 4568 D
2151 4520 2465 4584 terminum.
2500 4529 2761 4588 quantum
2790 4520 3042 4576 humanae
3077 4529 3285 4576 naturae
3323 4519 3578 4591 possibile
3621 4528 3732 4584 est.

471 4611 761 4667 desiderat.
815 4611 921 4666 Sed
965 4612 1092 4680 quia
1141 4627 1241 4666 suo
1281 4619 1488 4667 tantum
1531 4615 1812 4670 conamine
1860 4617 2052 4688 dignus

471 4699 586 4756 ﬁeri
621 4701 734 4756 suis
764 4700 992 4766 viribus,
1022 4701 1088 4754 ad
1117 4708 1377 4756 aeternam
1407 4713 1512 4756 non
1543 4711 1718 4772 potest
1746 4705 1931 4760 venire
1959 4723 2050 4760 sa-

466 4785 664 4856 intem,
706 4799 858 4846 recte
895 4792 1264 4860 prtemittltur,
1302 4793 1392 4862 qui
1423 4795 1476 4848 in
1504 4795 1702 4852 virtute
1731 4797 1826 4852 Dei
1865 4807 2048 4853 custo-

473 4873 662 4928 dimini
689 4887 788 4941 per
819 4871 1000 4936 fidem,
1025 4887 1200 4942 neque
1227 4875 1370 4930 enim
1411 4878 1697 4949 quisquam
1743 4895 1855 4935 sua;
1883 4880 2048 4935 liber-

479 4963 604 5018 tatis
631 4963 876 5032 potentia
905 4964 1161 5021 custodiri
1194 4968 1333 5022 valet
1356 4969 1409 5022 in
1438 4970 1614 5036 bonis,
1643 4973 1736 5026 sed
1773 4972 1916 5026 illius
1949 4986 2047 5041 per

473 5050 656 5106 omnia
699 5053 1050 5122 quaerendum
1095 5064 1180 5111 est
1229 5059 1508 5122 auxilium,
1538 5069 1600 5114 ut
1640 5060 1986 5129 perﬁciamur
2016 5075 2045 5113 ει

475 5156 582 5212 quo
612 5142 823 5199 initium
846 5144 1000 5200 bonae
1023 5147 1252 5202 actionis
1278 5150 1606 5217 accepimus.

542 5231 612 5288 In
659 5250 763 5304 quo
807 5235 1102 5291 exaltabitis
1137 5237 1418 5300 modicum,
1447 5255 1584 5291 nunc
1612 5239 1656 5289 si
1688 5248 1887 5306 aportet
1919 5256 2046 5292 con-

472 5326 676 5380 tristari
701 5328 754 5381 in
783 5329 943 5382 variis
969 5327 1410 5381 tribulationibus.
1456 5327 1607 5392 Quod
1633 5327 1783 5391 dicit,
1814 5327 1868 5382 in
1916 5344 2046 5399 quo,

473 5414 745 5485 signiﬁcat
769 5417 822 5472 in
847 5433 932 5486 eo,
957 5419 1097 5487 quod
1138 5417 1242 5471 hoc
1283 5425 1526 5486 tempore
1567 5417 1859 5473 novissimo
1899 5419 2048 5476 salus

473 5512 661 5572 parata
688 5506 1036 5569 revelabitur,
1061 5507 1128 5559 de
1155 5519 1263 5574 quo
1285 5505 1545 5559 Dominus
1569 5506 1680 5560 ait:
1717 5505 1917 5563 Iterum
1947 5527 2046 5564 au-

473 5606 572 5649 tem
593 5597 769 5651 ridebo
795 5612 881 5651 vos
903 5606 950 5650 et
971 5594 1214 5666 gaudebit
1237 5612 1327 5648 cor
1357 5606 1580 5651 vestrum
1609 5607 1656 5650 et
1685 5598 1933 5666 gaudium
1962 5615 2046 5654 t'c-

471 5697 636 5741 atrum
665 5703 812 5741 nemo
835 5686 975 5740 tollet
1008 5704 1038 5740 a
1072 5685 1207 5740 vobis
1236 5687 1414 5759 (Joan.
1446 5688 1575 5763 xu).
1608 5689 1873 5747 Modicum
1904 5711 2043 5749 nunc.

2149 4624 2270 4664 sese
2296 4624 2326 4661 a
2350 4609 2586 4678 peccatis
2613 4610 2892 4665 abstinuit.
2918 4610 3056 4678 Quid
3093 4611 3239 4666 enim
3269 4611 3336 4666 de
3360 4610 3569 4680 peccati
3604 4625 3735 4679 per-

2149 4697 2472 4766 petratione,
2501 4697 2626 4766 quid
2653 4697 2722 4752 (le
2766 4699 3079 4755 carnalibus
3129 4699 3414 4755 desideriis
3463 4699 3730 4770 cogitare,

2149 4787 2278 4856 quid
2308 4787 2413 4842 nisi
2452 4789 2783 4845 voluntatem
2827 4791 2918 4845 Dei
2945 4791 3122 4861 potuit
3149 4791 3330 4848 animo
3362 4806 3604 4857 versare,
3632 4792 3734 4860 qui

2151 4875 2233 4930 vel
2263 4876 2407 4947 ligno
2443 4877 2662 4946 afﬁxus,
2695 4880 2776 4933 vel
2809 4881 3046 4950 lapidum
3089 4881 3288 4938 ictibus
3337 4881 3732 4947 circumdatus,

2152 4965 2236 5020 vel
2289 4967 2358 5021 de
2409 4967 2706 5022 bestiarum
2755 4971 3026 5026 morsibus
3075 4973 3356 5036 subactus,
3385 4971 3472 5026 vel
3520 4971 3731 5042 ignium

2149 5056 2384 5110 ﬂammis
2419 5058 2812 5128 superpositus,
2838 5059 2925 5116 vel
2938 5074 3002 5113 ex
3020 5061 3366 5130 scorpionum
3395 5059 3580 5130 ﬂagris
3603 5074 3731 5129 per-

2151 5147 2347 5211 fossus,
2373 5146 2457 5200 vel
2501 5147 2608 5201 alio
2651 5147 2892 5216 quolibet
2933 5163 3219 5218 poenarum
3251 5163 3450 5219 genere
3477 5146 3726 5212 affectus,

2150 5235 2254 5290 hoc
2278 5237 2648 5292 tantummodo
2670 5237 2977 5302 desiderare
2999 5238 3312 5309 cogebatur,
3333 5237 3547 5308 quando
3571 5237 3730 5293 finito

2151 5328 2446 5383 certamine
2498 5343 2754 5383 coronam
2799 5329 2924 5383 vitae
2962 5329 3280 5399 perciperet.
3332 5327 3542 5382 Talium
3594 5343 3731 5398 ergo

2153 5427 2385 5474 mentem
2413 5421 2606 5474 beatus
2647 5417 2840 5474 Petrus
2885 5420 3035 5489 cupit
3079 5435 3294 5490 semper
3336 5419 3561 5485 imitari,
3599 5435 3728 5474 cum

2149 5510 2422 5580 preposito
2446 5508 2732 5564 dominicte
2780 5509 3047 5578 passionis
3081 5509 3352 5579 exemplo,
3383 5525 3485 5564 nos
3533 5508 3728 5564 eadem

2149 5600 2475 5668 cogitatione
2511 5609 2698 5655 contra
2747 5601 3040 5668 nequitiam
3088 5617 3396 5670 pravorum,
3425 5609 3729 5670 contraque

2154 5692 2405 5746 \‘itioyum
2430 5690 2825 5746 oblectamenta
2857 5691 3099 5762 praecipit
3131 5692 3351 5746 armari.
3395 5689 3592 5746 Volens
3641 5687 3727 5742 in-
