3952 6416
309 345 412 410 537
1127 342 1640 405 COLLECTIONES
1677 345 1744 402 IN
1793 340 2171 402 EPISTOLAS
2209 337 2297 400 ΕΤ
2336 343 2746 402 EVANGELIA.
3463 350 3568 407 558

305 466 471 540 telligi
502 462 645 537 quod
667 462 832 519 etiam
867 473 965 518 nos
991 461 1054 518 in
1074 473 1207 532 pace
1235 456 1490 518 Ecclesize
1515 464 1877 534 quiescentes,
1910 468 1955 525 Α
1986 463 2141 528 riam,
2193 463 2245 518 id
2279 470 2384 528 est,
2426 463 2479 519 in
2533 464 2698 518 vitam
2757 473 3037 531 aeternam,
3073 463 3127 519 in
3176 463 3392 522 Christo
3415 463 3566 534 Iesu,

305 560 353 616 si
383 557 626 614 habitum
649 555 902 624 patientis
925 552 1218 618 induimus,
1240 551 1633 625 facilejuvante
1657 554 1884 608 Domino
1981 553 2037 607 id
2100 561 2226 618 est,
2275 567 2376 622 per
2439 554 2866 608 incarnationem
2924 554 3136 623 ipsius,
3182 556 3298 610 sive
3351 558 3566 612 vocavit

304 645 487 719 lapsus
523 645 761 700 vitamus
792 649 1142 713 peccatorum
1178 643 1566 712 hominumque
1615 642 1883 697 desideria
1980 652 2040 698 ut
2067 650 2151 698 est
2179 642 2348 698 illud:
2387 642 2568 697 Venite
2593 643 2662 697 ad
2690 660 2792 709 me,
2828 660 3004 698 omnes
3043 645 3135 716 qui
3155 643 3432 712 laboratis,
3453 656 3564 705 etc.

304 747 499 795 cuneta
526 737 723 794 divina:
750 735 1040 790 voluntatis
1069 735 1418 806 subjugamus
1448 733 1706 804 imperiis.

376 829 557 884 Estote
584 829 760 898 itaque
790 828 1091 898 prudentes,
1119 835 1223 882 etc.
1273 828 1418 883 Bene
1462 835 1641 882 autem
1683 827 1735 881 in
1765 843 1887 881 ora-

307 921 544 977 tionibus
576 920 799 990 vigiiare
821 917 1096 986 jubemur,
1127 926 1187 972 ut
1210 933 1330 972 cum
1361 925 1572 972 stamus
1595 917 1662 971 ad
1687 917 1885 972 oratio-

306 1026 432 1066 nem
460 1009 714 1080 eogitatio
739 1009 916 1063 omnis
945 1008 1179 1063 carnalis
1204 1018 1260 1063 et
1289 1007 1567 1064 saecularis
1606 1007 1880 1062 abscedat.

307 1098 417 1154 Nec
441 1099 732 1168 quidquam
762 1099 974 1153 animus
999 1107 1195 1168 pratter
1223 1098 1276 1152 id
1303 1099 1476 1153 solum
1513 1098 1712 1168 cogitet
1741 1098 1884 1166 quod

306 1198 576 1260 precatur.
613 1189 862 1259 Subripit
889 1189 1034 1243 enim
1074 1187 1388 1257 frequenter
1418 1189 1588 1243 hostis
1615 1197 1674 1242 et
1711 1188 1885 1242 subti-

307 1278 432 1334 liter
459 1279 653 1335 fallens
693 1295 886 1349 preces
925 1287 1141 1333 nostras
1170 1293 1200 1332 a
1245 1279 1358 1333 Deo
1397 1287 1618 1342 avocat,
1655 1286 1714 1331 ut
1739 1275 1883 1331 aliud

305 1369 602 1426 habeamus
623 1371 676 1425 in
700 1372 883 1434 corde,
905 1379 961 1425 et
979 1370 1122 1424 aliud
1145 1368 1484 1438 proferamus
1509 1369 1560 1423 in
1582 1383 1732 1424 voce.
1749 1367 1882 1423 Cum

306 1461 606 1517 intentione
631 1463 842 1516 sincera
875 1461 1042 1516 Deum
1063 1461 1258 1516 debeat
1280 1475 1386 1515 non
1411 1459 1585 1517 solum
1603 1461 1774 1525 vocis,
1789 1461 1884 1515 sed

307 1551 474 1606 animi
503 1566 696 1606 sensus
725 1566 901 1606 orare.

378 1642 509 1696 Ante
537 1642 714 1695 omnia
743 1651 982 1694 mutuam
1017 1641 1073 1695 in
1096 1640 1256 1706 vobis,
1279 1647 1384 1695 etc.
1416 1638 1559 1692 Bene
1584 1637 1734 1692 addit
1761 1653 1885 1693 con-

307 1731 532 1796 tinuam,
557 1732 684 1801 quia
711 1745 924 1801 semper
943 1730 1166 1801 diligere
1184 1730 1446 1792 valemus,
1465 1741 1680 1796 semper
1699 1735 1882 1781 autem

1983 732 2198 806 (Matth.
2225 734 2324 805 xl).
2353 733 2606 789 Perliciet
2654 734 2708 788 in
2742 734 2846 790 ﬁde
2874 744 2930 789 et
2962 737 3365 805 perseverantia
3397 740 3568 795 bono-

1983 837 2102 878 rum
2141 839 2384 894 operum,
2414 833 2470 879 et
2499 826 2554 879 in
2601 824 2785 882 futuro
2829 842 2954 881 cum
2995 828 3192 882 dixerit
3238 831 3566 899 generaliter

1981 915 2232 970 omnibus
2275 917 2476 971 sanctis
2515 917 2628 971 suis
2657 934 2669 970 :
2711 915 2911 982 Venite,
2945 918 3195 972 benedicti
3225 917 3404 975 Patris
3431 923 3556 987 mei,

1980 1007 2226 1077 percipite
2246 1009 2633 1078 regnum,quod
2651 1010 2789 1064 vobis
2809 1021 3055 1081 paratum
3075 1021 3152 1066 est
3173 1012 3387 1083 (Matth.
3407 1015 3559 1082 xxv).

1983 1095 2109 1150 Sive
2133 1095 2475 1150 conﬁrmabit
2514 1098 2566 1150 in
2596 1097 2720 1161 ﬁde,
2765 1099 3021 1153 solidabit
3055 1101 3110 1154 in
3143 1115 3329 1170 opere,
3353 1102 3439 1155 cui
3481 1108 3568 1157 est

1982 1185 2151 1256 gloria
2180 1195 2237 1240 et
2266 1187 2550 1256 imperium
2577 1187 2630 1240 in
2661 1188 2860 1242 sarcula
2890 1188 3231 1243 saeculorum.
3262 1187 3456 1244 Amen.

2324 1327 2662 1372 ενΑκοειιωί
2717 1333 2890 1382 ιυαε,
2935 1335 3053 1373 CAP.
3099 1334 3199 1373 Ill.

2057 1465 2075 1495 α
2115 1444 2236 1500 Sint
2263 1445 2432 1500 lumbi
2461 1447 2625 1501 vestri
2651 1446 2949 1515 prmcincti,
2973 1457 3030 1502 et
3056 1443 3290 1504 lucernae
3314 1451 3568 1509 ardentes

1989 1556 2007 1586 ι
2041 1536 2095 1590 in
2131 1538 2379 1594 manibus
2399 1540 2614 1594 vestris.
2651 1540 2718 1593 Et
2747 1555 2845 1595 vos
2885 1541 3091 1596 similes
3118 1542 3428 1601 hominibus
3471 1562 3568 1604 ex-

1989 1644 2012 1676 s
2052 1628 2425 1696 spectantibus
2450 1629 2735 1684 Dominum
2764 1646 2943 1696 suum,
2968 1634 3182 1700 quando
3211 1644 3514 1691 revertatur
3535 1651 3566 1690 a

1989 1738 2007 1770 ι
2053 1720 2275 1789 nuptiis,
2306 1729 2366 1775 ut
2393 1737 2516 1776 cum
2564 1723 2776 1777 venerit
2822 1731 2879 1778 et
2929 1724 3228 1792 pulsaverit
3276 1727 3563 1782 confestim

303 1820 530 1891 vigilare
551 1821 603 1874 in
629 1820 968 1875 orationibus
988 1819 1279 1890 tragum“;
1306 1819 1486 1874 carnis
1510 1818 1761 1872 obstante
1789 1831 1885 1871 ne.
1909 1802 1957 1861 B
1990 1828 2009 1861 ι
2046 1811 2294 1881 aperiant
2317 1811 2389 1866 ei.
2420 1811 2573 1866 Beati
2605 1813 2748 1867 servi
2784 1813 2882 1878 illi,
2904 1829 3041 1883 quos
3075 1830 3198 1869 cum
3223 1818 3431 1872 venerit
3464 1819 3568 1873 Do-

304 1911 542 1982 quimus,
576 1910 692 1981 ipsa
713 1918 894 1966 autem
919 1910 1159 1966 cbaritas
1185 1909 1338 1978 cujus
1364 1910 1620 1964 instinctu
1649 1909 1765 1964 haec
1801 1907 1884 1963 fo-

304 2013 398 2056 ras
448 2009 702 2071 aguntur,
756 2016 878 2071 qua:
930 2001 985 2055 in
1025 2000 1275 2056 interiori
1324 2001 1544 2056 homine
1595 1998 1880 2070 pmsidet,

305 2104 522 2162 semper
547 2091 746 2146 ibidem
772 2091 957 2145 haberi
1001 2098 1196 2160 potest,
1220 2091 1468 2162 quamvis
1509 2090 1564 2146 in
1607 2091 1882 2160 publicum

302 2190 413 2236 non
441 2193 657 2249 semper
681 2180 894 2235 ostendi
926 2187 1130 2248 potest.

374 2269 435 2327 Si
466 2271 581 2342 quis
610 2271 864 2342 loquitur,
893 2279 1001 2326 etc.
1039 2271 1260 2326 Timens
1289 2271 1558 2333 videlicet,
1591 2284 1658 2324 ne
1687 2278 1884 2340 praster

303 2359 635 2418 voluntatem
664 2359 761 2414 Dei
782 2359 867 2414 vel
891 2368 1089 2429 prmter
1115 2361 1258 2430 quod
1287 2360 1342 2414 in
1367 2361 1571 2416 sanctis
1585 2360 1883 2430 Scripturis

302 2451 581 2508 evidenter
603 2449 929 2520 praecipitur,
959 2450 1044 2505 vel
1075 2451 1219 2505 dicat
1251 2450 1455 2520 aliquid
1491 2450 1576 2505 vel
1628 2451 1882 2520 imperet,

302 2547 360 2594 et
383 2539 690 2594 inveniatur
723 2545 981 2607 tanquam
1013 2537 1184 2593 falsus
1205 2539 1361 2592 testis
1393 2539 1488 2593 Dei
1535 2547 1630 2593 aut
1670 2540 1882 2595 sacrile

303 2645 426 2702 gus,
461 2629 544 2684 vel
573 2629 926 2683 introducens
948 2627 1152 2698 aliquid
1171 2627 1406 2684 alienum
1443 2645 1472 2682 a
1503 2630 1748 2684 doctrina
1779 2631 1883 2685 Do-

304 2719 459 2784 mini,
483 2718 567 2772 vel
589 2725 738 2772 certe
765 2716 1179 2785 subreliuquens
1221 2724 1278 2771 et
1321 2717 1637 2786 przeteriens
1680 2717 1883 2788 aliquid

303 2825 491 2865 eorum
512 2823 633 2878 quae
654 2807 766 2861 Deo
777 2806 974 2876 placita
997 2814 1282 2870 sunt,cum
1304 2806 1418 2876 ipse
1444 2801 1881 2863 manifestissime

303 2899 750 2970 praedicatoribus
766 2898 1030 2960 veritatis,
1055 2897 1122 2952 de
1138 2897 1223 2952 his
1249 2912 1384 2966 quos
1411 2897 1736 2963 imbuerent,
1750 2913 1883 2968 prte-

1989 1919 2009 1954 s
2049 1903 2228 1957 minus
2265 1903 2535 1959 invenerit
2559 1903 2864 1973 vigilantes.
2884 1905 3053 1959 Amen
3080 1905 3202 1960 dico
3219 1907 3396 1973 vobis,
3421 1909 3565 1978 quod

1989 2007 2008 2041 ς
2043 1992 2333 2062 μνωοίηεθι
2367 2007 2446 2058 se,
2470 2001 2525 2048 et
2553 1991 2717 2050 faciet
2761 1993 2883 2049 illos
2903 1994 3264 2061 discumbere,
3289 2005 3344 2052 et
3379 2004 3560 2052 trans-

1989 2100 2008 2134 ι
2043 2083 2162 2138 iens
2201 2083 2531 2138 ministrabit
2573 2084 2700 2139 illis.
2731 2084 2800 2138 Et
2826 2085 2872 2140 si
2899 2087 3111 2142 venerit
3136 2087 3191 2141 in
3220 2089 3457 2142 secunda
3484 2089 3566 2142 vi-

1989 2191 2008 2224 σ
2053 2174 2200 2244 gilia,
2227 2181 2282 2227 et
2307 2173 2353 2228 si
2379 2174 2434 2228 in
2459 2173 2616 2228 tertia
2639 2174 2819 2244 vigilia
2839 2176 3071 2242 venerit,
3097 2183 3153 2231 et
3179 2176 3256 2230 ita
3278 2177 3562 2243 invenerit,

1988 2282 2008 2315 ι
2045 2264 2190 2318 beati
2227 2271 2354 2318 sunt
2397 2264 2542 2318 servi
2574 2263 2671 2318 illi.
2699 2263 2811 2319 Hoc
2836 2273 3017 2319 autem
3065 2266 3283 2331 scitote,
3305 2268 3563 2336 quoniam

1988 2371 2008 2404 ι
2054 2353 2099 2407 si
2129 2353 2293 2408 sciret
2323 2351 2734 2422 paterfamilias,
2761 2369 2866 2422 qua
2897 2354 3032 2408 bora
3075 2353 3163 2408 fur
3211 2357 3442 2420 veniret,
3479 2357 3562 2412 vi-

1988 2461 2008 2495 i
2052 2443 2246 2515 giiarct
2267 2444 2470 2513 utique,
2493 2453 2674 2498 etnon
2697 2443 3124 2513 sineretperfodi
3146 2444 3362 2499 domum
3386 2460 3561 2500 suam.

1988 2553 2006 2584 ε
2052 2535 2118 2588 Ει
2143 2549 2240 2589 vos
2268 2542 2440 2589 estote
2476 2534 2685 2604 parati,
2709 2535 2836 2604 quia
2865 2550 2971 2604 qua
3023 2535 3157 2590 hora
3206 2551 3314 2590 non
3362 2535 3567 2606 putatis

1987 2645 2004 2676 ι
2023 2620 2185 2680 Filius
2210 2626 2445 2680 hominis
2470 2626 2670 2680 veniet.
2707 2645 2727 2678 ι

2051 2715 2167 2770 Sint
2218 2716 2382 2769 lumbi
2422 2717 2576 2770 vestri
2619 2718 2890 2786 prcecincti
2938 2727 2987 2772 et
3038 2717 3268 2772 lucerna:
3303 2719 3564 2775 ardentes.

1981 2807 2081 2880 (Ex
2112 2806 2303 2877 Beda.)
2335 2806 2471 2874 Quia
2510 2807 2708 2862 multos
2740 2807 3068 2872 ostenderat,
3097 2791 3189 2864 vel
3232 2809 3288 2863 in
3331 2818 3445 2866 toto
3473 2826 3568 2867 ste-

1980 2898 2104 2954 cuio
2157 2897 2425 2961 subditos,
2457 2897 2543 2952 vel
2571 2896 2849 2952 saecularis
2894 2897 3092 2951 intuitu
3136 2899 3407 2954 commodi
3453 2899 3566 2956 Do-

305 2988 472 3059 cipiat
499 2987 686 3044 dicens
723 3005 736 3041 :
765 2987 1020 3042 Docentes
1059 3003 1146 3041 eos
1171 3003 1380 3040 servare
1414 2988 1590 3041 omnia
1628 3004 1880 3057 qua'cun-
1979 2991 2128 3044 mino
2155 2989 2476 3054 servientes,
2505 2988 2733 3059 pulchre
2760 2988 3108 3058 breviterque
3144 3004 3273 3045 suos
3301 2986 3481 3056 docet,
3513 2999 3570 3046 et

301 3097 404 3154 que
445 3079 690 3134 mandavi
739 3078 879 3133 vobis
941 3077 1153 3149 (Matth.
1187 3076 1334 3149 ult.),
1363 3085 1420 3132 et
1467 3092 1531 3132 ea
1577 3078 1722 3132 enim
1760 3092 1881 3147 quae
1917 3146 1950 3154 Α
1983 3079 2198 3136 lumbos
2225 3080 2579 3151 praecingere,
2605 3086 2828 3149 propter
2865 3077 3262 3133 continentiam
3287 3080 3356 3134 ab
3382 3095 3572 3137 amore

305 3146 422 3242 ipse
448 3168 744 3234 mandavit,
773 3183 880 3223 non
920 3146 1048 3234 alia,
1071 3175 1127 3222 et
1160 3146 1297 3223 haec
1317 3181 1425 3222 non
1469 3182 1535 3222 ex
1581 3175 1760 3238 parte,
1781 3146 1883 3224 sed
1907 3146 1952 3208 (ἶ
1985 3187 2164 3226 rerum
2193 3146 2556 3237 saecularium,
2599 3146 2654 3226 et
2696 3146 2946 3226 lucernas
2979 3171 3232 3226 ardentes
3261 3171 3483 3239 habere,
3510 3183 3571 3229 ut

304 3259 490 3318 omriia
517 3259 630 3316 suis
659 3258 993 3314 auditoribus
1014 3258 1082 3312 ad
1131 3257 1396 3312 servanda
1448 3259 1661 3313 tradere
1703 3259 1880 3328 jubet.

377 3349 436 3406 Si
460 3352 576 3422 quis
603 3352 865 3405 ministrat
903 3359 1154 3421 tanquam
1179 3365 1244 3404 ea:
1265 3350 1456 3403 virtute
1475 3388 1490 3414 ,
1510 3366 1670 3420 quam
1708 3350 1884 3403 admi-

308 3445 495 3500 nistrat
521 3443 682 3498 Deus.
709 3443 884 3498 Tauto
912 3442 1170 3499 humilius
1201 3442 1478 3513 impendat
1503 3443 1734 3513 quisque
1765 3459 1886 3514 pro-

308 3535 455 3589 ximo
483 3531 682 3588 bonum
710 3547 868 3588 omne
909 3532 1053 3601 quod
1099 3539 1298 3602 potest,
1325 3540 1530 3602 quanto
1581 3533 1885 3588 certissime

308 3625 478 3691 novit,
501 3639 621 3696 quae
644 3639 677 3679 a
715 3623 1006 3694 semetipso
1036 3638 1145 3678 non
1163 3630 1342 3693 potest
1365 3623 1588 3687 habere,
1615 3637 1736 3691 quae
1779 3621 1885 3676 im-

308 3714 530 3786 pendat.

380 3806 450 3862 Ut
475 3807 531 3861 in
555 3806 794 3862 omnibus
815 3804 1190 3874 honoriﬁcetur
1217 3803 1382 3868 Deus,
1403 3821 1497 3876 per
1515 3804 1698 3860 Iesum
1727 3803 1884 3858 Chri-

307 3908 466 3954 stum.
493 3896 654 3954 Juxta
679 3897 848 3968 ipsius
873 3895 1002 3953 Jesu
1028 3895 1228 3952 Christi
1254 3904 1604 3968 praeceptum,
1628 3912 1738 3967 quo
1762 3896 1839 3950 ait
1866 3913 1880 3949 :

319 3988 543 4045 Videant
568 3999 738 4045 vestra
759 4005 918 4059 opera
946 3989 1102 4054 bona,
1131 3998 1179 4044 et
1223 3987 1519 4060 gloriﬁcent
1552 3983 1763 4041 Patrem
1809 4004 1886 4042 ve-

306 4080 604 4151 strum,qui
626 4080 683 4133 in
705 4078 845 4132 caelis
866 4087 942 4133 est
966 4077 1180 4150 (Matth.
1205 4093 1236 4131 v
1262 4083 1304 4148 ).
1328 4075 1731 4131 Honorilicatur
1755 4090 1884 4146 ergo

308 4173 453 4229 Deus
480 4173 534 4227 in
567 4173 778 4228 actibus
809 4170 1040 4234 nostris,
1083 4183 1207 4223 cum
1250 4168 1431 4222 omnia
1460 4182 1583 4236 qua:
1634 4167 1773 4222 bene
1820 4181 1886 4220 ac

308 4263 605 4320 secundum
633 4261 968 4315 voluntatem
1009 4256 1127 4325 ejus
1152 4256 1397 4323 facimus,
1421 4272 1526 4311 non
1557 4256 1660 4312 hoc
1684 4257 1885 4311 nostris

309 4352 541 4414 meritis,
570 4349 663 4404 sed
684 4348 800 4418 ejus
819 4347 1011 4418 gratia:
1042 4347 1348 4402 tribuimus.

379 4439 450 4494 Et
483 4454 600 4493 cum
622 4436 921 4507 apparuerit
951 4436 1188 4506 princeps
1214 4443 1504 4505 pastorum.
1558 4434 1712 4490 Sicut
1737 4435 1880 4490 enim

310 4529 513 4586 dicitur
537 4525 785 4582 Christus
822 4540 917 4580 rex
965 4540 1170 4596 regum,
1196 4523 1457 4580 Dominus
1489 4525 1878 4580 dominantium

309 4628 367 4678 et
417 4619 670 4690 princeps
716 4615 1039 4686 principum,
1069 4623 1127 4670 et
1152 4623 1336 4684 pastor
1368 4623 1665 4684 pastorum,
1691 4615 1764 4670 ita
1793 4615 1884 4670 hic

311 4710 628 4780 intelligitur
649 4706 964 4777 Apostolum
992 4705 1195 4760 dixisse
1213 4705 1464 4776 princeps
1492 4713 1790 4776 pastorum.

382 4801 688 4872 Percipietis
717 4797 1198 4854 immarcescibilem
1237 4796 1420 4868 gloria:
1465 4813 1733 4852 coronam.
1780 4796 1884 4851 im-

311 4889 737 4948 mareescibilem
783 4888 940 4954 dixit,
988 4887 1114 4957 quia
1161 4901 1269 4942 non
1321 4887 1732 4942 inveterahitur.
1782 4884 1885 4941 Co-

314 4998 500 5038 ronam
521 4996 619 5051 pro
644 4980 944 5034 aeternitate
965 4978 1088 5032 vitae
1107 4993 1229 5032 cum
1258 4979 1496 5047 prmmiis
1518 4977 1883 5048 sempiternis.

384 5072 522 5126 Deus
541 5079 714 5124 autem
739 5071 909 5124 omnis
927 5069 1134 5139 gratiae,
1155 5069 1245 5138 qui
1282 5068 1478 5122 vocavit
1519 5082 1614 5121 nos
1651 5067 1708 5120 in
1744 5075 1892 5119 teter-

314 5180 436 5220 nant
461 5177 613 5218 suam
648 5160 871 5232 gloriam
901 5161 955 5212 in
983 5157 1191 5213 Christo
1222 5158 1373 5222 Jesu,
1402 5157 1662 5212 modicum
1685 5171 1885 5226 passos.

314 5253 457 5307 Deus
490 5260 671 5305 autem
702 5251 878 5305 omnis
903 5249 1092 5321 gratiae
1121 5247 1320 5303 dicitur
1359 5247 1500 5304 idem
1544 5246 1892 5302 multiformis

312 5343 520 5417 gratiae.
567 5341 740 5399 Omne
782 5341 927 5396 enim
970 5341 1171 5396 bonum
1214 5338 1359 5408 quod
1392 5337 1558 5393 habet
1579 5338 1762 5403 homo,
1788 5352 1887 5406 per

312 5433 542 5505 gratiam
567 5431 765 5502 accipit
786 5430 881 5485 Dei
897 5431 1104 5496 ,omnis
1127 5431 1272 5486 enim
1298 5430 1470 5502 gloria
1496 5429 1565 5484 ab
1592 5429 1683 5485 illo
1706 5429 1883 5496 datur,

313 5524 512 5581 iterum
549 5523 618 5578 ad
646 5522 796 5577 illum
827 5520 1080 5576 refertur.

388 5613 509 5684 Ipse
534 5613 785 5685 perﬁciet,
811 5610 1138 5680 conﬁrmabit
1155 5649 1171 5675 ,
1201 5609 1568 5682 solidabitque,
1593 5611 1692 5679 ipsi
1720 5609 1889 5680 gloria

316 5706 372 5761 in
393 5703 585 5762 secula
613 5702 946 5760 saeculorum.
982 5700 1328 5758 Vocavituos
1375 5702 1428 5756 in
1473 5711 1727 5758 aeternam
1777 5702 1889 5768 gic-

1907 4478 1961 4537 D

1984 3264 2086 3319 hoc
2112 3265 2287 3334 ipsum
2315 3279 2446 3320 vero
2474 3265 2580 3318 line
2607 3271 2660 3318 et
2687 3271 2835 3318 recta
2861 3263 3164 3318 intentione
3193 3262 3415 3319 faciant.
3459 3263 3574 3320 Ali-

1986 3362 2089 3419 ter,
2113 3353 2324 3409 lumbos
2368 3355 2768 3426 prmeirngimus,
2796 3368 2919 3408 cum
2951 3353 3133 3408 carnis
3156 3353 3448 3420 luxuriam,
3470 3369 3570 3428 per

1983 3445 2373 3500 continentiam
2403 3454 2770 3501 coarctamus.

2053 3537 2328 3594 Lucernas
2366 3545 2550 3592 autem
2582 3540 2838 3595 ardentes
2893 3539 2946 3594 in
2992 3538 3243 3594 manibus
3295 3546 3570 3605 tenemus,

1983 3643 2106 3684 cum
2142 3643 2240 3698 per
2268 3629 2409 3684 bona
2433 3643 2598 3698 opera
2621 3629 2887 3698 proximis
2916 3631 3117 3684 nostris
3151 3628 3287 3683 lucis
3327 3629 3572 3700 exempla

1983 3718 2730 3788 moustramuleedemptori
2772 3719 2974 3774 etenim
3020 3727 3207 3774 nostro
3247 3734 3413 3774 unum
3453 3720 3572 3776 sine

1982 3808 2154 3863 altero
2182 3808 2397 3878 placere
2420 3823 2762 3878 nequaquam
2785 3816 2984 3878 potest.

2053 3898 2121 3952 Et
2147 3914 2233 3952 vos
2264 3897 2460 3952 similes
2492 3898 2790 3952 hominibus
2820 3897 3242 3968 exspectantibus
3281 3896 3572 3952 Dominum

1983 4005 2158 4053 suum,
2185 3999 2292 4044 etc.
2321 3988 2405 4042 Ad
2428 3988 2646 4058 nuptias
2667 3989 2865 4059 quippe
2890 3989 3149 4061 Dominus
3175 3988 3334 4053 abiit,
3361 3989 3454 4058 qui
3488 4002 3574 4044 ne-

1984 4093 2212 4147 surgens
2237 4093 2268 4132 a
2312 4078 2561 4142 mortuis,
2586 4078 2884 4133 ascendens
2933 4079 2985 4132 in
3036 4078 3254 4143 cmlum,
3282 4093 3573 4147 supernam

1984 4171 2088 4226 sibi
2117 4169 2433 4240 angelorum
2458 4169 2858 4225 multitudinem
2889 4186 3061 4225 novus
3086 4170 3248 4225 homo
3277 4169 3569 4238 copulavit,

1985 4260 2111 4330 quia
2142 4269 2272 4314 tunc
2293 4267 2600 4313 revertetur
2620 4274 2744 4313 cum
2793 4257 2951 4313 nobis
2994 4259 3107 4328 jam
3161 4274 3261 4328 per
3307 4255 3572 4326 judicium

1986 4349 2386 4410 manifestatur,
2410 4349 2548 4404 bene
2582 4357 2764 4404 autem
2806 4351 2876 4406 de
2917 4350 3088 4406 servis
3131 4349 3573 4420 exspectantibus

1987 4439 2253 4494 subditur.

2061 4529 2128 4584 Ut
2154 4546 2273 4584 cum
2308 4529 2498 4584 venerit
2535 4537 2583 4584 et
2621 4528 2904 4600 pulsaverit
2934 4530 3207 4599 confestim
3234 4529 3470 4600 aperiant
3498 4530 3569 4583 ei.

1992 4621 2151 4677 Venit
2178 4620 2376 4690 quippe
2404 4636 2527 4675 cum
2555 4620 2623 4674 ad
2642 4619 2903 4690 judicium
2930 4627 3206 4689 properat.
3233 4619 3414 4672 Pulsat
3441 4634 3574 4673 vero

1988 4727 2112 4767 cum
2141 4709 2254 4780 jam
2286 4725 2383 4780 per
2405 4710 2740 4781 aegritudinis
2769 4709 3046 4772 molestias
3068 4726 3190 4765 esse
3231 4717 3464 4764 mortem
3492 4709 3573 4764 vi-

1990 4802 2168 4857 cinam
2218 4801 2499 4870 designat,
2545 4799 2631 4854 cui
2682 4797 2963 4853 confestim
3012 4799 3320 4867 aperimus,
3347 4798 3390 4852 si
3426 4798 3573 4855 hunc

1991 4905 2114 4947 cum
2152 4905 2338 4944 amore
2368 4889 2712 4958 suscipimus.
2738 4887 2962 4956 Aperire
2987 4889 3130 4942 enim
3149 4885 3316 4955 judici
3338 4886 3573 4957 pulsanti

1990 4997 2098 5037 non
2132 4979 2266 5046 vult,
2295 4979 2386 5050 qui
2430 4979 2582 5034 exire
2633 4977 2701 5032 de
2745 4993 2972 5047 corpore
3021 4978 3275 5046 trepidat,
3305 4985 3360 5031 et
3388 4977 3575 5032 videre

1989 5087 2136 5136 eum,
2163 5086 2323 5141 quem
2354 5069 2744 5140 contempsisse
2772 5084 2830 5123 se
2859 5067 3102 5122 meminit
3123 5069 3361 5138 judicem
3384 5065 3573 5121 formi-

1993 5163 2104 5217 dat.
2129 5162 2228 5229 Qui
2260 5170 2440 5216 autcm
2469 5161 2535 5215 de
2561 5175 2657 5214 sua
2692 5175 2786 5228 spe
2808 5168 2864 5213 et
2879 5159 3193 5230 operatione
3213 5173 3435 5214 securus
3461 5167 3570 5222 est,

1991 5251 2227 5322 pulsanti
2264 5249 2548 5305 confestim
2579 5248 2770 5318 aperit,
2797 5249 2923 5318 quia
2951 5248 3104 5303 lactus
3127 5246 3362 5316 judicem
3399 5246 3570 5299 susti-

1993 5350 2105 5398 net.
2143 5341 2209 5395 Et
2233 5357 2355 5395 cum
2384 5349 2596 5410 tempus
2621 5339 2934 5408 propinqua:
2963 5338 3153 5393 mortis
3175 5335 3476 5407 agnoverit,
3503 5334 3574 5392 de

1989 5431 2158 5503 gloria
2186 5428 2554 5484 retributionis
2579 5427 2878 5481 bilarescit.
2910 5426 3063 5481 Unde
3087 5434 3141 5480 et
3166 5424 3416 5479 subditur
3449 5440 3463 5476 :

2061 5521 2212 5576 Beati
2237 5521 2376 5574 servi
2403 5519 2482 5574 illi
2508 5535 2638 5590 quos
2660 5535 2778 5572 cum
2802 5519 2990 5572 venerit
3018 5517 3294 5578 Dominus,
3318 5511 3573 5566 invenerit

1990 5610 2283 5682 vigilantes.
2313 5610 2512 5681 Vigilat
2540 5609 2630 5679 qui
2653 5608 2720 5664 ad
2742 5617 3019 5678 aspectum
3048 5606 3162 5660 veri
3184 5603 3402 5659 luminis
3423 5618 3574 5657 men-

1995 5703 2062 5758 tis
2097 5699 2281 5756 oculos
2312 5710 2526 5757 apertos
2553 5708 2715 5755 tenet.
2750 5697 2945 5764 Vigilat
2969 5696 3059 5759 qui
3089 5702 3267 5751 servat
3295 5692 3568 5759 operando
