3952 6416
416 329 521 386 559

1689 317 2040 385 SMARAGDI
2075 316 2366 372 ADBATIS

3580 308 3690 366 510

417 441 562 511 quod
581 441 772 498 credit.
805 437 998 508 Vigilat
1017 437 1144 507 quia
1178 451 1238 491 se
1285 435 1534 505 corporis
1571 443 1627 490 et
1651 431 1990 504 negligentia:
2017 435 2067 492 Î‘
2098 428 2270 483 Moses
2317 444 2347 481 a
2405 435 2616 483 secreto
2666 427 2761 482 Dei
2815 427 3004 484 exiens
3053 435 3434 484 coruscantem
3486 425 3691 482 faciem

421 535 671 588 tenebras
695 532 924 601 repellit.

489 631 650 681 Amen
687 626 805 679 dico
851 625 1013 689 vobis,
1037 623 1176 695 quod
1217 623 1495 693 prwcinget
1538 638 1611 684 se,
1643 619 1843 687 etfacit
1873 618 1994 672 illos

415 718 756 780 discumbere,
780 725 830 770 et
873 717 1135 770 transiens
1175 714 1492 768 ministrabit
1536 713 1665 766 illis.
1711 711 1997 778 Prtecingit

414 825 495 873 se,
522 810 576 863 id
604 817 716 872 est,
749 808 816 862 ad
845 807 1254 862 retributionem
1283 813 1638 874 praeparatur,
1667 802 1828 857 faciet
1875 803 1995 856 illos

415 899 773 962 discumbere,
803 899 855 953 id
884 906 984 962 est,
1017 898 1070 952 iu
1113 906 1315 951 interna
1343 896 1523 964 quiete
1572 894 1824 949 refoveri.
1871 894 1992 949 Dis-

413 993 670 1048 cumbere
706 992 902 1061 quippe
944 999 1191 1045 nostrum
1245 989 1302 1043 in
1349 1001 1516 1056 regno
1558 987 1840 1056 quiescere
1887 993 1990 1040 est.

414 1083 711 1138 Transiens
748 1093 928 1137 autem
959 1082 1217 1135 Dominus
1245 1081 1538 1144 ministrat,
1563 1079 1687 1147 quia
1718 1078 1855 1132 lucis
1883 1091 1994 1133 sua:

415 1178 772 1232 illustratione
828 1191 925 1230 nos
969 1175 1148 1229 satiat.
1196 1173 1503 1226 Transitum
1551 1173 1753 1226 dictum
1800 1172 1995 1234 est,de

407 1270 621 1340 judicio
652 1269 718 1322 ad
767 1283 989 1338 regnum
1043 1266 1201 1328 redit,
1234 1263 1315 1317 vel
1354 1271 1500 1318 certe
1531 1262 1790 1316 Dominus
1839 1262 1995 1315 nobis

412 1359 812 1431 postjudicium
865 1357 1076 1418 transit,
1124 1355 1213 1424 qui
1261 1354 1328 1407 ad
1377 1351 1732 1420 humanitatis
1762 1350 1992 1404 formam

411 1453 712 1507 divinitatis
727 1466 836 1504 sua:
857 1448 1308 1518 contemplatione
1335 1459 1433 1499 nos
1453 1445 1646 1499 elevat.
1671 1443 1734 1496 Et
1763 1443 1996 1497 transire

409 1543 556 1598 enim
580 1549 661 1596 est
688 1542 741 1594 in
766 1539 1031 1594 claritatis
1053 1553 1163 1592 sua:
1194 1536 1615 1607 Speculationem
1647 1549 1745 1588 nos
1773 1533 1992 1597 ducere,

411 1660 532 1699 cum
564 1643 706 1696 enim
736 1656 856 1696 eum
881 1653 1041 1709 quem
1075 1638 1126 1691 in
1160 1637 1497 1690 humanitate
1519 1635 1571 1688 in
1594 1633 1800 1702 judicio
1822 1631 1971 1686 cerni

413 1751 534 1790 mus
555 1776 568 1799 ,
602 1733 763 1788 etiam
793 1731 848 1785 in
879 1731 1158 1785 divinitate
1187 1735 1302 1797 post
1327 1725 1592 1794 judicium
1617 1725 1883 1777 videmus.

480 1825 549 1878 Et
575 1824 621 1878 si
649 1823 840 1878 venerit
868 1822 922 1874 in
943 1819 1172 1874 secunda
1195 1816 1457 1886 vigilia,et
1481 1815 1526 1868 si
1552 1816 1608 1868 in
1626 1814 1780 1868 tertia
1807 1812 1989 1882 vigilia

405 1914 622 1977 uenerit,
656 1921 703 1965 et
738 1911 809 1964 ita
857 1909 1129 1972 invenerit,
1162 1907 1296 1960 beati
1327 1914 1446 1959 sunt
1483 1904 1618 1958 servi
1661 1902 1757 1956 illi.
1805 1901 1988 1955 Prima

406 2005 590 2076 vigilia
625 2005 942 2075 primrcvum
975 2009 1186 2069 tempus
1231 2006 1334 2061 est,
1357 1997 1414 2051 id
1456 2005 1560 2060 est,
1589 1995 1839 2064 pueritia.
1889 1992 1990 2048 Se-

407 2097 583 2152 cunda
635 2094 1016 2158 adolescentia,
1047 2092 1130 2146 vel
1174 2091 1464 2162 juventus,
1503 2101 1624 2157 qua:
1669 2085 1990 2141 auctoritate

405 2191 549 2246 sacri
577 2189 774 2258 eloquii
799 2202 964 2241 unum
997 2193 1124 2240 sunt
1147 2181 1377 2238 dicentis
1406 2197 1419 2234 :
1453 2177 1911 2247 La'tarejusenis,
1934 2177 1989 2230 in

407 2279 758 2333 adolescentia
811 2287 903 2331 tua
951 2271 1266 2348 (Ecclesi).
1308 2270 1490 2326 Tertia
1525 2278 1706 2323 autem
1737 2277 1989 2323 senectus

407 2369 689 2438 accipitur.
720 2365 820 2434 Qui
848 2345 975 2420 vero
998 2345 1222 2434 vigilare
1248 2362 1302 2414 in
1346 2360 1518 2430 prima
1562 2359 1742 2429 vigilia
1795 2359 1985 2423 noluit,

407 2460 676 2514 Custodiat
703 2459 786 2513 vel
829 2457 1144 2518 secundum,
1173 2462 1226 2506 et
1253 2452 1343 2522 qui
1372 2450 1612 2506 converti
1640 2465 1670 2503 a
1702 2451 1987 2520 pravitati-

391 2549 505 2606 bus
537 2551 649 2605 suis
678 2549 728 2602 in
755 2547 986 2617 pueritia
1017 2543 1250 2612 neglexit
1298 2543 1366 2596 ad
1395 2541 1508 2594 vias
1537 2540 1681 2604 vitm,
1717 2540 1908 2595 saltem
1931 2541 1986 2596 in

407 2637 958 2709 temporejnventutis
979 2635 1208 2708 evigilet.
1233 2634 1297 2686 Et
1319 2633 1407 2702 qui
1431 2632 1656 2702 vigilare
1672 2633 1724 2686 in
1749 2635 1986 2688 secunda

403 2728 590 2799 vigilia
624 2727 814 2790 noluit,
847 2725 1020 2779 tertia:
1069 2723 1260 2793 vigilia:
1308 2721 1546 2776 remedia
1595 2737 1701 2775 non
1747 2725 1982 2776 amittat.

407 2820 482 2876 Ut
501 2819 591 2889 qui
614 2827 670 2874 et
697 2820 749 2872 in
768 2817 1046 2887 juventute
1073 2816 1139 2868 ad
1169 2815 1284 2868 vias
1312 2814 1436 2867 vitae
1467 2829 1573 2866 non
1608 2813 1846 2883 evigilat,
1879 2812 1987 2868 sal-

408 2919 517 2964 tem
542 2910 595 2963 in
631 2916 906 2964 senectute
957 2906 1260 2976 resipiscat.
1307 2903 1390 2958 Ad
1432 2903 1807 2958 excutiendam
1856 2919 1986 2959 vero

405 3003 603 3058 mentis
631 3010 829 3057 nostra:
857 3001 1137 3064 desidiam,
1167 2999 1332 3054 etiam
1361 2997 1632 3052 exteriora
1663 2998 1858 3052 damna
1888 3011 1988 3067 per

407 3091 810 3149 similitudinem
845 3091 1204 3155 deducuntur,
1231 3095 1290 3143 ut
1340 3103 1441 3158 per
1481 3088 1601 3144 haec
1649 3089 1863 3144 animus
1916 3089 1985 3142 ad

406 3197 562 3240 suam
586 3183 885 3240 custodiam
915 3182 1223 3237 suscitetur.
1253 3180 1386 3235 Nam
1417 3179 1615 3236 dicitur
1647 3200 1660 3235 :

482 3273 596 3327 Hoc
615 3283 788 3327 autem
818 3274 997 3327 scitote
1016 3312 1028 3324 .
1055 3266 1316 3337 Quoniam
1342 3271 1388 3325 si
1405 3271 1558 3325 sciret
1581 3269 1986 3341 paterfamilias,

405 3381 512 3436 qua
544 3365 676 3418 liora
719 3364 808 3433 fur
840 3364 1034 3416 veniret
1054 3403 1068 3427 ,
1097 3361 1332 3433 vigilaret
1362 3363 1559 3433 utique,
1587 3372 1638 3416 et
1669 3379 1772 3416 non
1797 3363 1986 3415 sineret

405 3455 614 3527 perfodi
639 3454 852 3508 domum
871 3469 1042 3507 suam.
1066 3453 1146 3506 Ex
1169 3467 1274 3521 qua
1300 3453 1579 3523 prtemissa
1617 3451 1985 3518 similitudine,

405 3545 572 3602 etiam
601 3543 909 3598 exhortatio
935 3541 1296 3608 subinfertur,
1320 3558 1442 3596 cum
1471 3543 1670 3597 dicitur
1693 3560 1706 3595 :

484 3631 551 3685 Et
592 3648 678 3685 vos
708 3639 868 3684 estote
893 3631 1087 3700 parati,
1114 3631 1239 3700 quia
1271 3631 1480 3685 nescitis
1515 3649 1620 3702 qua
1671 3633 1802 3686 liora
1820 3629 1988 3689 Filius

407 3705 635 3774 hominis
688 3720 872 3773 veniet.
923 3718 1209 3774 Nesciente
1259 3720 1401 3774 enim
1461 3720 1852 3791 patrefamilias
1902 3725 1989 3780 fur

408 3813 628 3868 domum
674 3810 926 3881 perfodit,
958 3811 1084 3880 quia
1124 3811 1250 3866 dum
1295 3827 1327 3866 a
1377 3812 1457 3866 sui
1487 3813 1730 3867 custodia
1761 3816 1988 3883 spiritus

411 3904 633 3969 dormit,
665 3904 953 3974 improvisa
998 3919 1143 3959 mors
1169 3904 1391 3959 veniens
1411 3905 1588 3958 carnis
1611 3913 1811 3960 nostra:
1835 3906 1988 3961 habi-

408 3997 646 4053 taculum
683 3997 952 4066 irrumpit,
987 4004 1042 4051 et
1067 4011 1190 4051 eum
1215 4011 1374 4065 quem
1398 3996 1644 4051 dominus
1681 3996 1875 4052 domus
1907 3997 1985 4052 in-

407 4089 620 4144 venerit
643 4089 996 4145 dormientem
1027 4096 1203 4155 necat,
1237 4091 1362 4159 quia
1389 4105 1510 4145 cum
1539 4098 1764 4144 ventura
1791 4090 1986 4144 damna

408 4181 630 4250 Spiritus
679 4183 900 4238 minime
943 4181 1206 4254 przevidit,
1239 4184 1383 4238 hunc
1407 4197 1554 4238 mors
1577 4182 1642 4237 ad
1667 4181 1984 4252 supplicium

409 4274 739 4330 nescientem
771 4275 928 4344 rapit.
962 4274 1090 4328 Furi
1115 4282 1292 4330 autem
1323 4274 1620 4339 resisteret,
1646 4274 1690 4328 si
1717 4273 1984 4344 vigilaret,

407 4365 535 4435 quia
582 4366 868 4420 adventum
918 4363 1136 4434 judicis,
1183 4365 1276 4434 qui
1313 4363 1521 4419 occulte
1549 4363 1788 4418 animam
1820 4363 1981 4434 rapit,

405 4469 714 4526 praecavens
756 4457 806 4512 ei
850 4457 1161 4528 paenitendo
1187 4464 1518 4519 occurreret,
1546 4471 1614 4510 ne
1638 4456 1983 4524 impmnitens

405 4546 627 4615 periret.
652 4545 849 4601 Horam
874 4561 1000 4600 vero
1014 4547 1256 4600 ultimam
1285 4546 1545 4600 Dominus
1566 4553 1751 4598 noster
1779 4545 1982 4602 idcirco

407 4635 562 4689 nobis
593 4635 759 4689 voluit
781 4650 900 4690 esse
927 4635 1278 4704 incognitam,
1302 4642 1362 4686 ut
1395 4647 1608 4702 semper
1655 4633 1825 4702 possit
1863 4649 1985 4690 esse

406 4735 678 4795 suspecta,
705 4734 764 4779 ut
788 4726 914 4780 dum
940 4725 1085 4777 illam
1122 4725 1419 4793 prievidere
1447 4740 1553 4779 non
1577 4739 1885 4793 possumus,
1915 4727 1983 4783 ad

406 4816 553 4871 illam
584 4817 700 4870 sine
723 4815 1120 4870 intermissione
1144 4829 1531 4884 praeparemur.

479 4905 567 4956 Ait
598 4913 770 4956 autem
805 4903 852 4956 ei
899 4901 1089 4955 Petrus
1114 4916 1131 4953 .'
1156 4903 1398 4968 Domine,
1429 4905 1498 4957 ad
1527 4920 1621 4959 nos
1669 4905 1800 4960 dicis
1845 4907 1981 4962 lianc

406 4992 732 5066 parabolam,
758 5010 826 5046 an
854 5001 902 5046 et
931 4993 999 5045 ad
1026 5009 1200 5046 omnes
1219 4995 1244 5047 ?
1277 4993 1334 5048 ld
1353 5004 1434 5050 est
1467 4996 1534 5050 ad
1559 5011 1655 5051 nos
1678 4998 1984 5067 specialiter

411 5081 705 5154 apostolos,
743 5098 811 5134 an
851 5091 905 5135 et
943 5082 1008 5136 ad
1032 5097 1218 5136 omnes
1247 5083 1336 5153 qui
1375 5085 1614 5141 salvandi
1641 5094 1786 5153 sunt,
1812 5087 1984 5142 dicis?

478 5171 627 5226 Dixit
652 5180 823 5225 autem
857 5171 1112 5226 Dominus
1140 5187 1157 5224 :
1201 5173 1329 5240 Quis
1357 5186 1548 5245 putans
1573 5185 1648 5229 est
1677 5177 1850 5245 fidelis
1901 5177 1984 5230 di-

406 5273 680 5336 spensator
705 5273 753 5317 et
776 5264 1022 5335 prudens,
1047 5281 1197 5335 quem
1236 5269 1511 5321 constituet
1551 5267 1805 5321 Dominus
1827 5283 1985 5338 super

407 5355 669 5428 familiam
697 5372 870 5421 suam,
902 5365 956 5408 ut
983 5356 1067 5410 det
1091 5356 1194 5411 illis
1219 5358 1272 5410 in
1300 5368 1526 5428 tempore
1571 5358 1730 5410 tritici
1777 5373 1985 5410 mensu-

409 5466 542 5502 ram.
575 5448 674 5502 Per
709 5463 1016 5502 mensuram
1046 5448 1205 5502 tritici
1231 5449 1552 5518 exprimitur
1575 5447 1765 5501 modus
1810 5447 1980 5501 verbi.

407 5541 528 5594 Alta
562 5540 763 5596 etenim
794 5554 1019 5610 quisque
1051 5541 1244 5594 debent
1268 5539 1451 5592 multis
1475 5537 1818 5590 audientibus
1855 5553 1985 5591 con-

412 5631 540 5700 tegi,
563 5638 618 5684 et
641 5631 726 5684 vix
753 5631 940 5705 paucis
966 5629 1190 5701 aperiri,
1211 5643 1279 5684 ne
1300 5643 1422 5683 cum
1455 5635 1682 5696 angusto
1716 5627 1864 5682 cordi
1895 5627 1980 5681 in-

412 5718 654 5791 capubilc
709 5719 908 5790 aliquid
959 5718 1236 5783 tribuitur,
1287 5727 1440 5772 extra
1502 5716 1774 5771 fundatur.
1842 5717 1979 5772 llinc

2095 535 2278 573 coram
2323 517 2519 588 populo
2565 518 2728 584 velat,
2760 519 2888 588 quia
2918 519 3176 572 nimirum
3220 518 3394 573 turbis
3423 517 3693 574 claritatis

2096 609 2301 664 intima:
2343 625 2542 664 arcana
2574 626 2682 664 non
2719 612 2942 666 indicat.
2985 611 3092 665 Pro
3121 611 3382 682 qualitate
3407 611 3573 681 igitur
3595 626 3693 666 al-

2094 701 2357 756 dientiuin
2392 699 2614 756 formari
2658 703 2820 757 debet
2852 718 3034 758 sermo
3070 702 3379 765 doctorum,
3409 710 3470 756 ut
3517 711 3575 756 et
3617 701 3688 755 ad

2094 809 2190 848 sua
2216 793 2441 864 singulis
2469 803 2751 863 congruat,
2783 803 2840 849 et
2861 803 3041 850 tamen
3062 809 3094 847 a
3117 793 3421 848 communis
3438 792 3688 848 adifica-

2094 887 2255 941 tionis
2280 896 2400 941 arte
2421 903 2695 957 nunquam
2721 888 2960 943 recedat.

2162 977 2358 1032 Beatus
2382 978 2471 1034 ille
2493 995 2694 1043 servus,
2719 995 2873 1050 quem
2900 995 3019 1032 cum
3045 979 3238 1033 venerit
3261 977 3519 1033 Dominus
3543 977 3682 1048 ejus,

2091 1069 2342 1122 invenerit
2367 1069 2441 1122 ita
2463 1069 2763 1138 facientem.
2792 1067 2918 1122 Vere
2940 1069 3058 1122 dico
3079 1068 3241 1134 nobis,
3255 1069 3380 1139 quia
3399 1085 3557 1139 super
3571 1085 3683 1123 om-

2095 1161 2183 1213 nia
2209 1176 2328 1229 qua:
2360 1160 2590 1229 possidet
2619 1161 2895 1213 constituet
2921 1175 3062 1213 eum.
3107 1157 3320 1224 Quanta
3348 1159 3490 1212 inter
3511 1158 3684 1213 bonos

2094 1251 2371 1306 auditores
2418 1260 2472 1304 et
2518 1251 2692 1306 bonos
2729 1249 2981 1306 doctores
3023 1251 3345 1304 meritorum
3397 1250 3680 1312 distantia,

2095 1351 2244 1396 tanta
2267 1350 2429 1396 estet
2457 1341 2823 1410 praemiorum.
2866 1341 2976 1395 llos
3021 1341 3164 1395 enim
3216 1341 3530 1404 adveniens,
3557 1355 3682 1394 eum

2095 1432 2383 1501 vigilantes
2413 1432 2715 1496 invenerit,
2741 1430 2900 1486 faciet
2928 1430 3302 1494 discumbere,
3328 1438 3384 1486 et
3413 1430 3684 1485 transiens

2095 1522 2429 1576 ministrabit
2450 1522 2549 1575 eis.
2571 1521 2696 1576 illos
2719 1531 2899 1576 autem
2919 1537 3041 1576 cum
3063 1521 3215 1577 verbi
3235 1536 3449 1576 annona
3466 1519 3685 1574 familia:

2096 1614 2200 1670 sibi
2249 1613 2489 1678 creditae,
2533 1613 2806 1679 ï¬deliter,
2849 1614 3254 1683 prudenterque
3306 1612 3686 1681 dispensantes

2097 1705 2384 1765 invenerit,
2413 1719 2579 1774 supra
2606 1706 2786 1760 omnia
2817 1721 2938 1775 qua:
2989 1705 3230 1774 possidet
3273 1704 3587 1769 constituet,
3631 1702 3686 1757 id

2018 1789 2065 1848 B
2091 1804 2201 1858 est,
2226 1809 2388 1864 supra
2417 1793 2602 1848 omnia
2641 1794 2884 1850 cmlestis
2909 1794 3060 1864 regni
3099 1793 3320 1864 gaudia,
3350 1808 3458 1850 non
3494 1793 3686 1862 utique

2091 1895 2152 1941 ut
2173 1887 2366 1941 lterum
2392 1885 2494 1940 soli
2525 1887 2824 1942 dominium
2847 1894 3088 1953 teneant,
3103 1887 3198 1943 sed
3218 1896 3280 1944 ut
3302 1901 3491 1942 eorum
3511 1886 3688 1942 abunâ€”

2091 1977 2305 2032 dantius
2321 1993 2433 2046 pra:
2451 1977 2664 2034 exteris
2684 1978 2887 2034 sanctis
2903 1986 3110 2034 interna
3135 1977 3479 2047 possessione
3495 1975 3680 2034 fruan-

2091 2077 2199 2124 tur.
2233 2068 2337 2134 Qui
2369 2069 2514 2124 enim
2547 2067 2696 2124 docti
2722 2067 2945 2133 fuerint,
2978 2066 3262 2138 fulgebunt
3298 2066 3457 2135 quasi
3500 2064 3688 2135 splen-

2091 2159 2190 2213 dor
2211 2159 2558 2225 lirmamenti,
2583 2170 2640 2214 et
2663 2159 2756 2229 qui
2783 2159 2850 2215 ad
2868 2159 3139 2230 justitiam
3163 2159 3421 2214 erudiunt
3443 2157 3681 2226 multos.

2088 2251 2248 2319 quasi
2272 2250 2445 2307 stella:
2476 2251 2533 2306 in
2555 2258 2846 2321 perpetuas
2864 2250 3201 2308 :eternitates

2444 2360 2609 2398 Î‘Î¹Î¹Ï…Î¹
2645 2358 3016 2409 Î¹Î½Î»ÎºÎµÎµÎ¹Î¹Ï…Î¹,
3047 2359 3169 2402 LUC.
3205 2358 3320 2398 Î¹Î¹Î¹.

2163 2453 2183 2486 Î¹
2222 2434 2394 2490 Homo
2417 2435 2638 2506 quidam
2665 2435 2866 2491 nobilis
2895 2436 3030 2491 abiit
3057 2435 3113 2490 in
3143 2435 3426 2506 regionem
3453 2435 3680 2506 longin-

2087 2542 2112 2577 i
2157 2541 2340 2596 quam,
2387 2527 2635 2596 accipere
2669 2526 2774 2581 sibi
2811 2541 3034 2598 regnum
3075 2535 3133 2583 et
3173 2528 3395 2582 reverti.
3447 2527 3674 2587 Vocati:

2092 2637 2112 2671 Î¹
2156 2629 2338 2674 autem
2361 2619 2536 2673 servis
2569 2619 2702 2685 suis,
2739 2619 2890 2674 dedit
2923 2617 3026 2674 illis
3051 2618 3238 2674 decem
3273 2620 3474 2685 minas,
3515 2632 3570 2676 et
3602 2622 3682 2678 ait

2091 2729 2112 2762 Î¹
2157 2710 2224 2765 ad
2263 2709 2381 2764 illos
2420 2727 2433 2764 Ï„
2475 2708 2837 2780 Negotiamini
2887 2710 3014 2764 dum
3061 2711 3242 2764 venio.
3292 2709 3454 2766 Cives
3492 2719 3676 2766 autem

2091 2821 2112 2855 Î±
2148 2802 2265 2871 ejus
2303 2803 2533 2857 oderam
2569 2803 2721 2856 illum
2751 2817 2765 2856 :
2797 2802 2866 2856 Et
2901 2801 3170 2856 miserunt
3197 2801 3520 2872 legationem
3556 2810 3683 2872 post

2091 2912 2111 2946 Î¹
2158 2896 2306 2949 illum
2334 2937 2350 2963 ,
2395 2896 2682 2951 dicentes:
2721 2891 2984 2949 Nolumus
3030 2893 3176 2948 hunc
3231 2909 3461 2964 regnare
3509 2908 3675 2964 super

2091 3002 2110 3035 Î¹
2153 3000 2288 3040 nos:
2319 2986 2385 3040 Et
2416 2984 2622 3040 factum
2657 2992 2746 3041 est
2765 2992 2826 3038 ut
2855 2983 3056 3038 rediret
3083 2992 3309 3054 accepto
3338 2999 3530 3056 regno,
3552 2986 3677 3055 jus-

2090 3093 2110 3125 Î¹
2151 3075 2224 3130 sit
2253 3077 2438 3131 vocari
2471 3091 2693 3140 servos,
2720 3074 2919 3144 quibus
2958 3073 3106 3130 dedit
3129 3075 3450 3144 pecuniam,
3481 3085 3541 3131 ut
3567 3076 3678 3132 sciâ€”

2013 3165 2058 3228 C
2093 3186 2113 3220 t
2161 3178 2243 3224 ret
2263 3180 2524 3240 quantum
2548 3169 2781 3240 quisque
2801 3167 3108 3240 negotiatus
3127 3176 3289 3224 esset.
3315 3168 3475 3224 Venit
3496 3176 3676 3224 autem

2095 3277 2114 3310 Îµ
2156 3261 2364 3329 primus
2403 3261 2590 3317 dicens
2621 3277 2638 3314 :
2671 3259 2919 3324 Domine,
2951 3259 3100 3313 mina
3132 3266 3220 3314 tua
3240 3298 3256 3324 ,
3283 3259 3472 3314 decem
3499 3259 3679 3314 minas

2095 3370 2114 3402 Î¹
2149 3351 2460 3422 acquisivit,
2499 3359 2554 3406 et
2584 3351 2662 3404 ait
2692 3349 2768 3404 illi
2795 3367 2808 3404 :
2836 3344 3013 3420 Euge,
3043 3363 3202 3404 serve
3229 3349 3370 3403 bone
3391 3357 3451 3403 et
3473 3347 3674 3414 fidelis,

2093 3459 2112 3492 Îµ
2155 3442 2280 3512 quia
2301 3441 2355 3496 in
2381 3442 2588 3497 modico
2603 3440 2752 3496 fuisti
2777 3439 2971 3505 ï¬delis,
2993 3441 3106 3494 eris
3126 3446 3449 3510 potestatem
3470 3439 3680 3495 habens

2091 3549 2112 3582 Ï‚
2158 3547 2321 3602 super
2337 3531 2524 3585 decem
2543 3531 2811 3585 civitates.
2842 3530 2913 3586 Et
2938 3529 3074 3585 alter
3106 3529 3277 3596 venit,
3305 3529 3492 3585 dicens
3521 3543 3536 3582 :
3563 3527 3668 3584 Do-

2092 3647 2113 3679 â€¹
2159 3630 2320 3692 mine,
2353 3629 2496 3682 mina
2523 3639 2612 3683 tua
2640 3629 2769 3684 fecit
2798 3631 3038 3699 quinque
3068 3630 3244 3685 minas
3263 3673 3277 3696 ,
3307 3631 3436 3685 huic
3464 3630 3539 3684 ait
3569 3648 3583 3685 :
3609 3629 3682 3687 Et

2094 3740 2111 3771 Î¹
2162 3732 2214 3775 tu
2243 3730 2361 3776 esto
2400 3737 2564 3791 super
2590 3721 2830 3791 quinque
2857 3723 3128 3777 civitates.
3157 3723 3224 3777 Et
3249 3724 3390 3778 alter
3419 3723 3565 3776 venit
3593 3722 3679 3777 diâ€”

2093 3829 2112 3861 â€¹
2159 3827 2287 3866 cens
2320 3829 2333 3865 :
2367 3810 2613 3876 Domine,
2647 3828 2772 3867 ecce
2803 3813 2949 3867 mina
2981 3822 3091 3879 tua,
3127 3829 3288 3884 quam
3319 3814 3481 3868 habui
3521 3828 3680 3884 repoâ€”

2094 3921 2112 3952 I
2159 3904 2318 3957 sitam
2343 3903 2396 3958 in
2426 3903 2676 3970 sudario;
2710 3905 2861 3958 timui
2889 3905 3033 3960 enim
3057 3911 3128 3971 te,
3157 3906 3282 3975 quia
3311 3907 3470 3961 homo
3491 3913 3680 3962 auste-

2096 4011 2116 4044 â€¹
2154 4009 2244 4048 rus
2271 4009 2349 4059 es,
2375 3995 2518 4050 tollis
2543 3995 2687 4065 quod
2717 4009 2826 4049 non
2855 3996 3103 4066 posuisti,
3133 4005 3188 4051 et
3214 3997 3370 4052 metis
3400 3999 3544 4067 quod
3565 4013 3678 4054 non

2093 4104 2112 4136 Ï‚
2152 4086 2451 4151 seminasti,
2482 4087 2613 4141 dicit
2635 4086 2685 4141 ei
2715 4104 2728 4140 :
2755 4086 2830 4141 De
2853 4102 2947 4142 ore
2979 4095 3070 4142 tuo
3098 4098 3150 4142 te
3164 4086 3369 4156 judico,
3402 4104 3556 4144 serve
3582 4106 3680 4146 ne-

2093 4192 2112 4223 Î¹
2149 4190 2329 4244 quam.
2361 4175 2586 4231 Sciebas
2613 4177 2756 4245 quod
2783 4193 2883 4248 ego
2910 4179 3072 4232 homo
3097 4188 3346 4234 austerus
3383 4196 3502 4235 sum
3521 4222 3534 4246 ,
3564 4179 3668 4236 tol-

2093 4284 2111 4315 Î¹
2158 4264 2274 4319 lens
2289 4266 2430 4334 quod
2452 4281 2560 4320 non
2583 4267 2763 4336 posui,
2788 4275 2842 4321 et
2864 4277 3071 4323 metens
3092 4270 3235 4338 quod
3258 4284 3365 4322 non
3383 4270 3669 4334 seminari,

2093 4373 2110 4406 Î¹
2155 4363 2210 4409 et
2237 4371 2405 4425 quare
2433 4371 2538 4422 non
2562 4357 2756 4411 dedisti
2781 4357 3068 4426 pecuniam
3089 4369 3266 4411 meam
3294 4358 3361 4411 ad
3384 4372 3627 4413 mensam
3645 4359 3672 4414 Ï„

2093 4462 2112 4495 Â«
2158 4455 2211 4500 et
2231 4461 2332 4517 ego
2357 4446 2582 4500 veniens
2607 4461 2734 4500 cum
2762 4447 2940 4501 usuris
2962 4448 3149 4515 utique
3175 4446 3470 4518 exegissem
3502 4445 3670 4514 illam,

2093 4557 2110 4590 Î¹
2157 4548 2212 4593 et
2240 4540 2546 4594 astantibus
2568 4539 2702 4594 dixit
2732 4554 2747 4592 :
2775 4539 2997 4596 Auferte
3027 4542 3098 4596 ab
3119 4541 3212 4596 illo
3239 4541 3441 4594 minam
3461 4551 3517 4594 et
3537 4540 3666 4596 date

2091 4649 2110 4682 Î¿
2151 4631 2223 4684 illi
2253 4630 2347 4700 qui
2387 4631 2570 4684 decem
2610 4630 2785 4685 minas
2815 4631 3009 4696 habet,
3039 4639 3093 4686 et
3121 4631 3374 4686 dixerunt
3403 4631 3477 4684 illi
3513 4650 3526 4684 Îµ
3563 4631 3670 4684 Do-

2092 4739 2110 4772 Î¹
2158 4721 2319 4786 mine,
2346 4721 2510 4775 habet
2537 4723 2720 4776 decem
2755 4721 2947 4775 minas.
2981 4721 3111 4776 Dico
3135 4730 3316 4775 autem
3339 4721 3512 4783 vobis,
3539 4721 3669 4790 quia

2090 4827 2109 4859 Î¹
2157 4809 2304 4862 omni
2341 4809 2562 4863 habenti
2603 4811 2850 4873 dabitur,
2894 4809 2943 4864 ei
2989 4818 3168 4866 autem
3205 4811 3297 4880 qui
3335 4826 3442 4864 non
3479 4810 3666 4876 habet,

2089 4918 2108 4952 Î¹
2155 4911 2208 4955 et
2243 4901 2385 4970 quod
2409 4901 2572 4956 habet
2602 4899 2879 4955 auferetur
2907 4901 2976 4956 ab
3000 4916 3083 4957 eo.
3117 4921 3136 4954 Î¹
3679 4932 3712 4947 ~

2160 4990 2331 5046 Homo
2352 4992 2565 5064 quidam
2594 4993 2782 5047 nobilis
2809 4993 2938 5048 abiit
2959 4994 3014 5047 in
3043 4993 3304 5063 regionem
3327 4991 3666 5062 longinquam

2087 5083 2320 5152 accipere
2348 5083 2446 5136 sibi
2479 5100 2694 5154 regnum
2722 5094 2771 5138 et
2798 5085 2999 5139 reverti.
3029 5083 3203 5139 Homo
3232 5084 3426 5139 nobilis
3451 5093 3531 5138 est
3551 5084 3663 5150 ille,

2087 5170 2174 5225 cui
2194 5185 2368 5225 caicus
2389 5186 2549 5240 supra
2575 5172 2844 5228 clamabat
2872 5192 2884 5226 :
2916 5170 3028 5226 Fili
3061 5172 3252 5238 David,
3277 5173 3522 5227 miserere
3538 5175 3662 5240 mei,

2087 5271 2141 5316 et
2169 5263 2405 5318 venienti
2445 5263 2873 5336 Hierosolymam
2912 5266 3314 5321 concinebant:
3345 5263 3562 5320 Osanna
3599 5266 3669 5335 ï¬-

2087 5351 2157 5406 lio
2181 5353 2368 5407 David.
2397 5354 2710 5409 Benedictus
2731 5356 2822 5427 qui
2842 5356 2976 5408 venit
3007 5372 3062 5410 tn
3090 5357 3299 5410 nomine
3327 5354 3542 5410 Domini
3573 5373 3666 5410 rea:

2085 5441 2275 5497 Israel.
2301 5441 2616 5516 Longinqua
2641 5446 2807 5515 regio,
2833 5446 3072 5501 Ecclesia
3095 5453 3179 5500 est
3200 5461 3266 5500 ex
3295 5444 3568 5516 gentibus,
3597 5445 3667 5500 de

2083 5549 2189 5604 qua
2220 5532 2359 5589 idem
2390 5535 2552 5590 homo
2590 5537 2786 5591 nobilis
2815 5536 3055 5607 loquitur
3083 5553 3096 5588 :
3132 5552 3225 5606 ego
3259 5545 3432 5590 autem
3461 5535 3663 5588 consti-

2081 5632 2224 5677 tutus
2257 5641 2372 5678 sum
2416 5642 2508 5679 rex
2539 5627 2602 5678 ab
2631 5643 2720 5688 eo,
2753 5627 2952 5680 dicitur
2975 5643 3005 5680 a
3032 5625 3194 5680 Patre
3221 5643 3235 5679 :
3270 5623 3490 5685 Postulo
3516 5642 3549 5677 a
3583 5639 3666 5677 me

2081 5723 2128 5766 ct
2151 5713 2282 5766 dabo
2302 5714 2392 5768 tibi
2417 5725 2614 5784 gentes,
2642 5716 2993 5771 Iurreditatcm
3018 5726 3185 5784 tuam,
3206 5724 3254 5770 et
3281 5715 3666 5785 possessionem
