3952 6470
323 378 390 436 Si
406 380 425 434 l

1161 371 1679 433 COLLECTIONES
1716 373 1784 430 IN
1823 371 2198 430 EPISTULAS
2236 375 2324 432 ET
2365 375 2775 432 EVANGELIA.

3479 381 3586 438 542

320 501 471 546 tuam
493 492 742 546 terminos
770 499 948 556 terra,
973 504 1094 560 quae
1118 489 1367 546 videlicet
1387 488 1674 544 hatreditas
1690 503 1755 544 ac
1781 501 1904 558 pos-
1925 490 1976 552 Α
2004 503 2127 544 cum
2162 499 2246 546 est
2266 530 2282 554 ,
2317 498 2374 546 et
2399 491 2700 558 modicum,
2731 490 2980 546 civitates
3018 499 3198 548 autem
3233 494 3418 549 decem
3459 503 3587 552 sunt

321 583 497 639 sessio
520 579 719 638 bifaria
756 581 968 636 ratione
1007 581 1158 651 regio
1185 580 1476 651 longinqua
1522 589 1776 646 vocatur,
1821 579 1905 636 vel

321 673 451 740 quia
483 685 515 726 a
556 669 756 726 ﬁnibus
794 677 954 726 teme
998 669 1266 725 clamabat
1311 670 1379 724 ad
1428 671 1619 734 Deum,
1665 670 1748 724 vel
1776 670 1903 739 quia

322 761 481 833 longe
512 771 598 817 est
625 778 656 816 a
693 762 1066 832 peccatoribus
1093 763 1259 826 salus,
1286 771 1343 817 et
1376 778 1496 816 cum
1535 763 1678 817 Deus
1704 761 1904 830 ubique

322 853 394 908 sit
415 869 677 922 prtesens,
708 854 868 924 longe
895 861 1076 908 tamen
1104 854 1171 907 ab
1201 869 1394 909 eorum
1421 868 1604 917 sensu,
1631 853 1722 922 qui
1759 853 1901 908 idola

321 946 526 1010 colunt,
562 947 705 1003 Deus
732 963 892 1003 verus
920 948 1094 1003 abest.
1126 948 1232 1006 Sed
1271 949 1363 1018 qui
1383 957 1542 1004 erant
1568 949 1747 1016 longe,
1772 948 1903 1004 facti

323 1043 451 1090 sunt
469 1051 638 1106 prope
669 1037 723 1091 in
754 1038 1020 1108 sanguine
1044 1038 1267 1092 Christi.

403 1125 612 1182 Vocatis
649 1138 822 1182 autent
862 1129 1038 1182 decem
1065 1130 1225 1183 servis
1265 1129 1373 1182 suis
1403 1128 1544 1184 dedit
1579 1128 1685 1183 illis
1726 1129 1904 1183 decem

322 1217 516 1281 minas,
541 1225 646 1271 etc.
674 1218 940 1272 Denarius
966 1233 1221 1272 numerus
1245 1218 1310 1271 ad
1334 1219 1504 1288 legem
1525 1218 1761 1287 pertinet
1781 1233 1905 1288 pro-

320 1315 443 1376 pter
476 1309 829 1378 Decalogum,
863 1318 1022 1364 vocat
1058 1311 1242 1379 itaque
1283 1309 1676 1379 paterfamilias
1715 1310 1902 1365 decem

322 1411 530 1461 servos,
561 1398 688 1466 quia
719 1398 882 1469 elegit
913 1399 1206 1468 discipulos
1230 1415 1329 1468 per
1358 1399 1593 1456 litteram
1623 1399 1760 1470 legis
1796 1399 1900 1454 im-

324 1488 508 1544 butos.
540 1489 642 1544 Dat
671 1489 779 1544 illis
810 1491 996 1544 decem
1023 1491 1219 1555 minas,
1251 1491 1378 1559 quia
1407 1491 1544 1561 legis
1571 1491 1715 1547 dicta
1743 1491 1904 1561 spiri-

324 1579 544 1633 tualiter
568 1565 914 1649 intelligenda
939 1580 1157 1634 revelat.
1190 1580 1318 1635 Post
1342 1582 1647 1649 passionem
1681 1581 1899 1650 quippe,

322 1669 887 1740 resurrectionemque
915 1684 1067 1724 suam
1098 1669 1314 1738 aperuit
1340 1669 1446 1724 illis
1475 1685 1694 1725 sensum
1724 1677 1782 1724 ut
1811 1670 1898 1723 in-

320 1757 627 1828 telligerent
665 1757 994 1829 Scripturas.
1044 1758 1183 1813 Mina
1229 1774 1392 1828 quam
1424 1758 1598 1814 Graeci
1627 1765 1768 1831 μνᾶμ
1809 1775 1902 1813 vo-

2006 577 2204 633 anima
2238 595 2336 648 per
2383 579 2515 648 legis
2543 581 2767 634 verbum
2811 581 2878 637 ad
2909 582 3136 652 gratiam
3177 583 3455 652 Evangelii
3498 601 3588 645 vo-

2006 670 2241 736 nientes,
2261 671 2458 739 quibus
2488 682 2617 727 tunc
2641 688 2766 741 jure
2791 672 3175 743 glorificandus
3205 674 3294 729 ille
3322 679 3589 746 praeponi-

2007 768 2124 825 tur,
2154 762 2246 830 qui
2276 761 2357 816 eis
2393 763 2675 830 pecuniam
2710 763 2862 818 verbi
2910 764 3070 833 digne
3103 767 3584 834 commendaverit.

2077 851 2147 904 Et
2170 850 2304 906 alter
2324 853 2463 906 venit
2487 853 2664 909 dicens
2691 870 2711 909 :
2739 855 2982 919 Domine,
3007 857 3152 910 mina
3180 867 3271 914 tua
3293 857 3413 926 fecit
3431 859 3586 929 quin-

2004 959 2106 1012 que
2138 945 2328 998 minas.
2363 943 2564 1000 Servus
2603 947 2706 1002 iste
2744 953 2918 1002 coetus
2958 954 3041 1000 est
3079 961 3265 1002 eorum
3312 949 3404 1018 qui
3441 963 3583 1016 prte-

2005 1033 2158 1102 putio
2178 1035 2553 1104 evangelizare
2584 1036 2732 1090 missi
2763 1043 2908 1099 sunt,
2946 1036 3034 1090 cui
3065 1037 3322 1092 Dominus
3342 1039 3408 1093 ad
3442 1053 3583 1108 prte—

2006 1124 2291 1179 dicandum
2317 1127 2486 1193 eunti,
2519 1142 2682 1180 unam
2717 1128 2938 1191 minam,
2965 1128 3068 1183 hoc
3093 1136 3210 1194 est,
3242 1144 3405 1184 unam
3431 1145 3584 1184 eam-

2007 1215 2238 1286 demque
2268 1216 2429 1272 ﬁdem
2458 1232 2580 1286 qua:
2608 1229 2666 1272 et
2688 1219 3092 1274 circnmcisioni
3118 1220 3323 1274 credita
3347 1226 3430 1275 est
3457 1235 3589 1290 pra:-

2005 1307 2251 1372 stiterat,
2279 1309 2373 1362 sed
2397 1309 2512 1362 inec
2551 1309 2789 1377 quinque
2829 1309 3003 1363 minas
3043 1307 3199 1371 fecit,
3235 1311 3358 1379 quia
3400 1320 3588 1381 gentes

2003 1399 2251 1470 corporis
2283 1399 2530 1455 sensibus
2559 1409 2736 1454 antea.
2758 1401 3095 1469 mancipatas
3114 1440 3129 1465 ,
3159 1400 3225 1456 ad
3265 1400 3389 1456 ﬁdei
3417 1417 3586 1458 evan-

2003 1491 2187 1561 gelicae
2216 1490 2445 1560 gratiam
2482 1490 2768 1545 convertit.

2073 1583 2143 1638 Et
2171 1583 2292 1637 huic
2314 1583 2389 1636 ait
2413 1595 2431 1633 .°
2461 1582 2530 1636 Et
2552 1591 2607 1635 tu
2631 1592 2739 1636 esto
2760 1599 2918 1652 super
2943 1583 3170 1654 quinque
3195 1583 3446 1640 civitates.
3471 1583 3584 1640 Hoc

2001 1681 2087 1729 est
2123 1687 2191 1728 ex
2221 1687 2409 1728 earum
2433 1688 2570 1742 quas
2604 1673 2877 1728 imbu‘eras
2909 1675 3214 1728 animarum
3245 1675 3350 1730 ﬁde
3368 1685 3423 1730 et
3448 1692 3584 1732 con-

2005 1763 2340 1828 versatione,
2370 1778 2599 1835 magnus
2645 1762 2999 1831 sublimisque
3028 1762 3258 1835 fulgeto,
3298 1767 3388 1834 qui
3420 1781 3515 1821 eas
3547 1785 3580 1822 ει

319 1855 446 1902 cant
474 1863 504 1902 c
533 1849 770 1918 dragmis
795 1850 1134 1918 appenditur,
1169 1856 1222 1903 et
1247 1850 1423 1906 omnis
1462 1849 1754 1919 Scriptura:
1784 1841 1973 1905 εει-Β
2003 1856 2240 1910 tenebris
2268 1856 2510 1910 docendo
2535 1863 2993 1917 commutaverat,
3043 1865 3189 1912 recte
3224 1859 3462 1926 quinque
3506 1859 3584 1914 ci-

318 1954 432 2004 mo,
470 1941 598 2010 quia
627 1940 750 1994 vitae
780 1941 1015 1995 cmlestis
1040 1940 1427 2010 perfectionem
1453 1944 1714 2014 suggerit,
1741 1943 1898 2012 quasi

317 2032 531 2088 numeri
557 2033 854 2088 centenarii
881 2034 1119 2104 pondere
1145 2033 1414 2104 fulgescit.

387 2123 460 2179 Et
485 2125 560 2178 ait
582 2124 688 2179 illis
710 2139 731 2176 :
757 2124 1117 2195 Negotiamini
1139 2126 1265 2178 dum
1282 2127 1450 2180 venio.
1475 2125 1670 2192 Verba,
1701 2126 1894 2196 inquit,

315 2212 456 2286 legis
498 2230 565 2270 ac
612 2216 1000 2285 prophetarum
1045 2217 1272 2287 mystica
1319 2215 1769 2285 interpretatione
1813 2218 1896 2271 di-

315 2318 528 2370 scussa,
564 2305 772 2374 populis
799 2303 1010 2370 offerte,
1045 2315 1209 2376 atque
1237 2306 1304 2360 ab
1336 2305 1420 2360 eis
1443 2304 1567 2360 ﬁdei
1597 2305 1895 2361 confessio-

317 2411 442 2453 nem
464 2438 480 2463 ,
520 2413 842 2468 morumque
877 2398 1202 2468 probitatem
1248 2399 1470 2469 recipite
1504 2398 1696 2467 :juxta
1747 2403 1891 2471 quod

318 2485 606 2544 Psalmista
633 2490 746 2545 suis
781 2491 1120 2548 auditoribus
1154 2492 1410 2560 praecepit
1435 2491 1619 2545 dicens
1639 2510 1666 2544 -:
1697 2491 1898 2546 Sumite

317 2580 580 2650 psalmum
597 2590 644 2635 et
681 2581 804 2636 date
839 2592 1165 2652 tympanum,
1200 2583 1302 2637 hoc
1333 2591 1437 2649 est,
1469 2583 1679 2640 laudem
1704 2587 1898 2654 praedi-

319 2671 544 2726 cationis
567 2671 620 2725 in
640 2673 820 2728 cordis
837 2671 1138 2727 intentione
1161 2673 1421 2741 percipite
1437 2713 1455 2738 ,
1477 2681 1535 2729 et
1559 2674 1896 2732 devotionem

315 2763 498 2832 operis
522 2762 577 2817 in
599 2763 780 2818 carnis
807 2762 1162 2833 castigatione
1191 2764 1436 2833 rcdigite.

387 2852 538 2909 Cives
565 2863 743 2908 autem
777 2853 892 2922 ejus
923 2853 1141 2907 oderant
1174 2853 1344 2918 illum,
1384 2863 1432 2908 et
1474 2855 1726 2909 miserunt
1755 2855 1898 2926 lega-

314 2943 509 2999 tionem
529 2943 842 3014 pastillum,
880 2943 1152 2998 dicentes:
1183 2941 1448 2998 Nolumus
1489 2944 1628 2998 hunc
1675 2961 1897 3015 regnare

313 3051 473 3107 super
497 3052 612 3091 nos.
635 3034 791 3090 Cives
815 3035 1008 3105 impios
1033 3034 1245 3090 Judteos
1272 3035 1425 3100 dicit,
1456 3037 1524 3092 de
1553 3035 1750 3105 quibus
1768 3036 1893 3092 alibi

315 3135 688 3199 protestatur:
724 3126 880 3182 Nunc
928 3137 1102 3181 autem
1139 3139 1187 3182 et
1231 3127 1469 3182 viderunt
1509 3137 1560 3182 et
1595 3129 1817 3183 aderunt
1847 3139 1896 3183 et

315 3188 398 3272 ine
439 3225 488 3270 et
522 3213 739 3269 Patrem
788 3231 991 3279 meum,
1043 3215 1136 3284 qui
1186 3231 1295 3270 non
1345 3215 1519 3270 solum
1577 3225 1896 3286 praesentem
1925 3188 1970 3249 C

319 3320 489 3376 usque
521 3305 591 3359 ad
629 3313 859 3358 mortem
897 3304 1076 3360 crucis
1114 3306 1362 3370 oderant,
1405 3307 1499 3361 sed
1544 3315 1601 3361 et
1635 3307 1749 3377 jam
1778 3317 1900 3378 post

317 3396 774 3454 resurrectionem
811 3393 955 3463 ejus,
1001 3404 1270 3451 noverunt
1297 3397 1731 3466 persecutionem
1769 3413 1900 3467 apo-

317 3486 504 3555 stolis,
541 3495 597 3541 et
622 3485 1062 3556 prmdicationem
1092 3485 1242 3556 regni
1280 3485 1518 3541 caelestis
1556 3495 1895 3556 spreverunt.

386 3574 460 3630 Et
496 3576 692 3647 factum
713 3585 788 3629 est
830 3585 884 3628 ut
927 3575 1116 3629 rediret
1150 3585 1359 3646 accepto
1400 3593 1575 3647 regno.
1617 3575 1900 3646 Signiﬁcat

321 3673 552 3736 tempus,
581 3667 796 3735 quando
827 3665 881 3722 in
913 3663 1355 3720 manifestissima
1383 3675 1440 3720 et
1473 3667 1899 3722 eminentissima

319 3757 564 3813 claritate
605 3767 865 3812 venturus
913 3765 1015 3821 est,
1080 3757 1170 3826 qui
1219 3758 1298 3812 eis
1349 3758 1567 3813 humilis
1624 3760 1896 3829 apparuit,

319 3863 444 3903 cum
471 3848 674 3902 diceret
707 3866 720 3901 :
753 3845 986 3916 Regnum
1027 3862 1200 3900 meum
1240 3863 1344 3902 non
1377 3856 1451 3901 est
1483 3847 1547 3902 de
1576 3848 1674 3901 hoc
1702 3849 1897 3902 mundo

322 3935 506 4010 (Joan.
541 3935 677 4007 nx).

391 4025 593 4092 Quibus
627 4037 673 4080 et
705 4026 868 4096 jussit
895 4025 1070 4086 vocari
1096 4042 1304 4090 servos,
1345 4025 1530 4096 quibus
1562 4025 1704 4079 dedit
1742 4043 1900 4095 pecu-

320 4120 485 4185 niam,
513 4129 569 4172 ut
587 4119 739 4173 sciret
768 4128 1022 4190 quantum
1048 4119 1265 4188 quisque
1294 4117 1586 4186 negotiatus
1615 4126 1768 4179 esset,
1792 4126 1893 4170 etc.

325 4213 394 4269 Ut
425 4212 606 4274 sciret,
637 4210 830 4279 inquit,
861 4224 967 4263 non
990 4208 1132 4276 quod
1160 4222 1285 4262 eum
1315 4207 1443 4276 quid
1479 4206 1662 4271 lateat,
1689 4207 1777 4260 cui
1804 4222 1896 4261 ve-

321 4303 534 4360 rissime
556 4301 755 4355 dictum
783 4307 885 4363 est,
917 4298 1156 4362 Domine,
1190 4306 1247 4350 tu
1275 4297 1452 4350 omnia
1477 4297 1612 4360 scis,
1636 4297 1730 4351 sed
1759 4298 1898 4352 scire

321 4395 472 4456 dicit,
497 4393 636 4446 scire
660 4403 848 4444 omnes
869 4387 1090 4441 faceret.
1121 4385 1272 4441 Tunc
1292 4386 1434 4440 enim
1465 4387 1706 4441 omnium
1735 4401 1898 4456 opera

319 4493 373 4539 et
400 4481 752 4552 cogitationes
781 4477 958 4547 palam
985 4477 1238 4532 omnibus
1263 4477 1636 4531 ostenduntur.

398 4570 547 4626 Venit
575 4579 747 4623 autem
769 4569 968 4637 primus
997 4565 1172 4620 dicens
1200 4579 1218 4616 :
1244 4565 1489 4630 Domine,
1517 4568 1660 4621 mina
1683 4579 1774 4621 tua
1809 4567 1899 4622 de-

319 4681 428 4719 cem
458 4664 628 4717 minas
650 4660 941 4732 acquisivit.
969 4657 1182 4712 Primus
1204 4673 1392 4713 servus
1408 4700 1422 4724 ,
1453 4659 1586 4715 ordo
1610 4660 1893 4716 doctorum

318 4764 421 4822 est,
451 4754 505 4809 in
543 4751 1009 4808 circumcisionem
1042 4749 1353 4814 missorum,
1382 4750 1472 4819 qui
1503 4766 1664 4804 unam
1691 4751 1892 4807 minam

319 4844 689 4918 negotiaturus
709 4839 949 4908 accepit;
975 4837 1067 4908 qui
1107 4854 1272 4893 unum
1303 4837 1496 4905 Deum,
1519 4855 1680 4894 unam
1709 4840 1890 4907 ﬁdem,

319 4950 486 4992 unum
521 4933 819 5002 baptisma,
865 4947 1030 4987 unum
1067 4930 1351 4986 Dominum
1388 4933 1686 5002 praedicare
1707 4934 1894 5003 jussus

320 5037 424 5084 est.
467 5027 576 5084 Sed
615 5029 731 5084 haec
754 5024 943 5082 eadem
987 5024 1133 5080 mina
1176 5025 1359 5079 decem
1399 5024 1576 5080 minas
1611 5026 1898 5095 acquisivit

321 5120 413 5190 qui
445 5119 699 5194 populum
719 5118 820 5176 sub
848 5118 966 5187 lege
992 5115 1368 5181 constitutum,
1399 5115 1624 5171 sibimet
1651 5117 1898 5173 docendo

321 5209 566 5265 sociavit.

390 5299 463 5352 Et
496 5300 570 5352 ait
600 5298 680 5352 illi
707 5312 726 5350 :
757 5297 924 5369 Euge,
947 5315 1092 5354 serve
1112 5298 1244 5353 bone
1264 5307 1313 5353 et
1337 5297 1530 5367 ﬁdelis,
1555 5300 1680 5369 quia
1705 5300 1760 5355 in
1787 5317 1900 5355 mo-

319 5391 436 5445 dico
466 5389 615 5460 fuisti
633 5387 828 5459 ﬁdelis,
857 5392 960 5445 eris
987 5399 1293 5462 potestatem
1315 5391 1509 5445 habens
1533 5409 1691 5462 super
1715 5393 1894 5448 decem

319 5482 572 5539 civitates.
601 5481 660 5536 ln
684 5482 894 5538 modico
921 5497 1110 5538 servus
1135 5491 1220 5538 est
1241 5481 1546 5554 ﬁdelis,'qui
1567 5498 1671 5538 non
1695 5484 1899 5540 adulte-

322 5580 408 5626 rat
439 5573 660 5628 verbum
692 5571 788 5626 Dei
818 5589 831 5626 :
865 5572 958 5626 scd
993 5572 1132 5628 sicut
1159 5587 1226 5627 ex
1263 5572 1402 5637 Deo,
1451 5588 1634 5628 coram
1664 5573 1794 5641 Deo,
1838 5576 1892 5630 in

319 5659 538 5718 Christo
567 5662 824 5734 loquitur,
854 5663 1115 5734 quidquid
1139 5664 1282 5718 enim
1317 5665 1370 5718 in
1394 5664 1643 5734 praesenti
1670 5667 1895 5735 percipi-

315 5763 442 5812 mus
465 5753 749 5820 donorum,
781 5754 832 5809 in
857 5754 1260 5824 comparatione
1288 5753 1612 5821 futurorum,
1637 5769 1732 5825 per
1759 5771 1892 5828 pau-

2003 1946 2261 2000 vitatibus
2273 1945 2472 2015 praefici
2498 1955 2848 2010 memoratur,
2865 1947 2995 2015 quia
3011 1961 3117 2002 non
3135 1947 3202 2002 de
3218 1947 3329 2003 suis
3347 1955 3578 2013 tantum,

2002 2036 2097 2091 sed
2126 2036 2193 2090 de
2219 2036 2525 2091 auditorum
2574 2051 2818 2100 suorum,
2859 2051 2997 2107 quos
3023 2037 3091 2092 ad
3137 2037 3313 2096 lucem
3362 2039 3579 2110 vocavit

2003 2125 2339 2196 profectibus
2368 2126 2689 2180 honoratur.

2074 2217 2287 2271 Etaltcr
2307 2217 2438 2270 venit
2459 2217 2634 2270 dicens
2661 2234 2672 2268 :
2699 2216 2940 2280 Domine,
2968 2233 3082 2271 ecce
3103 2217 3246 2272 mina
3278 2228 3392 2283 tua,
3418 2234 3580 2289 quam

2001 2307 2160 2362 habui
2191 2307 2446 2374 reposita,
2477 2315 2585 2362 etc.
2627 2305 2914 2362 Pecuniam
2940 2307 2994 2361 in
3017 2308 3238 2362 sudario
3262 2309 3460 2378 quippe
3491 2323 3582 2364 re-

2001 2399 2192 2469 ligare,
2217 2407 2301 2452 est
2327 2406 2578 2466 percepta
2595 2399 2734 2454 dona
2760 2399 2862 2453 sub
2889 2399 3002 2453 otio
3025 2397 3152 2454 lenti
3180 2401 3426 2468 corporis
3451 2401 3579 2457 abs-

1999 2489 2250 2551 condere,
2290 2495 2416 2542 sunt
2451 2487 2595 2542 enim
2626 2488 2903 2552 homines,
2943 2487 3045 2542 hac
3091 2487 3193 2542 sibi
3224 2489 3582 2556 perversitate

1998 2579 2358 2644 blandientes,
2403 2576 2600 2634 sufﬁcit
2629 2587 2692 2631 ut
2729 2577 2798 2633 de
2823 2593 2882 2632 se
2916 2578 3286 2646 unusquisque
3313 2577 3578 2643 rationem

2000 2673 2212 2735 reddat,
2249 2670 2378 2739 quid
2415 2685 2550 2739 opus
2586 2679 2668 2725 est
2692 2668 2815 2725 aliis
2843 2669 3159 2738 praedicare,
3203 2668 3465 2723 ut'etiam
3510 2668 3579 2723 de

2001 2765 2132 2834 ipsis
2172 2764 2436 2818 rationem
2468 2761 2695 2818 reddere
2729 2762 2960 2832 quisque
2988 2769 3246 2830 cogatur,
3276 2775 3401 2816 cum
3436 2759 3580 2830 apud

1999 2853 2285 2910 Dominum
2312 2852 2474 2907 etiam
2511 2851 2587 2906 illi
2629 2852 2740 2907 sint
2780 2851 3210 2916 inexcusabiles,
3255 2851 3451 2921 quibus
3494 2850 3580 2906 lex

1999 2946 2124 3002 data
2162 2959 2272 2999 non
2308 2951 2411 3007 est,
2450 2956 2626 3012 neque
2657 2941 2842 2997 audito
2881 2940 3176 3010 Evangelio
3217 2939 3580 3005 dormierunt,

2000 3035 2129 3106 quia
2153 3049 2252 3105 per
2281 3041 2592 3089 creaturam
2612 3039 2867 3101 poterant
2886 3032 3202 3088 Creatorem
3227 3043 3581 3100 cognoscere,

1999 3123 2104 3178 hoc
2145 3130 2229 3178 est
2260 3123 2406 3177 enim
2441 3121 2598 3191 quasi
2625 3127 2864 3186 metere,
2898 3120 2987 3175 ubi
3034 3133 3141 3174 non
3187 3118 3496 3185 Seminavit,
3528 3117 3585 3176 id

2002 3223 2087 3270 est
2123 3215 2287 3270 etiam
2308 3229 2404 3270 eos
2430 3213 2725 3283 impietatis
2748 3227 2872 3268 reos
2902 3220 3102 3275 tenere,
3134 3209 3333 3279 quibus
3358 3210 3586 3266 verbum

2001 3305 2160 3375 legis,
2184 3313 2278 3360 aut
2302 3304 2580 3374 Evangelii
2607 3317 2712 3356 non
2740 3301 3103 3356 ministratum
3127 3308 3228 3354 est.
3259 3298 3376 3354 Hoc
3399 3309 3578 3356 autem

2000 3395 2165 3450 veluti
2196 3395 2496 3466 periculum
2520 3393 2712 3462 judicii
2751 3393 3074 3454 devitantes,
3105 3391 3259 3462 pigro
3288 3390 3584 3464 languore.

2001 3503 2032 3542 a
2068 3487 2218 3543 verbi
2247 3487 2644 3541 ministratione
2683 3484 3092 3553 conquiescunt,
3139 3482 3242 3536 hoc
3277 3488 3384 3547 est,
3429 3478 3586 3551 quasi

2002 3579 2055 3632 in
2095 3577 2312 3632 sudario
2340 3577 2518 3648 ligari,
2563 3576 2706 3646 quod
2736 3581 3081 3644 acceperunt.

2073 3670 2211 3724 Dicit
2229 3670 2276 3724 ei
2303 3682 2320 3720 :
2351 3667 2429 3723 De
2463 3685 2554 3723 ore
2574 3675 2666 3723 tuo
2690 3677 2740 3721 te
2753 3666 2966 3736 judico,
3008 3680 3150 3718 serve
3174 3679 3418 3735 nequam.
3449 3660 3585 3718 Ser-

2001 3776 2102 3814 vus
2135 3774 2368 3829 nequam
2398 3767 2645 3823 vocatur,
2676 3757 2803 3826 quia
2834 3764 2889 3812 et
2915 3755 3068 3826 piger
3093 3769 3157 3809 ac
3180 3752 3339 3809 deses
3371 3760 3489 3819 est,
3514 3752 3585 3810 ad

2001 3851 2363 3905 exercendum
2408 3850 2704 3920 negotium,
2753 3856 2808 3902 et
2847 3863 3051 3917 procax
3098 3861 3164 3901 ac
3209 3844 3474 3915 superbus
3515 3842 3585 3899 ad

2002 3942 2364 3996 accusandum
2396 3939 2608 3994 Domini
2633 3938 2920 4008 judicium.

2074 4033 2284 4089 Sciebas
2319 4032 2458 4102 quod
2483 4048 2576 4101 ego
2601 4031 2753 4084 homo
2789 4039 3031 4082 austeras
3064 4043 3204 4092 sum,
3234 4025 3420 4081 tollens
3443 4024 3585 4096 quod

2003 4138 2107 4175 non
2135 4121 2316 4190 posui,
2352 4129 2457 4174 etc.
2489 4118 2588 4189 (Ex
2621 4116 2870 4188 Hieron.)
2897 4116 3048 4184 Quod
3075 4125 3361 4186 potaverat
3393 4131 3454 4170 se
3488 4129 3586 4170 ex-

2001 4211 2282 4265 cusatione
2316 4209 2536 4272 dixisse,
2571 4208 2626 4261 in
2666 4207 2879 4276 culpam
2909 4207 3182 4276 prapriam
3215 4206 3479 4271 vertitur,
3509 4205 3582 4266 si,

2005 4301 2199 4370 inquit,
2223 4300 2417 4354 durum
2439 4307 2492 4354 et
2513 4297 2787 4354 crudelem
2805 4311 3034 4363 esse_me
3055 4310 3307 4359 noveras,
3331 4303 3387 4350 et
3404 4293 3583 4350 aliena

2003 4401 2150 4447 secta
2181 4390 2407 4452 sectari,
2438 4390 2619 4460 ibique
2650 4396 2874 4450 metere,
2913 4383 3002 4441 ubi
3035 4402 3141 4440 non
3177 4385 3582 4450 seminaverim,

1923 4519 1978 4580 Β
2004 4499 2171 4553 quare
2185 4497 2288 4536 non
2306 4483 2402 4536 tibi
2428 4481 2729 4536 istiusmodi
2755 4479 3013 4551 cogitatio
3041 4478 3268 4532 incussit
3298 4477 3582 4532 timorem?

2001 4583 2061 4628 ut
2093 4574 2263 4628 scires
2303 4589 2389 4627 me
2427 4588 2546 4627 mea
2577 4571 2888 4642 diligentius
2921 4569 3381 4641 qmesiturum,.et
3422 4568 3582 4626 dares

1999 4665 2280 4732 pecuniam
2304 4679 2502 4729 meam,
2526 4679 2640 4718 srve
2660 4669 2941 4733 argentum
2971 4660 3038 4715 ad
3069 4674 3332 4715 mensam.
3363 4657 3584 4714 Utrum-

2000 4769 2104 4824 que
2127 4755 2269 4809 enim
2292 4757 2532 4830 ἀργύριον
2559 4752 2778 4809 Graecus
2801 4767 2980 4808 sermo
3015 4750 3283 4820 signiﬁcat
3307 4768 3320 4804 :
3352 4749 3582 4822 Eloquia

1999 4843 2234 4911 Domini,
2266 4845 2469 4914 inquit,
2494 4843 2698 4913 eloquia
2727 4853 2894 4910 casta,
2933 4852 3206 4913 argentum
3234 4842 3350 4911 igne
3376 4841 3580 4894 exami-

2001 4945 2204 4990 natum.
2230 4935 2465 4990 Pecunia
2493 4949 2623 5005 ergo
2646 4941 2699 4989 et
2720 4942 3030 5002 argentum,
3063 4931 3376 5002 prmdicatio
3399 4929 3581 4985 Evan-

2000 5026 2127 5097 gelii
2155 5034 2259 5091 est,
2293 5036 2348 5082 et
2377 5042 2558 5082 sermo
2587 5026 2825 5092 divinus,
2854 5026 2947 5100 qui
2971 5026 3092 5080 dari
3119 5025 3303 5080 debuit
3338 5025 3404 5080 ad
3430 5038 3582 5078 men-

2004 5133 2144 5181 sam,
2167 5117 2272 5171 hoc
2299 5125 2404 5182 est,
2434 5117 2698 5186 promptis
2724 5116 3038 5186 paratisque
3063 5113 3298 5170 ﬁdelium
3323 5112 3579 5168 cordibus

2000 5208 2283 5273 intimari;
2337 5207 2401 5262 ad
2451 5225 2612 5280 quam
2646 5208 2896 5264 videlicet
2940 5207 3222 5263 mensam?
3269 5206 3322 5260 id
3367 5212 3470 5270 est,
3510 5204 3578 5258 ad

2000 5309 2234 5354 mentem
2263 5299 2591 5364 auditorum,
2631 5313 2736 5353 non
2770 5298 2871 5353 alia
2903 5313 3063 5367 quam
3088 5295 3354 5354 dominica
3380 5304 3465 5351 est
3485 5293 3580 5348 de-

1998 5387 2218 5443 ferenda
2243 5389 2490 5458 pecunia.
2520 5397 2578 5442 ut
2615 5389 2792 5446 omnis
2813 5403 2994 5444 sermo
3017 5388 3259 5444 docentis
3283 5384 3578 5454 Scriptum

1997 5492 2214 5534 sensum
2231 5485 2508 5546 sequatur.
2529 5475 2662 5531 Nam
2689 5479 2833 5548 quod
2861 5479 2949 5532 hic
2971 5478 3230 5533 Dominus
3256 5489 3361 5529 non
3383 5487 3574 5542 quam-

1995 5573 2126 5629 libet
2151 5573 2435 5642 pecuniam
2456 5613 2470 5635 ,
2503 5573 2597 5627 sed
2635 5587 2787 5627 suam
2832 5572 2964 5627 dicit
2996 5585 3012 5624 :
3051 5566 3421 5625 nummulariis
3450 5579 3572 5628 esse

1997 5664 2378 5730 fenerandam,
2415 5665 2634 5735 exponit
2661 5662 2948 5734 Apostolus
2976 5662 3164 5719 dicens
3203 5677 3217 5714 :
3261 5657 3321 5714 Si
3351 5657 3467 5728 quis
3489 5653 3571 5716 lo.

1995 5757 2192 5827 quitur,
2219 5756 2371 5826 quasi
2393 5771 2656 5810 sermones
2688 5753 2803 5810 Dei.
