3952 6458
410 354 518 426 ωδ

1691 347 2040 411 SilAilAGDl
2080 349 2370 411 ABBATIS

3581 347 3688 410 SM

477 478 544 532 Et
573 489 667 547 ego
696 473 902 530 veniens
925 484 1038 524 cuin
1069 465 1245 521 usuris
1280 465 1460 537 utique
1490 467 1774 535 exegissem
1811 464 1980 518 illam.
2011 471 2063 529 Α
2160 466 2342 523 Sancti
2360 483 2452 539 per
2480 467 2639 538 ﬁdem
2665 466 2893 522 vicerunt
2923 479 3104 537 regna,
3135 465 3335 538 operati
3367 477 3486 522 sunt
3505 468 3687 536 justi-

403 570 507 636 Qui
545 566 693 620 verbi
720 562 1001 634 pecuniam
1031 557 1261 628 percipit
1289 571 1321 610 a
1351 558 1576 611 doctore
1603 555 1845 624 emitque
1866 569 1988 608 cre-

405 661 601 723 dendo,
631 669 854 711 necesse
886 660 971 706 est
991 666 1110 706 eam
1137 665 1263 705 cum
1289 651 1472 705 usuris
1493 649 1668 702 solvat
1693 647 1988 717 operando,

408 761 467 808 ut
495 749 637 819 quod
672 747 859 802 auditu
884 744 1093 809 didicit,
1121 751 1452 813 exsequatur
1481 750 1534 795 et
1565 749 1707 794 actu.
1746 739 1804 792 in
1829 753 1991 792 usura

405 843 602 912 quippe
633 838 863 909 pecunia
893 837 1056 890 etiam
1102 851 1210 890 non
1241 835 1364 890 data
1397 833 1682 902 recipitur,
1724 831 1810 886 vel
1843 838 1992 885 certe

405 934 473 988 de
503 939 727 1000 accepto
766 929 918 984 verbi
954 926 1140 982 fenore
1164 942 1378 990 usuras,
1419 925 1511 994 qui
1542 941 1610 978 ex
1642 938 1707 978 eo
1729 922 1874 992 quod
1895 937 1996 976 au-

407 1023 526 1087 dit,
566 1021 734 1075 etiam
772 1019 877 1072 alia
907 1019 1088 1073 studet
1128 1016 1450 1086 intelligere,
1491 1030 1611 1085 quae
1653 1015 1884 1070 necdum
1925 1025 1996 1066 ex

405 1115 783 1186 prmdicatoris
803 1128 896 1167 ore
922 1111 1126 1167 didicit.

489 1206 557 1260 Et
582 1204 874 1258 astantibus
901 1202 1034 1255 dixit
1063 1215 1082 1253 :
1107 1203 1324 1271 Auferte
1353 1199 1418 1253 ab
1439 1199 1532 1252 illo
1557 1199 1776 1262 minam,
1806 1208 1854 1253 et
1875 1198 1997 1252 date

410 1297 494 1352 illi
515 1298 603 1368 qui
628 1297 803 1348 decem
841 1295 1012 1347 minus
1036 1292 1219 1357 habet,
1263 1301 1310 1345 et
1349 1292 1595 1345 dixerunt
1625 1293 1672 1343 ei
1700 1304 1717 1341 .'
1743 1290 1993 1351 Domine,

415 1387 568 1442 habet
595 1387 768 1439 decem
809 1384 998 1438 minas.
1033 1383 1201 1455 Recte
1235 1383 1436 1436 amittit
1467 1380 1712 1436 collatam
1743 1381 1995 1450 gratiam,

411 1491 576 1547 quam
601 1475 944 1544 praedicando
977 1472 1098 1528 aliis
1135 1472 1540 1527 communicare
1568 1471 1820 1541 neglexit,
1861 1479 1921 1523 ut
1944 1467 1996 1522 ei

417 1575 680 1636 augeatur
713 1565 804 1634 qui
835 1565 888 1618 in
919 1564 1006 1617 illa
1046 1563 1330 1629 laboravit,
1365 1573 1420 1616 et
1450 1579 1574 1616 cum
1614 1561 1818 1632 regium
1853 1559 2000 1614 chri-

417 1671 557 1722 sma,
585 1657 728 1726 quod
748 1655 1108 1725 superbiendo
1128 1654 1258 1709 Saul
1282 1655 1486 1720 amisit,
1508 1654 1676 1708 David
1701 1651 2000 1707 obediendo

417 1747 740 1818 promeruit.
772 1745 923 1812 Quod
960 1760 1091 1800 vero
1130 1745 1306 1800 ablata
1339 1761 1369 1799 a
1402 1760 1634 1814 nequam
1665 1758 1822 1798 servo
1856 1742 2000 1796 mina

389 1828 484 1897 'ei.
509 1840 600 1909 qui
631 1838 820 1893 decem
843 1838 1018 1892 minas
1044 1837 1300 1902 habebat,
1323 1836 1440 1891 dari
1464 1837 1616 1906 jussa
1638 1843 1745 1900 est,
1773 1833 1998 1904 mystice

415 1940 476 1986 ut
495 1946 619 1986 reor
645 1930 868 1994 indicat,
914 1929 1155 1984 intrante
1198 1928 1531 1998 plenitudine
1576 1925 1838 1997 gentium,
1883 1939 2000 1977 om-

415 2038 543 2079 nem
585 2022 752 2078 lsrael
796 2021 1006 2075 salvum
1052 2020 1311 2081 futurum,
1345 2026 1401 2073 et
1442 2027 1571 2072 tunc
1615 2015 1999 2070 abundantiam

419 2114 607 2184 gratiae
654 2112 914 2183 spiritalis
941 2152 956 2175 ,
993 2126 1153 2180 quam
1191 2111 1348 2165 modo
1384 2125 1482 2164 nos
1512 2117 1758 2179 tepenter
1781 2121 2000 2162 exerce-

404 2212 561 2266 "mus,
587 2201 729 2256 illius
755 2199 936 2270 populi
967 2200 1276 2254 doctoribus
1315 2214 1436 2254 esse
1462 2198 1866 2252 conferendum.

488 2292 620 2344 Dico
660 2301 833 2345 autem
873 2290 1046 2356 vobis,
1075 2293 1201 2361 quia
1239 2289 1379 2344 omni
1424 2289 1634 2343 habenti
1675 2288 1906 2350 dabitur,
1949 2295 2000 2340 et

418 2383 725 2444 abundabit,
757 2383 805 2436 ei
843 2392 1016 2436 autem
1051 2383 1143 2454 qui
1181 2399 1286 2436 non
1323 2381 1494 2446 habet,
1527 2390 1576 2434 et
1616 2380 1756 2450 quod
1796 2379 2001 2433 videtur

421 2476 631 2538 habere,
661 2475 931 2543 auferetur
960 2474 1025 2528 ab
1063 2491 1144 2529 eo.
1184 2473 1286 2544 (Ex
1307 2471 1560 2544 August.)
1588 2471 1712 2526 Haec
1734 2471 2000 2525 sententia

424 2568 493 2621 ad
519 2567 798 2636 superiora
821 2565 1065 2634 respicit,
1085 2564 1286 2620 docens
1306 2572 1360 2618 et
1387 2564 1534 2618 illum
1565 2576 1723 2632 posse
1749 2561 2001 2616 amittere

420 2671 616 2711 munus
638 2655 755 2719 Dei,
786 2655 877 2722 qui
907 2655 1111 2710 habens
1133 2656 1312 2719 habet,
1350 2655 1453 2709 hoc
1479 2662 1583 2718 est,
1627 2653 1764 2707 bene
1796 2651 1992 2713 utitur,

422 2761 544 2816 quae
583 2745 878 2816 gratiarum
923 2745 1184 2811 mutatio,
1225 2743 1476 2814 quoniam
1521 2744 1573 2796 in
1602 2743 1706 2797 hac
1736 2742 1848 2796 vita
1887 2741 2002 2813 geri

422 2835 592 2902 solet,
632 2835 926 2889 notandum
965 2835 1108 2904 quod
1138 2835 1268 2890 illud
1310 2835 1522 2889 Domini
1558 2833 1836 2888 redeuntis
1874 2847 2004 2887 exa-

425 2941 551 2982 men
569 2966 586 2992 ,
625 2926 786 2980 etiam
823 2940 966 2980 nunc
983 2939 1049 2982 ex
1065 2932 1219 2997 parte
1245 2925 1604 2990 celebratum,
1641 2925 1736 2980 sed
1763 2931 1894 2978 tunc
1921 2931 2006 2978 est

421 3017 798 3073 universaiiter
836 3018 1182 3087 implendum.
1215 3018 1466 3086 Quotidie
1502 3031 1734 3087 namque
1780 3025 2004 3086 accepto

423 3125 455 3166 a
485 3111 645 3165 Patre
675 3125 840 3181 regno
866 3111 1025 3175 redit,
1061 3111 1187 3180 quia
1209 3111 1607 3182 peregrinantis
1636 3111 1690 3164 in
1717 3119 1861 3165 terra
1896 3110 2000 3164 Ec-

2089 561 2217 614 tiam
2245 600 2260 625 ,
2301 559 2475 630 adepti
2506 567 2660 624 sunt,
2699 566 2807 614 etc.
2851 557 2947 612 Est
2981 566 3164 613 autem
3210 557 3346 614 ﬁdes
3377 559 3689 628 speranda-

2091 669 2210 707 rum
2243 667 2423 706 rerum
2453 667 2562 706 non
2591 651 2962 722 apparentium
2984 693 2999 719 ,
3042 666 3218 722 neque
3245 652 3390 706 enim
3421 652 3567 722 quod
3601 652 3690 705 vi-

2091 741 2202 805 det,
2240 743 2364 812 quis
2389 751 2591 812 sperat,
2617 743 2710 796 sed
2741 743 2884 812 quod
2914 757 3021 796 non
3049 743 3318 807 videmus,
3343 756 3440 812 per
3467 743 3688 813 patien-

2094 833 2222 888 tiam
2265 842 2631 905 expectamus.
2673 833 2832 888 Fides
2871 834 2976 887 d'ici
3019 848 3125 886 non
3155 841 3364 902 potest,
3403 834 3508 888 nisi
3547 848 3686 888 cum

2091 926 2238 980 circa
2268 940 2354 991 ea,
2404 940 2526 994 quae
2567 939 2675 978 non
2719 924 2974 978 videntur
3012 923 3274 992 amplius,
3327 937 3490 993 quam
3526 927 3684 980 circa

2093 1034 2156 1074 ea
2189 1034 2308 1088 qum
2337 1019 2607 1083 videntur,
2640 1017 3068 1074 satisfactionem
3109 1020 3232 1088 quis
3260 1019 3504 1073 haberet.

2168 1108 2555 1164 Obturaoerunt
2582 1126 2676 1163 ora
2698 1109 2926 1164 leonum.
2958 1109 3059 1165 llic
3090 1112 3156 1165 de
3193 1110 3415 1166 Danicle
3439 1125 3563 1166 eum
3593 1109 3685 1166 di-

2096 1216 2220 1256 cere
2250 1211 2399 1271 puto.

2169 1291 2552 1346 Exstinxerunt
2579 1292 2827 1362 impetum
2857 1293 3014 1364 ignis,
3037 1293 3331 1364 eﬂ‘ugernnt
3362 1295 3526 1348 aciem
3557 1293 3682 1365 gla-

2097 1381 2190 1435 dii.
2215 1380 2314 1436 Hic
2333 1388 2510 1435 autem
2541 1382 2607 1436 de
2637 1382 2809 1436 tribus
2837 1383 3019 1450 pueris
3049 1398 3175 1436 eum
3206 1383 3387 1439 dicere
3417 1391 3566 1454 puto.

2169 1471 2556 1528 Convaluerunt
2575 1473 2639 1527 de
2659 1474 2980 1543 inﬁrmitate.
3004 1475 3104 1531 llic
3132 1476 3258 1530 illud
3289 1484 3500 1546 tempus
3521 1477 3677 1541 dicit,

2099 1565 2316 1635 quando
2349 1565 2554 1620 reversi
2592 1574 2719 1620 sunt
2747 1580 2812 1619 ex
2850 1565 3166 1637 Babylonia,
3209 1569 3354 1637 quod
3383 1568 3477 1634 ait,
3506 1585 3572 1623 ea:
3594 1570 3682 1622 in-

2099 1658 2370 1726 firmitate,
2407 1658 2513 1713 hoc
2545 1673 2666 1714 esse
2697 1667 2828 1729 puto
2854 1674 2920 1713 ex
2952 1660 3289 1729 captivitate,
3319 1662 3535 1730 quando
3560 1659 3678 1730 jam

2103 1747 2158 1800 in
2195 1748 2571 1818 desperatione
2612 1758 2770 1803 erant
2813 1747 3052 1804 Judaica:
3082 1765 3199 1815 res,
3248 1751 3463 1820 quando
3495 1748 3612 1819 jam
3647 1765 3682 1804 a

2101 1839 2333 1894 mortuis
2360 1839 2494 1893 nihil
2517 1839 2811 1895 distabant.

2173 1927 2358 1983 Fortes
2397 1928 2526 1998 facti
2563 1939 2686 1984 sunt
2707 1931 2761 1984 in
2788 1930 2944 1996 bello,
2975 1939 3150 1987 castra
3181 1941 3445 1988 verterunt
3477 1943 3686 1988 extero-

2101 2035 2238 2072 rum.
2268 2019 2366 2074 llic
2389 2027 2578 2089 aperte
2603 2021 2672 2075 de
2690 2019 3015 2076 Machabaais
3035 2022 3214 2077 dicere
3231 2023 3464 2086 videtur,
3492 2039 3686 2094 quam—

2105 2107 2184 2162 vis
2213 2116 2269 2163 et
2293 2109 2360 2164 de
2384 2107 2546 2164 Josua
2565 2149 2580 2175 ,
2607 2109 2858 2177 Samson,
2886 2111 3078 2178 David,
3107 2121 3162 2167 et
3195 2113 3281 2169 his
3309 2111 3574 2170 similibus
3601 2115 3684 2168 iu-

2100 2199 2266 2269 telligi
2296 2207 2493 2269 potest.

2171 2292 2490 2360 Acceperunt
2518 2292 2759 2351 mulieres
2786 2293 2852 2346 de
2875 2296 3254 2350 resurrectione
3282 2308 3516 2350 mortuos
3537 2315 3680 2351 suos.

2100 2379 2174 2433 Ea
2198 2396 2318 2448 qua:
2343 2381 2489 2436 circa
2524 2381 2822 2452 Prophetas
2849 2395 3216 2453 provenerunt
3249 2387 3409 2452 dicit,
3443 2387 3680 2444 Eliseum

2099 2480 2154 2526 et
2170 2472 2337 2525 Eliam
2361 2472 2692 2543 signiﬁcans,
2710 2475 2802 2544 qui
2831 2486 3070 2532 mortuos
3095 2478 3450 2534 suscitabant.

2171 2563 2277 2616 A-‘ii
2299 2573 2474 2616 autem
2495 2564 2710 2618 distenti
2735 2574 2857 2620 sunt
2883 2583 2987 2620 non
3009 2569 3348 2638 suscipientes
3370 2569 3682 2640 redemptio-

2101 2670 2218 2708 nem
2237 2693 2252 2719 ,
2285 2663 2340 2707 ut
2366 2653 2634 2709 meliorem
2664 2655 2951 2711 invenirent
2978 2660 3435 2714 resurrectionem.
3465 2659 3685 2715 Clarum

2102 2753 2187 2799 est
2220 2761 2368 2815 ergo,
2402 2745 2529 2815 quia
2553 2754 2613 2800 ut
2643 2746 2922 2802 meliorem
2948 2749 3401 2804 resurrectionem
3423 2750 3689 2820 adipisce-

2105 2842 2306 2898 rentur,
2337 2851 2444 2890 non
2469 2837 2614 2891 enim
2643 2837 2804 2894 talem
2825 2879 2840 2903 ,
2866 2839 3080 2909 qualem
3113 2841 3566 2897 resurrectionem
3595 2857 3689 2900 ac-

2102 2934 2364 2994 ceperunt
2390 2925 2482 2982 ﬁlii
2507 2927 2718 2982 illarum
2746 2929 3053 2985 mulierum.
3092 2931 3149 2986 in
3190 2933 3294 2986 hoc
3321 2931 3440 2986 loco
3472 2933 3689 2987 videtur

2102 3018 2258 3084 mihi,
2288 3019 2413 3089 quia
2441 3019 2701 3075 Joannem
2731 3021 3000 3092 signiﬁcat
3019 3031 3073 3078 et
3099 3022 3382 3078 Jacobum.
3414 3024 3686 3082 Distentio

2103 3112 2301 3182 quippe
2326 3113 2522 3168 dicitur
2546 3112 2828 3168 decollatio
2846 3156 2860 3178 ,
2890 3115 3172 3185 elegerunt
3199 3117 3344 3170 enim
3371 3118 3545 3188 magis
3565 3134 3687 3174 mo-

422 3200 601 3255 ciesize
637 3215 853 3271 semper
892 3209 1096 3255 statum
1135 3201 1416 3270 conspicit.
1471 3201 1723 3266 Quotidie
1763 3201 1818 3255 in
1853 3208 2003 3255 tanto
2029 3185 2074 3247 C
2105 3202 2174 3266 ri,
2213 3217 2334 3256 cum
2378 3202 2477 3272 ipsi
2521 3202 2656 3258 alios
2685 3205 3033 3271 suscitarent,
3075 3213 3135 3260 ut
3177 3185 3689 3263 meliorem'resur-

423 3292 660 3348 ﬁdelium
696 3308 977 3348 servorum
1008 3306 1256 3356 numero,
1295 3292 1420 3346 huic
1447 3291 1734 3360 pecuniam
1768 3293 2006 3362 negotia-

421 3393 546 3441 turo
571 3386 900 3440 commodat.
936 3385 994 3438 in
1035 3384 1207 3438 altero
1241 3384 1457 3439 modum
1484 3384 1841 3439 consummati
1873 3399 2003 3455 ope-

424 3473 504 3528 ris
529 3474 825 3528 examinat.
866 3472 1020 3528 Hunc
1055 3473 1290 3528 ﬁdeliter
1315 3474 1717 3544 prudenterque
1757 3475 2007 3530 laboran-

425 3572 535 3618 tem
567 3564 846 3632 amplioris
877 3563 1065 3633 gratia:
1095 3578 1320 3618 munere
1355 3563 1552 3630 donat,
1585 3565 1734 3620 illum
1771 3567 2006 3623 desidias

425 3650 634 3716 molles,
668 3660 721 3706 et
751 3653 989 3707 marcida
1019 3651 1148 3706 luxu
1175 3652 1286 3706 otia
1321 3660 1619 3708 sectantem
1639 3696 1653 3720 ,
1685 3662 1738 3710 et
1769 3671 1835 3712 eo
1863 3657 2008 3727 quod

426 3741 648 3796 dederat
675 3741 874 3810 privat.

546 3889 614 3944 1N
653 3889 903 3945 NATALI
953 3891 1376 3948 SANCTORUM
1421 3892 1881 3952 PLURIMORUM

1007 3981 1201 4036 MART
1213 3982 1403 4038 YRUM
1419 4023 1434 4040 .

428 4101 622 4144 LBCTlO
657 4105 928 4149 ειηετοιδ
963 4107 1123 4147 BBATI
1162 4109 1315 4148 PAULI
1340 4110 1598 4150 APOSTOLI
1629 4111 1696 4150 AD
1732 4110 2007 4162 HBBREOS,

1115 4179 1232 4218 CAP.
1252 4179 1328 4218 XI.

504 4314 525 4346 ‹
569 4296 750 4352 Sancti
798 4314 896 4368 per
930 4297 1088 4354 tidem
1127 4299 1377 4356 vicerunt
1411 4317 1598 4374 regna,
1635 4303 1842 4373 operati
1885 4313 2012 4360 sunt

435 4385 464 4438 ι’
487 4386 777 4457 justitiam,
795 4391 972 4460 adepti
987 4394 1596 4463 suntrepromissiones,
1614 4396 2010 4452 obturaverunt

435 4495 455 4528 ‹
499 4493 596 4533 ora
625 4479 863 4548 leonum,
889 4484 1268 4538 exstinxerunt
1293 4485 1550 4554 impetum
1567 4485 1724 4556 ignis,
1742 4485 2011 4555 eﬂ‘ugave—

439 4588 459 4621 ‹
505 4580 631 4627 runt
676 4574 849 4629 aciem
892 4575 1083 4646 gladii,
1131 4577 1520 4632 convaluerunt
1563 4578 1628 4632 de
1667 4578 2003 4635 inﬁrmitate.

438 4677 458 4711 ι
514 4660 703 4719 Fortes
733 4663 862 4721 facti
900 4675 1026 4721 sunt
1049 4667 1101 4720 in
1131 4667 1293 4722 bello.
1323 4667 1514 4722 Castra
1537 4676 1817 4722 verterunt
1851 4679 2004 4724 exte-

437 4767 457 4799 ε
501 4767 716 4820 rorum,
781 4765 1106 4825 acceperunt
1156 4757 1412 4811 mulieres
1485 4757 1552 4812 de
1611 4761 2008 4818 resurrectione

361 4857 364 4860 ’
401 4845 404 4848 ’
436 4869 457 4904 ι
502 4860 742 4907 mortuos
772 4866 917 4906 suos.
950 4848 1053 4903 Alii
1083 4857 1260 4904 autem
1288 4849 1508 4905 distenti
1530 4859 1675 4918 sunt,
1700 4868 1804 4908 non
1831 4855 2006 4910 susci—

436 4961 457 4996 s
500 4943 712 5013 pientes
739 4940 1178 5007 redemptionem,
1208 4946 1268 4992 ut
1288 4939 1569 4994 meliorem
1599 4942 1902 4999 invenirent
1923 4961 2007 5001 rc-

436 5051 458 5087 ι
503 5033 917 5090 surrectionem.
952 5028 1056 5082 Alii
1087 5043 1216 5085 vero
1259 5029 1512 5096 ludibria,
1556 5041 1610 5087 et
1637 5034 1862 5089 verbera
1907 5052 2006 5090 ex-

437 5143 457 5176 c
499 5123 638 5192 perti
664 5123 885 5190 insuper
905 5127 962 5171 et
985 5119 1220 5184 vincula,
1242 5129 1295 5174 et
1323 5136 1589 5189 carceres,
1617 5123 1834 5194 lapidati
1859 5136 2002 5194 sunt,

439 5230 458 5264 ι
503 5211 638 5267 secti
665 5217 812 5272 sunt,
861 5209 1050 5262 tentati
1080 5219 1232 5274 sunt,
1276 5211 1331 5264 in
1379 5213 1647 5268 occisione
1675 5215 1835 5286 gladii
1865 5233 2009 5271 mor-

437 5320 458 5354 ¢
504 5303 582 5356 tui
613 5308 758 5355 sunt.
786 5299 1128 5354 Circuierunt
1160 5302 1213 5355 in
1244 5301 1458 5358 mclotis
1490 5305 1541 5357 in
1569 5305 1797 5375 pellibus
1835 5309 2009 5376 capri-

439 5410 459 5443 ‹
505 5391 609 5446 nis.
647 5390 912 5462 Egentes,
965 5393 1286 5460 angustiati,
1333 5393 1536 5460 aﬂlicti,
1574 5395 1770 5464 quibus
1817 5397 2009 5464 dignus

439 5497 460 5531 ι
499 5495 607 5535 non
638 5487 752 5533 erat
797 5477 1048 5534 mundus.
1091 5479 1146 5534 lu
1197 5483 1574 5536 solitudinibus
1623 5491 1896 5546 errantes,
1954 5481 2008 5534 in

442 5587 461 5623 ι
505 5570 797 5635 inmitibus,
822 5577 878 5623 et
901 5562 1186 5637 speluncis,
1219 5580 1272 5627 et
1306 5572 1360 5625 iu
1387 5572 1633 5626 cavernis
1660 5578 1836 5625 term.
1864 5573 1929 5626 Et
1952 5572 2007 5626 hi

442 5677 464 5713 s
507 5676 696 5716 omnes
717 5661 1025 5717 testimonio
1041 5660 1167 5717 ﬁdei
1183 5664 1395 5733 probati
1412 5663 1615 5719 inventi
1640 5671 1765 5719 sunt
1779 5664 1831 5720 in
1852 5665 2008 5722 Chri-

445 5769 466 5804 ς
511 5760 598 5809 sto
621 5751 746 5809 Jesu
769 5751 996 5809 Domino
1029 5763 1231 5810 nostro.
1273 5774 1290 5808 ι

2107 3292 2398 3348 rectionem
2423 3293 2871 3364 adipiscerentur.

2177 3383 2284 3437 Alii
2311 3383 2541 3438 ludibria
2561 3386 2780 3455 experti,
2809 3387 3023 3457 insuper
3049 3397 3096 3441 et
3123 3388 3330 3443 vincula
3352 3399 3401 3444 et
3427 3406 3685 3446 carceres.

2176 3474 2304 3530 Haec
2327 3475 2448 3530 ideo
2475 3475 2636 3540 dicit,
2673 3483 2734 3530 ut
2759 3478 2972 3546 quando
2999 3479 3194 3548 aliquis
3217 3481 3270 3536 in
3293 3482 3482 3538 eadem
3501 3499 3686 3550 causa,

2104 3561 2191 3617 vel
2245 3562 2298 3616 in
2337 3563 2526 3617 eadem
2569 3565 2855 3634 passione,
2908 3575 3000 3622 aut
3052 3568 3273 3624 tristitia
3331 3571 3684 3636 detineretur,

2103 3655 2358 3712 solatium
2387 3671 2455 3712 ex
2478 3656 2831 3714 similitudine
2858 3658 3235 3731 compa'iientis
3264 3663 3510 3733 accipiat.
3539 3664 3617 3719 Ac
3637 3666 3687 3720 si

2105 3747 2346 3818 pejorem
2374 3747 2609 3818 aliquam
2639 3750 2944 3819 passionem
2967 3751 3163 3818 ducas,
3192 3753 3239 3808 si
3265 3769 3369 3809 non
3403 3769 3467 3809 ex
3498 3755 3690 3810 eadem

2107 3852 2270 3892 causa
2300 3846 2421 3892 orta
2451 3839 2542 3904 sit,
2574 3839 2618 3894 si
2652 3854 2757 3893 non
2784 3857 2884 3910 pro
2903 3840 3112 3910 iustitia
3136 3844 3361 3913 patiaris
3395 3845 3529 3900 nihil
3563 3861 3692 3915 pro-

2108 3928 2247 3982 dest.
2285 3926 2436 3982 Beati
2460 3929 2618 3994 enim,
2650 3930 2724 3984 ait
2757 3930 3130 4001 Evangelium,
3160 3933 3251 4004 qui
3278 3935 3691 4004 persecutionem

2105 4017 2382 4086 patiuntur
2402 4027 2612 4088 propter
2620 4019 2884 4089 justitiam
2910 4020 3122 4093 (Matth.
3153 4021 3230 4094 v).

2179 4105 2429 4177 Lepidati
2461 4117 2604 4174 sunt,
2640 4111 2764 4164 secti
2786 4121 2940 4176 sunt,
2968 4113 3154 4167 tentati
3177 4123 3322 4179 sunt,
3353 4115 3409 4168 in
3431 4111 3692 4168 occisione

2107 4200 2272 4272 gladii
2305 4204 2498 4257 mortui
2525 4213 2666 4258 sunt.
2707 4204 2762 4259 ln
2792 4207 2896 4260 hoc
2927 4206 3044 4262 loco
3073 4207 3334 4277 pluralem
3367 4223 3468 4278 pro
3505 4212 3691 4275 singu-

2108 4296 2210 4350 lari
2241 4313 2466 4352 nnmero
2493 4299 2694 4368 posuit.
2735 4298 3052 4368 Lapidatum
3093 4301 3237 4355 enim
3262 4299 3471 4369 justum
3506 4301 3559 4354 in
3591 4299 3691 4356 Vm

2111 4387 2215 4441 teri
2255 4385 2606 4442 Testamento
2648 4403 2747 4458 pro
2781 4387 3010 4458 iustitia,
3057 4391 3431 4445 tantummodo
3461 4390 3692 4461 legimus

2113 4480 2324 4535 Naboth
2363 4479 2760 4536 Gezrahclitam
2788 4523 2804 4547 ,
2873 4491 3080 4538 sectum
3157 4500 3287 4541 vero
3350 4486 3692 4541 solummodo

2112 4570 2326 4636 isaiam,
2372 4571 2565 4625 tentati
2607 4587 2739 4627 vero
2784 4581 2840 4628 et
2880 4573 2936 4628 in
2972 4574 3244 4630 occisione
3281 4574 3442 4646 gladii
3489 4576 3691 4630 mortui

2112 4662 2264 4717 multi
2296 4661 2532 4717 fuerunt.
2763 4720 2769 4724 _

2184 4752 2515 4809 Circuierunt
2536 4755 2590 4808 in
2617 4754 2820 4809 melotis
2853 4757 2906 4809 in
2937 4755 3157 4826 pellibus
3186 4756 3438 4826 caprinis,
3461 4765 3688 4826 egentes,

2115 4846 2422 4916 angustiati,
2451 4853 2556 4900 ctc.
2586 4844 2711 4899 llaec
2727 4847 2907 4900 omnia
2931 4847 2995 4901 de
3018 4845 3143 4901 ﬁliis
3156 4845 3570 4916 Prophetarum,
3596 4845 3690 4914 qui

2117 4936 2169 4990 in
2206 4949 2388 4988 eremo
2435 4937 2918 5001 conversabantur,
2949 4937 3053 4991 dici
3082 4938 3351 5002 videntur,
3386 4937 3453 4991 de
3492 4937 3690 5006 quibus

2115 5025 2341 5081 testibus
2376 5025 2429 5078 in
2447 5023 2595 5081 Novo
2623 5026 2973 5082 Testamento
3004 5027 3271 5094 ﬁdelibus,
3309 5026 3599 5098 Apostolus
3626 5026 3689 5080 ﬁ-

2109 5116 2233 5170 dem
2267 5113 2424 5181 facit,
2463 5125 2520 5170 ut
2567 5119 2895 5190 torpentium
2924 5117 3086 5173 corda
3119 5117 3184 5172 ad
3226 5118 3530 5187 exemplum
3562 5133 3689 5172 san-

2110 5217 2320 5263 ctorum
2344 5209 2561 5264 illorum
2593 5209 2931 5265 inllammans
2958 5211 3160 5264 excitet
3184 5217 3239 5265 et
3261 5217 3490 5264 recreet.

2528 5315 2865 5355 EVANGELIUM
2895 5316 3173 5364 MATTIL‘EI,
3214 5315 3264 5354 ν.

2187 5409 2204 5441 ι
2251 5387 2450 5445 Videus
2494 5387 2651 5444 Jesus
2700 5391 2885 5444 turbas
2928 5391 3175 5445 ascendit
3218 5391 3269 5443 in
3310 5398 3570 5445 montem.
3621 5390 3688 5446 Et

2116 5498 2135 5532 ι
2177 5497 2298 5536 cum
2349 5481 2576 5536 sedisset
2618 5489 2964 5535 accesserunt
3004 5481 3069 5534 ad
3098 5495 3221 5534 eum
3265 5480 3508 5548 discipuli
3549 5478 3683 5545 ejus.

2116 5590 2134 5623 ε
2178 5572 2244 5626 Ει
2270 5573 2519 5642 aperiens
2561 5586 2622 5625 os
2663 5587 2817 5624 suum
2863 5572 3088 5625 docebat
3127 5581 3220 5626 cas
3262 5570 3451 5625 dicens
3485 5588 3497 5624 :
3534 5570 3686 5627 Beati

2115 5681 2134 5714 ‹
2177 5677 2443 5732 pauperes
2479 5662 2668 5732 spiritu
2697 5701 2712 5726 ,
2755 5663 3006 5730 quoniam
3051 5662 3287 5730 ipsorum
3338 5669 3422 5716 est
3463 5677 3688 5731 regnum

2116 5773 2134 5806 ι
2178 5752 2456 5809 ccelorum.
2495 5752 2646 5807 Beati
2678 5752 2856 5818 mites,
2895 5752 3147 5823 quoniam
3191 5753 3288 5822 ipsi
3334 5753 3689 5823 possidebunt
