3952 6426
261 282 366 342 545

1101 284 1615 343 COLLECTIONES
1655 285 1721 343 IN
1762 285 2144 343 EPISTOLAS
2181 286 2269 341 ET
2310 286 2728 346 EV'ANGELIA.

3435 293 3546 352 546

264 420 283 454 i
328 411 548 456 terram.
581 397 732 454 Beati
770 398 863 468 qui
904 397 1124 470 lugent,
1153 401 1407 471 quoniam
1449 402 1552 472 ipsi
1594 402 1842 457 consola-
1873 409 1922 466 Α
1949 415 2110 470 aqua,
2137 401 2203 456 de
2240 417 2348 472 qua
2374 403 2618 474 quisquis
2656 405 2876 472 biberit,
2926 405 3017 462 ﬁet
3043 407 3097 462 in
3121 421 3188 462 eo
3230 406 3353 464 fons
3387 424 3540 481 aquae

263 508 283 540 ι
327 489 548 544 buntur.
596 487 747 542 Beati
785 489 876 556 qui
923 489 1172 544 esuriant
1223 498 1278 545 et
1320 491 1513 545 sitiunt
1554 491 1842 560 justitiam,

263 601 282 634 ‹
328 583 586 652 quoniam
629 581 752 652 ipsi-
777 580 1185 636 saturabuntur.
1231 582 1378 637 Beati
1435 583 1842 649 misericordes,

263 692 283 725 ι
321 675 576 745 quoniam
615 672 717 743 ipsi
763 673 1192 728 misericordiam
1233 683 1654 744 consequentur.
1694 675 1845 730 Beati

264 781 283 814 s
330 764 528 818 mundo
552 763 736 827 corde,
772 762 1030 833 quoniam
1053 763 1154 834 ipsi
1181 765 1346 820 Deum
1374 764 1658 820 videbunt.
1689 765 1843 821 Beati

264 873 283 905 ι
325 855 570 926 paciﬁci,
613 856 873 926 quoniam
911 855 1006 909 ﬁlii
1042 855 1135 910 Dei
1166 858 1522 912 vocabuntur.
1564 857 1713 911 Beati
1751 858 1843 927 qui

260 964 280 998 s
324 948 758 1016 persecutionem
801 948 1084 1018 patiuntur
1122 955 1342 1018 propter
1371 947 1675 1016 justitiam,
1709 965 1844 1018 quo-

256 1055 278 1090 s
321 1039 471 1093 niam
519 1039 757 1108 ipsorum
787 1048 869 1094 est
911 1055 1135 1110 regnum
1181 1039 1466 1095 emlorum.
1505 1039 1657 1096 Beati
1707 1043 1843 1097 estis

258 1147 277 1180 ι
321 1146 444 1186 cum
473 1131 857 1186 maledixeriut
879 1133 1033 1186 vobis
1065 1133 1335 1199 homines,
1365 1141 1420 1190 et
1447 1135 1718 1204 persecuti
1748 1149 1842 1189 vos

257 1241 276 1272 ι
320 1222 554 1290 iuerint,
599 1234 656 1280 et
694 1224 933 1279 dixerint
962 1240 1124 1280 omne
1159 1224 1360 1279 malum
1401 1226 1688 1281 adversum
1720 1241 1834 1292 vos,

255 1329 274 1362 ι
322 1314 647 1369 mentientes
675 1323 896 1384 propter
919 1330 1022 1369 me.
1042 1314 1286 1370 Gaudete
1314 1324 1368 1370 et
1395 1315 1686 1382 exsultate,
1705 1333 1839 1386 quo-

255 1420 273 1454 i
314 1404 460 1458 niam
488 1420 701 1460 merces
726 1415 910 1459 vestra
945 1405 1164 1475 copiosa
1191 1407 1350 1460 estin
1376 1405 1548 1462 coalis.
1598 1427 1616 1459 ι

332 1493 525 1549 Videas
563 1493 722 1550 Jesus
755 1496 936 1550 turbas
966 1495 1200 1550 ascendit
1237 1496 1292 1550 in
1341 1506 1599 1562 montem,
1630 1507 1678 1551 et
1717 1513 1834 1551 cum

244 1587 483 1655 sedisset,
517 1597 850 1644 accesserunt
872 1589 941 1642 ad
972 1605 1090 1644 eum
1117 1590 1360 1660 discipuli
1388 1591 1524 1660 ejus.
1551 1591 1652 1660 (Ex
1673 1591 1834 1664 Aug.)

245 1677 308 1734 Si
338 1679 603 1747 quaeritur
641 1677 770 1748 quid
809 1677 1079 1750 signiticet
1121 1695 1295 1742 mons,
1340 1679 1477 1735 bene
1517 1681 1836 1751 intelligitur

1947 490 2194 548 salientis
2223 492 2276 546 in
2301 493 2470 547 vitam
2507 505 2788 552 attentam.

2015 584 2169 639 Beati
2221 587 2609 654 misericordes,
2664 591 2912 662 quoniam
2971 593 3071 663 ipsi
3123 593 3541 650 miscricordiam

1946 688 2356 749 consequuntur.
2390 679 2587 736 Beatos
2627 697 2748 736 esse
2780 683 2911 737 dicit
2953 685 3043 754 qui
3071 686 3398 740 subveniunt
3438 687 3540 740 mi-

1945 767 2102 833 seris,
2134 771 2391 839 quoniam
2412 771 2491 826 cis
2526 772 2598 826 ita
2630 773 2964 842 rependitur,
3009 784 3069 829 ut
3111 775 3178 830 de
3219 777 3437 831 miseria
3475 776 3533 830 li-

1942 861 2225 916 berentur.

2013 953 2166 1008 Beati
2195 956 2391 1011 mundo
2432 958 2608 1024 corde,
2652 959 2900 1030 quoniam
2940 962 3040 1032 ipsi
3073 961 3235 1018 Deum
3272 963 3534 1018 videbunt.

1945 1041 2095 1098 Sicut
2116 1045 2241 1100 alibi
2263 1048 2522 1116 scriptum
2544 1057 2627 1104 est
2646 1069 2658 1103 :
2679 1050 2745 1105 1η
2759 1051 3091 1122 simplicitate
3107 1054 3302 1120 cordis,
3317 1057 3536 1125 qua'ritc

1941 1135 2111 1201 illum,
2144 1137 2246 1192 hoc
2265 1148 2350 1193 est
2376 1141 2520 1194 enim
2543 1144 2804 1198 mundum
2845 1159 2960 1210 cur,
3005 1147 3149 1216 quod
3183 1155 3267 1202 est
3309 1148 3537 1218 simplex

1940 1242 2056 1292 cor,
2083 1237 2138 1282 et
2158 1229 2300 1284 sicut
2333 1229 2514 1286 lumen
2535 1233 2640 1287 hoc
2662 1234 2834 1288 videri
2864 1250 2969 1289 non
2990 1245 3188 1305 potest,
3223 1238 3326 1294 nisi
3365 1239 3537 1296 oculis

1939 1321 2175 1386 mundis,
2205 1322 2280 1376 ita
2304 1339 2406 1378 nec
2435 1325 2579 1380 Deus
2605 1325 2895 1393 videbitur,
2939 1329 3042 1383 nisi
3077 1331 3336 1386 mundum
3377 1331 3448 1388 sit
3473 1332 3538 1385 il.

1938 1412 2030 1468 lud
2057 1415 2201 1482 quod
2226 1415 2411 1471 videre
2430 1425 2628 1486 potest.

2009 1503 2162 1558 Beati
2190 1507 2414 1576 paciﬁci,
2443 1510 2694 1578 quoniam
2727 1509 2828 1578 filii
2863 1509 2960 1564 Det
2991 1511 3333 1567 vocabuntur.
3359 1513 3422 1568 In
3443 1529 3534 1582 pa-

1937 1610 2002 1650 ce
2043 1597 2306 1667 perfectio
2346 1609 2448 1664 est,
2503 1600 2592 1654 ubi
2646 1601 2781 1655 nihil
2827 1613 3116 1671 repugnat,
3164 1611 3220 1658 et
3267 1603 3391 1659 ideo
3435 1605 3531 1660 ﬁlii

1936 1687 2031 1743 Dei
2075 1688 2308 1757 paciﬁci,
2365 1692 2623 1759 quoniam
2677 1692 2812 1746 nihil
2862 1694 3070 1748 resistit
3126 1693 3259 1749 Deo.
3312 1693 3531 1750 Paciﬁci

243 1768 554 1842 signiﬁcare
590 1768 795 1838 majora
840 1779 1109 1840 praecepta
1146 1769 1405 1839 justitize,
1449 1772 1575 1842 quia
1620 1773 1830 1828 minora
1862 1775 1907 1833 Β
1935 1786 2114 1832 autem
2143 1780 2196 1832 in
2218 1781 2524 1850 semetipsis
2550 1789 2676 1835 sunt
2695 1783 2787 1852 qui
2813 1797 3004 1838 omnes
3033 1785 3199 1838 animi
3223 1785 3307 1840 sui
3347 1796 3530 1842 motus

242 1870 432 1927 erant,
463 1877 585 1932 quae
611 1859 813 1918 Iudaeis
835 1861 958 1915 data
987 1870 1132 1916 sunt.
1179 1861 1328 1918 Unus
1354 1870 1534 1917 tamen
1561 1860 1704 1916 Deus
1735 1877 1833 1932 per

244 1963 463 2010 sanctos
488 1954 784 2025 prophetas
827 1962 882 2009 et
911 1952 1142 2008 famulos
1169 1968 1320 2018 suos,
1347 1953 1646 2009 secundum
1685 1955 1832 2010 ordi-

244 2047 582 2103 natissimam
623 2046 1059 2102 distributionem
1098 2054 1400 2116 temporum
1437 2045 1584 2101 dedit
1619 2047 1829 2104 minora

243 2145 512 2206 praecepta
541 2136 762 2206 pepulo,
793 2151 954 2206 quem
991 2136 1184 2192 timore
1213 2137 1391 2193 adhuc
1426 2137 1634 2208 alligari
1671 2154 1830 2208 opor-

244 2229 412 2292 tebat,
435 2236 491 2282 et
516 2225 813 2298 perFilium
835 2244 994 2284 suum
1019 2227 1224 2297 majora
1252 2229 1452 2300 populo
1469 2269 1486 2293 ,
1517 2245 1677 2298 quem
1705 2229 1830 2285 eba-

241 2317 402 2372 ritate
419 2317 534 2388 jam
558 2319 779 2374 liberari
803 2327 1153 2374 convenerat.
1190 2317 1400 2374 Sedens
1429 2328 1610 2375 autem
1645 2320 1824 2386 docet,

223 2410 393 2485 quod
422 2411 660 2480 pertinet
693 2410 760 2465 ad
789 2409 1106 2481 dignitatem
1147 2411 1445 2482 magisterii
1475 2419 1531 2465 et
1565 2411 1830 2466 accedunt

240 2505 311 2560 ad
345 2519 464 2559 cum
495 2503 742 2574 discipuli
770 2504 888 2570 sui,
930 2513 990 2558 ut
1031 2503 1316 2560 audiendis
1349 2504 1490 2559 illius
1519 2505 1726 2570 verbis,
1770 2505 1824 2560 hi

237 2603 422 2649 essent
456 2596 620 2650 etiam
649 2609 878 2664 corpore
921 2593 1246 2660 viciniores,
1281 2595 1372 2666 qui
1409 2596 1695 2666 praeceptis
1725 2595 1825 2648 im-

236 2684 448 2755 plendis
473 2685 654 2739 animo
675 2683 1127 2754 propinquabant.

311 2776 419 2840 (Ex
452 2773 639 2846 Fulg.)
678 2775 846 2830 Recte
883 2775 1026 2830 Deus
1061 2774 1310 2830 excelsus
1340 2776 1393 2830 in
1427 2774 1603 2830 locum
1639 2775 1820 2832 excel-

236 2880 358 2920 sum
385 2864 662 2931 ascendit,
695 2871 757 2920 ut
782 2864 1094 2920 hominibus
1121 2865 1352 2921 excelsis
1378 2866 1698 2936 praedicaret
1728 2883 1822 2923 ex-

233 2955 399 3020 celsa,
427 2964 481 3009 et
515 2963 700 3026 aperte
734 2955 820 3011 lex
851 2970 991 3010 nova
1016 2956 1070 3010 in
1101 2966 1283 3012 mente
1307 2957 1655 3027 praedicatur,
1691 2959 1820 3031 quia

235 3057 390 3103 vetus
419 3047 551 3103 Mosi
575 3048 628 3102 in
654 3056 837 3103 monte
865 3047 991 3104 data
1019 3057 1121 3104 est.

1937 1880 2324 1940 componentes
2363 1871 2498 1928 ﬁunt
2547 1889 2774 1946 regnum
2819 1874 2936 1930 Dei.
2967 1875 3067 1932 Hic
3109 1879 3366 1932 convenit
3398 1878 3530 1934 illud

1935 1963 2206 2031 poeticum
2223 1979 2237 2017 :

2057 2101 2158 2168 ξεῖ
2187 2105 2395 2154 animam
2423 2106 2594 2168 nutrit,
2623 2107 2808 2156 retinet
2831 2107 3087 2157 concordia
3115 2121 3308 2168 pacem.

2061 2165 2160 2228 [ιρι
2187 2167 2411 2224 reprimit
2441 2167 2601 2228 litem,
2619 2169 2892 2217 concordes
2916 2177 3068 2218 nectit
3091 2165 3143 2220 et
3173 2173 3322 2219 idem.

2062 2224 2145 2292 liis
2170 2239 2341 2286 pacem
2366 2229 2566 2292 metuit,
2586 2224 2777 2289 refugit
2795 2231 3035 2280 discordia
3063 2243 3248 2292 pacem.

2056 2287 2177 2338 O‘dia
2206 2301 2300 2350 pax
2323 2288 2487 2353 pellit,
2513 2287 2823 2354 castum'psx
2853 2295 3006 2341 nutrit
3027 2287 3263 2345 amorem.

1998 2409 2151 2464 Beati
2178 2411 2270 2482 qui
2302 2412 2714 2482 persecutionem
2767 2414 3064 2483 patiuntur,
3116 2423 3329 2485 propter
3355 2415 3523 2486 justi-

1927 2501 2077 2566 tiam,
2104 2502 2354 2572 quoniam
2381 2503 2615 2572 ipsorum
2639 2512 2713 2557 est
2745 2519 2961 2572 regnum
2997 2501 3264 2558 cwlorum.
3291 2503 3406 2558 Non
3425 2505 3522 2574 qui

1927 2603 2149 2663 pr0pter
2181 2593 2540 2662 iniquitatem,
2570 2595 2663 2648 sed
2693 2603 2915 2664 propter
2953 2593 3280 2649 Christiana:
3325 2596 3519 2650 unita-

1928 2685 1995 2738 tis
2027 2684 2368 2750 divisionem,
2397 2701 2521 2740 nam
2550 2695 2606 2740 et
2628 2685 2774 2757 Agar
2799 2701 2955 2756 passa
2987 2692 3092 2751 est,
3124 2702 3154 2740 a
3180 2686 3311 2741 Sara
3337 2703 3524 2758 perse-

1925 2773 2219 2837 cutionem,
2243 2780 2297 2826 et
2326 2773 2414 2826 illa
2437 2785 2558 2828 erat
2582 2783 2770 2829 sancta
2792 2790 2912 2844 quae
2934 2774 3187 2841 faciebat,
3219 2775 3306 2830 illa
3327 2777 3512 2847 iniqua

1923 2878 2044 2932 quae
2081 2863 2410 2932 patiebatur.
2435 2861 2725 2933 Signanter
2749 2864 2952 2919 addidit
2987 2875 3200 2935 propter
3227 2866 3520 2935 justitiam,

1923 2954 2077 3009 multi
2104 2955 2250 3008 enim
2291 2954 2725 3024 persecutionem
2764 2964 2988 3024 propter
3017 2971 3113 3010 sua
3161 2967 3381 3026 peccata
3424 2973 3522 3027 pa-

1923 3045 2152 3108 tiuntur,
2172 3052 2228 3098 et
2247 3059 2356 3098 non
2377 3052 2502 3098 sunt
2514 3041 2670 3112 justi.
2696 3044 2805 3116 (Ea;
2828 3043 3074 3116 Hieron.)
3102 3044 3522 3115 Simulquccon-

309 3139 376 3194 Et
398 3142 634 3210 aperiens
655 3157 712 3196 os
739 3156 918 3206 suum,
932 3141 1149 3196 docebat
1163 3159 1270 3209 eos,
1287 3143 1483 3199 dicens.
1499 3143 1556 3198 In
1573 3145 1817 3220 aperien-

1934 3138 2118 3200 iidera,
2143 3135 2284 3206 quod
2315 3145 2506 3192 octava
2551 3151 2694 3192 verae
2760 3136 3193 3194 circumcisionis
3243 3137 3520 3196 beatitudo

232 3231 305 3286 do
332 3231 475 3286 enim
514 3247 596 3296 os,
641 3231 876 3287 ostendit
923 3232 1248 3302 profundum
1295 3241 1351 3288 et
1390 3235 1660 3290 occultum
1702 3251 1818 3290 ser-

234 3337 447 3376 monem
479 3321 812 3391 prolaturum
839 3339 1018 3389 suum,
1049 3324 1135 3378 hic
1165 3324 1310 3380 enim
1339 3339 1402 3380 os
1429 3341 1585 3380 suum
1618 3325 1818 3382 dicitur

233 3411 464 3480 aperire,
485 3412 626 3480 quod
651 3413 802 3482 prius
825 3414 1207 3484 pwphetarum
1240 3431 1337 3471 ora
1367 3416 1599 3486 aperuit.

303 3503 450 3558 Beati
478 3521 730 3576 pauperes
752 3507 960 3577 spiritu,
975 3510 1224 3579 quoniam
1244 3510 1476 3580 ipsorum
1499 3521 1573 3565 est
1599 3526 1816 3582 regnum

231 3592 498 3649 (telorum.
521 3595 631 3651 Nec
657 3596 872 3653 aliunde
888 3597 1125 3670 incipere
1145 3601 1382 3668 oportuit
1407 3601 1812 3669 beatitudinem,

232 3685 496 3755 siquidem
549 3695 873 3757 perventura
915 3698 999 3744 est
1060 3691 1129 3745 ad
1193 3706 1460 3746 summam
1509 3693 1812 3763 sapientiae.

233 3775 452 3831 Initium
481 3788 659 3833 autem
687 3779 959 3851 sapientia:
992 3781 1148 3834 timor
1189 3781 1422 3848 Domini,
1463 3783 1720 3852 quoniam
1760 3791 1816 3838 et

230 3882 262 3921 e
293 3869 584 3935 contrario,
624 3870 831 3924 initium
885 3872 1051 3926 omnis
1091 3873 1310 3942 peccati,
1355 3874 1619 3943 superbia,
1684 3889 1816 3943 qua-

231 3968 448 4030 propter
468 3961 557 4018 bic
581 3961 952 4033 intelliguntur
978 3978 1242 4035 pauperes
1272 3965 1485 4034 spiritu,
1509 3965 1741 4019 humiles
1760 3973 1816 4018 et

199 4087 206 4090 -
233 4051 484 4107 timentes
507 4052 694 4119 Deum,
721 4053 774 4108 id
801 4062 904 4121 est,
932 4070 1041 4109 non
1079 4054 1341 4111 habentes
1384 4054 1662 4111 inﬂantem
1705 4057 1814 4127 spi-

232 4141 416 4195 ritum.

301 4233 452 4287 Beati
504 4234 673 4298 mites,
715 4236 962 4305 quoniam
1009 4234 1111 4304 ipsi
1155 4234 1539 4289 Iurreditabunt
1592 4244 1807 4290 terram.

230 4324 378 4380 Illam
423 4325 621 4388 credo,
683 4325 749 4378 de
797 4339 902 4393 qua
950 4324 1004 4377 in
1052 4323 1282 4379 Psalmis
1325 4324 1520 4378 dicitur
1563 4343 1576 4378 :
1626 4322 1810 4379 Portio

227 4431 368 4479 mea,
389 4415 445 4467 in
464 4422 604 4467 terra
617 4413 890 4467 viventium
912 4411 1139 4485 (Psalm.
1177 4414 1335 4485 exn).
1365 4412 1647 4484 Signiﬁcat
1665 4415 1809 4469 enim

227 4507 518 4579 quamdam
538 4504 861 4560 soliditatem
882 4513 938 4560 et
963 4504 1312 4560 stabilitatem
1341 4506 1672 4560 haareditatis
1693 4522 1814 4578 per-

227 4608 426 4670 petuat,
453 4598 568 4668 ipse
589 4597 733 4652 enim
754 4605 838 4652 est
865 4597 1096 4667 requies,
1129 4605 1184 4652 et
1211 4598 1320 4652 vita
1342 4607 1676 4654 sanctorum.
1714 4599 1813 4653 Mi-

231 4700 311 4746 tes
346 4699 526 4745 autem
549 4689 824 4755 dicuntur,
851 4689 941 4758 qui
965 4703 1071 4743 non
1103 4689 1365 4744 resistunt
1389 4689 1551 4756 malo,
1581 4691 1676 4746 sed
1696 4691 1814 4745 vin-

229 4790 356 4836 cunt
385 4782 436 4836 in
467 4783 610 4837 bono
635 4780 857 4835 malum.

299 4871 447 4927 Beati
469 4873 557 4942 qui
581 4871 778 4940 lugent,
797 4873 1042 4942 quoniam
1079 4870 1178 4938 ipsi
1215 4869 1636 4924 consolabuntur.
1663 4870 1818 4926 Beati

229 4968 320 5036 qui
357 4966 540 5034 lugent
588 4971 831 5034 peccata,
877 4963 1302 5018 consolabuntur
1348 4961 1553 5032 Spiritu
1596 4971 1807 5029 sancto,

1918 3229 2183 3300 martyrio
2211 3230 2555 3284 terminatur.

1987 3322 2140 3378 Beati
2167 3325 2290 3377 estis
2316 3340 2433 3378 cum
2457 3323 2824 3378 maledixerint
2847 3321 2987 3377 vobis
3009 3322 3270 3388 homines,
3312 3332 3361 3377 et
3393 3339 3515 3392 per-

1916 3415 2082 3470 secuti
2111 3431 2198 3468 vos
2237 3414 2433 3484 fuerint
2459 3423 2506 3468 et
2534 3415 2762 3468 dixerint
2805 3429 2956 3467 ontne
2999 3412 3197 3468 malum
3244 3413 3518 3468 adversum

1917 3523 2026 3572 ros,
2062 3506 2364 3559 mentientes
2402 3514 2612 3575 propter
2648 3520 2749 3558 me.
2798 3502 2933 3558 Illud
2984 3503 3334 3558 maledictum
3383 3519 3517 3558 con-

1917 3597 2264 3652 temnendum
2289 3603 2392 3663 est,
2421 3606 2476 3652 et
2520 3596 2912 3654 beatitudinem
2959 3604 3133 3662 creat,
3184 3597 3328 3666 quod
3379 3595 3516 3652 falso

1914 3688 2290 3744 maledicentis
2325 3703 2422 3744 ore
2463 3687 2757 3760 profertur,
2781 3688 2924 3742 unde
2960 3697 3016 3743 et
3044 3688 3353 3758 specialiter
3410 3688 3517 3743 dil-

1917 3778 2133 3845 ﬁniunt,
2177 3796 2299 3850 quae
2327 3781 2400 3835 sit
2428 3781 2584 3836 beata
2613 3780 2946 3846 maledictio,
2977 3795 3138 3836 omne
3167 3780 3353 3836 dicens
3399 3797 3517 3835 ma-

1916 3870 2175 3927 ledictum
2199 3872 2488 3928 adversum
2511 3887 2629 3937 vos,
2655 3873 2984 3930 mentientes
3008 3879 3232 3942 propter
3261 3886 3382 3937 me;
3417 3871 3508 3929 ubi

1914 3977 2046 4034 ergo
2079 3962 2329 4017 Christus
2357 3963 2412 4017 in
2445 3978 2610 4019 causa
2652 3974 2755 4028 est,
2804 3964 2879 4020 ibi
2917 3963 3153 4033 optanda
3183 3962 3514 4020 maledictio.

1986 4049 2221 4106 Gaudete
2246 4062 2293 4106 et
2313 4052 2593 4118 exsultate,
2617 4053 2863 4123 quoniam
2886 4069 3081 4107 merces
3110 4053 3513 4123 vestracopiosa

1913 4154 1990 4198 est
2021 4146 2076 4198 in
2106 4141 2266 4198 aclis.
2299 4141 2494 4199 Nescio
2516 4143 2641 4212 quis
2669 4143 2772 4197 hoc
2797 4150 3042 4197 nostrum
3071 4141 3240 4212 possit
3265 4141 3513 4212 implere,

1915 4244 1976 4290 ut
2001 4235 2270 4289 laceretur
2294 4233 2620 4302 opprobriis,
2651 4232 2793 4286 fama
2819 4238 3026 4295 nostra,
3053 4239 3106 4286 et
3138 4246 3238 4286 nos
3266 4231 3511 4289 exsulte-

1914 4342 2036 4381 mus
2054 4325 2107 4379 in
2139 4324 2387 4388 Domino,
2415 4323 2517 4378 hoc
2542 4324 2632 4392 qui
2660 4339 2856 4379 vanam
2883 4331 3126 4378 sectatur
3149 4323 3373 4395 gloriam
3401 4325 3507 4379 im-

1913 4414 2060 4488 plere
2092 4431 2198 4470 non
2218 4423 2416 4484 potest.
2439 4414 2688 4471 Gaudere
2705 4414 2868 4484 igitur
2882 4415 3225 4472 etexsultare
3243 4416 3509 4473 debemus

1917 4516 1976 4562 ut
2002 4521 2212 4561 merces
2235 4504 2388 4560 nobis
2413 4505 2466 4559 in
2492 4503 2806 4560 coelestibus
2839 4513 3190 4574 prteparetur.
3219 4505 3509 4575 Eleganter

1917 4597 1970 4654 in
1997 4598 2230 4667 quodam
2277 4595 2548 4652 volumine
2579 4595 2842 4665 scriptum
2891 4584 3151 4666 legimu’s:
3177 4594 3256 4654 Ne
3293 4611 3508 4665 quaeras

1918 4690 2171 4762 gloriam,
2201 4697 2258 4744 et
2288 4704 2396 4743 non
2427 4687 2636 4744 dolebis
2662 4703 2784 4743 cum
2819 4687 3144 4759 ingloriosus
3171 4687 3356 4744 fueris.

1989 4780 2099 4851 (Ea:
2122 4778 2455 4850 August.)ln
2486 4779 2639 4834 caelis
2661 4780 2866 4834 dictum
2913 4787 3016 4844 est,
3067 4779 3122 4834 in
3173 4780 3507 4850 spiritalibus

1922 4873 2298 4938 ﬁrmamentis,
2327 4873 2414 4927 ubi
2437 4873 2648 4928 habitat
2687 4873 2974 4942 sapientia,
3005 4873 3236 4941 jnstitia,
3279 4873 3420 4929 unde
3450 4883 3506 4930 et

1905 4963 2198 5033 Apostolus
2250 4963 2458 5032 inquit,
2526 4963 2850 5016 conversatio
2907 4972 3080 5016 vestra
3122 4963 3176 5017 in
3236 4963 3378 5018 caelis
3430 4973 3506 5018 est

229 5061 319 5132 qui
342 5067 628 5130 propterea
657 5056 985 5120 Paracletus,
1007 5055 1058 5110 id
1088 5063 1194 5119 est,
1220 5055 1531 5109 consolator
1561 5055 1809 5110 nomina—
1907 5053 2242 5130 (Phih‘pan).
2264 5054 2371 5126 (Ea:
2399 5052 2801 5125 Hieron.)Cum
2847 5053 2996 5115 dicit,
3035 5051 3188 5107 Beati
3229 5071 3502 5124 pauperes,

230 5162 338 5217 tur,
381 5160 440 5205 ut
466 5147 812 5219 temporalem
844 5147 1177 5208 amittentes,
1216 5156 1420 5200 aeterna
1459 5145 1644 5201 laatitia
1687 5161 1812 5217 per-

228 5243 493 5299 ft'uantur.

303 5334 451 5390 Beati
497 5336 586 5404 qui
636 5335 892 5397 esuriant,
936 5343 984 5387 et
1023 5333 1205 5386 sitiunt
1243 5332 1530 5402 justitiam,
1560 5333 1806 5402 quoniam

224 5429 324 5499 ipsi
354 5424 749 5480 saturabuntur.
781 5423 879 5478 Hic
900 5432 1169 5478 amatores
1196 5423 1345 5485 dicit,
1373 5423 1485 5476 veri
1521 5432 1577 5476 et
1625 5423 1812 5478 incon-

227 5517 370 5572 cussi
401 5514 548 5579 boni,
581 5513 672 5569 illo
702 5529 831 5584 ergo
857 5515 977 5568 cibo
996 5513 1406 5578 saturabuntur,
1439 5513 1504 5567 de
1545 5528 1652 5582 quo
1694 5513 1810 5582 ipse

230 5609 488 5663 Dominus
515 5607 592 5660 ait
622 5623 634 5659 :
664 5604 813 5658 Meus
853 5604 996 5658 cibus
1036 5614 1110 5658 est
1150 5614 1203 5658 ut
1246 5605 1441 5674 faciant
1490 5602 1805 5657 voluntatem

232 5699 408 5758 Patris
442 5703 541 5759 mei
566 5701 746 5776 (Joan.
773 5701 865 5775 tv),
883 5701 973 5756 ubi
1014 5701 1254 5771 loquitur
1281 5701 1347 5757 de
1377 5698 1586 5775 justitia
1623 5707 1677 5754 et
1721 5696 1808 5752 illa

1905 5146 2191 5200 avaritiam
2222 5145 2450 5215 repellit.
2498 5143 2648 5199 Beati
2676 5145 2857 5208 mites,
2914 5142 3054 5199 iram
3091 5149 3147 5196 et
3184 5142 3505 5212 indignatio-

1912 5251 2034 5291 nem
2065 5233 2321 5290 cxcludit.
2350 5232 2504 5292 Beati
2531 5234 2620 5303 qui
2642 5231 2839 5303 lugent,
2868 5230 3049 5289 saeculi
3079 5231 3354 5286 tristitiam
3381 5245 3502 5300 qua!

1913 5336 2143 5381 mortem
2167 5333 2421 5394 operatur
2451 5333 2732 5393 repugnat.
2750 5322 3000 5392 Beatiqui
3022 5322 3280 5387 esuriant,
3296 5321 3497 5393 gulam,

1909 5419 2026 5473 sive
2051 5416 2292 5470 omnium
2324 5415 2641 5469 deliciarum
2683 5413 3056 5483 cupiditatem,
3103 5427 3200 5482 per
3232 5409 3499 5480 jejunium

1911 5507 2170 5564 retundit.
2189 5505 2337 5560 Beati
2355 5505 2734 5568 misericordes,
2753 5503 2943 5559 humili
2958 5500 3333 5571 compatiendo
3348 5499 3495 5562 iecit.

1912 5601 2063 5656 Beati
2091 5598 2283 5654 mundo
2307 5597 2484 5664 corde,
2510 5596 2564 5652 in
2591 5595 3002 5652 fornicationem
3026 5601 3080 5648 et
3113 5606 3328 5646 omnem
3367 5605 3495 5646 cor-

1912 5699 2059 5771 poris
2094 5697 2560 5768 inquinamentum
2591 5694 2803 5749 fortiter
2828 5697 3130 5761 cxtorqnet.
3165 5686 3317 5746 Beati
3347 5685 3489 5749 paci:-
