3952 6456
444 303 552 359 διτ

1697 297 2049 352 SMMMGDI
2092 293 2382 350 ABBATIS

3599 272 3709 326 5‘8

441 419 554 487 fici,
613 431 804 473 vanam
849 428 1096 486 gloriam,
1140 412 1293 482 pacis
1347 411 1687 467 dilectionem
1752 411 2018 466 humiliat.
2051 415 2099 472 Α
2194 409 2395 463 Iterum
2422 407 2590 462 simile
2615 419 2689 462 est
2717 423 2928 477 regnum
2955 407 3201 462 caelorum
3227 423 3434 479 sugente
3462 407 3642 462 missi?
3663 411 3726 461 in

445 510 598 563 Beati
649 508 738 578 qui
779 505 1210 576 persecutionem,
1255 503 1516 556 accidiam
1565 516 1887 572 omnemque
1945 501 2028 556 di-

442 599 726 658 scurrendi
749 612 992 659 amorem
1021 594 1228 664 abjicit.

866 729 935 784 ΙΝ
971 726 1223 784 NATALI
1251 723 1611 782 VlRGlNUM.

793 853 1124 894 EVANCELIUM
1140 852 1417 902 IATTHEI,
1443 850 1563 889 CAP.
1591 847 1711 886 ιιιι.

521 969 541 1001 ε
569 949 759 1004 Simile
783 959 867 1004 est
912 965 1140 1019 regnum
1185 949 1446 1003 caelorum
1497 947 1755 1000 thesauro
1798 942 2029 995 abscon—

450 1057 471 1092 ι
499 1041 615 1095 dito
637 1042 692 1096 in
723 1056 876 1111 agro,
912 1056 1072 1110 quem
1109 1040 1201 1110 qui
1251 1039 1454 1092 invenit
1498 1038 1681 1098 homo,
1725 1031 2030 1094 abscondit,

451 1149 472 1185 ι
501 1141 559 1188 et
582 1149 693 1202 pra:
720 1133 916 1203 gaudio
943 1133 1085 1187 illius
1117 1132 1264 1186 vadit
1309 1139 1366 1184 et
1387 1127 1572 1182 vendit
1618 1126 1867 1179 universa
1910 1138 2033 1192 quae

453 1240 475 1276 ε
503 1224 690 1288 habet,
723 1233 779 1277 et
802 1224 932 1278 emit
961 1239 1148 1292 agrum
1173 1223 1343 1276 illum.
1369 1221 1568 1274 lterum
1604 1217 1782 1272 simile
1821 1226 1903 1270 est
1950 1229 2036 1268 re—

454 1333 474 1365 ς
501 1329 664 1385 gnum
697 1315 960 1370 curiarum
1003 1313 1210 1368 homini
1256 1310 1598 1381 negotiatori,
1644 1305 1904 1376 quatrcnti
1939 1306 2035 1360 bo-

455 1422 475 1458 s
504 1420 603 1459 nas
633 1405 973 1474 margaritas.
1012 1404 1230 1457 Inventa
1264 1411 1445 1456 autem
1487 1415 1594 1454 una
1625 1399 1860 1469 pretiosa
1892 1411 2036 1449 mar—

454 1512 473 1545 1
504 1492 698 1560 garlta,
723 1493 857 1547 abiit
881 1501 939 1547 et
957 1491 1195 1546 vendidit
1226 1492 1406 1548 omnia
1435 1505 1554 1559 qua:
1593 1487 1782 1542 habuit
1817 1495 1872 1540 et
1902 1485 2034 1540 emit

454 1601 475 1634 ι
505 1598 645 1636 eant.
678 1582 875 1635 Iterum
905 1581 1081 1636 simile
1117 1593 1204 1634 est
1246 1595 1471 1650 regnum
1519 1577 1777 1633 cmlomm
1823 1590 2037 1646 sagena

454 1690 476 1723 ι
503 1672 682 1726 missa:
708 1673 760 1725 in
797 1687 967 1735 mare,
1003 1681 1059 1726 et
1093 1687 1160 1726 ex
1203 1671 1350 1725 omni
1399 1683 1597 1741 genere
1642 1669 1870 1738 piscium
1910 1683 2037 1722 con-

2128 514 2294 563 mare,
2325 507 2374 550 et
2401 513 2465 551 ea:
2493 497 2633 550 omni
2657 512 2840 566 genere
2871 497 3092 565 piscium
3141 498 3497 568 congreganti.
3539 496 3724 564 Quam

2129 606 2247 643 cum
2276 587 2488 658 impleta
2533 597 2660 642 esset
2687 585 2982 653 educentes,
3012 595 3060 640 et
3090 603 3240 642 secus
3270 588 3416 642 littus
3455 590 3721 652 sedentes,

2128 680 2387 751 elegerunt
2415 679 2572 733 bonos
2599 680 2652 732 in
2681 697 2802 734 casa
2826 696 2945 743 sua,
2973 679 3138 734 malos
3174 691 3348 734 autem
3375 681 3519 750 foras
3554 684 3724 737 mise-

2132 780 2269 824 runt.
2301 770 2390 825 Sic
2415 771 2508 824 erit
2532 771 2585 823 in
2612 773 3058 824 consummatione
3081 772 3280 825 surculi.
3313 772 3726 844 Exibuntange—

2129 862 2167 914 li
2196 873 2243 916 et
2267 863 2580 932 separabunt
2606 862 2773 916 malos
2801 863 2864 916 de
2893 864 3065 917 medio
3086 864 3372 932 justorum,
3402 874 3505 920 etc.
3524 866 3725 936 Imple-

2131 965 2186 1010 to
2215 956 2462 1011 Jeremize
2486 959 2748 1012 vaticinio
2775 960 3018 1013 docentis
3043 977 3056 1011 :
3087 959 3223 1013 Ecce
3257 977 3350 1029 ego
3370 961 3517 1014 mitto
3542 962 3612 1015 ad
3631 978 3725 1017 ros

2130 1050 2413 1118 piscatores
2443 1049 2634 1104 multos
2659 1051 2789 1119 (Jer.
2818 1049 3256 1122 xvi),postquam
3287 1053 3574 1107 audierunt
3617 1052 3725 1107 Pe—

2134 1151 2248 1196 trus
2273 1152 2327 1196 et
2355 1142 2617 1204 Andreas.
2646 1143 2814 1198 Jacob
2845 1152 2900 1197 et
2922 1143 3178 1208 Joannes,
3209 1143 3300 1197 filii
3331 1144 3600 1209 Zebedaei,
3633 1159 3724 1199 se-

2131 1231 2355 1299 quimini
2384 1247 2491 1298 me,
2520 1231 2792 1286 etfaciam
2813 1247 2909 1286 vos
2940 1233 3242 1302 piscatores
3266 1232 3568 1298 hominum,
3588 1248 3724 1287 con-

2133 1331 2420 1377 texuerunt
2456 1324 2559 1379 sibi
2589 1338 2651 1376 ex
2679 1323 2858 1378 Veteri
2883 1339 2947 1378 ac
2976 1322 3126 1378 Novo
3157 1323 3506 1378 Testamento
3557 1339 3721 1394 suge-

2131 1427 2255 1465 nam
2279 1414 2716 1484 evangelicorum
2749 1415 3082 1485 dogmatum,
3115 1422 3172 1469 et
3207 1415 3472 1469 miserunt
3507 1429 3626 1470 eam
3662 1416 3720 1470 in

2133 1515 2286 1556 mare
2308 1502 2466 1570 hujus
2491 1503 2672 1558 saeculi
2693 1519 2815 1573 quae
2842 1519 3012 1574 usque
3037 1505 3197 1559 hodie
3231 1505 3286 1558 in
3317 1504 3509 1558 mediis
3543 1503 3690 1559 ducti

2131 1590 2234 1645 bus
2263 1593 2499 1647 tenditur
2521 1595 2745 1664 capiens
2767 1595 2834 1649 de
2871 1595 3001 1650 salis
3044 1602 3100 1649 et
3146 1596 3348 1650 amaris
3393 1595 3716 1667 gurgitibus,

2133 1681 2394 1750 quidquid
2421 1683 2689 1748 inciderit,
2717 1684 2901 1750 idest,
2931 1693 2985 1739 et
3007 1685 3178 1740 bonos
3208 1685 3456 1740 homines
3471 1693 3530 1741 et
3547 1686 3725 1742 malos

458 1780 477 1813 ι
505 1761 770 1832 greganti.
790 1761 960 1828 Quam
975 1777 1096 1814 cum
1115 1761 1333 1830 impleta
1348 1759 1856 1815 esseteducenteset
1879 1771 2037 1812 secus
2064 1761 2110 1820 B
2138 1778 2193 1824 ει
2225 1773 2456 1841 optimos
2482 1775 2659 1842 pisces
2691 1783 2746 1830 ει
2786 1776 3073 1846 pessimos,
3120 1791 3242 1832 cum
3283 1786 3463 1833 autem
3509 1779 3726 1834 νωθῆ..

451 1872 477 1906 .i
507 1854 658 1908 littus
688 1854 960 1918 sedentes,
989 1853 1268 1922 elegerunt
1299 1853 1468 1906 bonos
1491 1852 1545 1905 in
1585 1865 1714 1905 vasa
1761 1863 1880 1913 sua,
1925 1863 2041 1902 ma-

461 1967 479 1998 ‹
508 1947 587 2002 los
615 1957 795 2004 autem
825 1947 971 2001 foras
996 1948 1278 1999 miserunt.
1305 1943 1396 1998 Sic
1437 1943 1543 1998 erit
1591 1943 1646 1996 in
1697 1954 2042 1996 consumma-

457 2059 476 2090 ι
508 2041 654 2092 tione
682 2038 884 2092 smculi.
912 2036 1334 2106 Exibuntangeli
1367 2042 1422 2089 et
1445 2033 1770 2103 separabunt
1788 2031 1958 2085 malos
1978 2031 2043 2084 de

457 2148 476 2180 α
506 2129 684 2183 medio
701 2127 993 2198 iustorum,
1017 2136 1072 2180 et
1105 2126 1320 2181 mittent
1347 2139 1442 2180 eos
1472 2123 1526 2178 iu
1567 2123 1838 2177 caminum
1882 2121 2039 2192 ignis.

459 2236 478 2269 ι
509 2219 587 2273 lbi
609 2219 715 2272 erit
742 2217 902 2274 ﬂetus
926 2225 982 2271 et
1008 2217 1210 2271 stridor
1235 2215 1496 2269 dentium.
1540 2212 1888 2266 lntellexistis
1928 2211 2043 2264 hzcc

461 2327 482 2363 ι
509 2308 728 2365 omnia?
750 2309 946 2364 Dicunt
971 2309 1021 2364 ei
1049 2327 1062 2363 :
1091 2309 1288 2362 Etiam.
1308 2305 1520 2362 A-itillis
1540 2324 1552 2358 :
1576 2305 1700 2358 Ideo
1726 2304 1900 2358 omnis
1915 2303 2044 2358 scri-

460 2419 482 2455 ι
508 2403 576 2458 ba
621 2401 812 2458 doctus
850 2403 904 2456 in
946 2417 1113 2473 regno
1155 2401 1440 2465 caelorum,
1488 2399 1680 2454 similis
1706 2405 1790 2453 est
1837 2399 2040 2452 homini

459 2511 483 2546 ι
508 2492 912 2565 patrifamilias,
930 2493 1022 2562 qui
1051 2490 1261 2562 profert
1285 2490 1354 2546 de
1387 2491 1643 2544 thesauro
1684 2503 1782 2543 suo
1813 2503 1950 2542 nova
1991 2495 2046 2542 et

461 2599 484 2634 1
511 2593 714 2636 vetera.
738 2601 758 2635 ι

530 2670 712 2726 Simile
733 2679 806 2724 est
834 2685 1048 2741 regnum
1075 2668 1323 2724 caelorum
1361 2670 1605 2724 thesauro
1646 2668 1950 2723 abscondito
1989 2668 2044 2724 in

460 2776 614 2830 agro,
640 2777 791 2830 quem
819 2761 909 2830 qui
938 2759 1131 2812 invenit
1152 2759 1329 2824 homo,
1354 2759 1646 2824 abscondit,
1679 2768 1727 2812 et
1757 2775 1868 2830 prae
1911 2776 2045 2830 gau-

455 2852 548 2904 dio
572 2849 715 2903 illius
748 2850 886 2903 vadit
911 2858 960 2902 et
988 2848 1161 2903 vendit
1191 2850 1433 2903 universa
1455 2865 1573 2920 qua:
1618 2848 1792 2911 habet,
1833 2859 1883 2902 et
1923 2850 2042 2902 emit

458 2957 646 3010 agrum
674 2939 842 2995 illum.
865 2939 1084 2994 Crebris
1109 2939 1486 3010 parabolarum
1509 2940 1933 2994 obscuritatibus
1961 2956 2047 2994 rc-

461 3032 656 3086 tardati
715 3030 1092 3086 commaticam
1148 3029 1649 3100 interpretationem
1709 3029 2043 3094 excedimus,

2142 1867 2536 1922 consummatio
2559 1877 2615 1922 et
2650 1868 2772 1923 linis
2790 1869 2996 1935 mundi,
3026 1879 3088 1924 ut
3128 1871 3243 1939 ipse
3287 1870 3428 1925 infra
3470 1871 3728 1928 manifes-

2141 1947 2251 2011 tius
2323 1957 2560 2023 disserit,
2616 1966 2748 2015 tunc
2806 1975 3008 2031 sagena
3053 1962 3372 2017 extrahetur
3428 1962 3495 2017 ad
3544 1963 3720 2019 littus.

2141 2048 2291 2103 Tunc
2315 2065 2499 2105 verum
2525 2052 2977 2108 secernendorum
3001 2054 3231 2123 piscium
3271 2054 3527 2110 indicium
3562 2071 3723 2110 mon-

2141 2141 2422 2205 strabitur,
2472 2149 2530 2196 et
2575 2143 2729 2212 quasi
2771 2144 2824 2197 in
2865 2145 3097 2212 quodam
3165 2145 3505 2214 quietissimo
3560 2156 3724 2216 portu

2140 2229 2268 2284 boni
2299 2231 2657 2286 mittenturin
2683 2247 2812 2287 vasa
2848 2233 3153 2289 caelestium
3201 2236 3568 2302 mansionum,
3608 2251 3728 2290 ma—

2142 2319 2221 2373 los
2259 2330 2437 2375 autem
2461 2324 2742 2379 terrendos
2763 2323 3176 2379 etessiccandos
3208 2325 3468 2396 gehenna:
3505 2324 3724 2380 ﬂamma

2141 2421 2550 2537 inﬁgimus
2589 2483 2700 2538 hau:
2761 2487 2974 2542 omnia?
3013 2485 3206 2540 Dicunt
3272 2486 3320 2540 ei
3346 2485 3582 2540 :Etiam.
3640 2486 3727 2542 Ad

2145 2575 2417 2643 apostolos
2446 2577 2666 2648 proprie
2723 2593 2904 2635 sermo
2943 2587 3110 2637 estet
3149 2577 3256 2632 illis
3293 2577 3490 2633 dicitur
3514 2596 3528 2631 :
3556 2577 3726 2633 Intel-

2145 2664 2344 2720 lexistis
2376 2669 2509 2732 hac,
2539 2685 2676 2738 quos
2696 2686 2804 2724 non
2827 2671 2940 2726 vult
2964 2671 3152 2726 audire
3189 2677 3421 2736 tantum,
3455 2679 3516 2725 ut
3553 2686 3727 2742 popu-

2144 2755 2276 2820 lum,
2301 2757 2393 2812 sed
2427 2757 2745 2829 intelligere,
2773 2767 2832 2814 ut
2852 2761 3139 2831 magistros
3175 2760 3405 2816 futuros.

2217 2845 2344 2901 Ideo
2367 2849 2536 2903 omnis
2568 2848 2754 2904 Scriba
2783 2851 2968 2906 doctus
2993 2852 3049 2906 in
3076 2868 3232 2923 regno
3275 2851 3546 2917 caelorum,
3585 2853 3726 2906 simi-

2145 2935 2210 2992 lis
2236 2946 2311 2992 est
2338 2939 2533 2992 homini
2557 2940 2951 3009 patrifamilias,
2975 2942 3064 3012 qui
3112 2941 3312 3011 profert
3368 2941 3432 2994 de
3481 2940 3727 2995 thesauro

2146 3046 2242 3083 suo
2269 3047 2400 3084 nova
2425 3040 2473 3084 et
2493 3041 2685 3085 vetera.
2719 3032 2969 3087 lnstructi
2994 3043 3154 3088 erant
3190 3034 3420 3105 apostoli
3455 3033 3649 3090 scribae
3672 3041 3725 3087 et

457 3133 518 3180 ut
546 3139 714 3194 prope
758 3125 823 3179 de
865 3123 972 3177 alio
1019 3123 1486 3193 interpretationis
1532 3135 1750 3192 genere,
1790 3119 1859 3175 ad
1903 3121 2045 3176 aliud
2073 3101 2119 3164 Ο
2149 3121 2348 3176 notarii
2361 3120 2676 3186 Salvatoris,
2705 3123 2798 3192 qui
2822 3125 2982 3178 verba
3012 3124 3157 3179 illius
3184 3101 3241 3179 et
3262 3133 3530 3196 praecepta
3549 3125 3731 3195 signa-

460 3218 716 3272 transisse
745 3214 1166 3284 videamur.(Ex
1194 3212 1451 3286 Hieron.)
1476 3213 1785 3270 Thesaurus
1826 3212 1950 3277 iste,
1987 3212 2046 3267 in

457 3325 565 3380 quo
589 3317 713 3364 sunt
739 3324 929 3364 omnes
952 3308 1190 3363 thesauri
1221 3308 1521 3378 sapientiae,
1555 3315 1611 3362 et
1666 3306 1908 3362 scientia:
1953 3308 2048 3363 ab-

459 3403 714 3467 sconditi,
741 3410 836 3456 aut
857 3401 1000 3454 Deus
1020 3399 1252 3454 Verbum
1283 3408 1385 3464 est,
1427 3399 1519 3469 qui
1549 3399 1606 3453 in
1645 3414 1812 3454 carne
1848 3397 2046 3454 Christi

458 3490 673 3544 videtur
701 3489 1066 3554 absconditus,
1100 3495 1193 3541 aut
1218 3497 1421 3542 sanctze
1442 3488 1759 3558 Scriptum,
1788 3489 1842 3543 in
1856 3489 2050 3559 quibus

464 3578 699 3647 reposita
731 3590 814 3632 est
861 3578 1049 3631 notitia
1083 3577 1400 3644 Salvatoris,
1449 3594 1609 3648 quem
1663 3595 1783 3634 cum
1827 3583 1948 3650 quis
1995 3581 2047 3634 in

461 3669 544 3723 eis
581 3669 865 3733 invenerit,
897 3667 1053 3722 debet
1071 3667 1252 3722 omnia
1284 3669 1441 3723 istius
1466 3669 1646 3724 saeculi
1689 3671 2048 3726 emolumenta

462 3766 830 3822 contemnere,
868 3772 930 3814 ut
954 3758 1101 3813 illum
1155 3759 1325 3828 possit
1367 3760 1586 3826 habere,
1625 3776 1782 3831 quem
1828 3763 2046 3832 reperit.

463 3855 620 3922 Quod
667 3863 846 3910 autem
889 3857 1154 3925 sequitur,
1187 3872 1348 3927 quem
1395 3875 1518 3913 cum
1565 3860 1830 3915 invenerit
1865 3862 2046 3926 homo,

464 3947 766 4007 abscondit,
801 3946 1002 4002 idcirco
1027 3947 1246 4013 dicitur,
1278 3964 1383 4004 non
1419 3950 1563 4019 quod
1600 3952 1704 4005 hoc
1744 3952 1810 4006 de
1855 3951 2048 4007 invidia

464 4038 649 4105 faciat,
673 4041 767 4095 sed
787 4041 929 4109 quod
957 4041 1149 4094 timore
1173 4043 1445 4097 servantis
1465 4051 1520 4097 et
1547 4043 1780 4097 nolentis
1803 4046 2049 4112 perdere,

448 4133 757 4188 abscondat
784 4134 836 4188 in
858 4135 1018 4190 corde
1061 4148 1180 4200 suo,
1204 4151 1364 4205 quem
1411 4137 1654 4206 pristinis
1697 4137 1930 4208 przetulit
1975 4136 2054 4191 fav-

467 4225 782 4280 cultatibus.

537 4315 736 4370 Iterum
768 4315 938 4370 simile
961 4326 1038 4372 est
1063 4333 1277 4388 regnum
1306 4317 1552 4372 caelorum
1592 4319 1790 4373 homini
1824 4320 2055 4389 negotia-

463 4406 587 4471 tori,
613 4407 865 4477 qucerenti
907 4409 1070 4461 bonas
1113 4410 1449 4477 margaritas.
1481 4407 1700 4462 Inventa
1732 4419 1906 4462 autem
1946 4426 2052 4463 una

465 4497 692 4564 pretiosa
730 4500 1043 4568 margarita,
1071 4499 1196 4551 abiit
1219 4508 1267 4552 et
1290 4499 1462 4553 vendit
1487 4501 1663 4553 omnia
1691 4516 1807 4575 qua
1849 4499 2050 4566 habuit,

463 4596 512 4640 et
534 4589 654 4641 emit
675 4603 809 4641 eam.
835 4588 971 4642 Aliis
996 4589 1176 4643 verbis
1206 4589 1458 4660 idipsum,
1482 4591 1627 4658 quod
1650 4605 1814 4654 supra
1833 4587 2048 4658 dicitur,

468 4675 621 4740 bonae
643 4677 971 4746 margaritas,
995 4693 1130 4746 quas
1152 4680 1341 4746 qumrit
1357 4679 1596 4745 institor,
1619 4679 1704 4732 lex
1729 4687 1787 4733 et
1817 4681 2051 4749 prophe-

467 4771 535 4818 ta:
563 4774 709 4831 sunt,
742 4773 798 4819 et
819 4767 1011 4821 notitia
1035 4766 1246 4822 Veteris
1269 4767 1620 4834 Testamenti,
1663 4784 1829 4822 unum
1869 4778 2050 4826 autem

464 4863 550 4909 est
581 4856 1035 4922 pretiosissimum
1063 4858 1438 4929 margaritum,
1469 4858 1697 4912 scicntia
1729 4857 2047 4929 Salvatoris,

461 4951 521 4996 et
544 4954 938 4999 sacramentum
962 4946 1233 5015 passionis
1260 4946 1420 5007 illius,
1452 4953 1506 4999 et
1528 4949 1940 5005 resurrectionis
1963 4967 2046 5005 ar-

463 5049 682 5089 canum.
722 5036 872 5102 Quod
913 5055 1037 5094 cum
1081 5037 1370 5101 invenerit,
1410 5037 1569 5091 homo
1609 5041 1928 5109 negotiator,
1977 5044 2050 5099 si-

464 5128 610 5183 milis
654 5129 804 5184 Pauli
849 5131 1102 5202 apostoli,
1129 5130 1310 5183 omnia
1353 5130 1508 5199 legis,
1549 5131 2045 5204 prophetarumque

465 5223 742 5292 mysteria,
775 5230 828 5277 et
859 5222 1269 5279 observationes
1308 5220 1586 5289 pristinas,
1635 5223 1690 5277 in
1735 5225 1930 5293 quibus
1967 5227 2050 5280 in-

461 5302 674 5386 culpata
692 5318 924 5382 vixerat,
947 5315 1104 5387 quasi
1123 5324 1473 5382 purgamenta
1495 5318 1814 5382 contemnit,
1831 5327 1886 5372 et
1904 5317 2052 5386 quis-

461 5406 680 5474 quilias,
709 5418 768 5462 ut
794 5407 1072 5462 Christum
1112 5402 1432 5459 lucrifaciat.
1482 5406 1596 5462 Non
1627 5408 1770 5477 quod
1812 5408 2051 5463 inventio

461 5513 614 5554 nova:
645 5499 970 5568 margaritae,
999 5493 1379 5551 condemnatio
1408 5498 1479 5552 sit
1502 5509 1743 5554 veterum
1791 5499 2053 5568 margari-

461 5595 662 5654 tarum,
697 5589 790 5642 sed
821 5585 964 5656 quod
995 5585 1404 5652 comparatione
1425 5589 1542 5658 ejus
1565 5588 1742 5644 omnis
1765 5589 1865 5644 alia
1900 5605 2048 5661 gem-

462 5695 550 5735 tua
579 5681 640 5735 fit
663 5679 842 5734 vilior.

2077 4449 2130 4508 D

2146 3212 2277 3268 bant
2306 3214 2359 3268 in
2379 3215 2574 3270 tabulis
2591 3216 2773 3272 cordis
2788 3217 3097 3273 carnalibus
3116 3232 3404 3288 regnorum
3427 3216 3728 3272 cmlcstium

2148 3306 2524 3370 sacramentis,
2540 3315 2595 3361 et
2616 3307 2886 3378 pollebant
2904 3309 3096 3377 Opibus
3113 3307 3494 3377 patrifamiliae.
3509 3305 3726 3373 ejicien-

2150 3403 2230 3450 tes
2248 3397 2312 3451 de
2341 3397 2596 3454 thesauro
2617 3399 2983 3452 doctrinarum
3014 3413 3235 3452 suarum
3267 3412 3402 3451 nova
3435 3407 3490 3451 et
3522 3404 3730 3461 vetera,

2149 3495 2208 3542 ut
2241 3488 2498 3558 quidquid
2519 3489 2573 3543 in
2596 3489 2883 3560 Evangelio
2897 3491 3263 3559 praedicabant
3279 3489 3410 3559 legis
3425 3497 3478 3542 et
3501 3487 3734 3557 prophe-

2152 3588 2326 3633 tarum
2355 3582 2576 3636 vocibus
2604 3583 3056 3651 comprobarent:
3095 3582 3235 3638 unde
3273 3590 3328 3638 et
3368 3598 3562 3652 sponsa
3604 3583 3737 3641 dicit

2150 3671 2203 3726 in
2235 3671 2458 3727 Cantica
2511 3674 2844 3728 canticorum
2881 3692 2894 3728 :
2926 3674 3077 3730 Noua
3131 3691 3246 3730 cum
3300 3676 3578 3741 ueteribus,
3614 3675 3728 3745 fra-

2149 3763 2332 3819 truelis
2358 3780 2523 3829 meus,
2547 3767 2744 3820 servavi
2771 3766 2884 3820 tibi.

2435 3919 2771 3961 EVANGELIUM
2812 3923 3089 3972 Μλττιίίῐῐ,
3135 3922 3253 3962 CAP.
3299 3925 3418 3963 XXV.

2229 4056 2248 4088 ‹
2276 4037 2465 4094 Simile
2488 4047 2571 4094 est
2600 4055 2822 4110 regnum
2863 4041 3122 4096 cmlorum
3175 4043 3358 4096 decem
3409 4042 3731 4113 virginibus,

2160 4147 2177 4179 α
2205 4145 2324 4198 qua:
2357 4131 2687 4199 accipientes
2719 4131 2992 4201 lampades
3041 4148 3168 4186 suas
3217 4133 3467 4186 exierunt
3517 4132 3732 4186 obviam

2159 4237 2177 4268 ι
2206 4234 2403 4288 sponso
2451 4229 2508 4276 et
2561 4235 2790 4288 sponsae.
2835 4221 3084 4290 Quinque
3124 4229 3314 4275 autem
3357 4236 3425 4275 ex
3473 4222 3554 4276 eis
3577 4230 3735 4276 erant

2158 4327 2176 4358 ε
2209 4308 2387 4376 fatum,
2415 4318 2468 4365 et
2497 4313 2734 4381 quinque
2769 4313 3096 4381 prudentes:
3128 4313 3222 4367 sed
3271 4313 3508 4383 quinque
3546 4313 3730 4376 fatum,

2163 4415 2182 4448 ‹
2210 4402 2447 4471 acceptis
2467 4401 2822 4470 lampadibus,
2839 4418 2943 4457 nou
2966 4411 3314 4472 sumpserunt
3331 4402 3507 4457 oleum
3524 4417 3729 4459 secum.

2160 4508 2178 4539 α
2211 4488 2503 4545 Prudentes
2534 4506 2660 4546 vero
2692 4500 3016 4560 acceperunt
3035 4491 3212 4546 oleum
3235 4493 3288 4546 in
3314 4492 3455 4547 vasis
3474 4492 3590 4546 suis
3608 4509 3732 4548 cum

2159 4597 2177 4630 ι
2207 4579 2560 4649 lampadibus.
2586 4582 2791 4636 Moram
2821 4593 3001 4638 autem
3027 4582 3258 4639 faciente
3281 4597 3501 4652 sponso,
3525 4583 3730 4637 dormi-

2160 4689 2178 4726 t
2207 4679 2454 4726 taverunt
2472 4687 2658 4728 omnes
2684 4683 2739 4728 et
2767 4675 3122 4729 dormierunt.
3159 4674 3334 4728 Media
3365 4683 3546 4729 autem
3577 4682 3734 4729 nocte

2159 4781 2176 4812 ι
2204 4761 2410 4815 clamor
2430 4761 2602 4818 factus
2623 4773 2734 4818 est:
2755 4765 2894 4820 Ecce
2918 4781 3148 4835 sponsus
3167 4765 3331 4831 venit,
3359 4764 3504 4821 exite
3518 4765 3731 4836 obviam

2156 4870 2174 4904 ι
2204 4852 2274 4908 ei.
2306 4853 2459 4908 Tunc
2485 4864 2839 4910 surrexerunt
2866 4871 3054 4911 omnes
3085 4855 3324 4927 virgines
3345 4857 3471 4923 illm,
3493 4865 3550 4913 et
3571 4871 3729 4912 orna-

2163 4964 2180 4996 ι
2207 4955 2399 5001 verunt
2446 4947 2722 5016 lampades
2768 4963 2911 5004 suas.
2949 4949 3129 5003 Fatuae
3171 4958 3352 5004 autem
3401 4950 3732 5019 sapientibus

2164 5056 2180 5088 ι
2210 5037 2463 5092 dixerunt
2493 5057 2505 5092 :
2537 5039 2668 5094 Date
2691 5040 2847 5094 nobis
2865 5041 2931 5094 de
2955 5041 3074 5095 oleo
3094 5049 3292 5107 vestro,
3311 5041 3438 5110 quia
3458 5041 3734 5113 lampades

2162 5147 2180 5180 ε
2209 5138 2406 5184 nostra:
2425 5129 2830 5199 extinguuntur.
2867 5130 3276 5200 Responderunt
3308 5133 3621 5202 prudentes,
3647 5132 3699 5187 di
3719 5162 3732 5173 -

2162 5240 2179 5272 ι
2208 5231 2392 5276 centes
2417 5241 2428 5274 :
2453 5221 2529 5274 Ne
2569 5220 2706 5275 forte
2747 5238 2853 5276 non
2897 5223 3128 5278 suﬂiciat
3164 5225 3317 5278 nobis
3363 5233 3416 5278 et
3454 5225 3630 5292 vobis,
3660 5226 3733 5279 ita

2161 5331 2179 5362 ι
2207 5312 2384 5380 potius
2414 5313 2480 5366 ad
2508 5312 2801 5366 vendentcs
2843 5319 2897 5366 et
2943 5314 3106 5368 emite
3150 5314 3321 5370 vobis.
3369 5316 3505 5369 Dum
3550 5325 3730 5369 autem

2158 5420 2174 5451 ι
2205 5402 2569 5473 irentemere,
2609 5402 2757 5454 venit
2806 5417 3058 5471 sponsus,
3087 5412 3142 5458 et
3163 5419 3284 5473 quae
3324 5413 3528 5476 paratae
3576 5413 3733 5459 erant

2155 5492 2544 5546 «intraverunt
2617 5507 2739 5546 cum
2794 5507 2860 5548 eo
2925 5494 2992 5548 ad
3046 5494 3280 5563 nuptias,
3327 5503 3382 5548 et
3428 5495 3612 5550 clausa
3648 5505 3734 5552 est

2156 5603 2174 5634 ο
2196 5583 2382 5651 janua.
2403 5582 2704 5638 Novissime
2732 5601 2862 5641 vero
2897 5585 3118 5639 veniunt
3137 5595 3191 5640 et
3212 5586 3432 5656 reliquae
3469 5588 3711 5659 virgines

2159 5698 2175 5729 ι
2203 5676 2446 5733 dicentes
2483 5693 2495 5729 :
2533 5675 2778 5741 Domine,
2823 5676 3068 5743 Domine,
3112 5677 3261 5747 aperi
3305 5678 3482 5733 nobis.
3531 5680 3602 5733 At
3645 5680 3732 5735 illa
