3952 6450
253 314 356 371 ωε

1091 307 1608 370 COLLECTIONES
1645 309 1712 366 1N
1751 307 2129 368 EPISTULAS
2165 309 2254 366 ET
2293 309 2698 371 EV’ANGELIA.

3414 308 3524 370 550

261 439 282 480 ι’
306 441 638 498 respondens
664 423 972 482 ait:Amen
997 425 1118 482 dico
1147 426 1318 492 vobis,
1347 425 1531 481 nescio
1575 440 1690 483 vos.
1741 423 1831 478 V’i-
1861 432 1913 491 Α
2009 420 2113 477 Sed
2139 424 2365 494 quinque
2389 423 2574 494 fatale,
2613 425 2835 496 acceptis
2856 423 3204 496 lampadibus,
3236 440 3341 481 non
3383 441 3528 480 sum-

258 538 277 573 ι
303 519 466 592 gilate
492 519 674 588 itaque
693 520 818 590 quia
847 519 1068 574 nescitis
1094 518 1239 575 diem
1264 533 1438 589 neque
1463 519 1675 574 horam.
1707 537 1725 570 ι

325 607 507 666 Simile
528 617 602 663 est
639 625 853 680 regnum
898 608 1145 664 caelorum
1190 611 1369 664 decem
1401 608 1707 681 virginibus.
1735 606 1837 682 (Ex

253 699 455 772 Greg.)
485 702 623 757 Dum
645 703 789 756 enim
813 717 1036 772 regnum
1066 713 1302 770 constat,
1329 703 1456 774 quia
1483 702 1838 773 reproborum

255 793 434 849 nullus
467 795 783 865 ingreditur,
811 796 1074 865 quau-itur
1106 813 1204 851 cur
1239 796 1404 851 fatuis
1439 795 1739 867 virginibus
1775 794 1843 850 si-

256 883 381 940 mile
412 900 532 940 esse
555 887 890 956 prohibetur,
918 886 1011 941 sed
1034 888 1312 941 sciendum
1351 894 1456 951 est,
1505 885 1647 956 quod
1699 900 1842 955 scepe

1938 524 2149 584 pserunt
2174 512 2342 568 oleum
2365 531 2559 568 secum.
2587 515 2685 588 (Ex
2713 515 2962 589 August.)
2983 513 3130 570 Multi
3153 516 3527 586 enim,quam—

1939 604 2022 660 vis
2065 605 2133 660 de
2173 604 2376 660 Christi
2412 606 2658 661 bonitate
2683 606 2975 676 plurimum
3001 614 3238 677 sperent,
3271 607 3525 678 gaudium

1943 704 2122 752 tamen
2150 713 2255 750 non
2284 697 2505 762 habent,
2539 699 2662 753 dum
2699 699 3040 753 continenter
3076 698 3284 763 vivunt,
3329 697 3433 752 nisi
3473 697 3525 751 in

1941 792 2190 847 laudibus
2215 791 2524 856 hominum;
2554 807 2658 846 non
2687 807 2815 862 ergo
2857 792 3058 846 habent
3095 791 3270 846 oleum
3321 807 3524 845 secum.

1943 880 2077 934 Nam
2108 881 2277 950 ipsam
2331 879 2570 934 laetitiam
2608 878 2726 933 oleo
2763 879 3054 949 signiﬁcari
3098 881 3368 932 arbitror:
3394 877 3530 932 Pro-

276 994 310 1032 ιι
338 993 492 1033 sacro
519 978 730 1048 eloquio
763 993 988 1048 regnum
1029 979 1286 1034 cmlorum
1318 995 1557 1050 praesens
1597 977 1840 1032 Ecclesia
1926 979 2103 1041 pterea
2120 972 2266 1025 unxit
2287 981 2354 1036 te,
2381 971 2575 1041 inquit,
2601 970 2740 1023 Deus
2770 970 2910 1023 Deus
2935 980 3054 1023 tuus
3079 969 3189 1022 olco
3215 969 3528 1039 lmtitiar,qul

257 1069 468 1134 dicitur,
496 1069 563 1124 de
596 1087 702 1140 quo
745 1079 801 1126 et
847 1069 953 1126 alio
999 1071 1118 1126 loco
1167 1073 1426 1127 Dominus
1480 1072 1644 1126 dicit:
1673 1071 1841 1125 Mittet

231 1151 395 1214 Filius
418 1162 643 1216 hominis
668 1161 879 1233 angelos
902 1180 1048 1229 suos,
1078 1171 1127 1218 et
1153 1163 1393 1234 colligent
1422 1163 1485 1218 de
1513 1180 1666 1232 regno
1704 1162 1840 1232 ejus,

257 1251 310 1306 id
337 1261 440 1319 est,
464 1254 528 1308 de
552 1256 804 1324 praesenti
829 1255 1071 1310 Ecclesia
1102 1256 1282 1310 omnia
1317 1254 1587 1310 scandala.
1613 1254 1764 1310 Unde
1789 1261 1844 1308 et

257 1341 384 1397 alibi
409 1342 541 1398 dicit
566 1363 578 1398 :
607 1343 710 1410 Qui
755 1344 964 1399 solverit
998 1363 1158 1399 unum
1201 1345 1264 1398 de
1304 1345 1565 1398 mandatis
1613 1345 1751 1410 istis,
1795 1354 1843 1399 et

256 1435 491 1491 docuerit
538 1438 613 1491 sic
655 1439 910 1504 homines,
969 1439 1216 1493 minimus
1265 1439 1536 1492 vocabitur
1583 1437 1638 1491 in
1690 1454 1844 1508 regno

257 1524 505 1580 calorum
551 1526 769 1598 (Matth.
854 1529 942 1596 v),
970 1529 1023 1583 id
1069 1538 1174 1596 est,
1217 1529 1268 1583 in
1304 1529 1566 1584 Ecclesia.
1612 1529 1754 1600 Ergo
1793 1535 1848 1583 et

256 1617 347 1672 hic
370 1617 424 1672 in
455 1620 641 1673 decem
675 1620 974 1690 virginibus
1014 1635 1250 1689 praesens
1294 1620 1538 1691 signatur
1579 1619 1843 1674 Ecclesia.

256 1709 313 1763 lu
340 1708 579 1779 quinque
603 1719 780 1765 autem
812 1711 1056 1781 corporis
1084 1711 1352 1777 sensibus,
1370 1711 1709 1781 unusquiquc
1725 1712 1848 1766 sub-

1943 1074 2243 1118 autemnon
2265 1071 2546 1132 propterea
2568 1062 2782 1132 gaudet,
2797 1062 2923 1131 quia
2944 1060 3053 1116 Deo
3077 1061 3400 1116 intrinsecus
3420 1062 3535 1130 pla-

1945 1161 2052 1218 cet,
2083 1169 2189 1207 non
2221 1155 2384 1207 habet
2409 1153 2587 1206 oleum
2617 1167 2824 1206 secum.

2011 1244 2117 1299 Per
2145 1243 2322 1298 oleum
2353 1243 2570 1312 quippe,
2590 1241 2734 1294 nitor
2754 1238 2938 1310 gloria:
2950 1238 3283 1308 designatur.
3299 1240 3534 1296 Vascuta

1945 1341 2146 1396 autem,
2173 1340 2356 1386 nostra
2378 1341 2503 1386 sunt
2529 1330 2714 1395 corda,
2742 1330 2796 1384 in
2839 1329 3038 1400 quibus
3073 1329 3299 1384 ferimus
3338 1339 3532 1384 cuncta

1945 1437 2065 1493 qua:
2092 1422 2411 1492 cogitamus.
2445 1420 2633 1475 Fatua:
2649 1429 2839 1474 autem
2869 1419 3108 1491 virgines
3131 1419 3307 1474 oleum
3349 1434 3533 1473 secum

1946 1530 2053 1569 non
2099 1520 2335 1577 sumunt,
2373 1511 2498 1580 quia
2537 1511 2758 1582 gloriam
2808 1511 2951 1564 intra
2993 1509 3378 1565 conscientiam
3427 1523 3536 1564 non

1946 1606 2168 1667 habent,
2195 1604 2322 1675 quia
2370 1602 2685 1673 plerumque
2710 1600 2848 1656 bona
2876 1601 2928 1654 in
2959 1614 3017 1654 se
3044 1613 3228 1672 opera,
3259 1615 3382 1654 cum
3420 1598 3531 1654 ele-

1947 1697 2049 1752 ctis
2076 1703 2131 1752 et
2164 1695 2408 1766 reprobis
2431 1693 2741 1760 ostendunt,
2774 1691 2868 1747 sed
2896 1692 2994 1748 soli
3035 1693 3102 1747 ad
3144 1707 3398 1762 sponsum
3441 1705 3538 1746 ve-

257 1801 418 1855 sistit.
451 1800 768 1857 Gcminatus
798 1811 979 1857 autem
1002 1802 1283 1872 quinarius
1309 1802 1588 1857 denarium
1611 1801 1844 1871 perficit.

1966 1791 2105 1844 riunt
2137 1805 2260 1845 cum
2298 1789 2437 1854 oleo,
2463 1787 2554 1858 qui
2583 1788 2648 1842 de
2676 1786 2763 1843 his
2796 1803 2916 1857 quae
2955 1787 3088 1842 foris
3137 1787 3349 1856 egerint
3389 1787 3537 1842 intus

260 1889 327 1944 Et
345 1891 471 1960 quia
494 1905 558 1943 ex
583 1898 813 1974 utroque
833 1907 963 1946 sexu
986 1891 1224 1946 ﬁdelium
1238 1891 1528 1946 multitudo
1549 1891 1844 1962 colligitur,

257 1985 443 2038 sancta
479 1983 722 2038 Ecclesia
743 1983 926 2038 decem
945 1981 1244 2056 virginibus
1259 1983 1452 2040 similis
1474 1985 1842 2050 denuntiatur,

259 2077 313 2131 in
338 2093 442 2146 qua
470 2075 595 2146 quia
615 2076 742 2132 mali
764 2092 888 2132 cum
926 2078 1101 2143 bonis,
1140 2086 1196 2132 et
1239 2077 1454 2148 reprobi
1493 2093 1617 2132 cum
1658 2076 1846 2134 electis

258 2169 484 2224 admixti
508 2175 656 2233 sunt,
685 2175 834 2222 recte
860 2167 1051 2223 similis
1086 2167 1385 2229 virginibus
1417 2167 1773 2237 prudentibus
1793 2174 1849 2222 et

259 2259 421 2313 t'..tuis
448 2274 567 2314 esse
587 2258 921 2329 perhibetur.
1705 2267 1710 2273 '

333 2347 572 2418 Quinque
599 2358 772 2402 autem
796 2364 860 2402 ex
882 2364 956 2402 eis
979 2358 1127 2402 erant
1159 2345 1342 2418 fatucc,
1369 2357 1416 2401 et
1455 2346 1684 2419 quinque
1720 2362 1848 2418 pru-

261 2440 460 2496 dentes.
493 2439 756 2495 Videntur
777 2440 959 2511 itaque
1019 2439 1150 2495 mihi
1218 2439 1457 2510 quinque
1491 2438 1730 2509 virgines
1775 2437 1850 2493 si-

261 2531 541 2604 gnificare,
565 2532 803 2602 quinque
832 2531 1089 2600 partitam
1127 2529 1518 2586 continentiam
1563 2529 1746 2584 carnis
1788 2528 1852 2583 il-

262 2624 511 2681 lecebris.
560 2625 930 2682 Continendus
979 2635 1062 2681 est
1113 2626 1258 2681 enim
1303 2625 1469 2680 animi
1525 2629 1849 2696 appetitusa

261 2713 534 2784 voluptate
562 2716 865 2781 oculorum,
895 2731 926 2769 a
949 2714 1223 2786 voluptate
1249 2714 1486 2779 aurium,
1520 2730 1549 2768 a
1578 2713 1852 2784 voluptate

262 2806 866 2880 olfaciendi,gustandi,
920 2808 1196 2880 tangendi,
1251 2808 1343 2862 sed
1386 2807 1511 2878 quia
1559 2808 1661 2863 ista
1716 2823 1851 2863 con-

248 2899 487 2955 tinentia
507 2901 703 2970 partim
728 2915 909 2955 coram
940 2897 1050 2953 Deo
1080 2896 1161 2966 lit,
1215 2907 1276 2953 ut
1329 2898 1403 2953 illi
1443 2899 1720 2969 placentur
1767 2899 1854 2954 in-

263 2988 452 3043 teriori
489 2989 686 3060 gaudio
729 2988 1097 3052 continentiae,
1141 2987 1343 3059 partim
1392 3002 1577 3043 coram
1625 2987 1856 3042 immini-

263 3081 366 3135 bus
391 3089 620 3146 tantum,
649 3090 709 3136 ut
733 3080 901 3152 gloria
931 3081 1165 3135 humana
1197 3080 1460 3150 capiatur.
1493 3079 1740 3151 Quinque
1774 3080 1857 3134 di-

1947 1882 2173 1955 gloriam
2201 1880 2505 1949 requirunt,
2527 1879 2668 1934 unde
2704 1895 2802 1950 per
2838 1877 3180 1932 Psalmistam
3221 1891 3435 1946 quoque
3470 1878 3538 1932 de

1945 1983 2132 2030 sancta
2153 1973 2446 2028 electorum
2478 1970 2718 2026 Ecclesia
2742 1969 2940 2025 dicitur
2969 1987 2983 2024 :
3010 1967 3194 2024 Omnis
3230 1967 3400 2037 gloria
3420 1968 3537 2038 ejus

1945 2064 2073 2135 [ilice
2113 2064 2248 2134 regis
2276 2063 2416 2116 intus
2448 2059 2673 2134 (Psalm.
2695 2058 2862 2132 xuv).

2019 2153 2309 2209 Prudentes
2329 2170 2446 2208 vero
2473 2162 2781 2222 acceperunt
2813 2149 2981 2204 oleum
3003 2150 3057 2203 in
3084 2149 3218 2204 vasis
3265 2149 3373 2204 suis
3415 2164 3535 2202 cum

1947 2244 2298 2318 lampadibus.
2344 2242 2555 2298 Laetitia
2599 2243 2862 2298 bonorum
2898 2255 3120 2310 operum
3159 2239 3212 2293 in
3263 2239 3424 2293 corde
3457 2246 3540 2292 at-

1949 2357 2056 2412 que
2089 2339 2418 2396 conscientia
2453 2343 2767 2408 posuerunt.
2792 2334 2884 2389 Sic
2911 2341 2966 2388 et
3000 2331 3289 2402 Apostolus
3315 2340 3534 2386 monet:

1953 2427 2142 2486 Probet
2173 2439 2344 2483 autem
2370 2445 2424 2482 se
2463 2429 2639 2493 homo,
2685 2425 2881 2496 inquit,
2909 2431 2965 2479 et
2995 2431 3122 2478 tunc
3161 2423 3216 2477 in
3243 2422 3538 2492 semetipso

1951 2521 2174 2580 habebit
2209 2519 2453 2592 gloriam,
2484 2526 2538 2574 et
2558 2533 2664 2572 nom
2697 2517 2750 2571 in
2781 2516 2974 2570 altero.

2025 2609 2133 2686 (Ex
2155 2609 2309 2681 Greg.
2333 2610 2351 2681 )
2373 2609 2674 2664 Prudentes
2695 2608 2872 2662 oleum
2901 2607 2952 2661 in
2975 2606 3119 2659 vasis
3161 2603 3385 2668 habent,
3415 2602 3542 2672 quia

1953 2703 2185 2760 nitorem
2217 2702 2401 2774 gloria:
2441 2701 2584 2754 intra
2632 2698 3022 2754 conscientiam
3077 2695 3330 2758 retinent,
3369 2693 3537 2748 Paulo

1956 2803 2269 2860 attestante,
2296 2793 2388 2863 qui
2423 2793 2497 2846 ait
2529 2788 2750 2846 :Gloria
2794 2801 2996 2855 nostra,
3038 2789 3149 2843 haec
3197 2797 3272 2842 est
3312 2788 3546 2842 testimo-

1956 2889 2102 2943 nium
2132 2883 2459 2940 conscientia:
2495 2890 2708 2937 nostra.

1961 2977 1966 2982 ’
2028 2976 2238 3032 Moram
2269 2984 2442 3029 autem
2485 2973 2706 3043 faciente
2749 2986 2936 3040 sponso
2989 2969 3400 3022 dormitavcrunt
3435 2975 3532 3021 om’

1959 3090 2070 3139 nes,
2100 3083 2147 3125 et
2172 3067 2517 3123 dormierunt.
2550 3063 2652 3134 (Ex
2693 3059 2959 3132 August.)
2997 3059 3195 3114 Omnes
3234 3057 3360 3112 dicit
3385 3058 3542 3126 :quia

266 3181 463 3228 cuntur
487 3151 783 3243 sapientes,
807 3181 863 3228 et
887 3173 1124 3243 quinque
1169 3171 1370 3238 stultaz,
1402 3180 1647 3242 utrmque
1678 3181 1856 3228 tamen

1966 3182 2028 3222 ex
2051 3173 2280 3232 utroque
2303 3174 2498 3231 genere
2527 3156 2916 3212 continentium
2951 3153 3248 3214 hominum,
3293 3151 3406 3204 sive
3449 3165 3545 3204 (ιο-

266 3262 525 3334 virgines,
554 3263 681 3334 quia
719 3272 948 3333 utraque
976 3262 1308 3318 continentia
1344 3268 1449 3328 est,
1481 3264 1730 3333 quamvis
1775 3263 1856 3318 di-

267 3369 425 3412 verso
447 3355 634 3411 fomite
656 3356 905 3427 gaudeat.

340 3447 492 3504 llanc
528 3449 842 3520 parabolam
900 3449 1087 3505 decem
1140 3447 1410 3520 virginum
1458 3447 1728 3503 fatuarum
1780 3456 1859 3502 at-

270 3556 375 3611 que
427 3543 795 3611 prudentium,
837 3542 1055 3612 quidam
1099 3541 1416 3612 simpliciter
1460 3540 1514 3595 in
1562 3539 1858 3609 virginibus

272 3632 715 3703 interpretantur.
776 3631 1015 3702 Quarum
1077 3634 1196 3688 aliae
1231 3629 1388 3702 juxta
1437 3631 1777 3702 Apostolum,
1807 3640 1862 3686 et

271 3737 500 3795 corpore
531 3731 586 3778 et
622 3733 802 3779 mente
846 3734 972 3780 sunt
1009 3724 1247 3796 virgines
1276 3743 1289 3778 :
1319 3725 1438 3780 alia:
1495 3724 1860 3796 virginitatem

274 3824 479 3871 tantum
548 3831 836 3888 corporum
894 3825 1260 3882 reservantes,
1301 3817 1387 3872 vel
1441 3826 1636 3872 extera
1697 3832 1860 3886 opera

273 3921 380 3959 non
409 3905 609 3960 habent
645 3907 921 3976 proposito
949 3920 1046 3960 suo
1071 3904 1288 3970 similia,
1327 3905 1413 3959 vel
1452 3916 1735 3976 parentum
1773 3920 1864 3958 cu-

275 4002 450 4056 studia
478 4011 810 4069 reservante,
837 4001 1188 4058 nihilominus
1209 4009 1389 4056 mente
1405 4008 1702 4071 nupserunt
1727 4018 1738 4052 :
1766 3999 1862 4054 sed

274 4093 406 4148 mihi
453 4094 684 4161 videtur,
738 4111 843 4150 non
889 4095 956 4149 ad
1013 4092 1296 4163 virginalia
1358 4108 1606 4163 corpora,
1649 4090 1744 4146 sed
1794 4091 1862 4145 ad

273 4198 435 4241 omne
464 4187 742 4240 hominum
769 4201 938 4256 genus
960 4199 1057 4254 per
1085 4183 1546 4253 comparationem
1566 4181 1860 4252 pertinere,

277 4286 384 4329 tam
419 4275 818 4330 ecclesiasticos
861 4290 1024 4344 quam
1064 4272 1278 4328 Iudaeos
1336 4281 1501 4342 atque
1551 4272 1861 4337 haereticos,

275 4365 368 4435 qui
397 4365 600 4419 idcirco
621 4364 861 4434 virgines
904 4364 1264 4434 appellantur,
1306 4364 1432 4434 quia
1474 4364 1527 4418 in
1572 4363 1730 4417 unius
1768 4362 1862 4418 Det

276 4455 466 4510 notitia
495 4453 809 4527 gloriantur.

1956 3275 2077 3315 rum
2116 3259 2209 3330 qui
2240 3257 2306 3312 de
2345 3257 2488 3312 bono
2520 3267 2618 3308 suo
2658 3266 2822 3320 opere
2870 3249 2978 3304 Deo
3014 3249 3258 3304 tribuunt
3289 3247 3540 3318 gloriam,

1959 3351 2072 3407 sive
2098 3364 2284 3405 eorum
2313 3347 2406 3416 qui
2460 3347 2514 3400 in
2555 3341 2804 3398 laudibus
2851 3339 3131 3395 hominum
3167 3339 3544 3408 acquiescunt,

1959 3440 2265 3496 moriuntur
2292 3437 2396 3491 hoc
2430 3430 2715 3488 intervallo
2758 3429 3038 3498 temporis,
3090 3427 3261 3484 donec
3306 3427 3404 3482 sub
3451 3427 3548 3481 ad-

1957 3537 2121 3586 ventu
2151 3526 2387 3590 Domini,
2410 3524 2503 3579 ﬁat
2528 3522 2851 3579 resurrectio
2873 3527 3225 3575 mortuorum.

2032 3641 2139 3714 (Ea:
2171 3637 2360 3709 Greg.)
2385 3637 2525 3691 Dum
2551 3635 2738 3692 venire
2760 3631 2933 3688 Judex
2959 3631 3026 3686 ad
3064 3639 3367 3686 extremum
3404 3628 3552 3700 judio

1962 3737 2106 3790 cium
2139 3731 2341 3795 differt,
2373 3729 2531 3785 electi
2578 3736 2634 3784 et
2661 3725 2878 3797 reprobi
2923 3724 2976 3779 in
3013 3724 3208 3780 mortis
3244 3737 3434 3778 somno
3463 3736 3552 3779 εον

1961 3823 2205 3893 piuntur.
2258 3823 2508 3877 Dormire
2557 3821 2759 3875 etenim
2805 3819 2946 3874 mori
2995 3822 3101 3882 est,
3149 3827 3274 3870 ante
3299 3831 3548 3872 somnum

1961 3929 2093 3968 vero
2132 3913 2448 3977 dormitare,
2495 3920 2581 3966 est
2627 3918 2752 3964 ante
2792 3917 3019 3968 mortem
3051 3922 3082 3962 a
3108 3906 3282 3964 salute
3310 3905 3554 3978 langues-

1962 4021 2109 4070 cere,
2157 4004 2284 4072 quia
2335 4017 2434 4074 per
2479 4003 2691 4072 pondus
2728 3999 3062 4070 aegritudinis
3135 3999 3450 4068 pervenitur
3484 3999 3551 4055 ad

1963 4109 2211 4152 somnum
2267 4093 2478 4148 mortis.
2536 4090 2944 4159 Consequenter
2981 4098 3164 4144 autem
3201 4089 3402 4146 dicitur
3426 4089 3554 4145 dor-

1963 4186 2218 4250 mierunt,
2249 4183 2374 4252 quia
2398 4190 2588 4252 postea
2617 4181 2913 4236 suscitandi
2939 4188 3087 4235 sunt.

2035 4275 2214 4329 Media
2247 4283 2422 4328 autem
2471 4281 2658 4338 nocte,
2681 4279 2788 4326 etc.
2836 4270 2937 4341 (Ex
2968 4269 3165 4341 Greg.)
3203 4270 3279 4325 De
3319 4271 3553 4327 adventu

1965 4367 2145 4438 sponsi
2176 4366 2378 4421 clamor
2410 4365 2464 4420 in
2491 4363 2689 4418 'media
2734 4369 2893 4417 nocte
2941 4361 3020 4427 lit,
3060 4363 3187 4431 quia
3210 4361 3290 4416 sic
3325 4361 3440 4417 dies
3467 4363 3556 4433 ju-

1965 4461 2092 4516 dicii
2129 4458 2394 4528 subrepit,
2429 4465 2488 4514 ut
2514 4455 2795 4528 prmvideri
2819 4471 2924 4511 non
2970 4455 3168 4521 valeat,
3203 4456 3431 4525 quando
3463 4473 3558 4512 vet-

293 4545 296 4547 ⁴
351 4543 483 4610 Qua:
505 4545 813 4614 accipientes
835 4541 1101 4614 lampades
1142 4560 1286 4598 suas.
1343 4541 1644 4612 Lampades
1681 4551 1862 4598 autem
1888 4539 1941 4597 ἶ)
1969 4551 2068 4616 nit,
2092 4549 2290 4620 quippe
2322 4564 2445 4604 cum
2473 4549 2587 4618 ipse
2634 4548 2892 4602 Dominus
2929 4548 3109 4603 dicat:
3136 4547 3214 4601 De
3243 4547 3327 4602 die
3375 4557 3552 4604 autem

278 4646 424 4703 sunt,
447 4638 573 4708 quia
600 4637 847 4691 manibus
871 4644 1141 4691 testantur
1179 4651 1362 4706 Opera,
1399 4651 1518 4705 quae
1565 4635 1862 4692 secundum

278 4728 438 4782 istam
462 4726 850 4782 continentiam
880 4725 1014 4780 ﬁunt
1043 4745 1055 4780 :
1085 4726 1285 4781 dictum
1313 4735 1398 4782 est
1439 4735 1641 4793 autem,
1679 4736 1735 4781 ut
1783 4725 1866 4780 lu-

280 4827 431 4871 ceant
461 4834 616 4888 opera
643 4827 810 4871 vestra
838 4833 1016 4871 coram
1037 4818 1352 4872 hominibus.

353 4907 610 4962 Exierunt
640 4908 841 4963 obviam
870 4927 1059 4980 sponso
1080 4920 1127 4963 et
1157 4927 1380 4980 sponste.
1412 4911 1470 4966 lu
1501 4927 1698 4982 sponso
1721 4911 1864 4967 enim

284 5003 523 5065 nomine,
551 4999 799 5055 Christus
827 5000 1165 5071 intelligitur,
1191 5001 1257 5056 de
1286 5017 1394 5072 quo
1423 5001 1869 5074 Evangeliumdi-

285 5095 361 5148 cit
393 5111 406 5146 :
435 5092 557 5147 Non
577 5091 895 5164 jejunabunt
923 5094 1021 5164 ﬁlii
1059 5096 1252 5165 sponsi,
1277 5097 1641 5164 quandiucum
1675 5097 1778 5152 illis
1795 5107 1870 5153 est

284 5199 524 5253 sponsus.
555 5183 718 5254 Ergo,
749 5199 855 5238 non
886 5195 1114 5254 possunt
1133 5188 1226 5256 qui
1251 5185 1548 5242 Christiani
1577 5204 1684 5244 non
1719 5196 1865 5254 sunt,

287 5290 487 5345 sponso
513 5273 730 5331 Christo
757 5277 943 5332 venire
963 5276 1200 5332 obviam.
1248 5277 1426 5334 Unum
1473 5295 1670 5348 corpus
1709 5281 1869 5347 dixit,

287 5367 570 5436 utriusque
601 5381 784 5433 sexus,
818 5368 1001 5437 sponsi
1033 5377 1088 5423 et
1128 5383 1360 5438 sponsae,
1395 5369 1489 5424 sed
1513 5370 1640 5440 quid
1678 5370 1731 5426 in
1762 5371 1868 5426 Do-

289 5457 522 5522 minum,
551 5457 678 5525 quid
708 5457 760 5511 in
788 5456 1085 5513 Ecclesiam
1125 5459 1432 5516 conveniat.
1473 5460 1739 5515 rationem
1777 5476 1868 5516 co-

288 5547 622 5615 gnoscimus,
652 5549 793 5604 sicut
826 5549 984 5606 alibi:
1026 5549 1175 5606 Sicut
1222 5569 1410 5622 sponso
1452 5553 1695 5624 imposuit
1742 5554 1869 5608 mihi

293 5639 522 5707 mitram,
573 5650 622 5696 et
677 5643 813 5698 sicut
855 5659 1102 5714 sponsam
1151 5645 1353 5698 ornavit
1414 5661 1495 5699 me
1541 5655 1869 5701 ornamento.

294 5729 474 5786 Unum
504 5747 699 5804 corpus
728 5732 884 5802 dixit,
916 5732 970 5790 id
991 5741 1097 5800 est,
1137 5732 1412 5789 Christum
1458 5745 1512 5790 et
1553 5734 1868 5792 Ecclesiam.

1968 4641 2063 4696 illa
2092 4650 2139 4696 et
2161 4641 2292 4695 hora
2312 4656 2462 4694 nemo
2497 4641 2588 4694 scit
2614 4638 2830 4710 (Matth.
2851 4637 3016 4710 sxw).
3045 4639 3114 4694 Et
3135 4638 3427 4708 Apostolus
3446 4640 3554 4696 ait:

1968 4732 2094 4787 Dies
2121 4741 2294 4785 autem
2328 4731 2542 4785 Domini
2581 4741 2832 4802 tanquam
2859 4729 2947 4800 fur
2971 4731 3026 4785 in
3077 4740 3223 4785 nocte
3266 4731 3342 4786 ita
3390 4733 3556 4792 veniet

1973 4823 2025 4897 (Ι
2067 4823 2247 4878 Thess.
2270 4820 2356 4893 v).
2380 4821 2485 4878 Per
2517 4823 2830 4898 angelorum
2858 4823 3152 4878 clamorem
3171 4831 3226 4878 et
3241 4824 3399 4880 tubas
3421 4839 3560 4896 prte-

1974 4917 2279 4972 cedentium
2308 4916 2700 4982 fortitudinem,
2730 4915 2930 4972 Christi
2967 4914 3241 4970 resonavit
3271 4915 3562 4981 adventus,

1974 5009 2195 5064 traditio
2221 5007 2530 5064 Iudaeorum
2558 5016 2642 5063 est
2669 5007 2943 5064 Christum
2970 5007 3144 5063 media
3170 5016 3330 5063 nocte
3371 5017 3560 5064 ventu-

1974 5116 2095 5154 rum
2145 5099 2202 5154 in
2263 5100 2670 5173 similitudinem
2739 5098 2980 5170 Egyptii
3037 5099 3297 5170 temporis
3344 5099 3559 5171 quando

1972 5189 2180 5246 Pascha
2210 5190 2539 5245 celebratum
2591 5199 2694 5256 est,
2721 5198 2777 5246 et
2807 5191 3068 5261 sanguine
3099 5192 3219 5262 agni
3245 5201 3430 5264 postes
3442 5207 3570 5248 nos-

1973 5290 2182 5336 trorum
2231 5278 2491 5335 frontium
2543 5283 2843 5354 consecrati
2896 5289 3062 5336 sunt:
3101 5281 3252 5338 Unde
3291 5296 3414 5336 reor
3452 5289 3563 5336 trav.

1974 5370 2234 5426 ditionem
2266 5371 2614 5440 apostolicam
2640 5371 3023 5440 permansisse,
3047 5379 3107 5426 ut
3136 5371 3188 5426 in
3231 5371 3318 5426 die
3352 5370 3562 5440 vigilia-

1974 5477 2096 5518 rum
2116 5461 2360 5527 Paschaa,
2391 5470 2515 5515 ante
2541 5461 2716 5516 noctis
2744 5461 3001 5526 medium,
3034 5460 3260 5529 populos
3286 5458 3563 5515 dimittere

1974 5569 2082 5608 non
2104 5551 2284 5617 liceat,
2317 5551 2411 5607 sed
2435 5560 2815 5622 exspectantes
2857 5552 3144 5606 adventum
3178 5549 3378 5605 Christi
3418 5557 3564 5605 stent

1976 5646 2031 5700 in
2058 5645 2323 5702 Ecclesia.

2053 5739 2198 5793 Tunc
2245 5749 2606 5802 surrexerunt,
2655 5746 2760 5794 etc.
2795 5736 2898 5807 (Ex
2940 5735 3138 5810 Greg.)
3171 5735 3322 5794 Tunc
3370 5747 3564 5792 omnes
