3952 6442
412 267 518 326 5M
1623 255 1902 313 SMARAC
1912 256 1975 312 Dl

2109 255 2188 312 BA
2196 254 2303 312 TIS
3556 250 3671 309 552

410 376 649 448 virgines
676 378 919 445 surgunt,
948 368 1074 440 quia
1096 367 1251 424 electi
1279 374 1335 422 et
1363 364 1579 436 reprobi
1606 381 1638 419 a
1665 381 1981 421 somnosure
2009 370 2061 428 Α
2085 366 2315 435 receptis
2359 362 2462 419 illis
2484 404 2499 429 ,
2529 361 2622 434 qui
2659 369 2785 419 sunt
2813 361 2866 417 in
2908 358 3211 433 angelicam
3251 358 3415 416 vitam
3445 360 3667 415 mutati.

412 466 603 521 mortis
628 465 951 528 excitantur,
976 457 1250 530 lampades
1280 464 1499 522 ornant,
1531 455 1658 526 quia
1684 472 1779 510 sua
1804 470 1988 512 soCum
2093 456 2286 514 Omnes
2308 458 2446 513 enim
2478 472 2831 528 resurgemus,
2872 453 3074 524 inquit,
3118 452 3210 508 sed
3235 469 3341 508 non
3366 468 3543 506 omnes
3569 454 3673 508 int-

409 571 576 628 Opera
610 560 918 617 numerant,
952 566 1051 623 pro
1086 549 1280 620 quibus
1320 556 1577 605 aeternam
1600 546 1843 618 recipere
1863 546 1992 601 bea-

408 647 694 704 titudinem
732 650 1068 716 exspectant.

482 736 591 804 (Ea:
616 734 839 806 August.
869 731 1247 805 )Aptaverunt
1284 729 1561 801 lampades
1589 742 1736 794 suas,
1792 726 1847 783 id
1884 735 1989 807 est,

410 828 649 883 rationes
684 824 987 881 reddendas
1021 837 1247 892 operum
1291 836 1528 877 suorum.
1581 818 1808 888 Oportet
1846 818 1992 873 enim

410 936 510 976 nos
535 917 781 975 exhiberi
801 923 929 971 ante
979 913 1212 969 tribunal
1254 913 1476 974 Christi.
1506 919 1568 965 ut
1610 911 1721 965 illic
1766 909 1994 982 recipiat

411 1004 973 1078 unusquisque,un
1018 1004 1187 1077 gessit
1230 1003 1285 1058 in
1331 1017 1581 1073 corpore,
1627 1001 1742 1056 sive
1766 1000 1990 1070 bonum,

411 1101 527 1154 sive
561 1097 781 1153 malum.

484 1187 680 1242 Fatum
708 1195 881 1241 autem
921 1183 1239 1254 sapientibus
1273 1181 1520 1235 dixerunt
1544 1195 1562 1233 :
1588 1180 1725 1235 Date
1754 1178 1901 1237 nobis
1926 1179 1995 1235 de

413 1277 528 1333 oleo
563 1286 748 1342 vestro,
777 1275 901 1346 quia
934 1273 1200 1346 lampades
1231 1283 1423 1326 nostra
1444 1272 1872 1343 exstinguuntur.
1892 1271 1991 1344 (Ex

415 1366 624 1440 Greg.)
671 1366 807 1435 Quid
857 1374 943 1421 est
983 1373 1163 1420 autem
1188 1364 1349 1435 ,quod
1390 1373 1514 1419 tunc
1566 1379 1599 1418 a
1641 1363 1996 1434 prudentibus

411 1459 590 1515 oleum
634 1466 828 1529 petunt
868 1456 972 1514 nisi
1018 1456 1161 1527 quod
1195 1456 1248 1510 in
1276 1456 1510 1512 adventu
1532 1456 1755 1527 iudicis,
1785 1473 1907 1515 cum
1936 1472 1998 1515 se

413 1551 560 1608 intus
581 1566 780 1606 vacuas
803 1550 1130 1614 invenerint,
1159 1548 1526 1604 testimonium
1560 1547 1694 1603 foris
1727 1555 1995 1621 quierunt.

411 1643 493 1699 Ac
520 1643 565 1699 si
594 1657 626 1697 a
650 1656 749 1697 sua
790 1640 985 1695 ﬁducia
1022 1639 1294 1711 deceptae,
1327 1636 1591 1710 proximis
1617 1637 1833 1705 dicant,
1870 1636 1997 1707 quia

2089 548 2411 603 mutabimur
2444 545 2496 619 (Ι
2531 543 2654 603 Cor.
2683 546 2795 618 xv).
2834 544 3062 602 Clausus
3095 544 3275 602 aditus
3304 558 3532 618 regnum
3557 556 3672 600 cae-

2090 637 2267 694 lorum
2298 657 2311 693 :
2340 637 2455 693 Non
2490 636 2634 693 enim
2661 644 2783 706 post
2811 632 3077 704 judicium
3104 641 3254 704 patet
3279 647 3501 704 precum
3520 671 3536 697 ,
3577 640 3676 688 aut

2091 726 2406 782 meritorum
2426 725 2578 780 locus
2600 742 2612 777 :
2635 722 2679 779 Ο
2708 723 2753 779 si
2776 737 2967 794 sapere
2990 722 3042 776 in
3066 721 3246 775 cordis
3265 718 3445 791 palato
3464 718 3637 790 possit
3652 757 3671 785 ,

2090 816 2220 887 quid
2245 814 2619 871 admirationis
2630 815 2793 869 habet
2808 855 2823 880 ,
2839 813 2988 883 quod
3001 812 3219 878 dicitur,
3241 812 3391 867 venit
3408 809 3675 882 sponsus?

2044 939 2047 942 ν
2092 908 2221 978 quid
2243 906 2576 962 dulcedinis?
2598 907 2936 961 Intraverunt
2955 921 3076 961 cum
3099 918 3163 959 eo
3191 904 3260 959 ad
3285 904 3520 974 nuptias,
3542 901 3675 974 quid

2092 1000 2508 1055 amaritudinis?
2533 999 2602 1053 Et
2631 998 2813 1055 clausa
2841 1007 2914 1053 est
2929 998 3123 1072 janua.
3152 996 3363 1064 Quanta
3389 1009 3519 1051 vero
3544 1003 3677 1052 tunc

2092 1091 2201 1147 erit
2223 1091 2519 1150 electorum
2542 1091 2753 1156 laetitia,
2793 1091 2885 1163 qui
2915 1090 2981 1146 de
3017 1090 3135 1159 eius
3159 1098 3440 1148 merentur
3466 1089 3677 1149 visione

2093 1181 2349 1253 gaudere,
2386 1197 2511 1237 cum
2541 1197 2606 1237 eo
2632 1182 2790 1237 simul
2823 1183 2889 1237 ad
2913 1182 3131 1252 nuptias
3163 1181 3387 1246 intrare,
3416 1180 3509 1253 qui
3537 1189 3593 1236 et
3618 1179 3675 1237 in

2095 1272 2278 1334 sponsi
2315 1273 2532 1346 nuptias
2559 1272 2826 1345 gaudent,
2866 1280 2921 1327 et
2949 1281 3128 1327 tamen
3160 1266 3261 1344 ipsi
3292 1280 3419 1326 sunt
3454 1285 3675 1344 sponsa,

2095 1363 2222 1433 quia
2252 1362 2306 1417 in
2336 1363 2427 1420 illo
2471 1374 2676 1418 aeterno
2716 1364 2867 1437 regni
2915 1362 3184 1430 thalamo,
3230 1361 3427 1419 visioni
3475 1371 3678 1418 nostra;

2096 1456 2239 1512 Deus
2260 1456 2626 1528 coniungitur,
2651 1456 2744 1529 qui
2767 1456 2978 1511 scilicet
3007 1455 3145 1511 visio
3171 1469 3447 1536 nunquam
3471 1453 3526 1512 in
3551 1469 3679 1527 per-

2097 1560 2319 1621 petuum
2343 1549 2544 1606 amoris
2575 1550 2655 1606 sui
2681 1550 3019 1621 amplexibus
3039 1549 3321 1605 evellatur.
3347 1547 3500 1606 Tunc
3526 1548 3681 1620 regni

2093 1640 2259 1712 ianua
2290 1642 2594 1713 lugentibus
2621 1642 2919 1709 clauditur,
2951 1658 3072 1714 qua:
3100 1626 3259 1698 modo
3292 1632 3683 1713 paenitentibus

412 1748 512 1790 nos
537 1731 691 1804 quasi
715 1731 835 1786 sine
855 1744 1017 1802 opere
1045 1727 1231 1800 repelli
1258 1727 1595 1797 conspicitis,
1618 1722 1781 1782 dicite
1810 1724 1877 1782 de
1899 1741 1997 1781 no-
2023 1711 2071 1770 Β
2098 1711 2337 1802 quotidie
2352 1711 2625 1804 aperitur.
2659 1731 2778 1789 Erit
2803 1711 3036 1801 namque
3063 1740 3192 1788 tunc
3217 1711 3557 1805 ptenitentia,
3582 1730 3682 1786 sed

411 1825 543 1883 stris
562 1821 840 1894 operibus,
870 1820 1001 1892 quid
1024 1818 1272 1873 vidistis?
1301 1816 1409 1872 Sed
1428 1815 1705 1886 lampades
1726 1814 1998 1871 fatuarum

413 1915 686 1989 virginum
703 1912 1147 1983 exstinguuntur,
1170 1909 1297 1980 quia
1313 1924 1503 1965 earum
1521 1922 1684 1979 opera
1713 1923 1834 1978 quae
1853 1906 2000 1962 clara

417 2007 728 2064 hominibus
752 2003 900 2059 foras
929 2007 1328 2074 apparuerunt,
1362 2000 1415 2055 in
1440 2000 1673 2055 adventu
1696 1997 1899 2071 iudicis
1918 1997 2002 2054 in-

417 2106 504 2155 tus
538 2097 923 2160 obscurantur,
957 2100 1014 2148 et
1052 2091 1122 2147 ad
1147 2089 1561 2145 retributionem
1604 2104 1711 2145 non
1750 2089 1996 2155 veniunt,

412 2187 542 2261 quia
571 2201 679 2257 .pro
707 2184 788 2240 eis
824 2190 1148 2255 receperunt
1189 2181 1258 2237 ab
1283 2179 1592 2236 hominibus
1614 2179 1804 2237 laudes
1821 2218 1838 2247 ,
1864 2194 2001 2251 quas

414 2286 758 2335 amaverunt.

488 2371 597 2444 (Ea:
623 2367 865 2441 Hieron.)
888 2366 1019 2441 Qua:
1037 2365 1314 2438 lampades
1335 2380 1461 2422 suas
1485 2373 1802 2436 quaeruntur
1826 2365 2000 2422 extin-

416 2465 528 2535 gui,
557 2466 915 2523 ostenderunt
945 2477 1040 2518 eas
1069 2477 1136 2518 ex
1161 2469 1319 2532 parte
1353 2459 1553 2526 lucere,
1585 2466 1641 2513 et
1668 2466 1851 2514 tamen
1890 2474 2001 2515 non

415 2557 622 2617 habere
668 2555 848 2609 lumen
890 2552 1236 2619 indeiiciens,
1283 2567 1382 2606 nee
1416 2564 1579 2621 opera
1616 2559 1895 2620 perpetua.
1943 2546 2000 2604 Si

416 2644 540 2716 quis
568 2643 734 2714 igitur
785 2642 949 2699 habet
981 2641 1218 2696 animam
1250 2637 1573 2710 virginalem
1617 2646 1673 2693 et
1699 2645 2000 2693 amatorem

417 2730 715 2807 pudicitia,
734 2746 840 2786 non
854 2729 1016 2786 debet
1035 2728 1397 2785 mediocribus
1416 2743 1536 2784 esse
1552 2736 1856 2796 contentus,
1881 2742 2003 2798 qua:

419 2821 530 2876 cito
541 2820 874 2887 exolescunt,
904 2829 958 2877 et
978 2827 1166 2875 exorto
1191 2828 1438 2875 caumate
1465 2819 1722 2884 areliunt,
1744 2818 1840 2874 sed
1878 2834 2003 2889 per-

409 2910 588 2983 iectas
598 2912 827 2968 virtutes
838 2917 1180 2982 sequatur,ut
1192 2909 1371 2965 lumen
1384 2909 1579 2965 habeat
1593 2909 1760 2980 scmpi
1768 2918 1998 2966 ternum.

490 3000 882 3072 Responderunt
903 3001 1203 3073 prudentes,
1219 3000 1447 3054 dicentes
1468 2998 1587 3054 :Ne
1609 2999 1744 3071 forte
1763 3016 1867 3056 non
1886 3000 2001 3070 suf-

2099 1821 2372 1877 fructucsa
2390 1817 2502 1888 iam
2526 1834 2631 1875 non
2652 1819 2779 1886 erit,
2799 1819 2925 1891 quia
2950 1835 3289 1890 nequaquam
3314 1829 3440 1873 tunc
3460 1810 3679 1887 veniam

2100 1911 2327 1977 invenit,
2353 1910 2446 1983 qui
2472 1909 2632 1966 modo
2656 1919 2839 1979 aptum
2860 1910 3083 1966 veniens
3114 1918 3326 1983 tempus
3350 1908 3548 1982 perdit.
3614 1904 3647 1961 ”,

2173 2002 2468 2058 Novissime
2496 2017 2617 2058 vero
2647 2001 2858 2055 ueniunt
2895 2010 2944 2056 et
2978 1999 3191 2074 reliqua:
3216 2000 3464 2071 virgines,
3503 1997 3677 2051 dicen-

2100 2102 2175 2149 tes
2199 2109 2217 2148 :
2246 2091 2488 2154 Domine,
2513 2090 2758 2157 Domine,
2782 2093 2926 2162 aperi
2950 2092 3117 2146 nobis.
3152 2089 3252 2164 (Ex
3283 2088 3490 2163 Hiero.)
3507 2088 3678 2161 Egbe-

2100 2182 2189 2255 gia
2216 2181 2435 2253 quidem
2465 2180 2520 2236 in
2546 2180 2760 2236 Domini
2784 2180 3144 2252 appellatione
3170 2179 3438 2236 confessio
3455 2219 3472 2245 ,
3511 2178 3668 2234 idem-

2099 2286 2207 2344 que
2244 2273 2531 2345 repetitum
2569 2272 2829 2328 indicium
2861 2271 2986 2328 ﬁdei
3027 2279 3141 2340 est,
3183 2271 3277 2327 sed
3306 2271 3434 2347 quid
3459 2269 3678 2348 prodest

2100 2377 2232 2419 voce
2254 2364 2538 2429 invocare,
2571 2378 2733 2434 quem
2752 2363 3008 2434 operibus
3037 2380 3220 2436 neges.

2174 2450 2283 2528 (Ex
2312 2454 2492 2529 Greg.)
2523 2455 2600 2510 lbi
2622 2453 2735 2524 iam
2766 2470 2799 2509 a
2824 2455 2935 2510 Deo
2963 2470 3069 2510 non
3100 2462 3277 2530 potest
3314 2452 3509 2515 mereri
3536 2452 3679 2531 quod

2101 2546 2258 2618 petit,
2282 2546 2374 2618 qui
2400 2546 2490 2602 hic
2513 2546 2688 2602 noluit
2709 2544 2899 2602 audire
2915 2586 2931 2612 ,
2957 2545 3102 2616 quod
3126 2545 3310 2622 jussit.
3343 2544 3445 2620 Qui
3471 2552 3679 2619 tempus

2103 2654 2405 2711 congruum
2438 2638 2771 2709 pmnitentia:
2805 2639 3079 2713 perdidit,
3126 2637 3328 2701 frustra
3365 2645 3489 2696 ante
3529 2634 3680 2708 regni

2096 2728 2322 2800 ianuam
2354 2745 2477 2786 cum
2506 2729 2757 2801 precibus
2781 2730 2955 2788 venit.
3146 2724 3149 2727 ’

2176 2819 2285 2894 (Ex
2323 2819 2483 2894 Aug.)
2514 2820 2631 2881 Non
2659 2821 2862 2882 dictum
2893 2828 3009 2888 est,
3037 2821 3180 2891 quod
3218 2819 3449 2877 emerint
3475 2818 3681 2885 oleum,

2104 2921 2160 2969 et
2195 2913 2316 2969 ideo
2361 2912 2722 2992 intelligenda:
2755 2919 2882 2971 sunt
2918 2912 3068 2968 nullo
3109 2909 3223 2985 iam
3255 2917 3571 2971 remanente
3613 2908 3679 2967 de

2106 3004 2298 3062 alienis
2334 3004 2582 3063 laudibus
2624 3005 2849 3079 gaudio,
2903 3004 2958 3064 in
2984 3004 3246 3076 angustiis
3279 3011 3334 3059 et
3364 3002 3574 3079 magnis
3600 3000 3678 3059 ai.

412 3092 561 3169 ﬁciat
588 3092 736 3148 nobis
764 3102 813 3148 et
845 3094 1005 3148 vobis.
1034 3092 1137 3164 (Ex
1163 3090 1416 3165 August.)
1445 3076 1827 3164 Unusquisque
1847 3092 1994 3147 enim
2023 3084 2068 3149 C
2098 3094 2425 3153 dictionibus
2452 3076 2723 3151 redirewad
2758 3095 3190 3171 implorationem
3218 3093 3334 3159 Dei,
3366 3076 3465 3147 sed
3484 3107 3679 3164 magna

412 3195 515 3252 pro
540 3197 599 3238 se
628 3172 895 3237 rationein
928 3181 1137 3249 reddet,
1170 3195 1273 3236 nec
1302 3181 1410 3235 alio
1435 3179 1744 3236 testimonio
1768 3182 1997 3254 quisque

412 3269 700 3341 adiuvatus
734 3271 877 3344 apud
904 3269 1105 3336 Deum,
1140 3270 1228 3325 cui
1256 3276 1468 3329 secreta
1500 3268 1680 3325 cordis
1710 3279 1994 3353 apparent.

414 3360 484 3417 Et
512 3361 604 3415 vix
632 3361 731 3416 sibi
761 3361 987 3432 quisque
1014 3359 1236 3428 sufficit,
1261 3368 1322 3418 ut
1341 3360 1391 3414 ei
1421 3361 1792 3419 testimonium
1814 3362 1996 3433 perbi-

417 3453 547 3508 beat
571 3452 901 3509 conscientia
929 3467 1048 3507 sua.

486 3541 596 3618 (Ea:
624 3541 804 3615 Greg.)
830 3542 891 3597 In
922 3543 1014 3598 illo
1046 3542 1192 3598 enim
1221 3540 1338 3606 die,
1380 3540 1524 3612 quod
1560 3550 1742 3597 tamen
1779 3542 1847 3599 de
1873 3543 1997 3618 qui-

412 3633 645 3691 busdam
671 3632 725 3687 in
754 3646 887 3700 pace
906 3630 1160 3687 Ecclesiae
1185 3630 1591 3700 quiescentibus
1616 3629 1831 3701 loquor,
1865 3633 1998 3689 sibi-

420 3710 543 3781 met
569 3724 703 3796 ipsis
749 3722 1115 3778 testimonium
1167 3721 1591 3791 uniuscuiusque
1633 3722 1725 3777 vix
1777 3722 1994 3791 subicit,

416 3821 625 3887 quanto
647 3812 825 3869 minus
850 3820 907 3868 et
926 3811 1030 3867 sibi
1051 3819 1106 3867 et
1130 3812 1414 3882 proximo?
1438 3813 1528 3868 ubi
1555 3821 1609 3869 et
1631 3815 1881 3885 protinus
1898 3831 1998 3887 per

416 3902 842 3976 increpationem
878 3901 1135 3958 subdunt.

486 3993 571 4049 Ite
617 3994 789 4066 potius
830 3993 899 4048 ad
933 3993 1206 4048 uendentes
1245 4002 1295 4047 et
1334 3992 1488 4048 emite
1521 3993 1808 4066 vobis.(Ex
1827 3996 1994 4069 Aug.)

2099 3193 2186 3245 est
2203 3184 2319 3257 eius
2332 3188 2619 3251 severitas,
2639 3194 2762 3254 post
2785 3183 3070 3253 iudicium,
3097 3185 3250 3257 cuius
3273 3192 3398 3239 ante
3415 3182 3684 3253 iudicium

2101 3276 2389 3333 ineﬂ'abiiis
2419 3277 2789 3332 misericordia
2818 3284 3114 3348 praerogata
3154 3283 3257 3332 est.

2173 3368 2237 3422 At
2284 3367 2373 3422 ille
2401 3366 2716 3440 respondens
2763 3368 2837 3420 ait
2866 3382 2884 3421 :
2911 3367 3077 3421 Amen
3124 3364 3241 3419 dico
3289 3362 3452 3429 vobis,
3482 3363 3680 3419 nescio.

2105 3460 2203 3534 (Ex
2248 3456 2501 3533 Hieron.)
2533 3457 2694 3514 Novit
2729 3459 2992 3513 Dominus
3020 3457 3111 3528 qui
3143 3455 3262 3527 eius
3294 3462 3421 3510 sunt
3462 3452 3550 3526 (11
3592 3452 3684 3511 Ti-

2101 3552 2263 3608 moth.
2297 3551 2397 3625 ιι),
2441 3560 2498 3607 et
2543 3552 2633 3620 qui
2666 3550 2879 3622 ignorat
2917 3547 3254 3620 ignorabitur
3280 3546 3333 3625 (1
3374 3546 3498 3603 Cor.
3544 3544 3678 3618 xtv).

2099 3644 2286 3699 Nescit
2311 3644 2570 3698 Dominus
2593 3642 2876 3713 operarios
2905 3640 3236 3719 iniquitatis.

2173 3737 2296 3811 (Ea:
2323 3736 2518 3814 Greg.)
2545 3735 2743 3792 Preces
2767 3736 3031 3804 offerunt,
3065 3737 3158 3796 sed
3186 3737 3520 3809 nesciuntur,
3555 3735 3680 3812 quia

2100 3838 2231 3885 tunc
2262 3829 2409 3885 velut
2431 3829 2733 3904 incognitos
2761 3829 2904 3889 Deus
2927 3830 3161 3897 deserit,
3196 3844 3333 3907 quos
3371 3827 3529 3888 modo
3555 3843 3682 3884 suos

2097 3935 2197 3997 per
2221 3919 2345 3974 vita:
2371 3919 2625 3975 meritum
2652 3935 2758 3974 non
2779 3927 3055 3995 agnoscat.

2181 4008 2405 4081 Vigilate
2430 4011 2606 4082 itaque
2628 4011 2755 4082 quia
2787 4010 2998 4069 nescitis
3027 4010 3166 4071 diem
3198 4027 3360 4087 neque
3384 4009 3590 4070 lteram.
3620 4007 3679 4064 Si

415 4084 533 4140 Non
564 4082 849 4177 consilium
892 4083 1104 4139 dedisse
1137 4083 1389 4153 putandae
1432 4093 1592 4152 sunt;
1639 4088 1735 4143 sed
1762 4089 1994 4149 crimina
2097 4099 2266 4157 sciret,
2296 4101 2525 4172 quisque
2554 4100 2620 4157 de
2652 4101 2908 4175 pmnu
2939 4100 3157 4167 εκευιο,
3188 4082 3295 4172 qua
3318 4108 3558 4177 tempore
3585 4115 3680 4155 οι..
3714 4160 3725 4167 .

415 4191 603 4232 eorum
627 4190 696 4229 ex
720 4174 938 4244 obliquo
958 4188 1433 4230 commemorasse.

2097 4190 2222 4257 iret,
2252 4190 2394 4246 aliud
2428 4199 2641 4263 tempus
2666 4192 3033 4262 voluptatibus
3055 4200 3218 4263 atque
3245 4190 3390 4247 aliud
3409 4190 3677 4263 pmniten-

494 4267 617 4341 (Ex
653 4266 812 4339 Greg.
841 4266 860 4323 ὶ
891 4267 1213 4324 Venditores
1252 4268 1452 4341 quippe
1496 4269 1632 4337 olei,
1683 4269 1995 4329 adulatores

2109 4283 2187 4339 tiae
2211 4286 2397 4359 aptare
2428 4283 2713 4357 potuisset,
2753 4284 2848 4340 sed
2870 4283 2965 4357 qui
2998 4283 3333 4354 poenitentiae
3361 4282 3524 4338 vitam
3555 4294 3679 4359 spo-

417 4370 565 4429 sunt,
597 4361 689 4433 qui
717 4363 860 4417 enim
889 4371 1108 4433 accepta
1136 4366 1380 4437 qualibet
1425 4369 1599 4440 gratia
1625 4409 1640 4435 ,
1685 4371 1845 4424 vanis
1882 4369 1996 4423 suis
2021 4435 2067 4449 ﬁ
2095 4374 2287 4444 pendit
2341 4374 2623 4444 peccanti,
2672 4375 2815 4430 diem
2869 4374 3169 4431 crastinum
3238 4389 3346 4430 non
3401 4373 3670 4449 promisit.

418 4453 665 4508 laudibus
694 4453 924 4508 nitorem
963 4435 1451 4524 gloriae'otferunt,‘
1473 4459 1627 4529 quasi
1657 4459 1839 4514 oleum
1865 4474 1996 4513 ven-
2018 4435 2072 4496 Ῑ)
2097 4435 2466 4536 ὲθωρθτέτεο
2477 4435 2779 4523 extremum
2800 4465 2944 4526 diem
2965 4466 3225 4525 debemus
3238 4435 3674 4543 metuere,quem

417 4550 587 4611 dunt,
620 4544 686 4599 de
710 4559 817 4615 quo
854 4543 1095 4615 profecto
1124 4545 1244 4601 oleo
1269 4546 1559 4604 Psalmista
1596 4551 1730 4606 dicit
1761 4567 1775 4604 :
1808 4548 1996 4605 Oleum
2099 4570 2373 4625 nunquam
2400 4569 2685 4625 possumus
2710 4556 3029 4631 prtevidere.

421 4643 595 4689 autem
620 4636 931 4706 peccatoris,
954 4651 1057 4690 non
1092 4634 1376 4709 impinguet
1421 4650 1574 4710 caput
1623 4656 1795 4695 meum
1822 4641 1993 4715 (Psal.
2170 4645 2279 4719 (Ea:
2316 4645 2478 4719 Aug.)
2517 4645 2637 4703 Non
2678 4648 2839 4704 modo
2877 4648 3020 4704 illius
3043 4649 3220 4705 ultimi
3262 4649 3519 4720 temporis
3565 4665 3676 4725 quo

418 4728 567 4800 CXL).
2102 4747 2363 4795 venturus
2390 4748 2476 4795 est
2510 4756 2769 4811 sponsus,
2809 4742 2903 4797 sed
2935 4758 3046 4797 sua:
3078 4743 3305 4818 quisque
3335 4743 3673 4808 dormitionis

490 4818 632 4872 Dum
663 4827 836 4870 autem
861 4818 994 4870 irent
1020 4834 1202 4879 emere,
1244 4820 1376 4873 venit
1402 4838 1642 4891 sponsus,
1679 4831 1729 4878 et
1763 4841 1880 4897 qua:
1900 4843 1996 4896 ρας-
2099 4829 2242 4885 diem
2276 4838 2331 4885 et
2362 4831 2551 4885 horam
2594 4833 2787 4887 nescit.
2823 4831 3080 4903 Quisquis
3109 4841 3288 4890 autem
3314 4843 3533 4904 paratus
3566 4844 3670 4901 est,

422 4919 552 4964 ναίω
579 4917 727 4962 erant
755 4907 1075 4961 intraverunt
1105 4925 1223 4963 cum
1245 4926 1305 4963 eo
1339 4911 1408 4963 ad
1444 4914 1686 4983 nuptias,
1724 4925 1772 4970 et
1809 4916 1991 4972 clausa
2098 4933 2267 4989 usque
2312 4920 2377 4974 ad
2417 4935 2688 4986 somnum,
2719 4920 2773 4975 id
2818 4929 2917 4986 est,
2950 4937 3121 4992 usque
3164 4922 3231 4980 ad
3261 4930 3512 4990 mortem,
3548 4940 3671 4994 quae

421 5007 498 5052 est
531 4997 729 5068 janua.
783 4997 885 5069 (Ex
927 4997 1087 5069 Aug.)
1119 4998 1385 5056 Euntibus
1432 5012 1609 5057 autem
1654 5005 1759 5061 illis
1779 5048 1792 5072 ,
1846 5010 1994 5063 venit
2097 5011 2352 5068 omnibus
2377 5010 2623 5077 debetur,
2644 5020 2866 5083 paratus
2896 5013 3216 5081 invenietur,
3240 5014 3403 5074 etiam
3434 5027 3557 5072 cum
3580 5013 3669 5075 illa

421 5101 675 5159 sponsus,
704 5088 888 5179 est,
925 5088 1309 5148 inclinantibus
1335 5108 1393 5148 se
1421 5093 1525 5150 illis
1552 5096 1605 5151 in
1625 5112 1688 5152 ea
1714 5114 1834 5169 qua:
1860 5098 1995 5157 foris
2098 5114 2200 5160 .vox
2248 5098 2425 5156 media
2465 5106 2624 5155 nocte
2665 5101 2937 5168 senuerit,
2974 5116 3079 5173 qua
3131 5118 3320 5160 omnes
3366 5102 3666 5179 evigilaturi

422 5186 574 5242 sunt,
601 5186 656 5231 et
671 5177 857 5237 solidis
887 5178 1120 5263 gaudere
1140 5185 1523 5252 quaerentibus,
1545 5187 1669 5258 quia
1700 5192 1889 5267 gaudia
1913 5192 1997 5246 in-
2090 5198 2242 5247 sunt.
2289 5190 2445 5259 Quod
2469 5207 2602 5248 vero
2631 5207 2829 5263 sponso
2854 5202 2911 5248 et
2941 5208 3152 5265 sponsae
3172 5194 3308 5255 dixit
3338 5177 3551 5252 obviam
3580 5211 3671 5251 νο-

420 5277 577 5327 mna
607 5284 715 5325 “0"
753 5278 1037 5366 ηονξτξύηι·
1072 5269 1229 5366 veil“
1270 5272 1359 5328 me
1401 5277 1492 5345 (Ιιιί
1518 5275 1757 5344 indicat.
1788 5289 1846 5334 et
1869 5297 1992 5352 qua:
2093 5284 2241 5340 uisse
2268 5284 2540 5355 virgines,
2572 5285 2655 5340 sic
2696 5284 3099 5363 intelligendum
3138 5296 3293 5366 puto,
3325 5294 3385 5341 ut
3431 5300 3499 5348 ex
3536 5286 3672 5360 ipsis

420 5370 625 5453 parata:
650 5368 825 5425 erant,
855 5361 909 5453 id
933 5370 1038 5453 est,
1058 5364 1255 5433 quibus
1272 5367 1470 5422 bonum
1497 5385 1680 5425 coram
1706 5371 1816 5426 Deo
1837 5375 1992 5428 testi-
2091 5373 2410 5443 virginibus,
2424 5374 2733 5440 conﬁtetur,
2757 5361 2951 5447 eaquaa
2967 5361 3166 5433 dicitur
3179 5391 3393 5453 sponsa,
3409 5384 3671 5448 tanquam

424 5451 662 5506 monium
688 5449 1015 5506 conscientia
1037 5453 1374 5521 perhibebat.
1405 5455 1746 5512 Intraverunt
1771 5474 1891 5515 cum
1926 5476 1991 5516 eo
2095 5463 2142 5518 si
2171 5464 2421 5521 omnibus
2453 5465 2774 5522 Christianis
2807 5467 2863 5522 in
2896 5467 3193 5525 Ecciesiam
3210 5449 3674 5534 concurrentibus

423 5542 493 5593 ad
521 5539 756 5636 ξιυρξίδθν
787 5537 842 5636 id
867 5548 971 5606 εει,
993 5541 1084 5636 ιιΡί
1116 5544 1312 5636 litanda
1342 5543 1518 5598 anima
1544 5547 1871 5615 sempiterno
1896 5550 1992 5605 Dei
2096 5555 2192 5612 ﬁlii
2227 5556 2295 5612 ad
2321 5565 2549 5613 matrem
2578 5572 2901 5615 concurrere
2922 5560 3200 5628 dicantur,
3227 5579 3351 5620 cum
3384 5563 3516 5636 ipsis
3540 5561 3672 5627 ﬁliis

425 5628 588 5685 Verbo
622 5627 848 5685 fecunda
888 5630 1187 5702 copuletur.
1221 5632 1414 5686 Clausa
1448 5644 1524 5689 est
1553 5636 1729 5707 ianua
1752 5677 1767 5703 ,
1809 5638 1860 5692 id
1885 5648 1989 5707 est,
2096 5648 2456 5721 congregatis,
2485 5658 2697 5706 constet
2724 5666 2788 5706 ea
2818 5666 2938 5729 qua:
2960 5652 3158 5714 dicitur
3185 5662 3378 5715 mater.
