3952 6436
386 311 490 369 53.)

1297 305 1716 364 SUMMARHJM
1756 305 1825 363 IN
1864 305 2082 363 EPIST.
2128 305 2215 360 ET
2255 305 2508 360 EVANC.

3546 304 3655 360 563

383 422 731 512 phediuni,et
751 416 1371 512 lirmmn‘bcni‘liciorum
1396 419 1844 489 ejusmemoriam
1867 419 1962 474 ha-
1993 452 2039 512 Α
2065 417 2197 512 dere
2224 416 2422 512 debeiii
2448 423 2505 469 ut
2522 413 2884 469 ministerium
2906 422 3152 467 nostrum
3197 414 3264 469 ad
3290 414 3510 486 plenum
3527 429 3664 487 pre-

384 497 591 556 berent,
619 492 671 545 in
703 497 1072 570 tempestatem
1096 490 1236 543 hanc
1261 489 1608 544 inducantur.
1688 558 1699 569 _

453 565 505 617 Ξ.
553 560 862 641 Consolatio
893 569 976 613 est
1021 558 1507 641 omnibustristi
1556 556 1826 641 fidelibus,
1871 560 1963 629 qui

379 650 501 689 eum
516 632 630 685 suis
656 630 801 685 adsit
818 643 990 699 usque
1022 630 1617 686 ineonsummationem
1637 630 1846 694 saeculi,
1864 645 1967 684 nec

380 700 953 770 relinquatorpbanos,
971 700 1112 755 utin
1140 700 1334 757 mediis
1354 699 1611 771 periculis
1638 699 1861 756 minime
1879 702 1969 755 de-

382 779 840 925 Spgegimeaq
864 840 1162 924 elamenms
1188 839 1448 925 .universi
1479 848 1536 925 et
1568 840 1789 925 singuli,
1820 839 1970 924 prin-

374 928 527 983 cipes
553 953 567 977 ,
626 911 913 977 monachi,
964 910 1247 981 episcopi,
1298 910 1601 1036 spiritales,
1656 910 1870 981 profani
1911 910 1966 966 in

379 986 482 1036 hac
529 989 856 1036 tempestate
899 981 1193 1036 Ecclesia.
1234 982 1290 1036 in
1376 982 1422 1036 's
1452 982 1647 1036 rebus.
1700 990 1811 1036 tam
1858 980 1966 1035 mi-

379 986 482 1038 bac
529 989 856 1051 tempestate
899 982 1193 1047 Ecclesia,
1234 982 1290 1037 in
1336 982 1422 1036 his
1452 982 1647 1046 rebus,
1700 990 1811 1036 tam
1858 982 1966 1035 mi-

376 1068 502 1109 sere
530 1050 767 1117 aluictis,
817 1051 1062 1122 Domine,
1095 1052 1246 1107 salva
1283 1066 1406 1117 nos,
1436 1050 1702 1122 perimus,
1744 1066 1846 1108 nec
1870 1050 1971 1105 du-

377 1125 639 1249 bite‘mus,
685 1137 786 1177 nos
830 1121 1118 1177 Dominum
1161 1121 1500 1177 excitaturos
1536 1130 1598 1176 ut
1642 1122 1970 1177 misereatur

377 1209 481 1249 nos
506 1210 573 1249 ﬂ.

366 1209 573 1250 mm.
645 1282 977 1341 DOMINICA
1024 1281 1093 1337 ΙΝ
1133 1280 1685 1338 SEPTUAGESIMA.

377 1374 644 1437 Eﬂsmu
672 1395 739 1435 se
766 1377 899 1435 Con.
928 1376 971 1443 l,
1012 1392 1131 1431 cur.
1166 1392 1218 1430 Ix
1257 1393 1270 1430 :
1304 1374 1535 1431 Nescitis
1564 1375 1705 1447 quod
1735 1376 1773 1430 ii
1798 1375 1887 1447 qui
1916 1374 1970 1428 In

953 1447 1127 1502 stadio
1166 1456 1409 1501 currunt.

450 1541 502 1595 1.
520 1539 641 1595 V’ita
657 1537 987 1601 Christiana,
1002 1536 1226 1591 minime
1246 1536 1424 1591 mollis
1438 1545 1524 1591 est
1538 1544 1594 1592 et
1608 1536 1861 1600 delicata,
1874 1535 1971 1589 sed

378 1610 650 1665 laboriosa
674 1619 730 1662 et
756 1610 954 1663 sudore
980 1607 1158 1678 plena,
1177 1607 1271 1661 sed
1295 1622 1460 1677 quam
1472 1609 1801 1678 agouotheta
1826 1606 1972 1660 Deus

379 1696 735 1805 igmunerare
752 1679 897 1741 velit,
931 1678 983 1732 id
1002 1676 1253 1749 pulchris
1274 1676 1739 1741 similitudinibus,
1757 1678 1829 1732 ob
1841 1692 1972 1732 ocu-

436 1768 463 1807 s
492 1760 733 1820 ponitur.
871 1817 883 1820 _
1290 1818 1372 1820 7_A
1404 1818 1432 1820 μ
1598 1802 1607 1813 κ
1720 1817 1729 1820 Α
1898 1815 1929 1820 __

446 1802 1968 1901 essemasamwammiuaawlwsuo
1996 1807 2043 1865 ιι

375 1891 722 1957 deAthletis,
757 1890 1109 1945 abstinebant
1137 1887 1282 1944 coitu
1308 1897 1366 1944 et
1412 1888 1535 1944 aliis
1577 1888 1809 1951 deliciis,
1849 1887 1965 1957 jam

376 1973 535 2031 turpe
584 1971 702 2025 est,
741 1961 789 2016 si
818 1974 920 2015 nos
952 1974 1058 2028 pro
1104 1959 1297 2031 bravio
1325 1960 1451 2031 vitae
1476 1968 1695 2014 aeterna.
1742 1957 1968 2031 segnius

377 2028 483 2087 nos
505 2047 781 2101 geramus,
818 2046 984 2100 quam
1031 2029 1220 2099 vulgus
1264 2030 1544 2083 hominum
1577 2044 1674 2099 pro
1704 2028 1798 2083 vili
1822 2042 1967 2098 prie-

383 2118 515 2157 nuo.

446 2174 500 2227 5.
526 2170 855 2243 Exemplum
881 2210 897 2236 ,
928 2185 1062 2243 eum
1082 2168 1239 2243 Pauli
1270 2209 1285 2232 ,
1338 2168 1483 2243 quod
1539 2180 1813 2232 sermone,
1854 2168 1967 2222 vita

378 2240 678 2297 benefactis
710 2239 883 2296 'nohis
926 2239 1190 2295 imitabile
1235 2239 1592 2309 proponitur,
1653 2248 1772 2293 sum
1817 2248 1968 2309 vetc—

383 2327 502 2367 rum
555 2321 815 2382 patrum,
867 2311 961 2382 qui
1014 2308 1269 2382 baptismi
1319 2308 1580 2382 mysterio
1628 2318 1685 2365 et
1736 2308 1968 2382 spiritali

378 2398 504 2439 esca
529 2380 791 2453 potuque,
824 2380 932 2438 non
946 2380 1106 2455 titulo
1131 2389 1305 2444 tenus,
1332 2380 1429 2435 sed
1445 2380 1644 2452 reipsa,
1669 2380 1972 2436 communi-

382 2462 599 2508 carunt.

379 2544 728 2601 Eunaeum
769 2543 1064 2604 Mar-rum,
1105 2557 1225 2596 car.
1259 2558 1366 2607 xx;
1410 2540 1598 2613 Simile
1638 2551 1713 2597 est
1754 2556 1969 2613 regnum

724 2614 973 2668 caelorum
1001 2613 1201 2667 homini
1221 2611 1623 2683 patrifamilias.

447 2708 473 2763 1
492 2746 506 2759 .
522 2704 798 2761 Parabolrc
812 2718 991 2758 rerum
1009 2704 1414 2759 notissimarum
1429 2701 1811 2758 similitudines
1824 2712 1970 2768 sunt,

380 2775 611 2833 docendi
651 2791 820 2846 genus
846 2774 1341 2846 simplicissimum,
1386 2773 1706 2846 et‘rudibus
1737 2775 1973 2846 maxime

382 2842 710 2923 appmiuun,
730 2845 907 2923 iuhis,
930 2842 1080 2923 quod
1116 2844 1326 2923 singula
1357 2842 1522 2898 verba
1559 2843 1777 2923 attinet,
1808 2860 1878 2899 ne
1903 2844 1975 2898 si-

382 2916 503 2974 nius
540 2917 703 2972 anxic
744 2916 978 2983 curiosi,
1019 2931 1144 2971 cum
1172 2919 1237 2969 de
1264 2929 1478 2970 summa
1522 2916 1810 2969 sententia:
1843 2930 1973 2969 eou-

382 3000 530 3044 stare
550 2988 744 3044 possit.
1360 3020 1368 3028 ε

450 3060 505 3114 2.
547 3052 723 3114 Locus
744 3056 811 3112 dc
842 3054 1319 3127 praedestinatione
1380 3054 1677 3127 admodum,
1715 3052 1968 3127 diliicilis.

379 3130 491 3185 Cur
536 3144 641 3185 non
676 3125 868 3183 omnes
894 3126 1080 3182 statim
1107 3125 1397 3191 conducat,
1443 3142 1610 3181 unum
1667 3126 1771 3179 hac
1810 3125 1967 3185 hora,

380 3200 548 3255 alium
594 3199 765 3253 altera
822 3206 1013 3252 vocet:
1064 3212 1193 3251 nam
1218 3211 1288 3250 ex
1339 3196 1818 3265 predestinatione
1875 3194 1972 3249 Dei

380 3271 519 3336 ﬂuit,
556 3278 617 3323 ut
638 3269 762 3339 quis
795 3267 1081 3323 credatvel
1103 3282 1212 3323 non
1238 3268 1443 3339 credat,
1477 3282 1507 3320 a
1531 3274 1757 3336 peccato
1778 3265 1973 3320 libere-

383 3350 496 3405 tur,
551 3340 636 3394 vel
659 3337 814 3402 inon,
855 3345 918 3391 ut
958 3338 1195 3394 sciamus
1238 3337 1469 3391 salutem
1522 3345 1810 3400 nostram,
1862 3350 1971 3389 non

383 3413 440 3466 in
478 3404 684 3466 viribus
719 3407 923 3463 nostris
945 3446 961 3472 ,
1012 3407 1109 3463 sed
1152 3406 1328 3461 solum
1378 3406 1433 3460 in
1487 3404 1730 3476 potentia
1767 3405 1865 3460 Dei
1880 3408 1972 3476 isi-

383 3491 518 3546 tam,
562 3488 617 3534 ct
648 3479 777 3533 hinc
802 3492 953 3547 spem
976 3477 1239 3533 habemus
1258 3483 1448 3531 contra
1470 3475 1755 3547 peccatum
1781 3485 1838 3531 et
1865 3475 1970 3531 Sa-

384 3561 568 3607 tanam
578 3588 590 3602 .

454 3622 508 3676 5.
549 3618 687 3688 Quia
730 3616 1011 3688 novissimi
1037 3613 1221 3688 primi,
1261 3623 1317 3688 et
1359 3616 1521 3688 primi
1567 3616 1882 3684 novissimi,
1915 3625 1974 3673 et

384 3691 542 3748 multi
566 3685 766 3754 vocati,
791 3687 950 3758 pauci
972 3685 1103 3743 vero
1124 3685 1314 3758 aceti,
1338 3685 1402 3742 ut
1450 3695 1594 3743 meta
1632 3695 1864 3758 ponatur
1886 3697 1967 3743 te-

382 3760 653 3825 merariis,
685 3766 741 3813 et
782 3756 1105 3813 sublimibus
1127 3756 1423 3828 spiritibus,
1470 3758 1564 3828 qui
1586 3756 1775 3815 volunt
1796 3759 1974 3815 consi‘

384 3832 458 3888 lia
510 3830 606 3887 Dei
660 3828 1036 3884 inscrutabilia
1081 3829 1434 3900 perscrumri.
1488 3830 1574 3900 An
1608 3830 1721 3886 sint
1765 3830 1973 3900 praede-

384 3901 570 3958 stinati
600 3916 790 3965 necne,
831 3905 938 3954 etc.
985 3898 1097 3971 Qui
1131 3898 1260 3971 velit
1295 3913 1417 3971 esse
1440 3899 1679 3971 prudens
1709 3898 1971 3971 etilidelis

385 3972 750 4044 dispensator,
773 4040 784 4044 Α
806 3978 988 4025 servet
1033 3968 1198 4044 Pauli
1238 3968 1504 4044 oldinem,
1530 3985 1706 4044 quem_
1720 3969 1885 4026 habet
1915 3971 1970 4024 in

385 4038 815 4100 Christianismio
833 4040 1238 4110 compendiaria
1262 4038 1507 4109 Epistola
1552 4038 1626 4095 ad
1671 4039 1967 4105 Romanos,

386 4123 445 4170 et
477 4123 605 4169 ante
631 4112 814 4167 omnia
839 4109 1080 4183 inquit-at
1122 4109 1429 4183 derristo
1458 4113 1513 4167 in
1540 4110 1837 4183 Evangelia
1862 4132 1877 4167 ;
1911 4119 1974 4164 ut

384 4186 546 4239 homo
565 4199 663 4239 sua
683 4192 907 4253 peccata
931 4190 986 4247 et
1010 4182 1213 4253 Christi
1253 4182 1484 4253 gratiam
1506 4190 1786 4253 agnoscat,
1846 4196 1970 4237 cum

386 4264 611 4326 peccato
664 4252 906 4326 pugnet,
941 4261 1006 4326 Aet
1055 4252 1171 4326 jam
1218 4252 1309 4307 ubi
1358 4252 1636 4326 inceperit
1672 4253 1772 4308 sub
1811 4264 1973 4326 cruce

384 4322 440 4381 et
467 4322 718 4396 passione
743 4322 891 4396 esse,
940 4324 1046 4396 hoc
1076 4323 1428 4396 ipsunrrccte
1451 4322 1666 4377 ducehit
1693 4322 1979 4393 pucdesti-

385 4392 681 4451 nationem.
740 4394 909 4465 llujus
937 4394 1082 4448 enim
1096 4392 1298 4458 'mus;i,
1352 4408 1455 4448 non
1482 4408 1672 4449 omnes
1702 4392 1862 4448 utres
1884 4407 1975 4447 ca-

389 4482 551 4539 paces
581 4473 726 4523 sunt.
868 4468 871 4475 '

715 4573 1044 4630 DOMINICA
1080 4571 1147 4626 IN
1184 4571 1410 4628 SEXAG
1421 4572 1645 4628 ESIMA.

388 4668 653 4724 lietsrout
682 4680 749 4720 sn
786 4664 920 4721 Con.
954 4679 1357 4746 sanguine».
1389 4681 1440 4719 x1
1474 4684 1486 4719 :
1524 4664 1761 4718 Libenter
1787 4663 1981 4733 salier-

976 4735 1043 4788 tis
1076 4735 1395 4806 insipientes.

462 4852 513 4904 1.
551 4848 819 4904 Gloriatio
849 4856 907 4901 et
933 4845 1237 4917 triumphus
1258 4846 1433 4913 Pauli,
1457 4847 1741 4907 dissimilis
1760 4848 1978 4918 sangui-

390 4920 561 4975 uariis
598 4917 884 4988 triumphis
926 4918 1304 4988 quorumdam,
1355 4919 1602 4988 quicum
1647 4926 1828 4986 patres
1855 4917 1977 4973 esse

390 4993 653 5046 deberent
682 4986 898 5058 tyranni
924 4986 1073 5053 sunt,
1101 4998 1156 5042 et
1177 5003 1278 5058 pro
1299 4986 1586 5043 catholicis
1612 4988 1902 5052 κακὸλυκοι,
1919 4987 1974 5042 in

393 5058 688 5129 laboribus,
719 5067 825 5114 etc.
857 5058 982 5114 llam
1008 5058 1134 5113 belli
1156 5060 1355 5112 decora
1377 5065 1566 5110 manet
1590 5071 1791 5113 corona
1809 5058 1975 5129 justi-

395 5132 482 5187 tia:
506 5128 745 5187 reposita
768 5131 823 5184 in
842 5130 990 5184 illum
1020 5129 1186 5183 diem.

460 5148 482 5186 Β
506 5146 745 5255 reposita
768 5147 823 5184 111
842 5146 990 5184 11111111
1020 5146 1186 5210 (Πρω.

460 5201 515 5256 2.
591 5199 861 5255 ‘eceSsitas
890 5198 1058 5253 Paulo
1095 5197 1438 5268 incumbens,
1465 5197 1694 5267 utquod
1717 5207 1977 5268 quatuor-

388 5272 567 5329 decim
606 5272 767 5342 alinis
809 5270 1118 5342 celaverat,
1145 5266 1767 5342 posiinodum__proderé
1818 5284 1977 5342 εοεφ-

391 5350 562 5400 retur.
600 5341 707 5397 Tot
723 5349 882 5396 erant
914 5335 1160 5411 pericuia
1184 5335 1427 5411 religioni
1466 5335 1788 5411 Christianae
1824 5355 1854 5394 a
1876 5335 1977 5395 l’al—

390 5414 466 5470 sis
494 5411 835 5483 apostolisLa
855 5407 1192 5483 pliiiosophia
1224 5407 1490 5483 mundana
1513 5448 1528 5473 ,
1551 5423 1602 5483 _a
1635 5407 1858 5483 Judaica
1884 5426 1977 5466 su-

393 5476 730 5555 perstitione.
764 5476 923 5537 ‘Ut‘ni
950 5476 1151 5555 Paulus
1177 5476 1322 5530 omni
1341 5479 1485 5546 quod
1514 5479 1670 5555 aiunt
1690 5481 1828 5555 p_ede_
1845 5497 1975 5555 c9..-

394 5547 474 5609 ira
490 5554 752 5617 stetisset,
770 5560 825 5606 et
839 5547 1210 5620 quotidianam
1231 5560 1420 5620 curant
1445 5547 1976 5620 omnium'Ecclesia-

392 5639 514 5680 rum
541 5623 842 5685 habuisset,
857 5616 1178 5690 gravissime
1192 5616 1493 5690 periclitata
1520 5619 1712 5675 fuisset
1727 5621 1973 5677 doctrina

392 5692 753 5765 evangelica.‘
781 5686 907 5744 the'c
928 5687 1197 5765 ignaviam
1229 5686 1603 5765 episcoporum
1623 5697 1681 5765 et
1700 5692 1975 5765 ιιιίιιξειι-ρ-

393 5778 514 5819 rum
535 5756 804 5817 Ecclesia:
831 5758 1026 5815 merito
1051 5756 1333 5825 damnant,
1363 5756 1427 5836 eti
1441 5758 1674 5815 calcaria
1703 5761 1855 5817 nobis
1878 5762 1972 5816 ad-

2027 5590 2033 5595 -
2072 5563 2159 5610 est
2209 5570 2304 5609 acc

2068 487 2255 541 batum
2286 486 2595 542 reddamus.

2139 559 2193 612 '5.
2234 556 2557 611 Plutarchus
2597 554 2788 610 scribit
2832 552 2902 607 de
2933 551 3166 607 utilitate
3197 553 3267 608 ab
3302 554 3539 609 inimicis
3566 570 3660 609 ca-

2066 627 2282 698 pienda.
2354 625 2452 681 llic
2486 641 2618 681 sane
2668 624 2942 698 habemus
2975 624 3251 698 stimulum
3273 626 3502 698 _carnis,

2067 693 2152 752 est
2201 697 2614 751 insectationem
2640 695 2905 749 malorum
2930 693 3210 748 hominum
3227 735 3244 759 ,
3272 693 3438 749 Paulo
3466 696 3666 751 utilem

2068 767 2257 823 fuisse.
2313 767 2406 821 Sic
2445 767 2592 821 enim
2622 775 2682 821 et
2726 764 2932 819 inimici
2982 779 3374 835 nonnunquam
3400 773 3663 835 prosunt,

2067 838 2327 894 docentes
2356 852 2455 893 nos
2494 837 2848 892 sobrietatem
2874 842 2933 890 et
2959 834 3301 898 modestiam,
3347 834 3516 890 et’bie
3555 837 3667 890 im-

2067 908 2336 964 becillitas
2380 906 2593 979 perlicit
2620 907 2872 962 virtutem
2897 913 2955 961 et
2983 904 3278 961 inﬁrmitas
3302 905 3534 961 absolvit
3560 920 3669 976 po-

2067 979 2317 1034 tentiam.
2676 1016 2681 1020 -

2068 1066 2416 1125 Eunaeum
2437 1066 2624 1132 Leu,
2645 1068 2772 1136 αλιι.
2793 1080 2924 1120 vui:
2956 1063 3095 1136 Cain
3106 1064 3263 1120 turba
3276 1064 3507 1136 plurima
3529 1083 3665 1121 con-

2172 1139 2425 1205 venirent,
2458 1148 2505 1192 et
2532 1155 2565 1192 ε
2592 1135 2821 1207 singulis
2855 1135 3152 1191 civitatibus
3187 1135 3549 1206 properarent.

2139 1226 2190 1280 1.
2234 1225 2544 1282 Similitudo
2578 1226 2900 1281 seminantis
2927 1236 3111 1281 monet
3143 1242 3357 1292 omnes,
3400 1236 3459 1282 ut
3486 1229 3665 1285 avidis

2069 1297 2265 1368 animis
2312 1298 2579 1368 accipiant
2632 1310 2938 1368 sermonem
2990 1297 3381 1368 evangelicum],
3436 1302 3662 1368 etquod

2068 1367 2374 1423 didicerunt
2390 1366 2673 1423 conferant
2691 1367 2758 1420 ad
2779 1382 2935 1421 usum
2960 1366 3197 1435 pietatis.
3262 1367 3389 1423 ilzcc
3414 1377 3498 1423 est
3511 1366 3662 1424 enim

2071 1437 2203 1493 ﬁdes
2256 1438 2552 1493 electorum
2593 1444 2648 1493 et
2685 1438 2892 1507 agnitio
2928 1437 3174 1491 veritatis
3219 1437 3275 1492 in
3319 1453 3471 1507 spem
3535 1440 3664 1495 vitae

2075 1517 2311 1563 aeternae.

2141 1578 2196 1661 ἦ.
2238 1577 2377 1661 liinc
2400 1577 2797 1661 esclamauone
3014 1577 3177 1633 habet
3203 1593 3380 1661 aures_
3402 1578 3662 1661 audiendi

2070 1649 2276 1719 audiat)
2328 1650 2632 1703 auditorem
2659 1648 2975 1711 exsuscitat,
3020 1664 3127 1719 non
3157 1648 3475 1703 cessandum
3506 1665 3535 1701 a
3566 1653 3664 1704 do-

2072 1718 2425 1784 ctrina’sana,
2449 1718 2613 1773 etiam
2636 1719 2680 1773 si
2710 1732 2815 1773 non
2843 1733 3059 1789 semper
3081 1718 3369 1773 fructiﬁcet
3393 1720 3532 1787 apud
3546 1736 3666 1773 οιιι-

2072 1804 2188 1852 nes,
2248 1797 2457 1843 tantum
2486 1797 2679 1859 quarta
2709 1802 2836 1859 pars
2865 1789 3115 1854 seminis,
3148 1789 3236 1843 hic
3264 1789 3501 1843 fructum
3536 1805 3664 1859 per-

2073 1858 2273 1913 fectum
2300 1868 2355 1913 et
2373 1858 2681 1914 absolutum
2704 1858 2931 1929 profert.

2140 1930 2195 1983 5.
2234 1930 2484 2000 Optimus
2506 1927 2772 2000 interpres
2794 1929 3076 2000 sermonis
3099 1929 3184 1984 sui
3224 1927 3501 1995 Christus,
3562 1931 3662 1999 qui

2071 1999 2167 2054 hic.
2185 2008 2269 2057 est
2286 1998 2609 2055 sentinator.
2655 1998 2762 2055 Cor
2790 1998 3025 2055 hominis
3046 2008 3192 2054 terra
3216 2000 3331 2056 sive
3357 2001 3556 2067 solum,
3577 1998 3661 2056 sc-

2071 2085 2215 2138 men,
2246 2085 2428 2124 sermo
2453 2069 2817 2141 evangelicus.

2344 2178 2671 2236 DOMINICA
2691 2179 2759 2234 IN
2790 2179 3378 2249 QUINQUAGESIMA.

2071 2273 2340 2331 EPISTOLA
2379 2290 2446 2328 Αυ
2465 2271 2797 2328 Οοιιικτιιιοε
2823 2286 3010 2342 ratas,
3043 2288 3161 2327 cui.
3195 2289 3290 2327 xm
3323 2291 3335 2325 :
3376 2271 3440 2327 Si
3464 2271 3665 2342 linguis

2139 2344 2409 2398 hominum
2445 2344 2656 2413 loquar,
2713 2351 2762 2396 et
2802 2341 3129 2412 angelorum,
3153 2341 3665 2397 cliaritalemautem

2144 2431 2251 2469 ιιοιι
2278 2413 2524 2480 habeam,
2550 2428 2675 2468 nc.

2149 2503 2195 2558 l.
2234 2502 2485 2558 Charitas
2504 2503 2813 2572 necessaria
2843 2502 3105 2568 est,dona
3127 2510 3307 2556 autem
3331 2502 3663 2572 linguarum,

2072 2575 2393 2644 prophetize,
2410 2573 2820 2638 miraculorum,
2842 2588 2947 2628 non
2963 2582 3092 2644 sunt
3109 2574 3441 2644 necessaria,
3458 2573 3511 2626 in
3534 2575 3664 2627 cha-

2075 2643 2235 2699 ritate
2283 2659 2473 2698 omnes
2517 2657 2848 2714 cognoscent
2900 2643 3045 2714 quod
3076 2643 3180 2697 mei
3217 2643 3471 2714 discipuli
3504 2644 3662 2705 estis,

2076 2714 2530 2785 iuquitht‘istus,
2546 2713 2704 2769 Joan.
2722 2730 2842 2780 xm,
2854 2712 2931 2785 iet—
2938 2715 3074 2769 citra
3088 2728 3172 2785 sin
3181 2712 3264 2785 dia
3279 2712 3662 2768 benemereudi

2074 2786 2141 2839 de
2153 2783 2408 2855 proximo
2435 2799 2595 2838 nemo
2620 2785 2822 2839 videbit
2847 2784 3059 2853 Deum,
3091 2783 3212 2843 ideo
3237 2783 3340 2838 hoc
3376 2799 3542 2837 unum
3578 2793 3666 2838 cst

2074 2854 2443 2910 meessarium
2465 2863 2522 2910 et
2540 2854 2876 2910 sectandum.

2144 2926 2201 2979 2.
2240 2925 2537 2981 Charitatis
2557 2940 2687 2980 usus
2712 2924 2974 2980 latissime
2999 2931 3170 2995 patet,
3196 2924 3322 2978 hinc
3340 2931 3663 2995 perpetuum

2074 2995 2277 3066 donum
2298 3004 2400 3066 est,
2431 3011 2497 3066 ac
2533 3004 2875 3066 periomnem
2902 2994 3337 3066 Christianorum
3366 2996 3530 3048 vitam
3559 2994 3664 3066 dif-

2073 3065 2253 3120 fusum
2280 3075 2337 3121 et
2378 3063 2551 3123 habet
2563 3065 2960 3136 pulcherrimas
2991 3068 3165 3130 dotes,
3188 3064 3402 3136 patiens
3434 3074 3542 3127 est,
3570 3063 3666 3117 he-

2077 3136 2236 3206 uigna
2268 3144 2353 3190 est
2395 3150 2410 3189 :
2463 3135 2704 3206 charitas
2735 3151 2842 3190 non
2885 3136 3126 3200 invidet,
3173 3135 3415 3189 Charitas
3444 3150 3549 3190 non
3578 3142 3668 3206 est

2075 3204 2301 3275 procax,
2331 3221 2439 3261 non
2470 3204 2709 3271 inﬂatur,
2736 3221 2844 3260 non
2881 3215 2965 3261 est
2988 3207 3290 3271 fastidiosa,
3334 3220 3442 3260 non
3469 3205 3668 3274 quaerit

2077 3292 2200 3347 quae
2223 3292 2323 3332 sua
2345 3284 2491 3348 sunt,
2516 3292 2625 3332 non
2652 3275 2921 3341 irritatur,
2946 3292 3050 3333 non
3078 3276 3531 3348 cogitatmalum,
3557 3290 3666 3348 non

2072 3345 2275 3417 gaudet
2306 3349 2373 3402 de
2389 3345 2676 3416 iniustitia,
2726 3348 2821 3403 sed
2854 3345 3170 3416 congaudet
3184 3347 3427 3413 veritati,
3479 3346 3666 3417 omnia

2072 3415 2285 3482 suffert,
2309 3417 2490 3472 omnia
2515 3418 2709 3484 credit,
2745 3417 2925 3489 omnia
2963 3415 3166 3489 sperat,
3202 3418 3386 3472 omnia
3408 3415 3664 3481 sustinet,

2072 3489 2311 3542 Charitas
2334 3503 2609 3557 nunquam
2637 3488 2859 3543 excidit.

2142 3560 2197 3613 5.
2234 3555 2684 3614 Christianismus
2731 3560 2893 3613 habet
2916 3558 3244 3622 rudimenta,
3293 3566 3485 3613 auctus
3507 3567 3559 3611 et
3585 3555 3665 3611 fa-

2072 3628 2313 3699 stigium,
2335 3643 2463 3683 suas
2481 3636 2692 3699 tetates,
2708 3637 2765 3683 et
2785 3637 3006 3683 aetatum
3018 3645 3292 3693 accessus,
3324 3628 3454 3683 hinc
3472 3631 3666 3683 detnus

2053 3698 2294 3780 cperam
2328 3706 2389 3752 ut
2412 3698 2791 3780 pege'uiamus
2816 3714 3008 3780 otiines
3056 3699 3116 3780 in
3143 3699 3409 3780 unitatem
3432 3699 3558 3753 ﬁdei
3609 3707 3666 3752 et

2072 3766 2529 3851 agnitionem’lilii
2564 3767 2662 3851 Dei
2688 3769 2741 3851 in
2788 3767 3315 3851 virum‘perfectum,
3350 3769 3405 3824 in
3446 3784 3664 3825 mensu-

2074 3854 2192 3892 ram
2212 3838 2388 3893 aetatis
2414 3838 2569 3909 plene
2596 3838 2794 3894 adulta:
2814 3838 3038 3894 Christi.

2076 3954 2422 4010 Evsxcluuu
2449 3953 2633 4018 Lucas,
2674 3970 2792 4009 car.
2826 3969 2957 4008 svnt
2986 3973 2999 4007 :
3032 3954 3329 4024 Assampsit
3353 3952 3512 4008 Iesus
3532 3953 3668 4009 duo-

2604 4023 2772 4079 decim
2814 4024 3121 4095 discipulos.

2145 4116 2196 4171 1.
2249 4112 2532 4187 Frequens
2572 4117 3090 4187 meutioipassiouis
3142 4124 3197 4171 et
3245 4116 3665 4172 resurrectionis

2074 4186 2388 4250 Dominica‘,
2429 4187 2532 4242 hoc
2575 4195 2659 4242 est
2714 4186 2859 4240 enim
2900 4186 3250 4257 Evangelium
3278 4189 3420 4256 quod
3457 4188 3665 4256 accepi-

2075 4272 2216 4322 mus,
2256 4256 2311 4310 in
2347 4272 2455 4326 quo
2479 4266 2626 4313 stare
2647 4265 2878 4327 oportet,
2919 4271 3018 4327 per
3047 4256 3192 4326 quod
3218 4258 3449 4312 salutem
3472 4273 3664 4312 conse-

2075 4327 2314 4397 quimur.
2372 4327 2623 4383 Christus
2652 4334 2904 4381 mortuus
2945 4335 3034 4381 est
3060 4336 3280 4396 propter
3328 4328 3525 4383 delicta
3571 4344 3667 4382 no-

2078 4407 2213 4522 ῗιὲι),
2247 4404 2303 4450 et
2344 4398 2645 4452 resurrexit
2683 4404 2904 4467 propter
2918 4397 3362 4468 justilicationem
3395 4407 3662 4453 nostram.

2202 4482 2250 4520 r.
2286 4482 2376 4521 xv.

2202 4482 2250 4520 1⁵.
2286 4482 2376 4521 κν.

2003 4529 2056 4587 D
2150 4536 2205 4590 2.
2248 4536 2475 4591 Ruditas
2495 4536 2882 4607 apostolorum,
2906 4537 2997 4607 qui
3021 4536 3360 4592 nihilboram
3385 4537 3664 4593 intellexe-

2084 4615 2231 4671 runt,
2247 4616 2304 4661 et
2326 4608 2549 4661 verbum
2579 4609 2720 4661 istud
2733 4609 3107 4662 absconditum
3132 4608 3200 4661 ab
3222 4609 3321 4663 eis.
3369 4609 3505 4663 lliue
3527 4624 3665 4677 opus

2083 4677 2275 4746 spiritu
2312 4678 2532 4731 doctore
2551 4686 2608 4731 et
2626 4687 2961 4748 suggestore,
3003 4677 3158 4748 Joan.
3189 4693 3295 4740 xlv,
3335 4687 3396 4732 ut
3420 4693 3541 4748 qua
3568 4679 3665 4733 ob-

2082 4747 2360 4802 scuritatis
2387 4761 2549 4803 causa
2574 4747 2656 4802 vel
2679 4746 2983 4804 intellectus
3010 4746 3260 4803 tarditate
3279 4746 3664 4804 commendare

2081 4818 2356 4890 memoria:
2384 4817 2760 4890 nequiverant,
2801 4827 2923 4890 post
2955 4819 3059 4873 hac
3090 4816 3248 4886 plene
3289 4818 3674 4890 intelligerent,

2080 4888 2326 4958 magistri
2352 4886 2499 4942 orbis
2522 4886 2709 4958 futuri.

2148 4956 2202 5009 5'.
2245 4956 2599 5027 lmbecillitati
2624 4958 2991 5028 apostolorum
3041 4960 3288 5016 medetur
3308 4974 3455 5015 caeco
3482 4959 3661 5014 risum

2078 5028 2394 5094 restituens,
2413 5024 2541 5082 tunc
2561 5024 2874 5096 aperientur
2894 5031 3034 5086 oculi
3057 5045 3322 5086 caecorum
3351 5031 3474 5085 Esa.
3495 5045 3663 5094 xxxv,

2077 5097 2450 5153 testimonium
2474 5107 2595 5153 erat
2623 5097 2850 5155 Messina.

2132 5207 2455 5264 DOMINICA
2487 5207 2577 5264 ΙΝ
2590 5207 2772 5265 VOCA
2785 5207 2862 5264 VI
2870 5209 2911 5264 Τ
2937 5210 3006 5265 IN
3032 5211 3597 5281 QUADRAGESIMA.

2076 5297 2344 5354 Emsrou
2370 5297 2536 5354 ΡΑυιι
2566 5316 2634 5355 ιιι)
2648 5298 2780 5355 Con.
2812 5317 3067 5367 secuxns,
3091 5318 3209 5357 cur.
3234 5318 3287 5357 rt
3314 5321 3327 5356 :
3368 5302 3671 5358 Hortamur

2183 5384 2272 5423 ros
2293 5384 2356 5424 ne
2381 5370 2437 5424 in
2460 5385 2679 5423 vacuum
2709 5372 2935 5441 gratiam
2958 5373 3055 5427 Dei
3082 5374 3392 5443 receperitis,
3426 5389 3553 5429 ιιι-ο.

2148 5485 2199 5538 1.
2233 5483 2467 5555 Tempus
2488 5484 2673 5561 gratia:
2698 5484 2792 5541 Dei
2813 5486 2874 5561 in
2895 5486 3122 5561 Christo
3148 5489 3421 5553 exhibitze,
3452 5498 3674 5561 tempus

2306 5567 2490 5624 cptum
2513 5565 2578 5628 et
2607 5558 2725 5611 dies
2749 5557 2957 5622 salutis,
2991 5561 3058 5613 de
3082 5561 3279 5628 quibus
3315 5557 3675 5617 concorditer

2074 5626 2765 5705 propinat-imprmdixerunt.
2833 5626 3187 5705 Evangelium
3231 5633 3377 5685 enim
3433 5633 3679 5705 promis-

2076 5712 2196 5750 sum
2229 5695 2330 5749 fuit
2357 5695 2412 5748 in
2433 5695 2719 5764 scripturis
2754 5700 2960 5754 sanctis
2990 5695 3067 5753 de
3118 5701 3226 5754 lilio
3264 5716 3383 5757 suo.
3433 5695 3577 5759 non]
3630 5721 3673 5759 ι.

2079 5766 2144 5819 Et
2167 5780 2293 5820 vere
2318 5773 2527 5833 tempus
2549 5767 2737 5835 gratiae
2768 5779 2825 5824 et
2844 5769 2957 5825 dies
2980 5769 3186 5835 salutis,
3222 5787 3345 5826 nam
3372 5774 3675 5831 ineffabilia
