3940 6498
472 416 567 469 Mil
591 449 598 456 -
910 428 937 449 ί

469 532 815 585 Ev'tscnuuu
852 525 1100 589 JOAN‘NIS,
1137 540 1253 580 cui.
1293 541 1418 579 xv-:
1465 524 1579 578 "oc
1617 535 1691 579 est

555 616 746 663 meum,
779 607 833 650 ut
862 598 1089 668 diligatis
1121 613 1206 649 vos
1234 596 1475 661 invicem,
1500 596 1632 649 sicut
1662 595 1821 649 dilexi
1849 612 1956 649 vos.

540 693 588 744 1.
627 690 960 757 Prmceptum
1001 686 1203 741 Christi
1246 693 1365 757 est,
1410 694 1472 740 ut
1514 686 1800 740 credamus
1842 685 2049 741 nomini

468 762 559 814 ﬁlii
591 759 707 826 ejus
731 755 863 812 Iesu
896 756 1134 820 Christi,
1166 765 1222 811 et
1245 756 1533 825 diligamus
1559 771 1658 826 nos
1696 764 1884 826 mutuo
1909 757 2052 812 sicut

467 824 977 900 deililprteceptnm.
996 828 1108 883 Hoc
1123 828 1167 900 si
1189 824 1363 900 εριιιιῐι
1377 826 1471 900 fiat
1484 824 1675 900 sullicjt
1687 825 1745 900 _(I
1760 824 2045 900 Joan._i_n_).

466 903 506 956 ν
517 903 599 955 ide
614 895 1108 971 (illaalii—eronymus
1127 899 1193 971 in‘
1205 897 1497 971 Epistulam
1513 895 1824 971 ad_Galatas
1839 897 2046 950 scribit.

535 971 590 1024 2.
629 966 918 1025 lneﬂ'abilis
954 966 1133 1038 gratia
1168 968 1284 1031 Dei,
1327 967 1453 1038 quia
1492 966 1696 1020 amicos
1722 974 1918 1038 vocat,_
1942 982 2048 1038 non

465 1057 674 1106 servos,
695 1041 822 1109 quia
853 1036 1058 1103 omnia,
1093 1054 1215 1109 qua;
1248 1037 1453 1109 audivit
1480 1050 1528 1109 a_
1550 1044 1703 1109 patre
1731 1045 1863 1109 nuta
1895 1036 2046 1100 fecit,

465 1113 590 1179 quia
627 1105 807 1179 elegit,
831 1108 953 1178 quia
980 1105 1245 1178 promittit
1276 1105 1532 1175 quiequid
1554 1105 1809 1179 petierint
1838 1114 2047 1179 patrem

467 1176 693 1235 daturus
718 1176 811 1234 sit.
846 1176 914 1233 Ut
937 1176 1079 1232 enim
1102 1179 1205 1231 alia
1229 1186 1458 1240 taceam,
1482 1176 1716 1228 amicum
1746 1190 1865 1229 esse
1897 1176 2049 1229 Chri-

466 1265 571 1314 εει),
607 1253 721 1304 lucc
752 1248 983 1318 dignitas
1016 1257 1221 1302 naturae
1244 1247 1492 1318 humana:
1527 1245 1790 1300 terminos
1810 1244 2044 1318 excedit,

467 1334 518 1374 rt
553 1322 639 1375 hic
673 1316 879 1374 amicus
910 1318 1081 1389 magis
1116 1317 1452 1372 necessarius
1486 1325 1589 1381 est,
1624 1330 1787 1384 quam
1822 1316 1963 1387 ignis
1993 1324 2048 1371 et

469 1407 628 1445 ιιιιιιτι.

523 1408 796 1513 ⁸Αιιιῑεί
821 1467 998 1512 autem
1020 1465 1162 1521 sunt,
1198 1456 1290 1525 qui
1315 1455 1518 1509 faciunt
1550 1469 1883 1525 quaecunque
1914 1470 2049 1526 prte-

464 1533 625 1601 repit,
642 1546 784 1601 quos
802 1530 962 1599 elegit
985 1535 1040 1581 ut
1064 1528 1297 1601 fructum
1320 1526 1549 1601 alienant
1586 1525 2048 1601 manentemiMa-

464 1595 597 1657 nens
630 1595 836 1657 fruetus
865 1595 950 1653 e'st
978 1599 1298 1667 evangelium
1328 1596 1625 1665 disciplina:
1646 1595 1880 1667 iustitia.
1912 1595 2047 1667 Con-

465 1683 547 1725 tra
591 1670 855 1741 ignaviam
898 1665 1137 1741 istorum
1158 1668 1249 1741 qui
1281 1668 1521 1741 Cbristo_
1536 1668 1721 1741 dicunt
1754 1682 1777 1741 εΔ
1802 1665 2041 1741 Domine,

463 1735 705 1804 Domine,
728 1751 773 1793 et
796 1756 899 1793 non
917 1739 1117 1809 faciunt
1142 1735 1453 1791 voluntatem
1483 1736 1661 1790 Patris
1687 1736 1777 1807 qui
1802 1736 1857 1789 in
1883 1735 2040 1789 ccelis.

691 1850 757 1906 [Ν
795 1849 1048 1904 ΝΑΤΑΙΛ
1088 1848 1296 1906 UNIUS
1334 1846 1824 1903 CONFESSORIS.

460 1944 726 1999 Ertsrou
761 1941 922 1996 Pium
956 1959 1024 1996 Αι)
1054 1940 1186 1996 Con.
1219 1939 1283 2004 ll,
1311 1956 1427 1994 csa.
1461 1958 1477 1995 ι
1514 1959 1525 1993 :
1561 1939 1874 1993 Benedictus
1902 1938 2047 1994 Deus

735 2023 780 2069 et
808 2022 957 2082 paler
982 2011 1193 2064 Domini
1216 2012 1380 2064 nostri
1405 2010 1532 2064 Jesu
1561 2008 1778 2063 Christi.

533 2104 585 2157 1.
623 2102 824 2157 Paulus
866 2103 1032 2157 Deum
1076 2111 1130 2155 et
1178 2100 1395 2156 Patrem
1443 2101 1655 2156 Domini
1702 2100 1873 2154 nostri
1920 2098 2046 2155 Jesu

461 2173 686 2252 Chiisti,
732 2187 880 2252 novo.
909 2172 1066 2226 titulo
1106 2179 1266 2252 vocat
1287 2180 1510 2252 patrem
1548 2170 2047 2252 miser-ieqrdiarum

465 2253 521 2296 ot
544 2245 713 2297 Deum
736 2243 914 2297 omnis
940 2239 1353 2306 consolationis,
1381 2249 1440 2294 ut
1461 2239 1653 2295 doceat
1675 2239 1967 2304 conﬁdere,
1992 2249 2046 2295 et

463 2329 678 2367 munem
718 2328 903 2367 curam
937 2320 1212 2375 nostram,
1246 2325 1512 2381 omneque
1536 2325 1676 2365 onus
1714 2320 1959 2365 nostrum
1990 2312 2045 2365 in

462 2384 609 2437 illum
655 2382 941 2451 conjicere.

533 2455 584 2506 2.
612 2450 1074 2519 Quemadmodum
1117 2452 1197 2507 sol
1240 2450 1420 2504 lumen
1452 2450 1663 2520 accepit
1697 2466 1804 2505 non
1837 2458 2044 2505 tantum

462 2532 522 2579 ut
562 2524 675 2593 ipse
705 2523 902 2584 luceat,
934 2522 1031 2593 sed
1059 2522 1223 2576 etiam
1252 2530 1313 2574 ut
1339 2521 1442 2593 alia
1467 2520 1751 2593 illuminet,
1790 2521 1866 2575 ita
1902 2521 2045 2577 Deus

462 2592 776 2649 conéclatur
813 2592 1101 2660 Apostolos
1132 2593 1187 2647 in
1239 2592 1385 2646 omni
1441 2592 1819 2663 tribulatione,
1856 2599 1915 2646 ut
1946 2608 2045 2663 per

459 2677 556 2718 eos
585 2663 672 2716 alii
702 2664 1047 2717 consolentur
1071 2663 1236 2717 verbo
1265 2668 1319 2716 et
1346 2661 1611 2731 exemplo.

535 2735 588 2789 5.
631 2734 875 2798 Summa,
915 2733 1055 2787 Deus
1087 2733 1359 2788 neminem
1389 2731 1742 2801 derelinquit,
1775 2731 1867 2801 qui
1908 2731 2042 2787 socii

461 2812 587 2857 sunt
632 2805 981 2872 passionum,
1029 2811 1189 2857 erunt
1235 2811 1290 2857 et
1331 2803 1465 2857 socii
1516 2802 1939 2866 consolationis,
1987 2810 2044 2857 et

459 2874 628 2927 multo
652 2872 822 2943 magis
843 2873 896 2944 in
923 2873 1103 2927 futuro
1129 2872 1514 2939 remunerabit,
1539 2888 1677 2943 quos
1699 2873 1753 2927 in
1785 2874 2042 2944 prmsenti

459 2944 658 2998 s:eculo
683 2943 1015 2998 consolatur.

457 3038 805 3091 Evascnmuu
834 3033 1124 3099 Murum,
1151 3050 1268 3157 etin.
1298 3049 1389 3087 xxv
1413 3048 1427 3088 :
1456 3031 1515 3089 Si
1538 3035 1655 3105 quis
1679 3034 1813 3090 venit
1839 3035 1909 3088 ad
1937 3052 2039 3100 me,

1054 3121 1146 3157 nec
1167 3122 1196 3157 ο
1237 3114 1294 3157 it.
1323 3120 1445 3157 πετο.

1054 3121 1146 3159 nec
1167 3114 1294 3168 odit,
1323 3120 1445 3159 mc.

530 3202 579 3253 1.
619 3199 789 3253 Nemo
824 3212 986 3266 supra
1020 3194 1293 3250 Christum
1325 3204 1469 3266 amet
1500 3205 1774 3264 parentes,
1816 3194 2036 3261 fratres,

459 3287 709 3335 uxorem,
731 3265 950 3323 liberos.
979 3266 1036 3320 In
1058 3266 1161 3320 hac
1178 3281 1238 3318 re
1259 3265 1530 3320 crudelem
1553 3280 1691 3329 esse,
1714 3267 1931 3334 pietatis
1956 3284 2040 3336 ge-

456 3358 559 3395 nus
578 3350 676 3400 est,
707 3354 828 3393 nam
844 3337 945 3405 Qui
969 3351 1073 3390 non
1096 3336 1490 3389 renuntiaverit
1509 3336 1759 3390 onmibus
1786 3353 1906 3404 quae
1925 3354 2042 3405 pos-

457 3414 617 3475 sidet,
643 3425 746 3462 non
769 3414 947 3476 potest
968 3421 1120 3476 meus
1138 3421 1259 3476 esse
1279 3405 1591 3475 discipulus,
1622 3405 1751 3459 dicit
1769 3406 2036 3462 Christus.

458 3474 609 3560 Vide
635 3474 1018 3602 liigémymum
1057 3474 1125 3529 ad
1162 3474 1527 3541 Heliodorum,
1569 3483 1624 3529 et
1659 3476 2036 3547 Augustinum,

458 3560 633 3602 umstn
657 3563 684 3602 a
789 3586 801 3601 .

458 3551 684 3604 cpistola
713 3551 801 3602 59.

494 3568 1156 3701 [)Elnéarizgs’istepietatis
1185 3629 1293 3701 quo
1324 3614 1456 3669 fides
1491 3616 1734 3701 quatitur
1765 3617 2039 3701 Evangelii

458 3689 826 3744 retundendus
857 3694 940 3744 est
979 3699 1153 3757 muro.
1188 3688 1364 3757 Mater
1388 3702 1500 3757 mea
1522 3697 1569 3740 et
1607 3688 1798 3757 fratres
1828 3688 1949 3753 mei,
1986 3691 2040 3744 lii

457 3769 577 3814 sunt
600 3760 688 3830 qui
712 3758 913 3830 faciunt
932 3755 1245 3830 voluntatem
1263 3756 1441 3830 Patris
1461 3760 1583 3821 me',
1600 3755 1761 3830 auijn
1783 3759 1922 3814 caelis
1941 3770 2036 3813 est.

528 3830 581 3881 ὃ.
614 3826 1074 3882 Similitmlinibus
1109 3827 1330 3888 duabus,
1376 3826 1544 3880 altera
1580 3826 1893 3883 aediﬁcantis
1931 3839 2042 3884 tur—

459 3902 582 3960 rim,
608 3907 661 3952 et
704 3897 1065 3968 computantis
1102 3907 1369 3968 sumptus,
1412 3897 1581 3953 altera
1625 3898 1873 3953 bellaturi
1916 3917 2039 3955 cum

459 3983 605 4039 rege,
636 3967 1136 4039 ostenditChristus
1170 3969 1506 4036 providentia
1538 3983 1672 4038 opus
1710 3985 1830 4024 esse
1867 3970 1919 4023 in
1962 3987 2042 4025 se-

456 4037 667 4112 quendo
688 4038 921 4112 Christo,
962 4037 1234 4112 roburque
1255 4039 1419 4112 animi
1451 4037 1862 4109 expendendum
1897 4055 2037 4107 esse,

457 4106 746 4180 antequam
770 4116 821 4163 te
842 4108 1062 4163 fatearis
1083 4106 1281 4163 Christi
1308 4106 1650 4165 sectatorem.

577 4222 645 4283 IN
683 4221 935 4279 NATALI
974 4220 1397 4279 SANCTORUM
1430 4222 1910 4281 PLURIMORUM.

456 4315 721 4369 EPISTOLA
756 4312 818 4366 Β.
853 4312 1023 4367 Ρετιιι
1074 4328 1328 4368 Αροετοιι
1380 4312 1425 4379 Ι,
1473 4328 1590 4368 car.
1624 4330 1642 4367 ι
1676 4332 1689 4367 :
1729 4314 2041 4372 Benedictus

502 4409 504 4411 ν
912 4384 1053 4441 Deus
1079 4393 1126 4437 et
1160 4381 1320 4437 Pater
1344 4383 1579 4438 Domini.

527 4478 577 4531 1.
620 4475 756 4546 Spes
782 4476 904 4530 viva
934 4475 1261 4530 Christianis
1286 4485 1398 4538 est,
1428 4490 1527 4545 per
1556 4477 1659 4531 hoc
1689 4478 1832 4546 quod
1862 4493 2042 4534 resur-

454 4549 596 4629 rexit
621 4548 789 4629 lusus.
808 4546 1157 4629 Christus-ex.
1180 4546 1410 4629 mortuis
1440 4546 1494 4599 in
1529 4547 1899 4629 bmredttatem
1940 4550 2041 4604 im-
2065 4570 2117 4629 D

452 4619 759 4681 mortalem,
777 4615 1304 4671 incontaminabilem
1319 4623 1374 4669 et
1390 4616 1892 4675 immarcescibilem
1909 4637 2039 4676 con-

454 4698 725 4743 servatam
756 4689 809 4742 in
838 4687 1008 4741 cmlis.

524 4759 577 4812 2.
622 4757 726 4811 Per
762 4756 955 4812 multas
988 4753 1349 4809 tribulationes
1389 4764 1586 4825 oportet
1625 4757 1824 4813 intrare
1861 4760 1917 4814 in
1957 4776 2039 4816 re-

453 4845 612 4899 gnum
646 4827 765 4890 Dei,
804 4828 850 4879 si
886 4826 1230 4899 compatimur
1250 4834 1299 4879 et
1330 4827 1778 4897 conregnabimus,
1814 4831 1859 4885 si
1898 4848 2038 4886 com-

455 4897 711 4952 inorimur
734 4904 781 4949 et
807 4897 1152 4949 convivemus.

524 4969 578 5021 5.
621 4966 868 5036 Christus
902 4964 1057 5019 nobis
1086 4965 1243 5019 datus
1293 4972 1377 5021 est
1420 4967 1476 5022 in
1507 4969 1723 5036 donum,
1754 4980 1816 5026 ut
1850 4972 1921 5027 sit
1948 4987 2037 5027 sa-

454 5036 674 5110 pientia,
698 5034 922 5110 iustitia,
950 5035 1328 5110 sanctificatio,
1354 5046 1410 5091 et
1434 5034 1732 5110 redemptio
1755 5052 1959 5105 nostra,
1982 5050 2037 5097 et

455 5104 509 5160 in
535 5104 863 5187 exemplum,
897 5112 958 5159 ut
998 5121 1158 5175 paSso
1200 5107 1253 5161 in
1282 5124 1443 5165 carne
1470 5104 1686 5166 Christo
1715 5128 1816 5167 nos
1845 5104 2034 5167 eadem

454 5183 778 5246 Cngll'JUODC
805 5191 1097 5230 armcmur.

452 5270 801 5323 Eunaeum
840 5267 1019 5343 Lucas,
1060 5285 1178 5343 car.
1220 5285 1296 5325 xu
1336 5289 1348 5325 :
1392 5268 1508 5343 Sint
1540 5270 1702 5325 lumbi
1732 5273 1883 5326 vestri
1906 5288 2036 5343 prie.

860 5340 1015 5393 cincti
1038 5348 1085 5392 et
1112 5339 1338 5395 lucerna:
1367 5341 1627 5394 ardentes.

528 5429 579 5484 1.
621 5427 983 5485 Similitudine
1021 5431 1237 5485 habitus
1274 5431 1729 5493 ministrantium,
1774 5432 2034 5490 Dominus

455 5502 625 5573 docet
641 5499 979 5573 sedulitatem
1007 5510 1271 5573 nostram,
1291 5510 1355 5573 ut
1381 5509 1584 5555 stemus
1614 5502 1666 5555 in
1695 5502 1823 5567 fide,
1846 5504 2033 5573 vigile-

455 5587 574 5624 mus
614 5571 669 5625 in
709 5572 923 5641 negotio
957 5571 1165 5635 salutis,
1200 5570 1340 5625 mala
1380 5585 1486 5624 non
1529 5586 1750 5641 agamus
1785 5582 1840 5629 et
1877 5570 2032 5629 bonis

455 5641 705 5711 operibus
734 5642 1064 5695 insudcmus.

523 5714 576 5764 2.
617 5713 862 5782 Optimus
888 5707 1336 5782 Christusuvoluit
1372 5723 1497 5782 suos
1532 5724 1652 5782 esse
1690 5711 1742 5766 in
1780 5713 1880 5768 hac
1909 5729 2027 5769 scn~

457 5784 641 5840 tentia,
666 5777 737 5835 ἰιι
774 5790 1075 5851 extremum
1116 5778 1262 5831 illum
1295 5777 1483 5845 judicii
1511 5781 1651 5833 diem
1690 5798 1901 5851 semper
1937 5800 2029 5838 ex-

456 5860 760 5917 spectarent
790 5850 980 5919 parati,
1001 5864 1099 5904 ccu
1121 5863 1244 5902 mox
1270 5858 1571 5903 venturum.
1608 5851 1669 5904 Et
1699 5854 1750 5906 in
1779 5854 1877 5909 hac
1906 5870 2027 5909 scn-

1922 5398 1949 5406 ..ι

1142 409 1559 467 ευιιιιΑιιιυΜ
1599 411 1666 466 IN
1706 412 1922 467 EPIST.
1956 412 2043 467 ET
2085 411 2337 467 EVANG.
2381 408 2753 467 SMARAGDO
2788 410 3121 465 ADDITUM.

1771 535 2047 593 rarceptum
2075 529 2125 587 Α
2155 524 2319 577 tentia
2352 522 2516 577 fuisse
2558 522 2801 588 Petrum,
2845 520 3089 589 Paulum,
3134 520 3540 593 Hieronymum,
3571 529 3627 576 et
3654 521 3724 576 in-

3628 410 3724 464 592

2156 594 2518 647 numerabiles
2547 594 2681 647 alios
2706 600 2937 647 constat.

2221 663 2275 717 5.
2319 662 2554 741 Hilarius
2581 664 2697 716 fure
2715 662 2986 741 diabolum
3033 660 3284 741 intelligit
3309 667 3533 741 secutus
3548 658 3727 741 Orige-

2153 748 2276 788 ncm
2302 773 2316 797 ,
2361 733 2451 788 alii
2506 743 2807 787 extremum
2846 732 2987 786 diem
3012 770 3028 796 ,
3069 740 3125 786 et
3162 729 3259 802 per
3294 729 3725 802 patremfamilias

2152 818 2591 873 unumquemque
2617 810 2883 873 nostrum,
2902 802 3109 873 dictum
3137 799 3221 855 est
3242 799 3420 873 autem
3440 799 3719 873 omnibus:

2165 869 2407 942 Vigilaie,
2439 869 2571 927 nar.
2604 888 2723 927 xui.
2755 870 3007 942 Nescitur
3034 871 3149 925 dies
3175 886 3275 926 nec
3298 871 3450 926 hora.
3482 869 3623 942 Mors
3645 878 3721 925 est

2149 938 2323 1009 certa,
2371 942 2582 998 incerta
2625 944 2760 1006 dies,
2808 941 3068 996 incertior
3110 942 3266 1008 hora,
3308 938 3567 996 consulat
3599 954 3718 1008 ergo

2149 1014 2364 1081 animm,
2397 1014 2491 1083 qui
2519 1013 2658 1083 sapit
2684 1012 2792 1079 ille,
2820 1027 2952 1067 sum.

2148 1124 2279 1179 lrnu
2321 1125 2665 1180 Evascnunu
2705 1123 2899 1189 Luem,
2938 1138 3056 1177 car.
3097 1137 3189 1176 xix
3231 1140 3243 1174 :
3296 1119 3470 1175 Homo
3517 1120 3722 1191 quidam

2401 1196 2588 1249 nubilis
2617 1194 2745 1247 abiit
2773 1196 2828 1247 in
2855 1194 3114 1265 regionem
3140 1192 3499 1262 longinquam.

2222 1286 2270 1338 1.
2308 1283 2568 1338 Paral‘ola
2613 1284 2680 1339 de
2722 1283 2942 1340 homine
2988 1282 3169 1347 claro,
3211 1281 3280 1335 de
3323 1294 3490 1349 regno
3529 1279 3722 1335 Christi

2150 1354 2424 1433 agit,__boc
2452 1362 2556 1433 est,
2581 1355 2646 1408 de
2667 1353 3201 1433 regnoevangelico,
3232 1351 3287 1404 in
3315 1350 3459 1433 qugd
3484 1364 3725 1433 sermone

2189 1418 2568 1487 rmdicationis,
2594 1418 2885 1493 publicani,
2914 1418 3252 1493 meretrices,
3283 1418 3505 1493 milites,
3532 1418 3722 1493 Gnaei,

2189 1442 2568 1487 rmuicauoms,
2594 1442 2885 1493 punncam,
2914 1442 3252 1484 meretrices,
3283 1442 3505 1483 ιιιιιιιεε,
3532 1442 3722 1484 ursa,

2148 1442 2409 1559 Romani,
2440 1494 2673 1564 Scythae,
2719 1492 3078 1564 Calli,iG_o_thi
3097 1532 3110 1555 ,
3141 1490 3425 1564 sanitate,
3452 1489 3723 1564 Germani,

2148 1580 2211 1618 ac
2238 1558 2426 1619 omnes
2454 1558 2581 1617 sunt
2608 1563 2934 1617 attrahendi.
2961 1562 3097 1615 Hinc
3119 1568 3175 1615 et
3187 1559 3502 1630 Agarenica;
3524 1567 3580 1612 et
3598 1558 3725 1630 Ara-

2149 1635 2282 1689 bicae
2305 1634 2627 1688 studendum
2650 1633 2804 1686 nobis
2828 1639 2973 1685 esset
2996 1632 3086 1699 (ne
3109 1628 3439 1699 quid‘dicam
3462 1628 3723 1699 detribus

2149 1704 2451 1759 celebribus
2476 1703 2675 1771 linguis
2700 1701 2945 1763 llebra-a,
2970 1696 3179 1764 Grmca,
3205 1699 3426 1771 Latina)
3446 1706 3506 1751 ut
3531 1696 3729 1771 Turcas

2147 1783 2203 1828 et
2227 1774 2504 1842 Agarenos
2531 1768 2819 1841 aliquando
2841 1772 2895 1826 in
2918 1771 3294 1842 obedientiam
3308 1768 3430 1824 ﬁdei
3455 1768 3727 1842 attrahere

2077 1874 2122 1933 Β
2151 1837 2450 1967 possemus.
2496 1837 2654 1897 Fides
2682 1842 2826 1923 enim
2865 1858 2963 1911 per
2989 1841 3231 1895 auditum
3265 1838 3356 1902 ﬁt,
3387 1838 3475 1920 cui
3505 1837 3731 1919 inseruit

2175 1929 2351 1967 inqua.
2382 1922 2437 1967 et
2478 1914 2651 1967 pudor
2687 1920 2773 1966 est
2810 1927 2997 1967 ingens
3034 1926 3159 1964 cum
3190 1907 3474 1964 duodecrm
3503 1908 3727 1967 apostoli

2194 1929 2351 1983 ngua,
2382 1922 2437 1967 et
2476 1914 2651 1982 pudor
2684 1920 2773 1983 est
2810 1907 2997 1983 ingens
3034 1926 3159 1983 cum
3190 1907 3474 1983 duodecim
3503 1907 3727 1983 apostoli

2152 1976 2272 2055 (εεῖι
2312 1976 2635 2055 fermentum
2679 1982 2732 2035 in
2771 1976 3020 2055 triaﬁsata
3050 1979 3240 2055 fagina;
3265 1976 3728 2055 .positum)'totum

2148 2048 2335 2108 urbem
2359 2052 2767 2115 fermentarent,
2812 2052 2955 2121 quod
2981 2048 3395 2121 nostris'tiani
3419 2048 3723 2101 innumera-

2148 2123 2283 2193 biles
2309 2123 2444 2177 adeo
2471 2137 2661 2193 parum
2691 2130 2785 2175 aut
2812 2118 2946 2193 sime
2972 2119 3105 2193 nihil
3130 2118 3539 2193 fructiﬁcamus;

2218 2185 2489 2264 2._Regio
2509 2190 2797 2264 longinqua
2825 2190 3064 2264 Ecclesia
3092 2189 3331 2264 gentium
3361 2194 3463 2242 est.
3500 2185 3729 2264 Praela-

2147 2278 2242 2317 rus
2269 2262 2357 2317 ille
2380 2257 2542 2317 homo
2562 2257 2808 2317 Christus
2827 2261 2978 2324 abiit,
3002 2267 3063 2313 ut
3084 2257 3364 2330 plenitudo
3389 2257 3628 2330 gentium
3649 2257 3729 2311 in-

2148 2340 2335 2394 traret,
2369 2342 2690 2396 revertetur,
2720 2340 2780 2386 ut
2804 2330 2981 2387 omnis
3002 2327 3169 2385 Israel
3193 2327 3379 2396 salvus
3397 2327 3516 2382 liat.

2215 2401 2269 2456 3.
2307 2403 2562 2458 Doctrina
2586 2417 2684 2471 pro
2705 2401 2970 2456 ministris
2989 2398 3161 2464 verbi,
3186 2407 3249 2453 ut
3274 2398 3336 2471 ing
3356 2398 3730 2471 negotioprae-

2146 2471 2433 2527 dicationis
2459 2466 2781 2539 evan'gelicre
2804 2472 2974 2526 simus
3002 2466 3650 2539 quamgmaxime'tldelés
3676 2475 3728 2522 et

2146 2542 2395 2597 industrii
2426 2553 2481 2597 ct
2507 2537 2704 2596 multos
2733 2537 3132 2596 lucrifaciainus
3159 2537 3398 2603 Christo,
3437 2538 3515 2593 sic
3538 2552 3727 2607 repor-

2146 2613 2308 2666 taturi
2347 2612 2851 2682 immarcescibilem
2880 2624 3160 2682 coronam,
3192 2624 3332 2682 cum
3341 2609 3602 2682 princeps
3631 2622 3729 2682 pa-

2144 2690 2349 2737 storum
2388 2682 2609 2737 redierit
2650 2674 2899 2737 Christus
2940 2680 3099 2736 Iesus
3128 2674 3290 2734 Verus
3320 2674 3409 2732 ille
3444 2674 3607 2733 homo
3632 2674 3733 2738 no-

2143 2752 2269 2807 bilis
2290 2760 2347 2807 et
2373 2753 2571 2807 clarus.
2593 2752 2808 2822 Alioqui
2835 2750 2929 2807 Dei
2953 2764 3148 2822 munus
3171 2750 3376 2805 amittit
3400 2749 3492 2821 qui
3522 2748 3730 2822 habens

2144 2838 2251 2876 non
2281 2822 2471 2885 habet,
2502 2822 2558 2876 id
2589 2831 2701 2886 est,
2731 2819 2797 2877 eo
2828 2838 2934 2877 non
2966 2821 3152 2891 utitur,
3186 2826 3243 2877 et
3265 2834 3331 2875 co
3360 2819 3608 2891 augetur,
3638 2819 3733 2891 qui

2142 2892 2349 2949 habens
2378 2893 2560 2957 habet,
2591 2893 2643 2946 id
2675 2904 2782 2958 est,
2810 2893 2947 2948 bene
2976 2890 3166 2945 utitur.

2272 3005 2339 3062 IN
2388 3005 2641 3060 NATALI
2678 3002 3137 3060 PLURIMORUM
3176 2999 3591 3056 MARTYRUM.

2141 3097 2407 3153 EPISTOLA
2440 3097 2605 3152 Ριιυιι
2644 3112 2709 3152 an
2745 3095 2940 3159 linem,
2962 3110 3085 3150 car.
3118 3110 3175 3148 ιιι
3205 3111 3218 3146 :
3248 3091 3435 3148 Sancti
3460 3108 3554 3162 per
3573 3092 3737 3160 fidem

2715 3168 2945 3221 vicerunt
2974 3183 3157 3237 regna.

2218 3278 2268 3332 l.
2311 3278 2577 3347 Quantam
2613 3278 2721 3332 vim
2754 3276 2886 3333 ﬁdes
2921 3278 3147 3342 habeat,
3176 3290 3297 3346 qua:
3318 3274 3622 3331 substantia
3651 3284 3738 3329 est

2142 3365 2329 3404 carum
2377 3366 2556 3404 rerum
2617 3363 2734 3418 quae
2787 3356 3093 3418 sperantur,
3134 3356 3514 3417 argumentum
3543 3361 3739 3401 eorum

2142 3436 2262 3491 qua:
2289 3435 2397 3491 non
2428 3422 2697 3491 videntur.

2211 3490 2264 3545 2.
2306 3489 2564 3558 Exempla
2594 3488 2807 3545 Veteris
2844 3497 2899 3542 et
2924 3486 3060 3542 Novi
3093 3484 3431 3558 Testamenti
3458 3484 3744 3558 adducun-

2146 3569 2232 3615 tur
2256 3555 2703 3630 esimiafquibus
2738 3560 2995 3628 majestas
3036 3568 3092 3630 et
3136 3557 3376 3630 potentia
3403 3555 3528 3630 tidei
3554 3567 3743 3612 osten-

2142 3631 2308 3685 ditur.
2344 3626 2801 3700 Expugnaveruiit
2828 3626 2992 3698 regna
3030 3626 3213 3700 Josue,
3249 3627 3438 3700 David,
3476 3638 3743 3697 operatus

2142 3710 2226 3757 est
2259 3698 2524 3768 justitiam
2556 3700 2796 3765 Samuel,
2845 3699 3079 3754 assecuti
3120 3698 3505 3769 promissiones
3544 3714 3745 3769 rursus

2140 3767 2327 3836 Josue,
2360 3771 2547 3825 David.
2579 3770 2937 3826 Occluserunt
2973 3786 3069 3824 ora
3099 3767 3313 3823 leonum
3354 3767 3544 3831 David,
3581 3768 3745 3823 Sam-

2142 3858 2296 3912 psmi,
2319 3842 2698 3912 exstinxerunt
2719 3842 2827 3895 vim
2851 3840 2990 3912 ignis
3011 3838 3458 3912 Aaron,pu_eri_in
3485 3838 3741 3912 Daniele,

2142 3909 2445 3982 effugerunt
2505 3911 2677 3965 aciem
2716 3909 2892 3982 gladii
2926 3911 3071 3965 Elias
3109 3918 3182 3982 et
3221 3909 3348 3982 alii,
3393 3909 3745 3982 incursiones

2147 3977 2457 4037 averterunt
2485 3977 2796 4036 exterarum
2834 3981 3127 4045 Jonalhas,
3157 3978 3286 4044 Asa,
3319 3977 3601 4049 Josaphat.
3625 3981 3740 4035 Alii

2145 4053 2385 4108 distenti.
2405 4050 2535 4106 Vide
2560 4049 2809 4106 Jcremia:
2829 4068 2920 4116 xx,
2942 4050 3065 4107 Jud.
3094 4048 3355 4115 xvt,Tob.
3379 4047 3588 4113 "Job.
3614 4066 3738 4105 xu.

2143 4123 2279 4179 Vide
2309 4123 2511 4177 Chron.
2547 4122 2785 4187 Eusebii,
2812 4132 2866 4176 et
2892 4123 2981 4178 lib.
3014 4138 3044 4176 v
3068 4120 3356 4185 Theodori,
3385 4136 3506 4187 cap.
3539 4118 3633 4184 39,
3669 4125 3745 4175 de

2141 4193 2310 4248 variis
2365 4191 2653 4264 generibus
2718 4193 3103 4264 suppliciorum
3137 4199 3217 4264 ‘ct
3272 4189 3745 4260 quuisitionibus

2141 4260 2446 4333 poenarum,
2482 4264 2677 4332 quibus
2702 4260 3101 4333 pii'c'xcruciati
3119 4260 3364 4333 luerunt.

2213 4335 2267 4388 5.
2308 4336 2437 4400 Qua:
2465 4331 2738 4404 apostolus
2778 4333 2865 4387 hic
2904 4332 3027 4404 ﬁdei
3064 4331 3273 4404 tribuit,
3305 4331 3746 4404 Chrysostomus

2143 4404 2291 4459 cruci
2319 4400 2517 4458 Christi
2546 4404 2752 4468 tribuit,
2774 4404 2897 4457 vide
2930 4401 3159 4460 Humilia
3186 4400 3277 4464 55,
3309 4401 3362 4454 in
3391 4401 3739 4467 Mattbamm,

2143 4475 2287 4544 quod
2314 4475 2525 4545 signum
2543 4482 2605 4545 et
2633 4473 2934 4545 symbolum
2948 4471 3324 4545 gvoeat‘salutis
3353 4479 3574 4545 nostrm,
3599 4489 3737 4526 nam

2143 4542 2322 4614 passio
2343 4544 2554 4598 Domini
2591 4542 2793 4599 nostra:
2816 4542 3166 4614 beatitudinis
3186 4549 3348 4614 caput
3363 4549 3419 4614 et
3437 4544 3595 4612 origo
3621 4553 3737 4597 est.

2142 4612 2367 4682 Quando
2393 4630 2522 4684 ergo
2553 4622 2604 4668 te
2634 4628 2796 4668 cruce
2829 4615 3009 4684 signas
3039 4612 3257 4684 (inquit)
3300 4612 3609 4684 universam
3651 4625 3745 4667 te-

2137 4701 2260 4740 cum
2289 4683 2474 4739 crucis’
2495 4700 2713 4739 causam
2742 4683 2919 4749 versa,
2952 4693 3007 4737 et
3039 4683 3131 4737 irin
3156 4691 3212 4737 et
3236 4683 3565 4751 reliquarum
3600 4697 3743 4752 μειε-

2136 4756 2349 4810 sionum
2373 4755 2621 4809 incendia
2645 4756 2945 4825 exstingue.
2963 4753 3076 4808 Hoc
3100 4754 3310 4824 signum
3336 4752 3532 4825 priscis
3546 4767 3605 4808 et
3630 4769 3742 4807 no-

2136 4826 2267 4879 stris
2296 4825 2628 4894 temporibus
2653 4823 2866 4880 clausas
2889 4823 3083 4891 ianuas
3112 4823 3397 4887 reseravit,
3425 4824 3529 4877 hoc
3558 4839 3743 4877 vene-

2136 4910 2329 4949 norum
2359 4896 2501 4948 vires
2524 4896 2803 4960 exstinxit,
2836 4895 2940 4948 hoc
2967 4898 3176 4949 feroces
3207 4894 3408 4949 bestias
3435 4895 3739 4961 repressit,

2136 4965 2240 5019 hoc
2264 4964 2490 5019 lethales
2513 4966 2844 5034 serpentium
2868 4979 3081 5020 morsus
3106 4965 3334 5034 curavit.
3366 4962 3481 5016 Non
3512 4964 3740 5033 simpli-

2135 5036 2272 5092 citer
2315 5035 2484 5103 digito
2526 5036 2579 5089 in
2609 5033 2873 5106 corpore,
2898 5035 2994 5090 sed
3039 5048 3236 5106 magna
3284 5033 3389 5089 ﬁde
3432 5034 3489 5088 in
3534 5044 3739 5089 mente

2135 5120 2355 5159 servare
2388 5114 2618 5172 oportet,
2651 5107 2765 5160 haec
2793 5104 2904 5159 ille.

2133 5203 2479 5262 Eva-secura
2517 5204 2809 5271 Murum,
2840 5220 2956 5260 car.
2992 5220 3027 5259 v
3056 5224 3069 5259 :
3108 5204 3301 5260 Videas
3328 5205 3485 5260 Iesus
3510 5205 3736 5261 turbas.

2205 5297 2256 5349 1.
2297 5296 2542 5352 Christus
2569 5296 2745 5361 Jesus,
2780 5296 3017 5352 cmlestis
3042 5297 3232 5353 doctor
3268 5305 3323 5353 et
3352 5306 3538 5353 orator
3569 5313 3740 5352 snm~

2133 5382 2277 5427 mam
2318 5366 2552 5423 cmlestis
2591 5368 2972 5437 pbilosophim,
3014 5368 3119 5423 hoc
3178 5376 3261 5423 est
3298 5368 3739 5437 explicationem

2133 5437 2327 5491 divinzu
2365 5437 2501 5508 legis
2535 5436 2680 5492 clara
2721 5436 2987 5495 brevitate
3022 5447 3078 5492 et
3115 5436 3481 5494 blandissimis
3521 5440 3743 5494 invita—

2131 5509 2328 5561 mentis
2358 5515 2411 5561 et
2439 5508 2883 5576 promissionibus
2911 5509 3149 5577 exponit.

2201 5577 2254 5631 2.
2296 5578 2584 5649 Oratorum
2619 5579 2709 5632 alii
2744 5588 2892 5643 sunt,
2934 5580 3187 5649 grandes,
3231 5593 3443 5649 graves,
3483 5578 3739 5648 copiosi,

2130 5655 2341 5712 tenues,
2379 5648 2622 5713 subtiles,
2664 5650 2877 5714 breves,
2911 5648 3199 5718 intcrjecti,
3241 5648 3427 5714 medii,
3463 5650 3745 5706 Christus

2129 5719 2310 5771 omnia
2349 5727 2459 5778 est,
2493 5727 2549 5774 et
2573 5719 2828 5787 optimus,
2866 5721 2960 5787 qui
2993 5720 3220 5774 dicendo
3247 5720 3458 5775 animos
3487 5721 3741 5774 audien-

2131 5787 2262 5858 tium
2299 5788 2479 5853 ducet,
2514 5788 2767 5850 delectat,
2809 5797 3110 5857 permovet,
3137 5791 3463 5858 promittens
3487 5806 3742 5856 regnum

2131 5856 2415 5923 caelorum,
2448 5856 2903 5927 consolationem,
2936 5856 3303 5915 hatreditatem
3337 5869 3517 5925 terrm,
3556 5862 3729 5916 misi)
