3940 6436
297 320 402 374 593

1148 315 1494 372 SMARAGDI
1534 312 1824 371 ABBATIS
1862 314 2167 372 DIADEMA
2208 316 2712 393 MONACIIORUM.

3455 324 3560 382 ὅθί

299 434 609 512 ricordiam,
655 434 916 512 visionem
947 434 1440 512 Dei,_adoptionem
1479 432 1713 488 ﬁliorum
1746 433 1869 499 Dei,
1901 436 1949 495 Α
1979 434 2182 512 doloris
2228 436 2489 512 dentium,
2535 437 2721 512 ﬂetus,
2754 449 2861 495 etc.
2913 439 3214 512 Indignatio
3256 444 3422 509 enim,
3456 446 3557 509 ira,

299 505 599 560 mercedem
630 505 853 558 multam
886 504 938 558 in
966 503 1139 559 caelis.

365 574 421 630 3.
456 574 752 644 Paupertas
779 574 999 644 spiritus
1025 574 1179 628 radix
1206 582 1291 629 est
1314 574 1491 629 omnis
1522 573 1674 636 boni,
1700 582 1759 628 ut
1784 588 1876 627 su-

298 645 479 715 perbia
519 645 736 726 mentis,
756 653 813 700 et
833 652 1181 768 pswama,
1206 645 1358 725 radix
1380 645 1558 725 omnis
1578 644 1875 725 malinhinc

298 714 435 767 mala
460 730 715 768 mamma.
755 722 812 768 et
843 730 963 768 uua:
1010 728 1103 768 ere
1128 728 1423 768 perniciem
1460 722 1559 768 toti
1585 715 1706 768 orbi
1733 722 1875 768 tntu-

297 713 435 785 inala
460 714 715 781 maxima,
755 722 812 771 et
833 713 1103 785 'qu'at'fere
1128 714 1423 784 perniciem
1460 714 1559 770 toti
1585 714 1706 769 orbi
1733 713 1876 768 intu-

294 782 495 837 lerunt.
692 802 738 835 ς

707 853 777 909 ΙΝ
811 853 1064 909 NATALI
1101 853 1457 911 VIRGINUM.

293 942 638 1019 Eunaeum;
676 944 972 1019 Murum,
1009 961 1130 1019 car.
1165 962 1263 1002 xm
1295 964 1323 1019 ςΔ
1346 944 1534 1019 Simile
1555 957 1631 1001 est
1661 962 1873 1019 regnum

537 1014 782 1069 caelorum
808 1016 1053 1070 thesauro
1075 1015 1378 1070 abscondito
1401 1015 1457 1069 in
1484 1033 1633 1087 agro.

364 1102 526 1174 LWUt
552 1103 826 1172 parabolis
847 1104 913 1160 de
933 1119 1103 1174 grano
1126 1104 1332 1174 sinapis
1373 1111 1428 1158 et
1458 1102 1725 1174 fermento
1759 1119 1875 1158 ma-

290 1188 396 1244 gna
425 1173 697 1244 Evangelii
726 1175 900 1230 virtus
923 1173 1262 1237 ostenditur,
1284 1188 1405 1244 qua:
1432 1173 1657 1244 omnino
1680 1182 1871 1244 totum

289 1242 475 1297 orbem
510 1242 777 1298 terrarum
816 1252 935 1299 erat
973 1242 1318 1312 superatura,
1358 1243 1432 1312 ita
1469 1242 1727 1311 parabole
1761 1244 1875 1297 the-

290 1312 436 1384 sauri
465 1319 521 1368 et
548 1314 852 1384 margarita:
880 1307 1115 1369 ostendit
1139 1307 1490 1384 Evangeliuni
1521 1312 1716 1384 summi
1746 1326 1870 1383 pre-

290 1380 352 1436 tii
390 1396 532 1447 esse,
560 1392 618 1437 et
640 1380 835 1438 debere
864 1385 1026 1438 rebus
1050 1380 1315 1437 omnibus
1327 1382 1604 1450 anteponi.

358 1451 416 1523 2.
454 1452 771 1508 Praedicatio
812 1453 1088 1523 Evangelii
1130 1452 1187 1506 in
1225 1450 1652 1523 mundoabdita
1691 1459 1783 1523 es_t_
1816 1458 1874 1506 et

289 1521 481 1587 celata,
507 1530 564 1576 et
587 1522 642 1576 in
669 1519 1049 1591 praedicatione
1076 1536 1286 1577 summa
1308 1519 1539 1577 felicitas
1571 1520 1870 1587 recondita,

290 1605 393 1661 nec
439 1590 711 1645 invenitur
742 1592 846 1647 nisi
888 1591 1104 1647 curiose
1145 1605 1386 1661 quzeras,
1420 1590 1872 1661 quemadmodum

289 1659 671 1732 thesanrus‘ini
684 1676 813 1732 agro
841 1659 1200 1732 absconditus
1217 1659 1385 1732 qiuari
1415 1659 1573 1713 solet.

358 1727 765 1801 5._Parabolafn
799 1732 866 1786 de
901 1746 1101 1801 sagena
1132 1727 1299 1801 missa
1340 1730 1394 1783 iu
1433 1744 1584 1801 mare
1620 1727 1871 1801 Christus

288 1798 404 1868 ipse
425 1799 836 1869 interpretatur,
859 1798 1152 1855 ostendens
1172 1799 1707 1869 multasperditionis
1726 1800 1868 1864 vias,

290 1869 434 1938 unde
469 1868 585 1923 noni
618 1868 814 1938 injuria
854 1871 1055 1924 dictum
1095 1877 1179 1923 est
1218 1868 1342 1923 alibi
1374 1868 1540 1922 latam
1569 1869 1870 1938 esseviam

290 1937 438 1990 illam
473 1953 594 2007 quae
627 1937 680 1993 in
708 1940 1063 2008 perditionem
1100 1938 1360 2008 adducit,
1380 1949 1508 2001 etc.,
1541 1946 1599 1991 ιιι
1628 1937 1869 2008 formidi-

289 2021 416 2061 nem
435 2006 725 2078 ampliﬁcci
745 2017 802 2065 et
823 2009 1071 2064 incutiat.
1101 2007 1237 2062 Hinc
1263 2015 1318 2063 et
1338 2006 1576 2063 fornacis
1598 2007 1866 2072 meminit,

301 2146 1887 2173 *Μ

1979 504 2201 560 aﬂlictio
2214 514 2272 560 et
2291 508 2537 562 anxietas
2551 510 2810 565 adversus
2829 504 3304 568 omncm'animam
3328 504 3567 570 hominis

1975 578 2340 646 perpetrantis
2366 577 2564 633 malum
2591 577 2762 651 (Rom.
2791 579 2875 651 ιι).

1976 708 2321 767 Evucutnu
2359 710 2648 783 Murum,
2673 726 2802 783 Acsr.
2840 726 2944 765 xxv
2972 729 2988 783 7:
3023 711 3209 783 Simile
3235 722 3310 768 est
3346 729 3563 783 regnum

2374 780 2620 836 caelorum
2646 781 2823 835 decem
2852 781 3157 850 virginibus.

2047 892 2100 946 1.
2141 891 2432 963 Virginitas
2452 899 2676 1013 propter
2699 890 3073 972 excellentiam
3104 906 3256 946 suam
3284 902 3554 962 praecepta

2049 978 2083 1013 n
2113 970 2216 1013 est.
2247 977 2335 1013 res
2363 962 2462 1013 sub
2486 962 2609 1013 imis
2636 976 2756 1013 ante
2781 968 2943 1013 etiam
2973 961 3114 1013 anud
3148 969 3359 1013 veteres
3383 979 3414 1013 a
3444 964 3554 1013 nri-

1975 976 2083 1041 no_n
2111 970 2216 1041 est,
2244 960 2335 1015 res
2363 960 2756 1041 sublimisquze
2781 960 2943 1041 etiam
2973 961 3114 1041 apud
3142 969 3359 1041 veteres
3383 979 3414 1016 a
3443 960 3557 1032 pri-

1977 1032 2084 1087 scis
2110 1028 2216 1086 illis
2238 1031 2549 1100 sanctisque
2578 1028 2711 1084 viris
2738 1029 2840 1100 coli
2872 1045 2977 1083 non
3006 1028 3199 1100 potuit.
3228 1031 3352 1086 Haec
3377 1028 3554 1088 ιιτιιίιθιι

1976 1110 2035 1155 ιιι
2061 1101 2307 1156 sublimis
2329 1099 2502 1171 virtus
2529 1114 2637 1155 non
2670 1099 2932 1163 sufﬁciet,
2973 1099 3077 1155 nisi
3103 1101 3244 1156 adsit
3269 1115 3405 1171 epos
3437 1102 3559 1157 ﬁdei

1973 1179 2031 1225 et
2054 1171 2206 1225 labor
2233 1170 2532 1224 charitatis.
3312 1170 3317 1171 ⁷
3422 1186 3425 1191 ν

2044 1240 2098 1294 2.
2136 1240 2376 1309 Quisque
2407 1255 2506 1309 pro
2539 1253 2599 1295 se
2625 1238 2836 1309 videat,
2871 1254 2939 1293 ne
2966 1253 3233 1306 erremus,
3270 1239 3412 1294 Deus
3453 1258 3558 1295 non

1976 1310 2246 1372 irridetur,
2276 1307 2455 1379 nullus
2495 1323 2594 1363 nos
2623 1307 2911 1364 defendere
2936 1310 3139 1379 poterit
3164 1310 3211 1364 si
3241 1310 3418 1365 oleum
3450 1327 3556 1364 non

1976 1379 2323 1434 habuerimus
2348 1378 2402 1431 in
2433 1378 2786 1448 lampadibus.

2045 1449 2098 1503 ὅ.
2137 1448 2354 1520 Crebro,
2371 1446 2567 1518 repetit
2602 1446 2851 1520 Christus
2887 1447 3138 1519 Vigilatc,
3174 1449 3300 1520 quia
3334 1449 3558 1520 nescitis

1975 1519 2115 1575 diem
2142 1519 2551 1589 neque‘horam,
2576 1519 2867 1589 ostendens
2897 1519 3256 1589 ignorantiam
3282 1519 3458 1589 exitus
3487 1521 3556 1573 ah

1976 1589 2080 1644 hac
2106 1589 2216 1643 vita
2248 1586 2433 1658 utilem
2468 1602 2613 1653 esse,
2639 1587 2804 1658 igitur
2827 1586 2949 1643 cum
2978 1588 3065 1642 illo
3094 1587 3319 1644 Paulino
3343 1588 3555 1658 epilogo

1976 1604 2080 1644 nac
2106 1604 2216 1643 vita
2248 1604 2433 1642 utnem
2468 1604 2613 1653 esse,
2639 1604 2804 1711 igitur
2827 1604 2949 1643 cum
2978 1604 3065 1642 mo
3094 1604 3319 1644 rauuno
3343 1604 3555 1658 epilogo

1975 1658 2109 1713 libet
2131 1657 2367 1727 receptui
2393 1672 2589 1727 canere
2613 1672 2628 1711 :
2702 1658 2906 1727 igilate,
2928 1666 3070 1712 state
3095 1658 3151 1712 in
3176 1657 3304 1725 ﬁde,
3328 1657 3556 1712 viriliter

1977 1725 2376 1798 agitetes'tote
2421 1725 2621 1798 fortes,
2676 1725 2859 1798 omnia
2908 1727 3063 1798 nobis
3091 1743 3258 1798 cum
3287 1728 3556 1798 charitate

1898 1784 1947 1844 Β
1974 1784 2291 1863 ίὶξῖιιιξιιωο
2326 1803 2411 1851 est
2446 1796 2554 1851 vita
2582 1784 2912 1851 Christiana.
2952 1797 3019 1850 Et
3056 1797 3138 1851 sic
3173 1797 3264 1865 qui
3295 1797 3549 1859 vixerint,

1972 1883 2097 1921 cum
2139 1866 2450 1935 apparuerit
2488 1865 2769 1931 Christus,
2815 1866 3092 1922 habebunt
3127 1866 3407 1930 ﬁduciam,
3453 1880 3555 1920 nec

1970 1937 2251 2008 pudelient
2278 1936 2345 2008 ab
2372 1950 2457 2001 eo,
2486 1936 2541 2008 in
2565 1936 2798 2008 adventu
2824 1935 2959 2004 ejus,
2989 1936 3083 1991 sed
3111 1936 3387 1991 intrabunt
3424 1950 3549 1990 cum

1971 2004 2169 2074 sponso
2194 2004 2412 2060 Christo
2439 2005 2506 2060 ad
2535 2006 2771 2075 nuptias.

1906 2142 3545 2168 Μ

817 2289 1941 2478 SMABAGDI
2098 2270 3033 2474 ABBATIS

466 2652 1470 2794 DIADEMA
1674 2646 3319 2794 MONACHORUM.

1425 2932 1515 2993 [Ex
1543 2930 1774 2984 Bibﬁoth.
1802 2932 1932 2984 Patr.
1953 2944 2082 2982 max.
2104 2937 2222 2983 tom.
2251 2930 2401 2995 ιιι]

560 3143 926 3203 PROLOGUS
963 3142 1031 3200 R.
1069 3141 1132 3199 P.
1174 3141 1548 3198 SMARAGDI.

349 3237 505 3297 Hunc
539 3239 806 3295 modicum
849 3236 1042 3306 Operis
1070 3236 1241 3291 nostri
1274 3234 1512 3289 libellum
1550 3234 1617 3288 de
1660 3232 1860 3288 multo-

280 3346 399 3390 rum
427 3330 584 3389 dictis
623 3331 1069 3396 orthodoxorum,
1108 3328 1409 3399 opitulante
1432 3326 1670 3390 Christo,
1698 3326 1862 3380 colle—

280 3422 458 3494 gimus
484 3420 728 3488 Patrum,
755 3430 811 3476 et
834 3435 932 3489 per
969 3434 1157 3474 eorum
1205 3417 1569 3473 discurrentes
1613 3413 1863 3470 florentia

276 3520 455 3582 prata,
484 3512 620 3567 bene
654 3510 864 3566 olentes
910 3507 1094 3581 (veluti
1136 3508 1203 3563 ad
1249 3506 1489 3579 manum)
1542 3505 1860 3577 collegimus

278 3600 561 3658 ﬂosculos:
598 3609 760 3672 atque
801 3602 866 3657 de
894 3601 1108 3655 illorum
1149 3599 1422 3672 ﬁorigero,
1473 3596 1863 3655 benedictioni-

277 3693 485 3763 busque
508 3693 720 3747 Domini
748 3692 927 3763 pleno,
963 3707 1028 3747 ea
1068 3690 1209 3764 (qua:
1248 3691 1553 3747 necessaria
1578 3690 1862 3746 monachis

276 3798 399 3838 esse
426 3782 818 3852 perSpeximus)
858 3782 1172 3852 collegimus
1204 3797 1354 3852 agro,
1383 3790 1440 3838 et
1480 3782 1535 3835 in
1562 3782 1666 3837 hoc
1694 3796 1863 3850 parvo

278 3871 583 3927 studuimus
609 3885 940 3941 congregare
966 3870 1164 3924 libello.
1199 3869 1276 3924 Ea
1298 3870 1568 3935 videlicet,
1597 3886 1718 3941 quae
1738 3887 1863 3941 per-

278 3961 540 4017 fecturum
564 3961 952 4016 monachorum
982 3960 1148 4016 corda
1184 3960 1555 4027 demulceam,
1586 3970 1641 4016 et
1672 3960 1740 4014 ad
1768 3960 1862 4014 de-

276 4052 535 4107 siderium
578 4052 770 4122 patriae
812 4052 1052 4108 cmlestis
1081 4052 1291 4107 avidius
1321 4052 1710 4120 sublimiusque
1758 4052 1860 4105 eri-

275 4150 440 4212 gant:
491 4143 826 4198 inﬁrmorum
871 4158 1086 4212 quoque
1112 4144 1504 4197 monachorum
1535 4144 1699 4198 corda
1730 4158 1861 4197 con-

274 4233 493 4289 ﬁrment
542 4241 598 4290 et
648 4240 917 4300 terreant,
969 4235 1037 4289 ad
1102 4232 1513 4304 regularemque
1565 4235 1862 4305 perJucant

273 4325 728 4380 emendationem.
780 4325 850 4379 Et
892 4326 1020 4394 quia
1059 4323 1114 4378 in
1164 4324 1346 4394 regula
1391 4325 1535 4379 beati
1583 4323 1859 4382 Benedicti

273 4416 536 4485 scriptum
562 4423 666 4484 est,
698 4415 823 4470 Mox
860 4425 922 4471 ut
970 4416 1314 4470 surrexerint
1359 4416 1556 4471 fratres
1598 4432 1629 4472 a
1678 4432 1855 4482 caena,

2467 3138 2707 3196 CAPUT,
2734 3136 3029 3194 PRIMUM;

2564 3231 2642 3285 De
2688 3232 2946 3285 oratione.

2038 3320 2151 3378 Hoc
2185 3330 2270 3377 est
2300 3322 2602 3377 remedium
2631 3318 2828 3376 anima:
2850 3321 2989 3391 ejus,
3019 3320 3123 3389 qui
3139 3319 3392 3374 vitiorum
3425 3327 3545 3375 ten-

1963 3414 2219 3469 tameutis
2243 3421 2527 3480 exaestuat,
2571 3424 2631 3469 ut
2658 3412 2875 3482 quoties
2913 3412 3160 3482 quolibet
3198 3412 3331 3468 vitio
3372 3414 3547 3484 tangi-

1963 3513 2072 3570 tur,
2112 3506 2271 3561 toties
2310 3505 2713 3562 adorationem
2762 3522 2822 3561 se
2864 3504 3078 3571 subdat,
3114 3505 3253 3574 quia.
3292 3505 3547 3575 frequens

1962 3599 2139 3653 oratio
2206 3598 2463 3653 vitiorum
2520 3596 3350 3669 impugnationem.exstinguit.
3410 3597 3543 3653 Tam

1961 3702 2377 3763 perseveranter
2428 3693 2714 3751 intendere
2759 3701 2973 3765 oportet
3011 3695 3251 3750 animum
3300 3704 3543 3770 nostrum

1961 3783 2187 3849 orando,
2225 3791 2393 3854 atque
2415 3783 2705 3852 pulsando,
2750 3798 3032 3854 quousque
3078 3784 3414 3853 importunas
3454 3784 3548 3840 dea-

1961 3874 2285 3929 sideriorum
2347 3874 2647 3930 carnalium
2701 3876 3110 3946 suggestiones,
3168 3890 3291 3945 quae
3341 3877 3546 3937 nostris

1960 3964 2278 4033 obstrepunt
2323 3965 2592 4030 sensibus,
2629 3965 2924 4021 fortissima
2973 3964 3275 4021 intentione
3317 3958 3568 4036 supere-'

1960 4067 2081 4107 mus
2107 4070 2120 4105 :
2143 4067 2209 4107 ac
2235 4053 2419 4131 tandiu
2448 4054 2722 4121 insistere,
2745 4070 3030 4125 quousque
3059 4056 3403 4124 persistendo
3424 4058 3543 4112 vin-

1961 4159 2167 4199 camus.
2212 4143 2347 4199 Nam
2381 4144 2715 4216 negligentes
2757 4146 3033 4200 orationes
3059 4160 3161 4201 nec
3188 4145 3258 4200 ab
3287 4147 3404 4216 ipso
3442 4148 3542 4203 ho—

1959 4234 2106 4289 mine
2138 4234 2428 4304 impetrare
2464 4235 2647 4291 valent
2685 4236 2829 4306 quod
2872 4235 3081 4292 volunt.
3132 4235 3362 4303 Quando
3415 4240 3540 4306 quis

1959 4334 2099 4397 orat,
2124 4333 2372 4381 sanctum
2396 4325 2463 4381 ad
2492 4340 2552 4381 se
2589 4326 2841 4395 spiritum
2870 4326 3101 4382 advocat
3126 4345 3139 4381 :
3170 4336 3228 4381 at
3254 4328 3344 4382 ubi
3372 4344 3534 4384 vene-

1959 4415 2063 4478 rit,
2109 4413 2395 4471 confestim
2442 4422 2777 4471 tentamcnta
2825 4417 3243 4485 daemoniorum,
3309 4433 3430 4489 quae
3477 4435 3538 4476 se

278 4506 508 4561 sedeant
551 4521 744 4563 omnes
775 4507 830 4561 in
860 4522 1051 4575 unum,
1088 4515 1145 4561 et
1190 4506 1334 4577 legat
1380 4524 1519 4563 unus
1547 4507 1861 4565 collationes
1886 4516 1939 4575 1)
1964 4504 2235 4560 mentibus
2293 4505 2546 4562 humanis
2616 4507 2979 4578 immergunt,
3024 4510 3370 4578 praesentiam
3418 4510 3537 4580 ejus

271 4596 357 4651 vel
380 4596 518 4651 vitas
539 4595 783 4662 Patrum,
816 4603 909 4650 aut
938 4604 1087 4651 certe
1118 4595 1321 4665 aliquid
1342 4598 1483 4667 quod
1505 4598 1735 4654 aediﬁcet
1764 4616 1860 4653 au-
1960 4594 2104 4649 ferre
2132 4609 2238 4649 non
2281 4595 2634 4661 sustinentes,
2666 4596 2947 4668 effugiunt.
2996 4596 3186 4653 Oratio
3213 4600 3396 4655 cordis
3423 4609 3531 4666 est,

271 4685 522 4741 dientes:
552 4686 676 4742 ideo
697 4702 797 4742 nos
834 4695 890 4743 et
912 4686 979 4742 de
1014 4685 1396 4743 collationibus
1425 4686 1669 4753 Patrum,
1705 4697 1762 4744 ct
1791 4690 1857 4746 de
1960 4702 2068 4741 non
2098 4685 2385 4741 labiorum.
2434 4686 2621 4759 Neque
2659 4688 2804 4743 enim
2830 4690 2994 4744 verba
3026 4689 3369 4760 deprecantis
3394 4690 3541 4747 Deus

270 4776 775 4833 conversationibus
800 4785 855 4831 et
888 4776 1318 4832 institutionibus
1344 4793 1533 4833 eorum
1561 4780 1854 4845 modicum,
1959 4776 2189 4832 intendit
2216 4795 2231 4831 :
2266 4775 2360 4832 sed
2379 4778 2590 4833 orantis
2628 4793 2728 4834 cor.
2749 4778 2961 4847 aspicit.
2993 4777 3147 4845 Quod
3174 4781 3221 4836 si
3249 4796 3345 4836 cor
3373 4783 3537 4838 tacite

270 4873 326 4922 et
357 4867 424 4922 de
449 4866 681 4923 diversis
709 4867 1032 4923 Doctoribus
1059 4867 1113 4922 in
1142 4868 1246 4923 hoc
1276 4867 1457 4924 libello
1484 4869 1856 4940 congessimus
1956 4877 2098 4935 oret,
2123 4876 2180 4923 et
2207 4884 2311 4923 vox
2358 4868 2545 4934 sileat,
2573 4868 2830 4939 quamvis
2863 4870 3112 4927 homines
3139 4871 3324 4937 lateat,
3362 4872 3532 4928 Deum

270 4957 587 5029 plurimum,
625 4966 680 5014 et
718 4959 796 5015 sic
825 4974 948 5015 eum
988 4960 1043 5014 in
1069 4967 1286 5016 centum
1317 4961 1570 5032 capitulis
1603 4978 1856 5018 consum-
1956 4959 2125 5015 latere
2172 4975 2279 5014 non
2334 4967 2545 5029 potest,
2594 4960 2687 5029 qui
2740 4961 3089 5016 conscientia:
3137 4977 3377 5031 praesens
3423 4972 3528 5018 est.

270 5049 537 5106 mavimus
565 5059 756 5106 totum.
799 5051 869 5105 Et
910 5049 1037 5121 quia
1080 5066 1198 5106 mos
1226 5058 1311 5105 est
1351 5054 1762 5119 nionachorum,
1793 5062 1853 5109 ut
1956 5052 2145 5108 Melius
2191 5062 2276 5108 est
2322 5061 2503 5108 autem
2554 5067 2677 5108 cum
2731 5039 2946 5108 silentio
2990 5068 3149 5109 orare
3195 5055 3361 5110 corde
3412 5056 3533 5110 sine

272 5142 511 5215 regulam
532 5144 677 5199 beati
692 5143 969 5199 Benedicti
1003 5144 1071 5199 ad
1091 5143 1384 5213 capitulum
1407 5144 1585 5216 legant
1607 5145 1850 5214 quotidie
1951 5157 2085 5197 sono
2108 5142 2276 5204 vocis,
2319 5158 2482 5212 quam
2527 5144 2657 5199 solis
2682 5144 2862 5199 verbis
2896 5143 3017 5199 sine
3058 5145 3265 5199 intentu
3307 5148 3527 5201 mentis.

271 5234 630 5290 matutinum:
665 5234 909 5290 volumus
944 5241 1004 5288 ut
1038 5235 1139 5289 iste
1160 5234 1373 5289 libellus
1398 5236 1465 5289 ad
1490 5251 1678 5290 eorum
1709 5236 1851 5306 capi—
1956 5235 2127 5290 Voces
2178 5236 2320 5305 apud
2366 5236 2763 5291 secretissimas
2807 5250 2968 5291 aures
3024 5236 3122 5291 Dei
3171 5253 3275 5292 non
3322 5237 3531 5293 faciunt

269 5323 444 5379 tolum
478 5324 718 5395 quotidie
743 5324 952 5396 legatur
993 5325 1381 5394 vespertinum.
1416 5325 1480 5379 Et
1514 5327 1638 5395 quia
1670 5326 1724 5379 in
1759 5342 1851 5379 ea-

268 5416 391 5472 dem
418 5416 561 5471 beati
589 5416 864 5483 Benedicti
901 5417 1129 5488 legimus
1156 5416 1360 5487 regula,
1394 5424 1454 5471 ut
1479 5418 1738 5488 quidquid
1768 5419 1849 5473 in-

268 5510 530 5565 choamus
551 5510 750 5565 bonum
773 5508 935 5565 aDco
965 5509 1092 5563 illud
1124 5509 1308 5581 perlici
1337 5508 1730 5564 instantissima
1757 5511 1849 5563 de-

268 5618 551 5671 poscamus
579 5602 856 5665 oratione;
895 5609 1179 5671 propterea
1210 5601 1261 5654 in
1299 5602 1399 5655 hoc
1432 5601 1610 5658 libello
1634 5604 1697 5657 dc
1729 5618 1850 5657 ora-

270 5694 433 5750 tionis
462 5692 633 5751 oﬁicio
672 5694 963 5769 capitulum
998 5694 1247 5765 ponimus
1273 5694 1523 5764 primunt.

1950 5330 2113 5383 verba
2144 5340 2349 5393 nostra,
2392 5328 2488 5383 sed
2523 5329 2811 5385 desideria.
2843 5328 3128 5384 Aiternam
3168 5332 3332 5386 etiam
3362 5332 3528 5385 vitam

1952 5420 2000 5474 si
2027 5435 2121 5473 ore
2150 5419 2405 5489 petimus,
2435 5434 2534 5474 nec
2566 5429 2745 5474 tamen
2791 5421 2955 5475 corde
2983 5420 3376 5479 desideramus.
3416 5419 3532 5474 cla-

1952 5517 2164 5564 montes
2213 5518 2472 5564 tacemus.
2526 5510 2583 5563 Si
2628 5525 2754 5564 vero
2807 5509 3179 5564 desideramus
3228 5525 3294 5563 ex
3341 5509 3525 5573 corde,

1951 5603 2115 5656 etiam
2171 5619 2292 5656 cum
2326 5617 2419 5656 ore
2463 5601 2903 5661 conticescimus,
2945 5608 3185 5654 tacentes
3208 5599 3523 5653 clamamus.

1955 5694 2017 5766 ((1
2027 5712 2155 5766 req”
2190 5693 2385 5749 Mora].
2416 5694 2453 5748 Ι.
2488 5709 2621 5764 xxu,
2650 5710 2694 5747 ε.
2729 5692 2837 5765 18.)
2863 5691 2999 5746 llinc
3028 5699 3108 5745 est
3144 5690 3287 5759 quod
3318 5689 3371 5744 in
3415 5705 3527 5744 cre-
