3940 6412
402 312 509 378 595

1683 299 2032 369 Summo!
2065 310 2388 366 secans.

3552 262 3667 373 επ

395 435 486 490 ind
510 416 739 503 papirius
766 425 986 482 Vocibus
1013 424 1324 495 perstrepit,
1355 433 1410 478 et
1443 423 1657 494 Moyses
1684 437 1713 475 a
1741 420 1971 490 strepitu
1999 424 2049 482 Α
2074 427 2128 474 et
2144 419 2342 476 factum
2359 419 2608 490 precibus
2620 418 2764 474 beati
2784 417 2963 475 Patris
2976 417 3222 491 Gregorii
3249 420 3673 483 Neocaesarien-

397 525 685 580 t-erborum
721 525 902 572 tacet:
929 523 983 569 ct
1011 521 1190 568 tamen
1231 513 1416 577 silens,-
1458 528 1591 568 aure
1625 511 1819 567 divinm
1859 509 1976 579 pie-

398 613 525 668 tatis
570 607 808 664 auditur.
867 602 965 660 Cui
1026 603 1264 658 dicitur:
1315 599 1458 667 Quid
1512 600 1710 655 clamas
1767 599 1836 652 ad
1895 614 1976 652 me

398 701 596 773 (Exod.
627 695 779 768 xlv)?
817 695 968 750 Intus
991 704 1074 749 est
1111 708 1242 762 ergo
1272 707 1328 746 in
1358 691 1633 747 desiderio
1658 690 1864 745 clamor
1893 704 1964 744 se-

399 800 602 856 Cretus,
635 787 729 860 qui
771 787 840 841 ad
881 785 1147 854 humanas
1171 797 1331 837 aures
1361 797 1469 837 non
1506 781 1773 850 pervenit,
1817 789 1872 834 et
1899 789 1980 834 ta-

398 891 526 936 men
553 879 797 935 auditum
821 875 1118 932 conditoris
1155 874 1348 944 replet.
1394 873 1680 942 Nunquam
1727 879 1811 926 est
1863 871 1980 925 sine

400 969 602 1042 gemitu
631 966 916 1024 orandum.
948 963 1083 1018 Nam
1113 969 1461 1033 peccatorum
1493 960 1795 1017 recordatio
1843 967 1982 1016 mte-

403 1066 588 1118 rorem
613 1059 802 1131 gignit.
828 1055 970 1131 (Huc
997 1073 1158 1126 usque
1185 1054 1367 1125 Greg.)
1402 1054 1538 1109 Dum
1561 1055 1708 1109 enim
1738 1065 1982 1121 oramus,

409 1153 478 1208 ad
514 1149 839 1206 memeriam
889 1146 1105 1216 culpam
1157 1147 1502 1201 reducimus:
1551 1155 1605 1200 et
1643 1146 1815 1216 magis
1861 1159 1988 1202 reos

409 1242 537 1296 tunc
565 1254 664 1294 nos
699 1235 1244 1306 essecognoscimus.
1292 1233 1523 1304 Ideoque
1565 1249 1687 1289 cum
1717 1234 1828 1289 Deo
1850 1233 1989 1289 assi-

415 1329 631 1393 stimus,
693 1338 912 1396 gemere
953 1332 1011 1380 et
1057 1323 1187 1379 ﬂere
1245 1323 1525 1390 debemus,
1579 1325 1990 1380 reminiscentes

411 1432 572 1485 quam
614 1415 802 1488 gravia
827 1415 940 1470 sint
975 1413 1179 1470 scelera
1226 1429 1348 1484 qua».
1386 1414 1776 1478 commisimus,
1806 1428 1991 1484 quam-

409 1524 514 1578 que
537 1507 656 1564 dira
685 1503 883 1560 inferni
913 1505 1196 1574 supplicia,
1227 1518 1346 1574 qua:
1379 1504 1650 1558 timemus.
1679 1503 1829 1558 Mens
1858 1517 1990 1572 qua-

411 1603 515 1658 lem
547 1617 605 1657 se
627 1600 682 1653 in
708 1599 955 1654 oratione
979 1596 1159 1662 offert,
1195 1597 1359 1651 talem
1388 1603 1510 1666 post
1533 1595 1836 1650 orationem
1862 1607 1990 1648 con—

413 1698 609 1747 servet.
640 1689 774 1743 Nam
805 1687 939 1743 nihil
975 1687 1189 1757 prolicit
1217 1687 1414 1750 oratio,
1445 1685 1491 1741 si
1521 1686 1696 1740 denuo
1738 1683 1990 1740 commit—

2077 511 2154 564 sis
2183 509 2426 580 legimus.
2459 508 2708 576 Quicum
2737 508 2923 564 volens
2961 511 3232 567 mditicare
3271 505 3574 571 Ecclesiam
3601 521 3664 575 in

2076 601 2196 656 loco
2225 610 2371 671 apto,
2411 600 2726 670 videretque
2769 615 2895 655 eum
2933 603 3302 670 angustiorem
3331 620 3453 662 esse
3491 623 3662 678 quam

2078 707 2167 746 res
2191 691 2460 759 exigebat,
2484 691 2631 745 venit
2656 699 2815 744 nocte
2843 691 2910 745 ad
2938 691 3136 758 locum,
3167 703 3224 747 et
3250 695 3478 764 genibus
3501 697 3664 755 ﬂexis

2079 782 2256 836 oravit
2295 781 2604 846 Dominum,
2649 789 2709 835 ut
2756 791 2996 837 montem
3049 783 3264 854 longius
3309 786 3465 854 juxta
3503 789 3669 846 {idem

2023 940 2027 943 _
2079 870 2316 941 petentis
2358 879 2559 942 ageret.
2613 870 2678 925 Et
2733 887 2892 926 mane
2939 871 3104 940 facto,
3159 890 3409 934 reversus
3456 880 3672 934 invenit

2082 969 2320 1016 montem
2350 969 2556 1016 tantum
2580 962 2740 1031 spatii
2771 963 3055 1032 reliquisse
3083 969 3444 1024 structoribus
3476 971 3668 1026 Eccle-

2084 1055 2200 1121 siae,
2231 1063 2490 1126 quantum
2511 1070 2646 1125 opus
2683 1055 2934 1110 habebat.
2956 1057 3092 1112 Nam
3115 1067 3171 1114 et
3209 1069 3397 1116 sancta
3438 1061 3674 1118 Schola-

2085 1145 2225 1199 stica
2256 1159 2448 1200 manus
2477 1153 2531 1200 et
2558 1153 2718 1214 caput
2755 1145 2810 1200 in
2840 1161 3083 1202 mensam
3127 1152 3327 1220 posuit,
3356 1160 3412 1206 et
3437 1162 3497 1207 ut
3525 1153 3677 1225 plue-

2089 1246 2188 1301 ret,
2217 1235 2394 1289 oratit
2421 1253 2434 1287 :
2473 1244 2528 1289 et
2549 1235 2730 1289 statim
2761 1236 2940 1306 pluvia
2969 1253 3133 1308 super
3177 1240 3297 1296 illos
3320 1243 3384 1298 de
3405 1243 3542 1299 coelo
3573 1244 3671 1300 dc-

2090 1325 2316 1381 scendit.
2359 1323 2561 1395 (Ru/in.
2613 1324 2704 1378 lib.
2736 1342 2809 1380 vu
2850 1325 3017 1400 Hist.)
3058 1329 3190 1384 Nam
3236 1339 3292 1386 et
3321 1334 3547 1403 proinde
3573 1345 3678 1389 tar-

2089 1413 2500 1483 diusjustorum
2530 1414 2896 1470 exaudiuntur
2913 1418 3228 1474 orationes:
3260 1430 3318 1476 ut
3344 1423 3472 1476 dum
3514 1423 3672 1478 diﬂ'e-

2092 1513 2309 1571 runtur,
2341 1503 2639 1574 majoribus
2665 1505 2902 1576 praemiis
2925 1508 3286 1564 cumulentur.
3309 1510 3496 1568 Oratio
3517 1530 3675 1568 nam-

2093 1609 2200 1664 que
2235 1593 2464 1663 privatis
2510 1593 2644 1648 locis
2689 1596 3046 1664 opportunius
3093 1596 3354 1668 funditur,
3403 1603 3530 1658 dum
3567 1605 3680 1660 Deo

2094 1693 2306 1740 tantum
2363 1692 2499 1740 teste
2563 1685 2916 1754 depromitur.
2975 1687 3161 1758 Neque
3220 1691 3366 1746 enim
3428 1695 3682 1750 conciliat

412 1782 568 1843 titur,
596 1779 740 1834 unde
776 1779 888 1849 jam
915 1778 1070 1833 venia
1115 1777 1438 1847 postulatur.
1491 1775 1582 1830 llle
1621 1776 1767 1830 enim
1814 1774 1991 1844 precis
2018 1770 2066 1829 B
2093 1776 2266 1831 Deum
2303 1775 2584 1855 multiplex
2611 1778 2820 1831 orantis
2861 1793 3041 1836 sermo
3066 1798 3080 1834 :
3111 1781 3206 1836 sed
3236 1783 3410 1852 plura,
3433 1787 3679 1842 sincera-

415 1874 782 1929 dcsideratum
833 1869 1082 1926 cﬂ'ectum
1117 1869 1236 1924 sine
1263 1869 1425 1924 dubio
1451 1868 1699 1938 percipit,
1729 1866 1820 1937 qui
1850 1866 1994 1935 quod

411 1964 616 2018 orando
647 1960 790 2017 ablui
815 1961 1072 2031 postulat,
1105 1959 1464 2028 delinquendo
1492 1975 1598 2012 non
1629 1958 1807 2012 iterat.
1841 1956 1994 2010 Tunc

413 2070 543 2124 ergo
565 2049 831 2107 veraciter
853 2065 1096 2115 oramus,
1121 2049 1336 2118 quando
1381 2048 1600 2101 aliunde
1647 2061 1752 2100 non
1789 2045 1994 2113 cogita-

415 2147 556 2198 inus.
588 2141 724 2196 Nam
752 2155 959 2204 revera,
992 2147 1121 2194 tunc
1170 2137 1509 2208 impetranda
1548 2137 1728 2192 divina
1771 2151 1994 2191 munera

417 2233 722 2296 credimus;
755 2230 972 2301 quando
1019 2229 1252 2298 simplici
1292 2228 1487 2282 all'ectu
1519 2228 1842 2292 assistimus,
1871 2241 1996 2280 cum

415 2337 655 2378 oramus.
687 2322 913 2390 Quando
939 2327 1118 2376 autem
1145 2329 1352 2376 stamus
1387 2321 1454 2374 ad
1481 2320 1804 2384 orationem,
1853 2318 1994 2388 vigi-

418 2412 533 2468 lare
556 2421 612 2467 et
645 2412 960 2468 incumbere
987 2413 1055 2467 ad
1083 2425 1272 2482 preces
1298 2418 1412 2465 toto
1437 2411 1598 2466 corde
1627 2409 1908 2476 debemus,
1937 2416 1998 2464 ut

420 2504 677 2575 cogitatio
731 2505 910 2560 omnis
965 2503 1202 2559 carnalis
1262 2508 1319 2556 et
1373 2503 1647 2558 saecularis
1695 2502 1993 2556 abscedat:

418 2603 522 2650 nec
552 2595 843 2664 quidquam
877 2601 1006 2648 tunc
1052 2593 1196 2648 aliud
1232 2593 1430 2665 cogitet
1471 2593 1707 2656 animus,
1735 2607 1899 2662 quam
1944 2590 2000 2646 id

420 2684 597 2738 solum
636 2683 782 2754 quod
829 2687 1104 2752 precatur.
1153 2683 1279 2737 Ideo
1349 2690 1404 2737 et
1458 2681 1713 2738 sacerdos
1766 2679 1999 2736 fratrum

417 2781 694 2842 praeparat
735 2780 949 2826 mentes
984 2769 1252 2826 dicendo:
1287 2769 1512 2826 Sursum
1557 2770 1742 2837 corda,
1783 2779 1846 2826 ut
1872 2770 2000 2825 dum

419 2864 573 2934 plebs
593 2863 915 2934 respondet:
950 2861 1220 2916 Habemus
1250 2861 1318 2915 ad
1346 2861 1632 2916 Dominum
1657 2879 1676 2928 ;
1707 2861 2002 2918 admonea-

421 2963 530 3019 tur,
565 2953 703 3008 nihil
728 2953 875 3009 aliud
917 2967 975 3010 se
1003 2969 1166 3023 quam
1202 2952 1490 3008 Dominum
1515 2955 1753 3026 cogitare
1782 2951 2002 3011 debere.

421 3042 526 3110 Qui
561 3042 799 3108 laeditur,
837 3057 945 3098 non
990 3041 1216 3098 desistat
1245 3059 1403 3099 orare
1445 3059 1545 3122 pro
1569 3059 1626 3100 se
1661 3043 2000 3109 lzedentibus,

2096 1887 2200 1944 que
2221 1871 2488 1928 orationis
2512 1871 2758 1927 intentio.
2774 1871 3244 1945 lntcrrogaverunt
3263 1877 3481 1946 quidam
3496 1879 3681 1934 Abba-

2095 1972 2206 2020 tem
2231 1961 2563 2018 Macharium
2590 1963 2833 2019 dicentes
2859 1982 2872 2018 :
2905 1963 3184 2031 Quomodo
3204 1967 3465 2023 debemus
3489 1970 3685 2024 orare?

2094 2057 2164 2112 Et
2194 2055 2330 2111 dixit
2355 2056 2435 2110 eis
2472 2069 2639 2110 senex
2672 2055 2828 2110 :Non
2858 2072 2994 2126 opus
3028 2066 3114 2114 est
3159 2059 3388 2114 multum
3434 2061 3578 2136 loqui
3629 2063 3685 2118 in

2095 2149 2361 2212 oratione,
2393 2149 2487 2203 sed
2506 2149 2800 2204 extendere
2827 2165 3018 2204 manus
3039 2149 3372 2221 frequenter,
3396 2161 3452 2210 et
3466 2155 3683 2210 dicere:

2097 2241 2343 2305 Domine,
2378 2240 2639 2304 sicutvis,
2664 2247 2720 2294 et
2756 2239 2897 2294 sicut
2938 2240 3069 2306 scis,
3098 2243 3357 2298 miserere
3387 2245 3512 2300 mei.
3547 2245 3688 2298 llinc

2097 2331 2289 2385 beatus
2331 2328 2653 2384 Benedictus
2697 2328 2814 2382 ait:
2867 2328 2985 2383 Non
3016 2330 3069 2382 in
3098 2330 3440 2400 mutiloquio,
3480 2335 3575 2388 sed
3628 2335 3685 2389 in

2095 2421 2336 2490 puritate
2369 2419 2570 2485 cordis,
2614 2426 2667 2474 et
2709 2421 3125 2489 compnuctione
3154 2421 3538 2493 lacrymarum,
3577 2439 3680 2478 nos

2097 2511 2346 2566 exaudiri
2386 2511 2644 2566 sciamus.
2681 2508 2750 2564 Et
2785 2509 2906 2565 ideo
2932 2511 3112 2566 brevis
3151 2511 3311 2566 debet
3331 2527 3451 2567 esse
3479 2523 3531 2565 et
3554 2528 3691 2581 pura

2098 2604 2313 2669 oratio,
2362 2602 2468 2658 nisi
2523 2601 2665 2658 forte
2705 2616 2772 2656 ex
2823 2600 3015 2658 alfectu
3065 2603 3439 2673 inspirationis
3490 2604 3692 2659 divina:

2101 2695 2287 2767 gratia:
2310 2693 2683 2764 protendatur.
2712 2691 2770 2748 1n
2807 2701 3076 2748 conventu
3102 2700 3286 2748 tamen
3319 2694 3542 2750 omnino
3564 2694 3697 2752 bre-

2101 2786 2282 2841 vietur
2309 2783 2503 2838 oratio.

2736 2874 2963 2932 CAPUT
3003 2875 3067 2931 II.

2521 2969 2601 3023 De
2649 2968 2929 3039 disciplina
2979 2968 3260 3040 psallendi.

2175 3060 2402 3131 Oportet
2449 3061 2593 3115 enim
2635 3059 2845 3116 nisibus
2889 3059 3017 3115 totis
3063 3061 3284 3117 obedire
3333 3061 3428 3128 illi,
3467 3063 3697 3134 quinos

419 3133 657 3206 alioquin
680 3135 835 3205 juxta
857 3134 954 3190 Dei
983 3135 1304 3190 sententiam
1340 3145 1550 3206 peccat,
1576 3135 1668 3205 qui
1696 3150 1794 3205 pro
1819 3135 2000 3189 inimi-

2107 3167 2203 3222 per
2248 3153 2575 3222 Prophetam
2621 3153 2875 3207 admonet
2909 3152 3129 3207 dicens:
3165 3146 3386 3207 Psallite
3419 3133 3690 3225 sapienter

420 3227 502 3281 cis
541 3240 650 3281 non
688 3234 811 3282 orat
854 3225 1074 3298 (Matth.
1107 3225 1186 3297 v).
1249 3225 1402 3281 Sicut
1453 3225 1660 3280 nullum
1695 3224 1912 3296 prolicit
1942 3226 1998 3280 in

418 3319 646 3374 vulnere
687 3319 1146 3374 medicamentum
1193 3319 1242 3374 si
1269 3311 1445 3373 adhuc
1485 3318 1541 3372 in
1571 3332 1637 3372 eo
1673 3317 1876 3373 ferrum
1906 3318 1999 3384 sit,

420 3419 498 3471 ita
526 3414 662 3470 nihil
691 3411 907 3484 prolicit
935 3411 1108 3466 oratio
1137 3409 1300 3475 illius,
1345 3408 1502 3478 cujus
1529 3408 1707 3464 adhuc
1751 3407 1905 3462 dolor
1945 3407 2001 3462 in

421 3516 623 3573 mente,
653 3507 739 3560 vel
767 3505 951 3560 odium
981 3509 1165 3557 manet
1186 3501 1241 3555 in
1261 3507 1500 3570 pectore.
1524 3498 1805 3555 Libentius
1831 3498 2001 3554 sacri-

422 3602 607 3658 ﬁcium
627 3598 896 3656 orationis
926 3595 1211 3664 accipitur,
1237 3593 1380 3663 quod
1417 3592 1496 3665 (in
1520 3601 1815 3662 conspectu
1839 3592 2003 3647 misc-

423 3691 657 3747 ricordis
681 3685 925 3760 judicis,)
951 3684 1183 3756 proximi
1214 3684 1502 3738 dilectione
1545 3684 1811 3739 conditur.
1851 3683 2006 3750 Quod

425 3792 558 3838 tunc
590 3779 858 3835 veraciter
889 3777 1121 3847 quisque
1167 3775 1425 3842 cumulat,
1476 3776 1523 3831 si
1570 3776 1672 3832 hoc
1711 3778 1873 3832 etiam
1909 3793 2006 3848 pro

427 3873 754 3932 adversariis
802 3870 1098 3941 impendat.
1152 3854 1359 3925 Tantus
1419 3883 1539 3926 esse
1590 3871 1748 3925 debet
1797 3871 2008 3925 orantis

426 3981 556 4037 erga
597 3965 767 4020 Deum
813 3962 1078 4028 allectus;
1121 3971 1182 4017 ut
1233 3977 1340 4017 non
1385 3963 1633 4032 desperet
1660 3963 1856 4038 precis
1881 3963 2010 4017 etre-

430 4069 596 4112 ctum.
620 4057 861 4112 [nauiter
895 4064 1072 4111 autem
1112 4070 1354 4121 oramus,
1387 4056 1432 4110 si
1472 4055 1585 4124 spei
1621 4039 1874 4110 fiduciam
1900 4067 2008 4108 non

431 4150 710 4205 habemus.
741 4146 890 4201 Petat
915 4157 1037 4217 ergo
1067 4144 1164 4219 (ait
1189 4145 1377 4216 Apost.
1407 4144 1620 4216 Jacob.)
1654 4145 2011 4214 unusquisque

429 4257 486 4293 ut
511 4239 638 4310 ﬁde,
665 4237 795 4295 nihil
817 4237 1066 4293 dubitans
1093 4236 1298 4310 (Iacob.
1326 4237 1386 4309 ι).
1415 4237 1484 4291 Et
1504 4237 1786 4301 Dominus,
1818 4233 2011 4288 Omnia

430 4345 752 4401 qmecunque
792 4329 968 4400 petitis
1017 4329 1075 4383 in
1121 4330 1380 4393 oratione,
1435 4328 1699 4382 credentes
1747 4325 2012 4396 accipietis

433 4419 786 4491 (Manium).
816 4418 976 4475 Venit
997 4419 1216 4490 quidam
1251 4434 1419 4474 senex
1456 4417 1746 4487 aliquando
1776 4417 1830 4470 in
1859 4429 2014 4468 mon-

2102 3239 2275 3316 (Psal.
2308 3242 2476 3314 mn),
2528 3241 2582 3296 id
2614 3249 2713 3305 est,
2766 3255 2875 3295 non
2907 3257 3217 3310 qumramus
3271 3258 3462 3298 sonum
3505 3245 3681 3312 auris,

2101 3335 2196 3389 scd
2234 3334 2414 3389 lumen
2455 3332 2672 3388 cordis:
2705 3339 2756 3388 et
2789 3330 2931 3401 quod
2971 3332 3150 3403 lingua
3175 3341 3483 3400 cantamus,
3515 3347 3690 3406 opere

2101 3425 2487 3494 compleamus.
2505 3422 2694 3495 (Basil.
2713 3422 2840 3493 Reg.
2859 3423 3174 3495 brev.,279.)
3195 3422 3389 3479 Cantat
3413 3433 3468 3478 et
3489 3425 3704 3494 sapien-

2104 3527 2210 3584 ter,
2233 3517 2490 3588 quiquod
2516 3515 2698 3585 psallit
2738 3515 3008 3586 intelligit.
3043 3513 3212 3570 Nemo
3239 3516 3385 3571 enim
3415 3517 3701 3587 sapienter

2105 3610 2252 3682 agit,
2281 3608 2375 3679 qui
2427 3607 2571 3678 quod
2613 3613 2868 3676 operatur
2904 3621 3012 3661 non
3044 3606 3316 3678 intelligit.
3351 3607 3506 3675 Quod
3547 3610 3704 3664 enim

2105 3712 2190 3756 est
2220 3701 2274 3754 in
2304 3700 2556 3755 omnibus
2583 3699 2720 3754 cibis
2758 3707 2969 3769 gustus,
3021 3715 3128 3770 quo
3171 3701 3505 3770 dignoscitur
3532 3701 3696 3771 cujus

2109 3789 2316 3860 saporis
2358 3790 2448 3853 sit,
2485 3789 2589 3844 hoc
2615 3797 2698 3843 est
2727 3797 2782 3843 ct
2827 3789 2880 3842 in
2923 3789 3104 3844 verbis
3146 3798 3346 3844 sanctce
3375 3789 3699 3861 Scriptum,

2106 3883 2389 3954 prudentia
2417 3892 2472 3938 et
2494 3897 2704 3937 sensus.
2740 3881 2797 3936 Si
2844 3882 2965 3952 quis
3005 3897 3133 3953 ergo
3160 3883 3232 3937 ita
3263 3883 3499 3938 animam
3531 3901 3694 3957 suam

2110 3973 2358 4027 intendat
2382 3973 2437 4027 in
2473 3972 2684 4044 singula
2719 3974 2886 4028 verba
2933 3973 3267 4042 psalmodize,
3316 3975 3458 4030 sicut
3507 3985 3703 4045 gustus

2111 4065 2352 4119 intentus
2382 4071 2466 4118 est
2488 4063 2542 4117 in
2579 4063 2905 4118 discretione
2934 4063 3144 4134 saporis
3173 4065 3417 4120 ciborum
3442 4084 3454 4118 :
3490 4066 3597 4121 iste
3621 4078 3710 4124 est

2113 4156 2203 4226 qui
2228 4152 2515 4226 complevit
2539 4155 2681 4224 quod
2720 4155 2920 4210 dicitur
2942 4196 2956 4223 ,
2992 4153 3212 4210 Psallite
3235 4159 3499 4228 sapienter
3521 4157 3704 4229 (Psal.

2114 4245 2284 4320 XLVI).
2311 4246 2518 4302 Bonum
2547 4255 2631 4302 est
2655 4247 2817 4304 corde
2845 4264 3060 4318 semper
3093 4264 3267 4313 orare,
3300 4251 3498 4304 bonum
3529 4255 3706 4305 etiam

2117 4357 2250 4396 sono
2277 4341 2448 4408 vocis,
2498 4341 2666 4394 Deum
2706 4341 3078 4410 spiritualibus
3123 4341 3338 4414 hymnis
3371 4341 3704 4413 gloriﬁcare.

2118 4432 2263 4486 Nihil
2304 4440 2386 4487 est
2428 4431 2542 4486 sola
2587 4446 2718 4486 voce
2749 4447 2968 4497 canere,
3020 4432 3136 4488 sine
3170 4433 3349 4487 cordis
3380 4432 3708 4489 intentione.

436 4524 544 4567 tem
585 4512 754 4576 Sinai,
794 4522 999 4568 etcum
1027 4513 1202 4567 exiret
1243 4511 1386 4576 inde,
1417 4510 1659 4565 occurrit
1683 4510 1733 4563 ei
1768 4508 1936 4562 frater
1960 4506 2000 4561 ir

2120 4523 2226 4579 Sed
2256 4521 2686 4591 sicutaitApost.
2717 4540 2728 4576 :
2757 4522 3151 4579 Commonentes
3177 4524 3531 4594 vosmetipsos,
3554 4525 3707 4595 psal-

432 4607 544 4669 via,
567 4613 621 4659 et
649 4604 1010 4674 ingemiscens
1055 4602 1268 4657 dicebat
1304 4601 1457 4656 seni:
1485 4599 1805 4670 Alliigimur,
1833 4598 2006 4663 Abba,

434 4700 655 4762 propter
678 4691 1004 4756 siccitatem,
1049 4690 1175 4758 quia
1198 4689 1356 4744 nobis
1382 4704 1488 4743 non
1518 4689 1674 4758 pluit.
1703 4689 1771 4742 Et
1796 4689 1931 4743 dixit
1961 4689 2011 4744 ei

437 4795 644 4836 senex:
675 4779 857 4848 Quare
895 4795 1002 4835 non
1040 4781 1209 4834 oratis
1252 4788 1308 4834 et
1336 4781 1537 4850 rogatis
1566 4779 1778 4835 Deum?
1807 4781 1874 4835 Et
1921 4781 2012 4836 ille

439 4872 743 4942 respondit:
771 4871 839 4927 Et
867 4885 1089 4926 oramus
1115 4877 1170 4925 et
1201 4870 1555 4940 deprecamur
1579 4872 1793 4928 assidue
1820 4871 2010 4936 Deum,

439 4971 494 5017 ct
521 4978 626 5017 non
652 4962 807 5034 pluit.
852 4963 922 5017 Et
961 4961 1098 5016 dixit
1124 4975 1289 5016 senex
1323 4961 1532 5018 :Credo
1557 4965 1680 5034 quia
1711 4981 1817 5020 non
1845 4965 2015 5020 oratis

441 5055 722 5110 attentius.
756 5054 849 5110 Vis
883 5063 1064 5108 autem
1097 5055 1240 5111 scire
1279 5056 1404 5126 quia
1443 5057 1517 5111 ita
1564 5059 1689 5114 est?
1717 5059 1872 5122 Veni,
1912 5066 2019 5112 ste-

441 5159 565 5198 mus
593 5144 796 5214 pariter
839 5144 906 5199 ad
934 5144 1251 5200 orationem.
1285 5147 1351 5201 Et
1388 5149 1682 5204 extendens
1727 5150 1780 5202 in
1821 5147 2019 5203 cmlum

445 5251 639 5293 manus
675 5237 870 5303 oravit,
898 5246 953 5292 ct
976 5239 1158 5292 statim
1186 5238 1364 5309 pluvia
1394 5241 1689 5295 descendit.
1718 5237 1870 5304 Quod
1897 5251 2019 5291 cum

442 5331 670 5386 ~vidisset
693 5329 863 5385 frater
888 5331 999 5395 ille,
1028 5331 1232 5396 timuit;
1278 5341 1331 5385 et
1353 5333 1639 5402 procidcns
1670 5329 1917 5384 adoravit
1940 5343 2021 5383 se-

446 5435 587 5475 nem.
616 5419 750 5474 Nam
778 5429 834 5477 et
863 5421 1123 5477 Dominus
1153 5423 1428 5491 discipulis
1457 5423 1534 5477 ait
1560 5440 1571 5474 :
1605 5420 1806 5474 Habete
1837 5419 2015 5487 ﬁdem.

452 5512 611 5566 Amen
635 5513 754 5567 dico
795 5512 953 5578 vobis,
987 5514 1109 5584 quia
1135 5516 1426 5586 quicunque
1457 5514 1577 5567 huic
1612 5515 1775 5566 monti
1800 5513 2014 5577 dixerit,

448 5598 626 5653 tollere
671 5615 722 5659 et
748 5603 957 5659 mittere
982 5605 1037 5658 in
1059 5613 1287 5668 mare,et
1313 5619 1416 5656 non
1450 5602 1765 5656 hmsitarerit
1788 5603 1842 5654 in
1866 5602 2022 5656 corde

451 5690 928 5766 iuojquoseunque
969 5695 1184 5761 dixerit,
1235 5693 1324 5763 ﬁet
1375 5693 1424 5748 ei
1477 5692 1671 5765 (Marc.
1724 5692 1823 5765 χι).
1869 5692 2022 5762 Quod

2116 4615 2235 4681 mis,
2264 4614 2492 4684 hymnis,
2541 4623 2588 4667 et
2633 4614 2849 4668 canticis
2891 4614 3276 4684 spiritualibus,
3299 4616 3354 4669 in
3379 4617 3551 4687 gratia
3575 4632 3711 4670 can-

2115 4713 2284 4759 tantes
2311 4704 2367 4758 in
2408 4703 2648 4756 cordibus
2680 4705 2860 4758 vestris
2901 4704 3010 4758 Deo
3051 4703 3272 4776 (Coloss.
3309 4704 3414 4777 Ill).
3455 4705 3568 4760 Hoc
3595 4716 3706 4771 cst,

2118 4810 2224 4849 non
2249 4793 2419 4849 solum
2443 4808 2592 4859 voce,
2620 4794 2714 4848 sed
2744 4795 2904 4849 corde
2928 4795 3239 4864 psallentes.
3275 4797 3424 4852 Unde
3448 4804 3506 4851 et
3529 4795 3658 4850 alibi
3690 4815 3704 4849 :

2122 4884 2359 4939 Psallam
2383 4885 2589 4954 spiritu,
2621 4883 2844 4955 psallam
2870 4895 2916 4939 et
2948 4895 3116 4940 mente
3157 4886 3208 4957 (1
3234 4886 3359 4941 Cor.
3397 4886 3530 4960 xw).
3579 4886 3706 4941 Sic-

2120 4982 2181 5031 ut
2237 4975 2573 5030 orationibus
2636 4975 2915 5045 regimur,
2968 4975 3044 5029 ita
3108 4977 3440 5045 psalmorum
3507 4975 3708 5030 studiis

2119 5066 2466 5121 delectamur.
2539 5063 2808 5118 Psallendi
2865 5065 3010 5118 enim
3053 5065 3259 5120 utilitas
3319 5066 3495 5120 tristia
3538 5066 3704 5121 corda

2121 5155 2453 5220 consolatur,
2483 5155 2746 5226 gratiores
2789 5164 2995 5211 mentes
3028 5157 3182 5222 facit,
3210 5158 3522 5213 fastidiosos
3550 5157 3704 5212 delc-

2121 5252 2254 5309 ctat,
2277 5244 2479 5297 inertes
2506 5245 2824 5309 exsﬂscitat,
2852 5254 3165 5314 peccatores
3197 5247 3261 5300 ad
3290 5247 3526 5301 lamenta
3567 5247 3708 5301 invi—

2123 5343 2220 5390 tat.
2262 5334 2396 5389 Nam
2435 5335 2683 5404 quamvis
2714 5336 2844 5389 dura
2895 5336 3005 5390 sint
3029 5338 3325 5392 carnalium
3357 5338 3540 5401 corda,
3595 5347 3707 5391 ste-

2126 5425 2223 5480 tim
2259 5434 2319 5479 ut
2345 5425 2537 5495 psalmi
2563 5424 2785 5479 dulcedo
2811 5425 3122 5491 iutonuerit,
3151 5429 3218 5481 ad
3247 5428 3494 5482 allectum
3536 5429 3712 5497 pietas

2130 5516 2197 5570 tis
2226 5515 2464 5568 animum
2495 5529 2682 5568 eorum
2713 5515 2953 5570 inﬂectit.
2987 5516 3125 5570 Dum
3155 5519 3298 5572 enim
3330 5518 3704 5574 Christianum

2129 5622 2235 5660 non
2265 5605 2412 5659 vocis
2436 5603 2746 5669 modulatio,
2789 5605 2885 5660 sed
2931 5613 3140 5660 tantum
3175 5609 3339 5662 verba
3374 5608 3554 5662 divina
3584 5623 3706 5677 qua

2130 5698 2204 5754 ibi
2230 5697 2499 5764 dicuntur,
2527 5695 2755 5752 debeant
2783 5711 3142 5767 commovere,
3185 5699 3367 5755 nescio
3387 5715 3494 5771 quo
3523 5709 3707 5757 tamen
