3940 6442
291 277 397 336 597

1509 271 1618 329 DLA
1628 268 1812 327 DEMA
1854 264 2358 329 MONACHORUM.

3452 273 3553 329 598

291 396 452 461 pacto
492 398 658 460 quam
722 384 1091 443 modulatione
1133 390 1380 440 canentis
1420 381 1596 453 major
1635 380 1880 437 nascitur
1906 389 1953 443 Λ
1980 393 2150 453 perna
2188 384 2557 454 amplectenda
2597 401 2693 442 cor
2716 386 2948 457 legentis
2986 385 3255 449 immutat,
3295 384 3557 454 dictisquc

291 478 636 551 compunctio
662 476 864 535 cordis.
901 476 1052 532 Multi
1077 475 1221 530 enim
1249 476 1597 546 reperiuntur
1619 473 1712 544 qui
1742 487 1874 528 ean-

292 579 381 627 tus
411 570 677 627 suavitate
701 569 978 635 commoti,
1005 584 1100 624 sua
1133 567 1365 625 crimina
1393 569 1674 641 plangunt,
1713 573 1878 636 atque

294 679 361 719 ex
385 678 449 719 ea
489 668 646 733 parte
680 660 854 733 magis
900 656 1192 718 ﬂectuntur
1235 660 1305 714 ad
1358 659 1648 731 lacrymas,
1674 673 1740 713 ex
1769 670 1877 727 qua

292 752 555 823 psallendi
583 748 887 807 insonuerit
937 746 1164 805 dulcedo
1199 748 1541 805 suavissima.
1590 745 1782 803 Oratio
1822 747 1877 801 in

294 841 547 912 prmsenti
575 848 785 896 tantum
804 854 903 910 pro
928 838 1169 895 remedio
1186 832 1534 909 peccatorum
1555 836 1872 901 effunditur,

292 930 625 1002 psalmorum
676 938 861 985 autem
910 928 1217 984 decantatio
1252 935 1566 997 perpetuam
1615 925 1711 980 Dei
1760 923 1880 978 lau-

294 1022 418 1078 dem
446 1021 788 1077 demonstrat
807 1020 861 1076 in
893 1018 1120 1090 gloriam
1143 1019 1548 1087 sempiternam,
1573 1016 1715 1071 sicut
1742 1013 1877 1071 scri-

292 1121 446 1184 ptum
468 1120 590 1168 est:
619 1110 769 1166 Beati
809 1110 900 1181 qui
924 1108 1160 1162 habitant
1186 1108 1241 1161 in
1271 1107 1427 1161 domo
1451 1115 1567 1172 tua,
1593 1106 1648 1159 in
1683 1103 1881 1160 stecula

294 1201 607 1258 steculorum
629 1200 922 1255 laudabunt
947 1208 996 1253 te
1020 1196 1193 1272 (Psal.
1220 1195 1471 1270 ιιχιιιιι).
1505 1196 1671 1265 Cujus
1698 1195 1882 1266 operis

294 1292 663 1348 ministerium
709 1291 1019 1361 quicunque
1071 1289 1303 1345 ﬁdeliter
1340 1289 1657 1359 intentaque
1702 1297 1884 1343 mente

294 1384 631 1455 exsequitur,
664 1382 1064 1454 quodammodo
1090 1380 1312 1452 Angelis
1354 1380 1613 1437 sociatur.
1650 1380 1804 1437 Unde
1829 1390 1886 1437 ct

296 1477 352 1531 in
379 1476 486 1531 alio
511 1476 630 1531 loco
660 1475 803 1530 idem
843 1473 1295 1545 Psalmographus
1321 1473 1435 1527 ait:
1488 1471 1555 1527 In
1607 1480 1884 1542 conspectu

295 1567 618 1639 Angelorum
663 1566 889 1637 psallam
933 1566 1027 1620 tibi
1058 1564 1231 1638 (Psal.
1260 1563 1522 1637 cxxxvn).
1568 1561 1887 1618 Psalmodize

293 1654 386 1714 hic
412 1659 586 1715 virtus
625 1658 952 1724 ostenditur,
978 1657 1154 1728 utqui
1184 1672 1321 1728 puro
1348 1657 1513 1712 corde
1540 1655 1681 1710 inter
1707 1654 1885 1710 homi-

1977 475 2381 533 obscurioribus
2412 486 2650 544 exercet,
2681 486 2738 532 et
2778 476 3017 548 parvulis
3066 468 3258 532 humili
3306 488 3562 531 sermone

1977 566 2292 622 blanditur:
2328 576 2385 621 et
2427 583 2529 621 usu
2577 567 2785 639 legendi
2820 567 3097 623 fastidium
3151 565 3292 621 tollit
3341 563 3559 620 lectori.

1978 654 2116 723 Quia
2148 656 2404 710 nimirum
2429 671 2563 725 quos
2585 657 2765 712 verbis
2791 656 3086 711 humilibus
3114 653 3354 727 adjuvat,
3394 652 3565 708 subli-

1979 748 2157 803 mibus
2180 747 2342 803 levat.
2388 746 2670 818 Scriptura
2695 763 2850 803 sacra
2883 747 3065 818 aliquo
3114 746 3274 801 modo
3319 760 3445 800 cum
3487 742 3567 800 le—

1979 839 2229 909 gentibus
2256 838 2476 905 crescit,
2525 855 2556 893 a
2605 839 2831 893 rudibus
2877 837 3174 894 lectoribus
3223 837 3379 907 quasi
3410 851 3564 892 reco-

1980 932 2277 1003 gnoscitur,
2305 939 2361 986 et
2390 940 2571 986 tamen
2605 944 2637 984 a
2664 930 2837 987 doctis
2863 945 3078 1000 semper
3103 945 3243 984 nova
3272 929 3560 1000 reperitur.

1979 1019 2063 1076 Ad
2109 1019 2449 1075 Ezechielem
2493 1020 2816 1089 prophetam
2865 1019 3102 1075 dicitur:
3156 1016 3265 1073 Fili
3316 1018 3565 1082 hominis,

1979 1111 2323 1183 quodcunque
2346 1111 2601 1166 inveneris
2637 1110 2846 1164 comede
2891 1109 3109 1181 (Esca/1.
3143 1106 3248 1181 ιιι).
3296 1109 3567 1177 Quidquid

1983 1202 2128 1258 enim
2153 1202 2207 1256 in
2236 1216 2391 1257 sacra
2439 1200 2720 1270 Scriptura
2770 1200 3063 1261 invenitur,
3117 1197 3385 1254 edendum
3438 1207 3568 1253 est:

1984 1294 2110 1364 quia
2137 1301 2194 1349 et
2234 1292 2351 1363 ejus
2391 1308 2558 1363 parva
2590 1292 2888 1362 simplicem
2933 1300 3264 1360 componunt
3293 1291 3481 1351 vitam,
3514 1299 3572 1343 et

1984 1385 2099 1455 ejus
2126 1401 2323 1458 magna
2359 1385 2611 1441 subtilem
2636 1385 2909 1442 :edilicant
2952 1384 3384 1456 intelligentiam.
3432 1382 3574 1438 Prm-

1986 1485 2142 1549 ccpta
2182 1476 2477 1548 Scriptura:
2523 1490 2693 1533 saera:
2736 1476 2984 1547 legendo,
3039 1473 3433 1539 reviviscimus,
3481 1474 3574 1542 qui

1988 1568 2186 1623 mortui
2221 1568 2276 1624 in
2325 1568 2481 1639 culpa
2500 1566 2836 1637 jaeehamus.
2887 1566 3041 1623 Unde
3069 1565 3436 1636 Onmipotenti
3466 1564 3573 1619 Do-

1989 1659 2136 1713 mino
2165 1673 2262 1728 per
2291 1657 2636 1713 Psalmistam
2659 1656 2857 1712 dicitur
2881 1674 2894 1711 :
2934 1656 3002 1711 In
3026 1666 3279 1711 wternum
3311 1672 3415 1710 non
3439 1653 3573 1708 obli—

293 1763 394 1806 nes
424 1749 627 1819 psallit,
651 1749 815 1804 etiam
847 1763 1064 1803 sursum
1085 1762 1209 1802 cum
1230 1744 1453 1815 Angelis
1483 1758 1681 1800 canere
1705 1742 1886 1799 videa—
1915 1732 1961 1792 Β
1990 1750 2157 1806 uiscar
2171 1765 2433 1804 sermones
2456 1758 2571 1804 tuos
2595 1765 2612 1803 :
2634 1750 2757 1820 quia
2780 1749 2834 1803 in
2856 1748 2981 1821 ipsis
2999 1747 3272 1816 viviﬁcasti
3294 1762 3376 1800 me
3399 1744 3574 1817 (Psal.

293 1844 403 1894 tur.
437 1838 575 1894 Hine
610 1847 666 1894 et
692 1837 986 1908 Apostolus
1018 1837 1128 1891 ait:
1175 1834 1572 1890 Commonentes
1610 1834 1889 1903 vosmetip-

293 1947 402 1996 sos,
429 1929 670 2001 psalmis,
713 1929 943 2001 hymnis,
970 1937 1021 1984 et
1054 1928 1272 1982 canticis
1315 1926 1678 2000 spiritualibus
1706 1941 1723 1981 .'
1767 1942 1890 1980 can-

294 2031 465 2078 tantes
489 2024 545 2078 in
570 2023 814 2077 cordibus
838 2021 1019 2077 vestris
1047 2020 1156 2074 Deo
1190 2017 1415 2091 (Coloss.
1451 2018 1556 2088 ιιι).
1595 2017 1662 2072 Ει
1691 2031 1890 2073 canere

295 2115 482 2185 igitur,
507 2122 564 2170 et
591 2113 844 2184 psallere,
883 2120 940 2169 et
969 2112 1197 2168 laudare
1227 2111 1518 2166 Dominum
1553 2109 1729 2182 magis
1772 2108 1891 2164 ani-

297 2218 406 2270 mo,
437 2220 603 2275 quam
632 2219 765 2260 voce
789 2204 1067 2259 debemus.
1102 2201 1215 2257 Hoc
1240 2208 1324 2257 est
1347 2201 1545 2271 quippe
1572 2200 1717 2270 quod
1747 2198 1887 2254 dici-

297 2302 389 2348 tur
413 2303 701 2350 cantantes
727 2294 782 2349 in
823 2293 1079 2350 cordibus
1108 2291 1323 2347 vestris.
1360 2291 1473 2347 Vox
1513 2291 1716 2345 etenim
1746 2288 1891 2358 psal-

295 2383 491 2440 modia:
527 2400 652 2440 cum
678 2398 776 2455 per
798 2383 1156 2438 intentionem
1182 2380 1365 2437 cordis
1392 2380 1593 2449 agitur,
1628 2394 1726 2450 per
1749 2379 1892 2434 hanc

296 2474 655 2546 omnipotenti
692 2475 803 2530 Deo
852 2475 922 2531 ad
967 2489 1063 2531 cor
1118 2474 1221 2528 iter
1268 2479 1514 2544 paratur,
1561 2479 1621 2526 ut
1671 2471 1893 2526 intenta:

298 2565 489 2631 menti,
521 2565 606 2621 vel
635 2562 936 2635 prophetiae
982 2564 1267 2636 mysteria,
1324 2562 1412 2618 vel
1458 2559 1893 2632 compunctionis

299 2654 533 2725 gratiam
578 2654 845 2710 infundat.
901 2654 1056 2710 Unde
1099 2653 1363 2723 scriptum
1394 2659 1480 2707 est
1510 2669 1523 2705 :
1557 2649 1891 2719 Sacriﬁcium

298 2744 475 2801 laudis
504 2744 869 2815 honori/icabit
900 2761 1002 2810 me,
1033 2754 1081 2798 et
1109 2743 1219 2797 illic
1254 2743 1355 2796 iter
1382 2750 1461 2796 est
1488 2757 1592 2813 quo
1619 2737 1893 2794 ostendam

300 2835 382 2892 illi
416 2835 651 2892 salutare
680 2834 777 2889 Dei
807 2832 981 2906 (Psal.
1011 2830 1183 2904 ηις).
1220 2831 1289 2886 Et
1329 2830 1461 2885 illud
1487 2848 1499 2883 :
1531 2828 1755 2885 Cantate
1782 2826 1894 2881 Do—

300 2932 467 2997 mino,
512 2928 774 3002 psalmum
801 2928 957 2984 dicite
981 2926 1181 2983 nomini
1207 2925 1345 2996 ejus,
1375 2924 1475 2978 iter
1499 2923 1658 2993 facile
1692 2922 1761 2986 ei,
1802 2921 1894 2992 qui

302 3020 541 3076 ascendit
586 3035 744 3090 super
784 3029 1068 3074 occasum:
1111 3016 1369 3072 Dominus
1396 3030 1585 3069 nomen
1608 3011 1687 3067 illi
1714 3010 1888 3085 (Psal.

299 3107 492 3182 um).
520 3107 637 3179 lpse
657 3108 858 3163 etenim
882 3122 1043 3177 super
1061 3120 1317 3161 occasum
1343 3103 1612 3169 ascendit,
1634 3101 1727 3173 qui
1752 3116 1894 3157 mor-

301 3205 413 3254 tem
448 3198 780 3269 resurgendo
823 3197 1075 3254 calcavit.
1123 3196 1224 3252 Cui
1266 3193 1395 3251 dum
1441 3203 1747 3261 cantamus,
1785 3193 1894 3250 iter

303 3289 553 3355 facimus,
579 3297 641 3344 ut
665 3291 734 3345 ad
769 3296 1015 3345 nostrum
1043 3302 1140 3344 cor
1166 3286 1377 3354 veniat,
1409 3293 1465 3343 et
1486 3284 1571 3342 sui
1600 3299 1702 3340 nos
1742 3298 1897 3342 amo-

304 3381 382 3438 ris
415 3382 587 3454 gratia
617 3381 900 3438 accendat.

920 3493 1151 3552 CAPUT
1187 3493 1271 3550 lll.

921 3584 1001 3640 De
1034 3585 1274 3641 lectione.

375 3677 728 3737 Orationibus
774 3677 1124 3742 mundamur,
1180 3675 1507 3731 lectionibus
1560 3675 1900 3731 instruimur.

308 3766 609 3838 Utrumque
643 3767 867 3831 bonum,
909 3766 957 3821 si
997 3766 1158 3822 liceat
1183 3785 1196 3820 :
1226 3767 1273 3820 si
1310 3781 1419 3821 non
1465 3764 1651 3831 liceat,
1706 3764 1901 3821 melius

303 3873 465 3913 orare
493 3872 657 3927 quam
685 3857 886 3927 legere.
921 3855 1028 3923 Qui
1070 3855 1189 3911 vult
1217 3871 1342 3912 eum
1366 3855 1477 3910 Deo
1508 3869 1726 3925 semper
1754 3868 1898 3920 esse,

305 3946 621 4019 frequenter
647 3948 811 4005 debet
853 3961 1035 4013 orare,
1074 3945 1390 4017 frequenter
1434 3955 1491 4003 et
1532 3946 1734 4017 legere.
1765 3942 1902 4000 Nam

304 4052 430 4095 eum
458 4053 698 4104 oramus,
728 4038 830 4110 ipsi
859 4052 981 4094 cum
1011 4037 1125 4093 Deo
1153 4036 1428 4108 loquimur
1452 4054 1466 4090 :
1509 4050 1634 4090 cum
1656 4047 1789 4088 vero
1827 4033 1904 4089 le-

302 4127 504 4200 gimus,
551 4128 699 4184 Deus
744 4127 1028 4184 nobiscum
1066 4126 1325 4196 loquitur.
1371 4123 1562 4180 Omnis
1599 4119 1901 4192 profectus,

302 4235 375 4280 ex
401 4222 636 4279 lectione
665 4232 723 4280 et
762 4222 1116 4279 meditatione
1145 4219 1407 4291 procedit.
1456 4219 1588 4286 Quae
1625 4218 1774 4273 enim
1800 4232 1898 4273 ne-

303 4310 532 4376 scimus,
564 4311 797 4367 lectione
844 4309 1107 4369 discimus
1133 4323 1148 4363 :
1172 4322 1295 4377 qua:
1350 4316 1534 4361 autem
1587 4305 1897 4373 didicimus,

1988 1840 2197 1912 cxvtu).
2234 1839 2435 1896 Sancta
2467 1841 2748 1911 Scriptura
2779 1840 2831 1895 in
2856 1839 3100 1896 tenebris
3121 1838 3246 1894 vitae
3287 1837 3578 1908 praesentis

1989 1932 2130 1988 facta
2169 1941 2255 1988 est
2292 1934 2449 1989 nobis
2495 1934 2679 1989 lumen
2725 1933 2955 1989 itineris.
3009 1932 3148 1989 llinc
3191 1931 3335 1987 enim
3384 1930 3579 1986 Petrus

1990 2022 2065 2077 ait
2089 2040 2102 2076 :
2130 2020 2228 2077 Cui
2257 2023 2917 2093 benefacttisintendentes,
2941 2023 3094 2094 quasi
3123 2022 3352 2078 lucernis
3378 2021 3575 2077 lucenti

1990 2113 2045 2167 in
2073 2113 2362 2185 caliginoso
2391 2114 2507 2169 loco
2555 2113 2641 2188 (II
2667 2112 2815 2169 Petr.
2845 2114 2907 2187 ι).
2952 2114 3087 2171 Cum
3122 2113 3322 2187 legenti
3351 2114 3578 2169 cuilibet

1991 2219 2171 2260 sermo
2215 2203 2511 2274 Scriptum
2557 2220 2730 2261 sacrae
2772 2206 2987 2276 tepidus
3012 2206 3247 2273 videtur,
3282 2220 3477 2262 sensus
3499 2205 3580 2261 di-

1989 2295 2102 2351 vini
2146 2296 2345 2367 eloquii
2378 2295 2497 2367 ejus
2525 2305 2760 2353 mentem
2804 2313 2910 2353 non
2942 2298 3162 2363 excitat,
3190 2304 3247 2353 et
3289 2297 3345 2352 in
3374 2297 3582 2368 cogita-

1992 2387 2139 2442 tione
2165 2403 2261 2444 sua
2287 2387 2435 2443 nullo
2457 2387 2735 2444 intellectu
2773 2387 2996 2446 luminis
3030 2388 3249 2445 emicat.
3275 2388 3347 2443 At
3374 2403 3504 2444 vero
3532 2390 3580 2444 si

1990 2481 2130 2536 bene
2154 2479 2368 2537 vivendi
2388 2480 2608 2537 ordines
2642 2488 2873 2552 qumrat,
2915 2489 2971 2537 et
2995 2497 3094 2552 per
3126 2496 3373 2553 gressum
3398 2481 3583 2538 cordis

1989 2570 2234 2626 inveniat
2273 2572 2731 2641 quemadmodum
2759 2572 2951 2643 pedem
2992 2571 3121 2629 boni
3168 2572 3351 2645 operis
3392 2580 3581 2642 ponat,

1966 2720 1969 2725 _
1993 2654 2203 2718 tantum
2227 2662 2281 2718 in
2310 2678 2469 2721 sacro
2494 2660 2710 2736 eloquio
2736 2663 3039 2736 profectum
3068 2663 3290 2729 invenit,
3320 2672 3585 2734 quantum

1992 2755 2139 2826 apud
2163 2755 2311 2811 illum
2355 2758 2467 2827 ipse
2493 2757 2806 2828 profecerit.
2859 2757 3187 2828 Plerumque
3233 2758 3316 2825 fit,
3342 2766 3403 2814 ut
3437 2756 3587 2815 Scri—

1992 2855 2168 2918 pturae
2194 2864 2368 2905 sacra:
2390 2848 2555 2906 verba
2594 2864 2718 2907 esse
2754 2850 2984 2921 mystica
3023 2849 3255 2921 quisque
3284 2849 3511 2916 sentiat,
3535 2851 3584 2905 si

1993 2953 2259 2995 accensus
2294 2954 2544 3011 superna:
2573 2940 3046 3011 contemplationis
3091 2941 3292 3011 gratia,
3331 2941 3585 3012 semetip-

1996 3046 2117 3087 sum
2146 3032 2214 3088 ad
2243 3028 2843 3104 etelestia'suspendat.
2875 3032 3010 3089 Mira
3036 3032 3182 3089 enim
3209 3041 3372 3103 atque
3399 3030 3590 3088 inetia-

1998 3122 2124 3181 bilis
2168 3125 2309 3181 sacri
2343 3125 2544 3196 eloquii
2583 3126 2756 3183 virtus
2796 3127 3130 3199 agnoscitur,
3176 3140 3302 3182 eum
3350 3138 3590 3197 superno

1999 3227 2185 3274 amore
2209 3217 2439 3290 legentis
2465 3219 2681 3276 animus
2706 3228 3041 3289 penetratur.

2613 3310 2843 3368 CAPUT
2879 3311 2972 3368 tv.
3047 3296 3065 3314 '

2358 3401 2438 3456 De
2467 3401 2747 3457 dilectione
2776 3401 2878 3457 Dei
2903 3410 2953 3456 et
2981 3402 3227 3473 proximi.

2075 3488 2259 3560 (Isid.,
2282 3491 2320 3545 Ι.
2339 3507 2379 3546 ιι
2391 3489 2537 3547 Sent.
2553 3508 2601 3547 c.
2617 3490 2710 3563 ὅ.)
2752 3491 3004 3548 Charitas
3028 3491 3083 3547 in
3103 3491 3392 3548 dilectione
3414 3491 3511 3548 Dei
3531 3498 3588 3550 et

2001 3582 2236 3652 proximi
2255 3582 2525 3639 consistit.
2549 3582 2746 3638 Servat
2765 3590 2947 3640 autem
2966 3582 3023 3638 in
3043 3598 3104 3640 se
3122 3582 3469 3639 dilectionem
3489 3583 3590 3655 Dei

2003 3674 2097 3743 qui
2125 3689 2156 3727 a
2182 3673 2451 3731 charitate
2475 3689 2582 3730 non
2604 3673 2864 3731 dividitur
2880 3674 3137 3747 proximi.
3161 3674 3263 3743 Qui
3287 3689 3320 3728 a
3343 3673 3587 3730 fraterna

2003 3765 2267 3821 societate
2305 3767 2635 3834 secernitur,
2673 3782 2704 3822 a
2744 3767 2942 3824 divina:
2978 3768 3264 3825 cbaritatis
3295 3768 3591 3840 participau

2010 3856 2158 3912 tione
2187 3857 2453 3925 privatur.
2495 3856 2608 3914 Nec
2639 3860 2842 3928 poterit
2879 3860 3049 3915 Deum
3084 3858 3344 3931 diligere,
3369 3859 3464 3929 qui
3491 3874 3577 3916 no-

2004 3946 2180 4004 scitur
2218 3948 2273 4002 in
2308 3948 2543 4019 proximi
2581 3949 2872 4009 dilectione
2896 3966 3101 4007 errare.
3134 3950 3415 4018 Christus,
3443 3951 3589 4011 Deus

2004 4045 2063 4093 et
2093 4038 2256 4094 homo
2286 4047 2391 4095 est.
2421 4039 2616 4095 Totum
2647 4055 2777 4110 ergo
2806 4039 3086 4107 Christum
3112 4056 3223 4097 non
3254 4042 3462 4114 diligit,
3492 4036 3590 4113 qui

2003 4129 2282 4184 hominem
2315 4129 2451 4184 odit.
2490 4128 2508 4201 (
2532 4128 2668 4184 Isid.
2697 4130 2826 4184 ibid.
2855 4128 2873 4202 )
2901 4129 3161 4197 Quamvis
3186 4146 3318 4203 ergo
3341 4133 3591 4191 nonnulli

2004 4218 2292 4290 ﬁde'atque
2313 4220 2569 4291 operibus
2588 4220 2794 4276 sanctis
2810 4219 3096 4277 videantur
3114 4235 3236 4279 esse
3257 4222 3582 4294 participes:

2005 4319 2190 4365 tamen
2215 4310 2343 4379 quia
2373 4308 2655 4380 privantur
2679 4309 2949 4367 charitate
2976 4309 3231 4369 fraternae
3257 4313 3586 4383 dilectionis,

304 4403 750 4460 meditationibus
802 4417 1209 4459 conservamus.
1237 4400 1527 4457 Geminum
1560 4399 1774 4456 confert
1803 4401 1899 4457 do-
1923 4430 1977 4492 D
2004 4401 2209 4458 nullum
2263 4400 2464 4457 habent
2517 4401 2913 4459 incrementum
2961 4402 3200 4467 virtutis.
3238 4403 3373 4460 Nam
3412 4404 3588 4477 (sicut

303 4507 438 4549 num
500 4492 665 4549 lectio
727 4499 1040 4549 sanctarum
1102 4489 1529 4562 Scripturarum.
1585 4489 1713 4545 Sive
1769 4491 1898 4561 quia
1924 4489 1957 4492 θ
2001 4492 2290 4563 Apostolus
2313 4491 2410 4563 ait)
2437 4510 2450 4547 :
2477 4490 2538 4547 Si
2563 4492 2831 4547 tradidero
2852 4509 3040 4564 corpus
3064 4509 3237 4550 meum
3265 4505 3322 4550 ut
3340 4494 3581 4564 ardeam,

305 4583 643 4642 intellectum
678 4585 881 4641 mentis
914 4584 1126 4651 erudit;
1159 4599 1255 4640 seu
1280 4581 1425 4653 quod
1453 4598 1485 4637 a
1510 4582 1704 4638 mundi
1743 4582 1898 4638 vani-

307 4679 511 4735 tatibus
536 4680 867 4736 abstractum
895 4679 1195 4745 hominem,
1219 4678 1288 4733 ad
1315 4693 1556 4734 amorem
1583 4674 1679 4734 Dei
1704 4679 1900 4749 perdu-

305 4772 402 4826 cit.
452 4770 610 4840 (Isid.
651 4771 692 4826 ι.
738 4787 821 4835 ιιι,
871 4768 1018 4827 Sent.
1067 4786 1114 4825 c.
1171 4770 1250 4845 8.)
1287 4770 1574 4827 Geminum
1620 4779 1705 4826 est
1730 4771 1895 4826 etiam

308 4862 557 4919 lectionis
590 4863 850 4920 studium.
906 4863 1150 4919 Primum
1194 4863 1467 4933 quomodo
1522 4861 1897 4933 intelligantur

306 4954 628 5025 scripturae:
652 4956 974 5021 secundum,
994 4970 1102 5026 qua
1125 4954 1378 5019 utilitate,
1406 4955 1491 5011 vel
1523 4954 1788 5026 dignitate
1808 4954 1893 5009 di-

306 5054 519 5102 cantur.
557 5047 694 5103 Nam
723 5048 1122 5103 rationabiliter
1150 5048 1257 5102 erit
1280 5047 1515 5117 quisque
1537 5047 1690 5116 prius
1711 5061 1892 5117 prom-

305 5145 432 5208 ptus
457 5138 529 5193 ad
555 5138 967 5211 intelligendum
1013 5154 1135 5209 qua:
1158 5138 1322 5210 legit;
1347 5137 1544 5192 deinde
1572 5137 1800 5193 idoneus
1825 5136 1895 5192 ad

306 5225 685 5299 proferendum
734 5245 855 5300 quae
901 5230 1110 5286 didicit.
1160 5227 1274 5285 Lex
1323 5228 1468 5284 enim
1518 5227 1636 5294 Dei,
1665 5238 1722 5284 et
1757 5244 1896 5300 pra:-

303 5320 474 5376 mium
501 5320 689 5385 habet,
715 5328 771 5377 et
799 5335 1016 5392 patrnam
1058 5320 1363 5392 legentibus
1402 5334 1545 5375 eam.
1576 5318 1889 5386 Przemium,

303 5408 361 5465 in
396 5410 465 5468 iis
503 5411 599 5483 qui
644 5426 765 5468 eam
809 5413 950 5468 bene
995 5412 1228 5467 vivendo
1272 5410 1618 5476 custodiunt;
1672 5424 1888 5481 ptenam

303 5513 455 5564 vero,
508 5499 565 5556 in
611 5500 679 5558 iis
721 5501 815 5573 qui
863 5516 989 5558 eam
1035 5501 1179 5557 male
1232 5500 1466 5558 vivendo
1511 5510 1884 5558 contemnunt.

303 5588 585 5663 Scriptura
621 5607 781 5650 sacra
809 5592 1027 5650 lectoris
1073 5592 1157 5650 sui
1205 5593 1447 5648 animum
1494 5593 1565 5649 ad
1602 5594 1883 5651 caelestem

303 5684 535 5751 patriam
574 5694 750 5752 vocat,
792 5694 954 5758 atque
1005 5700 1037 5742 a
1076 5685 1307 5744 terrenis
1346 5684 1630 5744 desideriis
1677 5688 1743 5745 ad
1794 5706 1877 5746 suo

2000 4583 2315 4637 clmritatcm
2354 4591 2532 4637 autem
2568 4598 2672 4638 non
2711 4582 2977 4650 habuero,
3017 4584 3151 4639 nihil
3193 4586 3326 4640 mihi
3370 4587 3590 4657 prodest

2003 4672 2021 4744 (
2048 4672 2075 4726 I
2104 4671 2229 4728 Cor.
2260 4688 2359 4731 xui
2382 4672 2424 4745 ).
2462 4672 2591 4728 Sine
2618 4687 2804 4728 amore
2832 4673 3118 4731 cbaritatis
3147 4676 3396 4745 quamvis
3431 4677 3584 4748 quis-

1998 4780 2104 4835 que
2152 4773 2299 4820 recte
2338 4764 2562 4830 credat,
2598 4764 2669 4820 ad
2701 4764 3099 4821 beatitudinem
3139 4767 3429 4837 pervenire
3474 4785 3582 4826 non

1997 4864 2198 4927 potest.
2236 4855 2375 4924 Quia
2408 4865 2563 4913 tanta
2614 4864 2701 4912 est
2736 4857 3023 4913 cbaritatis
3061 4858 3271 4926 virtus,
3307 4867 3368 4915 ut
3413 4861 3582 4918 etiam

1994 4947 2284 5019 pmphetia
2318 4954 2374 5001 et
2422 4946 2747 5019 martyrium
2774 4949 2893 5005 sine
2918 4947 3011 5004 illa
3042 4949 3179 5006 nihil
3207 4965 3329 5008 esse
3354 4952 3583 5009 credan-

1998 5050 2107 5096 tur.
2138 5040 2357 5097 Nullum
2386 5041 2672 5110 prmmium
2703 5041 2974 5098 charitatc
3007 5052 3287 5114 pensatur.
3328 5044 3581 5101 Charitas

1990 5132 2141 5188 extim
2181 5133 2445 5187 virtutum
2483 5131 2728 5188 omnium
2760 5132 2973 5189 obtinet
3006 5133 3393 5206 principatum.
3428 5134 3582 5192 Unde

1997 5232 2054 5283 et
2104 5222 2371 5279 vinculum
2422 5222 2760 5294 perfectionis
2797 5223 3041 5281 Charitas
3068 5225 3138 5281 ab
3166 5225 3424 5297 Apostolo
3448 5227 3581 5283 dici-

2000 5324 2089 5372 tur
2128 5314 2357 5388 (Coloss.
2398 5314 2485 5389 ιιι)
2511 5330 2576 5371 eo
2598 5315 2747 5387 quod
2775 5316 3042 5374 universa:
3068 5317 3301 5376 virtutes
3320 5318 3437 5391 ejus
3461 5317 3581 5374 vin-
3614 5312 3637 5327 “

1997 5408 2121 5466 culo
2173 5406 2492 5479 religentur.
2550 5405 2715 5480 (Huc
2743 5425 2907 5481 usque
2936 5408 3119 5481 Isid.)
3171 5409 3353 5466 Prima
3400 5410 3579 5467 virtus

1995 5500 2319 5557 obedientiae
2362 5499 2416 5555 in
2445 5500 2713 5557 charitate
2741 5507 2845 5556 est.
2876 5500 3007 5568 Qua:
3059 5501 3309 5557 videlicet
3337 5501 3579 5559 cbaritas

1993 5593 2048 5647 in
2079 5592 2292 5647 duobus
2322 5590 2609 5665 prmecptis
2637 5590 3005 5662 distinguitur,
3038 5597 3097 5645 ut
3126 5591 3268 5646 Deus
3293 5598 3351 5646 et
3390 5591 3577 5662 proxi-

1992 5706 2111 5745 mus
2151 5687 2443 5758 diligatur:
2485 5695 2539 5745 ct
2572 5696 2720 5745 recta
2757 5687 3003 5761 operatio
3039 5686 3384 5760 exdccalogi
3421 5701 3571 5745 com~
