3940 6410
439 283 544 343 539
1715 287 2063 342 SMARAGDI
2102 288 2392 344 ADBATIS
3585 297 3699 352 600

436 402 672 474 pletione
727 399 1024 470 perficitur,
1082 401 1139 451 ut
1197 413 1318 452 cum
1370 398 1508 452 bona
1559 399 1644 469 agi
1697 399 1992 468 cmperiut,
2025 405 2073 461 Α
2099 398 2246 469 diligi
2281 399 2332 451 in
2373 412 2451 462 se,
2483 409 2536 452 et
2571 399 2817 453 inimicos
2849 395 2994 470 diligi
3026 408 3244 470 propter
3275 417 3350 456 se.
3388 401 3700 474 Diligamus

437 493 579 550 mala
608 494 720 563 jam
756 491 899 544 nulla
945 498 1342 560 perpetrantur.
1395 490 1512 544 Duo
1562 500 1688 545 sunt
1733 497 2000 560 prmeepta
2104 503 2253 559 ergo,
2289 489 2622 544 dilectissimi
2665 489 2874 553 fratres,
2904 490 3189 545 Dominum
3237 491 3403 547 Deum
3435 505 3695 551 nostrum

437 584 720 639 rbaritatis
740 623 754 648 ,
785 581 1002 636 dilectio
1035 582 1284 636 videlicet
1321 583 1449 648 Dei,
1483 592 1536 636 et
1575 581 1789 637 dilectio
1819 583 2001 651 proxi-
2107 581 2248 634 sicut
2275 580 2359 634 ille
2389 583 2639 651 praecepit
2665 599 2679 647 ;
2712 582 2952 648 scilicet,
2985 601 3050 637 ea:
3080 595 3187 637 toto
3217 585 3401 650 corde,
3431 598 3542 642 tota
3571 593 3696 642 ani-

435 674 539 735 mi,
578 686 676 741 per
711 686 832 740 qua:
864 686 962 725 nos
998 685 1165 725 sacra:
1201 672 1481 740 scriptura:
1512 671 1654 726 dicta
1685 669 1998 726 vivificant:
2103 685 2189 724 ma
2231 677 2280 724 et
2334 677 2441 724 tota
2472 672 2660 726 virtute
2696 681 2875 725 nos‘tra
2915 673 3230 743 diligamus,
3261 671 3386 746 quia
3421 675 3508 730 ille
3540 680 3695 747 prior

432 761 561 833 quia
595 761 937 816 dilectionem
964 761 1057 815 Dei
1085 769 1139 816 et
1163 763 1396 832 proximi
1422 763 1662 831 capimus
1690 761 1744 815 in
1775 761 2003 831 eloquiis
2102 761 2285 815 dilexit
2313 778 2404 815 nos
2434 761 2620 833 (Deut.
2648 779 2734 828 vi;
2761 761 2953 817 Matth.
2979 781 3124 829 xxn;
3151 760 3278 820 Luc.
3306 766 3392 837 x).
3427 765 3518 824 Sic
3542 773 3691 824 enim

434 851 655 906 divinis.
693 848 900 924 (Creg.,
943 850 1138 904 Moral.
1172 851 1210 905 l.
1242 867 1338 917 vn,
1372 869 1417 905 c.
1452 851 1580 924 10.)
1617 851 1721 906 Per
1759 866 2002 906 amorem

431 939 527 995 Dei
571 957 726 995 amor
787 943 1020 1012 proximi
1055 945 1312 1015 gignitur,
1352 953 1406 998 et
1448 960 1546 1015 per
1589 960 1828 1000 amorem
1877 958 2004 1014 pro-

431 1035 562 1088 ximi
621 1050 776 1089 amor
830 1035 924 1089 Dei
986 1036 1240 1090 nutritur.
1290 1035 1423 1090 Nam
1468 1036 1559 1106 qui
1604 1050 1786 1090 amare
1831 1034 2002 1088 Deum

432 1124 685 1195 negligit,
725 1125 967 1195 profecto
1007 1126 1227 1195 diligere
1265 1126 1569 1195 proximum
1611 1126 1797 1179 nescit.
1849 1124 2003 1179 Tunc

431 1216 643 1285 plenius
680 1216 732 1268 in
769 1215 862 1269 Dei
898 1213 1183 1269 dilectione
1221 1216 1565 1286 proficimus,
1594 1215 1639 1269 si
1670 1215 1722 1268 in
1759 1213 1999 1282 ejusdem

435 1306 742 1360 dilectionis
773 1306 978 1376 gremio
1015 1305 1163 1375 prius
1199 1305 1425 1377 proximi
1459 1307 1720 1361 cliaritate
1749 1306 1996 1377 llgamur.

429 1397 568 1462 Quia
595 1412 724 1466 ergo
750 1411 905 1450 amor
955 1396 1050 1451 Dei
1081 1412 1320 1452 amorem
1367 1397 1599 1466 proximi
1635 1403 1878 1466 generat,
1915 1395 1999 1450 di-

431 1495 619 1540 cturus
650 1501 748 1554 per
775 1485 946 1556 legem
976 1486 1263 1541 Dominus:
1288 1485 1480 1555 Diliges
1505 1485 1801 1556 proximum
1830 1494 1998 1549 tuum,

428 1576 692 1645 prmmisit
749 1575 982 1631 dicens:
1039 1571 1237 1645 Diliges
1290 1575 1575 1630 Dominum
1632 1575 1800 1629 Deum
1853 1582 2001 1627 tuum

431 1665 649 1733 (Mat/1.
693 1681 846 1730 xxii;
903 1665 1032 1719 Luc.
1073 1682 1146 1731 x;
1186 1665 1343 1719 Deut.
1378 1663 1495 1736 vi),
1543 1673 1603 1718 ut
1648 1663 1898 1717 videlicet
1945 1658 1999 1715 in

2099 847 2335 904 Joannes
2373 849 2490 916 ille,
2532 853 2621 920 qui
2660 863 2823 922 super
2860 853 3011 907 illum
3054 855 3358 913 dilectionis
3389 857 3594 913 fontem
3628 862 3682 914 in

2099 954 2254 995 ccena
2293 941 2555 1006 recubuit,
2582 942 2634 996 in
2673 941 2898 1012 epistola
2929 959 3026 998 sua
3057 946 3133 998 ait
3162 963 3174 997 :
3213 943 3451 1013 Fratres,
3486 950 3688 1019 diliga-

2100 1043 2216 1083 mus
2244 1029 2806 1102 Dominum,quoniam
2833 1031 2922 1086 ille
2945 1033 3091 1102 prior
3115 1031 3297 1087 dilexit
3326 1052 3418 1088 nos
3445 1035 3494 1106 (Ι
3518 1035 3685 1090 Joan.

2102 1118 2198 1187 tv).
2229 1117 2413 1188 Neque
2438 1120 2580 1173 enim
2607 1129 2818 1189 poterat
2846 1120 3130 1175 Dominum
3159 1121 3426 1193 fragilitas
3451 1123 3691 1180 humana

2104 1207 2346 1278 diligere,
2370 1209 2474 1262 nisi
2498 1208 2584 1262 ille
2611 1208 2842 1278 primum
2869 1194 3122 1264 naturam
3150 1211 3393 1282 diligeret
3419 1223 3686 1268 nostram.

2103 1295 2301 1349 Dilexit
2337 1296 2500 1350 etiam
2537 1312 2634 1352 nos
2667 1299 2819 1368 prius
2855 1315 3017 1368 quam
3053 1315 3327 1366 essemus,
3362 1311 3418 1356 et
3467 1302 3592 1357 ideo
3627 1311 3690 1357 ut

2101 1400 2346 1440 essemus
2371 1388 2570 1442 creavit
2594 1429 2608 1453 ,
2638 1388 2964 1454 vivificavit,
2994 1391 3253 1457 nutrivit,
3282 1393 3606 1457 custodivit,
3631 1402 3688 1448 et

2101 1479 2167 1533 ad
2194 1477 2466 1534 lavacrum
2497 1482 2919 1550 regenerationis
2940 1477 3222 1551 perduxit,
3249 1486 3555 1549 renovavit,
3583 1502 3682 1556 gu-

2099 1569 2380 1637 bernavit,
2409 1579 2464 1625 et
2493 1573 2560 1626 ad
2590 1572 2978 1643 intelligibilem
3003 1579 3217 1629 tetatem
3246 1572 3516 1646 perduxit.
3549 1577 3678 1632 llzec

2102 1660 2244 1714 enim
2265 1660 2444 1715 omnia
2469 1661 2626 1715 nobis
2646 1661 3085 1727 misericorditer,
3102 1672 3156 1718 et
3176 1679 3273 1734 per
3298 1665 3521 1719 nimiam
3545 1665 3681 1720 dile-

431 1765 578 1808 terra
635 1755 872 1824 pectoris
927 1755 1100 1809 nostri
1161 1753 1312 1824 prius
1359 1754 1558 1808 amoris
1617 1753 1698 1807 sui
1755 1751 1992 1806 radicem
2019 1754 2067 1813 B
2094 1751 2323 1806 ctionem
2340 1751 2583 1820 perfecit.
2602 1751 2918 1821 Aperiamus
2935 1767 3063 1823 ergo
3078 1753 3261 1808 oculos
3288 1755 3469 1808 cordis
3483 1755 3682 1820 nostri,

438 1844 684 1907 sisteret,
723 1852 990 1913 quatenus
1032 1859 1130 1912 per
1183 1857 1364 1898 ramos
1401 1842 1741 1912 postmodum
1787 1841 2002 1896 dilectio

433 1934 676 1989 fraterna
729 1935 1076 2003 germinaret.
1130 1933 1297 1988 Amor
1359 1933 1454 1987 Dei
1490 1932 1746 2004 iproximi
1821 1947 2004 2003 amore

434 2026 720 2088 coalescit,
749 2026 890 2079 sicut
948 2034 1178 2080 testatur
1223 2024 1474 2088 Joannes,
1503 2025 1593 2094 qui
1629 2023 1888 2092 quosdam
1925 2023 2006 2076 in-

431 2127 620 2187 crepat
652 2118 836 2173 dicens
865 2135 876 2169 :
912 2115 1014 2182 Qui
1057 2133 1162 2170 non
1209 2116 1380 2186 diligit
1425 2117 1642 2185 fratrem
1671 2131 1823 2168 suum
1853 2129 2004 2184 quem

432 2209 600 2271 ridet,
632 2206 797 2259 Deum
819 2245 834 2270 ,
862 2222 1014 2276 quem
1067 2222 1170 2260 non
1212 2205 1378 2270 videt,
1410 2204 1665 2275 quomodo
1701 2211 1866 2273 potest
1917 2203 2004 2254 di-

435 2300 596 2368 ligere
622 2299 648 2352 ?
700 2297 897 2370 (Greg.
931 2297 1031 2352 loc.
1064 2297 1196 2369 cit.)
1253 2297 1383 2364 Qua:
1432 2305 1608 2351 tamen
1657 2297 1834 2351 divina
1871 2295 2005 2350 dile-

434 2389 544 2443 ctio
597 2403 696 2457 per
742 2388 992 2442 timorem
1044 2387 1302 2450 nascitur,
1352 2386 1446 2440 sed
1495 2385 1548 2438 in
1601 2383 1848 2438 affectum
1889 2397 2006 2437 cre-

426 2472 636 2527 scendo
699 2480 1046 2540 permittatur
1067 2469 1118 2537 (1
1155 2469 1316 2522 Joan.
1349 2470 1446 2534 tv).
1477 2467 1634 2538 Sa’pe
1657 2467 2008 2537 omnipotens

429 2571 599 2632 Deus,
644 2577 705 2623 ut
740 2575 1006 2637 quantum
1035 2567 1269 2636 quisque
1303 2581 1332 2620 a
1362 2565 1632 2620 cliaritate
1663 2564 1755 2619 Dei
1793 2573 1849 2620 et
1884 2579 2014 2634 pro-

430 2662 573 2717 ximi
627 2661 788 2732 longe
839 2660 933 2724 sit,
967 2659 1053 2713 vel
1097 2658 1151 2712 in
1182 2673 1246 2712 ea
1287 2673 1447 2729 quam
1479 2656 1793 2728 profecerit,
1819 2666 2012 2713 notum

433 2753 734 2809 facit.Miro
753 2751 943 2806 ordine
957 2762 1150 2804 cuncta
1172 2752 1518 2817 dispensans,
1539 2750 1675 2804 alios
1693 2764 1787 2819 per
1808 2747 2017 2818 ﬂagella

429 2839 714 2910 deprimit,
745 2839 878 2897 alios
907 2841 1247 2896 successibus
1281 2839 1452 2896 fulcit.
1487 2840 1556 2894 Et
1585 2839 1712 2894 dum
1741 2844 2004 2908 quosdam

429 2935 802 3005 temporaliter
836 2936 1057 3002 deserit,
1111 2937 1162 2991 in
1191 2935 1547 3005 quorumdam
1578 2933 1832 2988 cordibus
1861 2930 2005 3000 quod

433 3024 635 3078 malum
662 3023 825 3091 latet,
855 3026 1105 3080 ostendit.
1136 3023 1270 3078 Nam
1299 3023 1615 3094 plerumque
1643 3021 1744 3092 ipsi
1773 3035 1872 3074 nos
1903 3019 2004 3073 mi-

2105 1843 2441 1898 dilectissimi
2470 1842 2684 1909 fratres,
2715 1851 2769 1899 et
2800 1845 2853 1899 in
2887 1850 3097 1900 tantum
3131 1862 3229 1901 nos
3255 1863 3284 1900 a
3311 1843 3437 1902 Jesu
3466 1845 3690 1904 Christo

2105 1933 2334 1988 Domino
2379 1944 2566 1990 nostro
2609 1951 2997 2006 cognoscamus
3044 1953 3163 1993 esse
3195 1940 3454 2005 dilectos,
3493 1947 3555 1994 ut
3585 1957 3688 2010 pro

2105 2025 2260 2079 nobis
2305 2023 2418 2092 ejus
2461 2027 2776 2097 sanguinem
2826 2028 3004 2083 fusum
3049 2046 3155 2084 non
3197 2031 3524 2086 dubitemus.
3555 2031 3691 2087 Sus-

2103 2114 2402 2182 pendamus
2445 2117 2608 2170 corda
2654 2126 2841 2171 nostra
2897 2119 2963 2174 ad
3025 2119 3368 2174 dilectionem
3411 2121 3690 2178 Creatoris

2105 2203 2310 2268 nostri,
2349 2211 2402 2257 et
2434 2219 2539 2258 non
2573 2207 2640 2259 ad
2675 2207 2944 2261 modicum
2982 2217 3075 2262 aut
3113 2223 3180 2262 ex
3220 2210 3398 2279 aliquo
3430 2230 3441 2264 :
3479 2211 3588 2266 Sed
3621 2230 3689 2266 ea:

2105 2302 2211 2346 toto
2261 2295 2448 2358 corde,
2497 2305 2605 2350 tota
2651 2298 2862 2362 anima,
2914 2308 2962 2351 et
3015 2309 3124 2352 tota
3172 2301 3360 2354 virtute
3403 2301 3690 2371 diligamus

2104 2399 2221 2437 eum
2251 2382 2446 2455 (Deut.
2475 2402 2560 2450 vi;
2590 2385 2782 2440 Matth.
2813 2405 2956 2452 xxn;
2987 2387 3116 2442 Luc.
3145 2406 3178 2442 χ
3202 2389 3218 2460 )
3240 2431 3254 2455 ,
3286 2400 3340 2444 et
3372 2393 3573 2447 nullius
3604 2394 3688 2448 rei

2105 2473 2450 2528 dilectionem
2494 2489 2871 2547 praeponamus
2918 2477 3196 2532 dilectioni
3250 2481 3460 2534 Domini
3515 2483 3690 2538 nostri

2103 2563 2229 2618 Jesu
2265 2565 2486 2619 Christi.
2526 2565 2643 2637 Ipse
2675 2567 2820 2622 enim
2859 2569 2933 2622 ait
2964 2587 2978 2621 :
3018 2568 3122 2634 Qui
3151 2569 3321 2640 diligit
3356 2581 3559 2640 patrem
3594 2583 3689 2626 aut

2104 2665 2325 2708 matrem
2353 2655 2630 2726 plusquam
2659 2674 2764 2721 me,
2793 2673 2895 2711 non
2924 2668 2998 2712 est
3031 2677 3109 2713 me
3139 2661 3327 2730 dignus
3360 2661 3575 2732 (Matth.
3605 2663 3684 2731 x).

2104 2746 2242 2801 Vere
2272 2747 2417 2800 enim
2449 2748 2491 2801 si
2525 2747 2694 2802 Deum
2725 2757 2837 2805 toto
2867 2752 3029 2806 corde
3063 2751 3382 2822 diligamus,
3414 2755 3689 2810 dilectioni

2105 2837 2222 2907 ejus
2269 2855 2371 2893 nec
2419 2849 2737 2909 parentum,
2787 2857 2887 2897 nec
2933 2843 3259 2908 amicorum,
3307 2858 3408 2899 nec
3453 2844 3688 2900 filiorum

2105 2929 2445 2985 dilectionem
2473 2930 2730 3000 praeferre
2757 2933 3032 2987 debemus.
3067 2933 3173 2988 Sed
3203 2933 3246 2989 si
3279 2933 3552 3004 diligimus
3583 2937 3689 2990 Do-

2104 3021 2307 3074 minum
2330 3062 2343 3085 ,
2365 3035 2585 3075 necesse
2605 3030 2689 3076 est
2712 3031 2769 3076 ut
2793 3022 2957 3092 (sicut
2985 3025 3365 3095 nosmetipsos)
3398 3021 3690 3095 diligamus

431 3131 584 3171 seros
609 3116 984 3186 insequuntur,
1012 3117 1102 3187 qui
1133 3115 1313 3170 felices
1341 3115 1456 3170 sine
1481 3112 1883 3183 comparatione
1911 3125 2004 3165 co-
2029 3097 2074 3158 C
2105 3119 2160 3165 et
2195 3111 2502 3180 proximum
2521 3152 2536 3177 ,
2569 3113 2691 3184 quia
2723 3111 2777 3167 in
2807 3113 2886 3166 his
2922 3113 3126 3168 duobus
3155 3115 3425 3185 pra’ceptis
3459 3125 3567 3168 tota
3604 3115 3691 3170 lex

433 3207 669 3262 luerunt.
711 3206 976 3264 lnofl‘enso
1012 3208 1149 3278 pede
1187 3207 1289 3261 iter
1326 3214 1572 3260 nostrum
1608 3204 1661 3258 in
1701 3210 1846 3256 terra
1891 3200 2002 3270 agi-

433 3307 546 3364 tur,
585 3298 630 3352 si
665 3298 807 3354 Deus
840 3306 895 3353 et
929 3298 1206 3368 proximus
1243 3297 1448 3366 integra
1479 3302 1656 3349 mente
1686 3292 1996 3362 diligantur.

429 3387 542 3442 Nec
588 3386 728 3441 Deus
771 3387 916 3441 enim
963 3400 1089 3440 vere
1138 3385 1380 3456 diligitur
1421 3383 1538 3437 sine
1578 3381 1858 3452 proximo,
1904 3393 2004 3432 nec

429 3479 713 3550 proximus
746 3493 870 3533 vere
901 3478 1141 3548 diligitur
1177 3477 1292 3532 sine
1329 3476 1456 3530 Deo.
1499 3474 1731 3529 Sanctus
1768 3470 2004 3541 Spiritus

430 3569 672 3626 secundo
701 3568 900 3640 legitur
924 3567 1202 3638 discipulis
1232 3567 1387 3622 datus
1411 3584 1424 3619 :
1457 3566 1605 3635 prius
1630 3581 1662 3619 a
1693 3564 1920 3619 Domino
1950 3564 2004 3617 in

434 3669 586 3716 terra
619 3659 848 3730 degente
883 3658 902 3730 (
922 3657 1084 3712 Joan.
1113 3656 1260 3730 xx),
1301 3657 1642 3727 postmodum
1676 3671 1707 3710 a
1742 3656 2002 3720 Domino,

431 3752 576 3808 caelo
609 3751 933 3821 prtesidente
969 3749 1125 3822 (Act.
1155 3767 1193 3804 ιι
1218 3751 1258 3821 ).
1309 3750 1368 3804 ln
1419 3760 1562 3806 terra
1607 3751 1803 3821 quippe
1847 3751 2006 3805 datur

433 3842 692 3913 Spiritus,
725 3849 787 3896 ut
817 3841 1074 3913 diligatur
1109 3843 1430 3912 proximus:
1476 3858 1508 3896 e
1553 3843 1689 3897 caelo
1735 3857 1896 3906 vero,
1945 3847 2005 3895 ut

433 3933 690 4003 diligatur
718 3931 879 3988 Deus.
919 3931 1027 3988 Sed
1056 3948 1154 3988 cur
1185 3933 1337 4003 prius
1370 3933 1424 3987 in
1461 3941 1635 3998 terra,
1662 3932 2004 4002 postmodum

431 4039 464 4079 e
510 4024 682 4090 caelo,
731 4025 837 4080 nisi
885 4025 1012 4095 quia
1060 4032 1310 4095 patenter
1355 4026 1512 4081 datur
1559 4025 1819 4095 intelligi,
1862 4023 2006 4093 quod

427 4115 583 4184 juxta
612 4115 839 4172 Joannis
869 4131 1057 4172 vocem
1087 4134 1099 4170 :
1135 4115 1238 4183 Qui
1266 4117 1484 4186 fratrem
1510 4131 1664 4170 suum
1692 4130 1842 4185 quem
1871 4113 2006 4166 videt

436 4225 541 4261 non
577 4207 778 4278 diligit,
819 4207 988 4262 Deum
1016 4224 1168 4279 quem
1205 4224 1308 4262 non
1345 4207 1510 4273 videt,
1548 4205 1807 4278 quomodo
1840 4211 2005 4274 potest

433 4297 652 4367 diligere
702 4297 780 4370 (Ι
817 4297 980 4353 Joau.
1024 4297 1168 4370 tv)?
1214 4301 1473 4354 Amemus
1520 4306 1576 4353 et
1620 4296 2008 4367 amplectamur

430 4390 737 4458 proximum
762 4429 777 4454 ,
809 4389 900 4459 qui
929 4387 1085 4458 juxta
1119 4404 1219 4444 nos
1260 4397 1376 4453 est,
1416 4396 1476 4442 ut
1512 4387 1798 4458 pervenire
1829 4383 2008 4437 valea-

430 4496 554 4536 mus
587 4481 654 4536 ad
688 4497 928 4537 amorem
963 4482 1108 4537 illius
1135 4482 1228 4552 qui
1259 4497 1421 4550 super
1452 4495 1550 4534 nos
1587 4487 1688 4534 est.
1722 4477 2009 4532 Meditetur

433 4588 590 4628 mens
624 4573 676 4626 in
711 4573 994 4644 proximo,
1024 4572 1166 4641 quod
1202 4571 1459 4626 exhibeat
1495 4568 1640 4635 Deo,
1677 4577 1738 4622 ut
1772 4565 2009 4636 perfecte

432 4671 708 4718 mereatur
741 4663 793 4716 in
824 4664 934 4718 Deo
963 4663 1197 4732 gaudere
1227 4676 1351 4716 cum
1378 4660 1642 4730 proximo.
1685 4657 1835 4711 Tunc
1862 4657 2008 4711 enim

430 4755 500 4809 ad
531 4753 674 4808 illam
705 4769 952 4823 superum
978 4751 1295 4820 frequentiae
1322 4750 1564 4804 laetitiam
1596 4748 2004 4819 perveniemus,

431 4847 499 4902 de
542 4861 648 4916 qua
689 4861 834 4900 nunc
879 4843 1052 4899 sancti
1090 4842 1324 4911 Spiritus
1356 4841 1552 4912 pignus
1593 4840 1929 4909 accepimus,
1962 4838 2008 4892 si

433 4939 504 4992 ad
538 4938 700 4991 istum
738 4935 930 5001 finem,
964 4935 1172 4991 scilicet
1205 4934 1272 4989 ad
1307 4933 1646 4988 dilectionem
1676 4933 1768 4987 Dei
1800 4939 1856 4986 et
1883 4946 2007 5000 pro—

436 5028 600 5090 ximi,
652 5035 764 5081 toto
813 5041 996 5082 amore
1035 5027 1332 5081 tendamus.
1368 5025 1538 5082 Omne
1584 5026 1896 5080 mandatum
1941 5023 2009 5077 de

434 5119 551 5174 sola
577 5117 866 5172 dilectione
893 5125 994 5181 est,
1020 5125 1074 5172 et
1096 5117 1278 5172 omnia
1308 5133 1473 5172 unum
1504 5124 1829 5187 praeceptum
1860 5121 2005 5168 sunt.

435 5207 633 5280 (Greg.
665 5208 807 5262 hom.
835 5207 902 5261 ‘27
925 5209 982 5262 in
1011 5208 1105 5262 Ev.
1132 5207 1150 5278 )
1189 5207 1326 5274 Quia
1379 5206 1637 5276 quidquid
1676 5203 2008 5274 praecipitur,

436 5302 491 5358 in
526 5301 641 5357 sola
679 5301 942 5355 cbaritate
980 5301 1257 5356 solidatur.
1299 5299 1574 5368 Praecepta
1608 5311 1738 5365 ergo
1777 5293 2012 5348 Domini-

433 5408 522 5458 ca,
549 5401 604 5448 et
637 5391 801 5446 multa
835 5399 994 5457 sunt,
1028 5401 1081 5446 et
1115 5407 1300 5446 unum.
1332 5389 1492 5444 Multa
1519 5403 1616 5456 per
1639 5385 2008 5440 diversitatem

432 5483 647 5554 operis,
679 5497 843 5536 unum
874 5483 926 5537 in
959 5483 1138 5538 radice
1165 5480 1487 5536 dilectionis.
1520 5476 1763 5542 Qualiter
1791 5475 2010 5529 dilectio

437 5574 531 5630 Dei
581 5585 637 5629 et
679 5574 907 5644 proximi
955 5575 1024 5628 sit
1068 5573 1327 5634 tenenda,
1362 5571 1477 5639 ipse
1523 5567 1792 5629 insinuat,
1829 5567 1918 5635 qui
1953 5567 2006 5620 in

436 5667 706 5740 plerisque
738 5665 1027 5738 Scriptura:
1056 5679 1165 5723 suae
1197 5659 1510 5724 sententiis,
1541 5665 1593 5711 et
1631 5659 1830 5714 amicos
1855 5657 2009 5728 jubet

2103 3199 2286 3270 pendet
2312 3209 2359 3253 et
2388 3199 2662 3270 Propheta:
2689 3199 2901 3272 (Matth.
2930 3218 3043 3256 xxii
3071 3220 3084 3269 ;
3116 3200 3427 3276 Romanu).
3448 3205 3588 3276 Ergo
3614 3204 3692 3260 le-

2104 3306 2223 3361 gem
2248 3299 2302 3345 et
2327 3290 2622 3360 Prophetas
2648 3307 2755 3346 non
2795 3292 2998 3362 implet,
3025 3293 3115 3362 qui
3158 3293 3325 3348 Deum
3360 3292 3692 3363 proximum-

2105 3396 2210 3450 que
2240 3397 2349 3434 non
2381 3381 2574 3448 diligit.
2617 3381 2890 3452 Scriptum
2921 3392 3003 3437 est
3031 3383 3195 3437 enim.
3231 3382 3346 3438 Hoc
3377 3386 3691 3441 mandatum

2105 3469 2352 3524 habemus
2386 3488 2418 3523 a
2454 3470 2594 3535 Deo,
2621 3481 2676 3524 ut
2702 3472 2790 3541 qui
2827 3471 2997 3542 diligit
3023 3472 3229 3538 Deum,
3260 3473 3446 3544 diligat
3487 3485 3536 3528 et
3575 3475 3694 3544 fra-

2105 3570 2236 3614 trem
2269 3577 2422 3615 suum
2463 3560 2513 3632 (1
2537 3559 2698 3616 Joan.
2730 3579 2784 3617 tv
2872 3563 2942 3616 Et
2971 3564 3026 3616 in
3051 3565 3148 3618 hoc
3174 3574 3480 3634 cognoscent
3509 3582 3692 3619 omnes

2105 3652 2231 3722 quia
2266 3652 2366 3705 mei
2404 3653 2528 3705 estis
2565 3651 2840 3722 discipuli,
2871 3655 2917 3708 si
2945 3653 3272 3709 dilectionem
3301 3655 3592 3709 habueritis
3620 3657 3694 3709 ad

2104 3745 2322 3799 invicem
2340 3743 2544 3814 |(Joan.
2573 3745 2715 3816 xm).
2749 3745 2816 3800 Et
2842 3746 2972 3801 illud
2998 3764 3011 3801 :
3042 3745 3375 3812 Charissimi,
3403 3746 3691 3817 diligamus

2108 3850 2201 3888 nos
2242 3836 2458 3889 invicem
2482 3876 2495 3899 ,
2524 3837 2774 3906 quoniam
2803 3837 3036 3891 charitas
3063 3855 3128 3892 ex
3156 3837 3266 3892 Deo
3291 3848 3386 3892 est.
3419 3837 3490 3891 Et
3519 3842 3692 3893 omnis

2104 3927 2196 3996 qui
2223 3927 2391 3997 diligit
2417 3926 2634 3995 fratrem
2663 3944 2848 3993 suum,
2876 3946 2942 3982 ex
2967 3929 3075 3983 Deo
3103 3941 3258 3984 natus
3285 3940 3361 3984 est
3381 3971 3396 3994 ,
3425 3941 3471 3984 e!
3499 3947 3695 3999 cogno-

2107 4015 2201 4067 scit
2227 4014 2396 4069 Deum
2441 4014 2492 4087 (I
2517 4014 2679 4070 Joan.
2709 4019 2806 4088 Iv).
2843 4015 2901 4072 Si
2944 4018 3136 4089 diligas
3177 4021 3394 4073 invicem
3415 4061 3430 4085 ,
3465 4020 3607 4073 Deus
3636 4021 3695 4073 in

2111 4107 2257 4160 nobis
2295 4117 2502 4172 manet,
2539 4116 2586 4162 et
2631 4109 2864 4163 Charitas
2900 4109 3015 4179 ejus
3053 4111 3107 4163 in
3143 4110 3289 4164 nobis
3335 4111 3565 4180 perfecta
3616 4121 3696 4164 est

2110 4195 2284 4268 (Ibid.
2303 4197 2343 4269 ).
2373 4197 2535 4253 Beata
2565 4207 2650 4254 est
2677 4213 2806 4270 ergo
2836 4199 3052 4254 dilectio
3081 4200 3388 4264 charitatis,
3423 4215 3542 4269 qua:
3572 4215 3694 4254 om-

2109 4302 2205 4342 nes
2241 4287 2607 4358 amplectitur,
2647 4303 2838 4344 omnes
2875 4289 3080 4360 diligit,
3120 4304 3312 4345 omnes
3347 4289 3509 4344 fovet.
3549 4291 3697 4345 Vere

2109 4379 2299 4444 beata,
2340 4395 2458 4449 qua:
2493 4379 2662 4434 nutrit
2695 4380 2953 4445 virtutes,
2993 4388 3048 4434 et
3095 4379 3240 4435 delet
3283 4390 3526 4449 peccata.
3577 4379 3695 4450 Op»

2109 4469 2295 4538 primit
2319 4470 2454 4523 iram
2471 4510 2486 4534 ,
2511 4469 2749 4523 excludit
2774 4469 2896 4524 odia
2912 4511 2926 4534 ,
2952 4469 3173 4540 expellit
3197 4469 3479 4524 avaritiam
3499 4509 3512 4531 ,
3535 4484 3696 4522 com-

2111 4558 2299 4628 primit
2331 4559 2538 4623 rixam,
2571 4567 2626 4612 et
2659 4559 2810 4629 fugat
2841 4559 3046 4629 pariter
3083 4561 3268 4615 omnia
3303 4561 3452 4614 vitia.
3496 4558 3697 4613 Omnia

2111 4647 2333 4712 tolerat,
2375 4648 2550 4701 omnia
2591 4648 2778 4714 credit,
2816 4651 2991 4703 omnia
3035 4659 3208 4719 sperat
3256 4649 3330 4722 (1
3364 4649 3487 4704 Cor.
3519 4649 3694 4719 xm).

2109 4736 2258 4792 Inter
2294 4737 2580 4806 opprobria
2611 4751 2800 4792 secura
2829 4748 2939 4802 est,
2970 4739 3111 4794 inter
3138 4740 3250 4794 iras
3278 4739 3516 4809 placida,
3547 4738 3698 4792 inter

2109 4829 2235 4884 odia
2263 4827 2508 4883 benefica
2527 4865 2542 4894 ,
2567 4829 2622 4882 in
2666 4831 2894 4885 veritate
2919 4829 3093 4884 firma.
3119 4829 3165 4884 Α
3192 4830 3373 4900 pravis
3403 4830 3694 4899 impugna-

2109 4921 2320 4976 toribus
2359 4936 2464 4976 non
2500 4921 2775 4990 diripitur,
2817 4937 2848 4976 a
2881 4921 3180 4977 latronibus
3209 4937 3315 4976 non
3348 4919 3580 4985 furatur,
3619 4921 3696 4976 ab

2111 5012 2364 5066 incendio
2411 5028 2518 5066 non
2565 5022 2856 5078 crematur,
2903 5014 2972 5067 ab
3015 5015 3210 5069 bteresi
3254 5030 3360 5070 non
3404 5012 3691 5068 dividitur.

2109 5103 2390 5158 lndividua
2418 5111 2555 5167 stat,
2587 5103 3019 5174 inexpugnabilis
3055 5115 3264 5170 manet,
3295 5104 3696 5174 inexplicabilis

2112 5196 2302 5260 durat,
2342 5195 2662 5251 inconcussa
2708 5205 3050 5266 perseverat,
3090 5197 3403 5267 incorrupta
3451 5197 3688 5250 lmtatur.

2113 5289 2489 5359 Ligamentum
2517 5298 2601 5343 est
2628 5290 2775 5343 enim
2811 5291 3053 5343 omnium
3088 5289 3348 5342 virtutum
3367 5330 3380 5351 ,
3421 5288 3691 5359 glutinum

2113 5383 2411 5436 animarum
2435 5423 2449 5446 ,
2483 5381 2776 5436 concordia
2808 5388 3101 5446 mentium,
3131 5389 3186 5435 et
3215 5381 3449 5435 societas
3478 5379 3690 5435 electo-

2113 5489 2250 5527 rum.
2291 5473 2367 5527 Ne
2405 5475 2821 5529 adversitatibus
2858 5474 3157 5546 frangatur,
3200 5474 3412 5528 fortiter
3448 5481 3691 5527 mentem

2112 5565 2374 5620 roborat:
2421 5581 2488 5618 ne
2535 5567 2984 5634 prosperitatibus
3031 5566 3294 5629 clevetur,
3344 5573 3502 5618 caute
3550 5572 3694 5617 tem-

2111 5665 2263 5728 perat
2295 5675 2307 5712 :
2351 5673 2417 5714 ne
2447 5657 2514 5713 ab
2546 5657 2626 5713 ira
2658 5668 2958 5729 superetur,
2991 5657 3384 5715 rationabiliter
3413 5655 3662 5728 reprimit
