3940 6488
324 307 422 363 601

1524 302 1824 362 ΒΙΑῡΕΜΑ
1866 300 2368 365 MONACHORUM.

3462 314 3567 372 συθ

327 423 469 479 Vere
496 423 610 478 have
640 421 660 493 (
683 429 741 477 ut
769 418 964 492 video)
991 420 1324 476 nobilissima
1352 427 1410 474 et
1438 420 1891 475 excellentissima
1917 422 1967 482 Α
1991 430 2041 474 et
2069 436 2226 490 super
2253 437 2429 475 omnia
2457 437 2615 491 opera
2638 435 2858 478 manum
2880 433 3095 480 tttarurrt
3114 467 3129 491 ,
3160 426 3565 487 benedictionem

319 512 498 568 virtus
524 520 627 569 est.
657 512 960 567 Teneamus
986 526 1117 583 ergo
1140 525 1284 576 eam,
1320 510 1542 577 fratres,
1564 512 1765 566 virtute
1784 523 1891 580 qua

316 617 636 675 possumus,
665 611 725 659 ut
752 602 1030 680 nobiscum
1074 603 1177 670 sit,
1202 605 1482 658 nobiscum
1513 610 1763 668 maneat,
1794 617 1893 657 no-

317 693 530 749 biscum
556 702 781 765 surgat,
809 692 1092 749 nobiscum
1118 701 1341 764 pergat,
1369 693 1648 749 nobiscum
1678 692 1892 747 laetetur

314 791 376 839 et
402 784 740 839 convivetur.
765 782 932 839 Decet
954 783 1099 839 enim
1130 783 1187 837 in
1214 782 1446 837 fratrum
1473 781 1890 854 congregatione

315 880 431 927 tam
459 872 661 943 regiam
683 871 885 944 iugiter
911 873 1090 928 inesse
1114 873 1389 928 virtutem.

929 964 1160 1022 CAPUT
1202 965 1265 1020 γ.

596 1054 675 1110 De
702 1054 1058 1111 observatione
1084 1057 1456 1111 mandaton
1484 1052 1604 1109 Dei.

386 1143 513 1200 Post
541 1145 943 1201 exsecutionem
971 1144 1301 1210 dilectionis,
1327 1144 1609 1199 videamus
1633 1141 1762 1212 quid
1787 1155 1885 1197 no-

309 1234 398 1289 bis
434 1235 833 1291 observandum
863 1237 979 1306 ipse
1006 1242 1198 1291 auctor
1238 1233 1522 1305 pmipiat
1557 1232 1878 1289 dilectionis.

308 1326 401 1381 Ait
430 1326 575 1381 enim
604 1345 617 1379 :
642 1324 703 1381 Si
742 1327 963 1397 diligitis
1002 1341 1085 1381 me
1103 1365 1117 1392 ,
1146 1325 1401 1378 mandata
1427 1338 1544 1378 mea
1573 1331 1802 1388 servate,
1830 1330 1880 1376 et

304 1430 401 1486 ego
427 1414 619 1485 rogabo
646 1414 861 1469 Patrem
879 1455 895 1480 ,
921 1424 971 1470 et
990 1415 1155 1470 alium
1182 1412 1519 1468 Paracletum
1542 1412 1688 1467 dabit
1711 1412 1876 1478 vobis,

302 1516 363 1559 ut
390 1516 598 1561 maneat
627 1506 887 1561 vobiscum
911 1507 968 1560 in
994 1515 1245 1561 a'ternum
1277 1503 1470 1576 (Joan.
1499 1503 1648 1575 xlv).
1683 1502 1875 1558 Attene

278 1597 496 1653 ‘damus
528 1612 684 1668 ergo,
721 1596 941 1663 fratres,
965 1605 1227 1667 quantum
1256 1610 1358 1649 nos
1384 1594 1573 1664 diligat
1611 1593 1872 1649 Dominus

300 1697 491 1744 noster
516 1687 673 1744 lesus
699 1688 973 1752 Christus,
1003 1688 1093 1758 qui
1126 1696 1249 1742 cum
1274 1684 1636 1755 promissione
1659 1699 1691 1738 a
1719 1684 1873 1739 nobis

1993 511 2193 583 (Deut.
2220 527 2388 567 xxvm
2412 512 2451 584 ).
2498 511 2635 568 llinc
2667 522 2726 570 et
2763 513 2999 572 Joannes
3039 516 3325 586 Apostolus
3350 520 3465 575 ait:
3497 520 3564 576 In

1989 607 2087 655 hoc
2115 604 2474 673 cognoscimus
2502 605 2749 673 quoniam
2774 604 3042 675 diligimus
3082 617 3233 664 natos
3270 608 3403 675 Dei,
3444 628 3564 665 cum

1988 692 2157 747 Deum
2200 693 2484 764 diligamus
2504 734 2520 758 ,
2564 705 2612 749 et
2653 696 2904 751 mandata
2947 699 3062 767 ejus
3108 699 3387 768 faciamus.
3430 701 3562 756 llwc

1987 782 2125 836 enim
2152 782 2383 837 charitas
2411 782 2530 849 Dei,
2562 794 2617 837 ut
2642 785 2895 839 ntandata
2934 788 3050 857 ejus
3089 790 3466 856 custodiamus,
3509 803 3559 846 et

1985 873 2241 927 mandata
2279 874 2395 944 ejus
2433 877 2616 945 gravia
2656 892 2760 931 non
2798 886 2919 931 sunt
2950 878 3021 950 (Ι
3046 880 3207 934 Joan.
3238 897 3271 935 ν
3293 882 3332 954 ).
3367 883 3478 939 Hoc
3503 896 3561 939 et

1986 963 2100 1034 ipse
2147 966 2408 1022 Dominus
2448 967 2568 1022 ait:
2623 966 2686 1024 Si
2726 970 2844 1039 quis
2890 970 3063 1041 diligit
3106 988 3224 1037 me,
3268 990 3557 1033 sermonem

1982 1067 2156 1108 meum
2183 1055 2407 1110 servabit
2435 1054 2639 1129 (Joan.
2669 1073 2762 1112 xiv
2782 1057 2823 1130 ).
2858 1057 3053 1130 (Greg.
3077 1061 3220 1115 hom.
3248 1062 3317 1117 50
3340 1063 3396 1116 in
3422 1062 3554 1135 Ev.)

1980 1141 2236 1198 Probatio
2263 1159 2393 1215 ergo
2421 1145 2746 1211 dilectionis,
2777 1149 3045 1208 exhibitio
3071 1157 3155 1204 est
3180 1151 3382 1220 operis.
3416 1152 3556 1207 Vere

1980 1235 2124 1289 enim
2148 1235 2316 1291 Deum
2340 1237 2632 1308 diligimus,
2680 1239 2727 1294 si
2756 1243 3010 1295 mandata
3039 1242 3159 1312 ejus
3180 1244 3553 1309 observantes,

1978 1340 2011 1379 a
2038 1326 2238 1380 nostris
2262 1341 2360 1381 nos
2385 1327 2753 1383 voluntatibus
2777 1339 3143 1386 coarctamus.
3174 1332 3309 1387 Nam
3337 1334 3430 1402 qui
3460 1334 3555 1388 atl-

1977 1415 2083 1471 huc
2105 1431 2205 1485 per
2225 1416 2411 1472 illicita
2437 1417 2701 1474 desideria
2728 1418 2943 1486 deﬂuit,
2972 1420 3219 1492 proiecto
3247 1424 3415 1479 Deum
3444 1436 3553 1481 non

1975 1515 2152 1573 amat,
2179 1508 2305 1578 quia
2330 1508 2381 1564 ei
2410 1509 2465 1564 in
2495 1524 2591 1566 sua
2620 1510 2895 1567 voluntate
2921 1513 3262 1569 contradicit.

2584 1600 2812 1658 CAPUT
2856 1603 2923 1659 Vl

2604 1690 2684 1744 De
2706 1691 2893 1746 timore

301 1793 456 1834 suam
485 1780 653 1850 exigit
676 1777 1052 1843 dilectionem,
1083 1784 1139 1833 et
1168 1768 1430 1847 Spiritum
1460 1782 1708 1831 sanctum
1738 1774 1871 1830 dicit
1898 1773 1945 1833 B
2043 1775 2314 1846 Scriptum
2342 1788 2425 1833 est
2451 1778 2595 1833 enim
2624 1797 2637 1833 :
2680 1778 2904 1834 Initium
2941 1782 3213 1852 sapientia:
3241 1783 3401 1838 timor
3437 1783 3547 1839 Do-

299 1869 584 1925 nobiscum
607 1882 726 1925 esse
753 1870 805 1923 in
831 1877 1094 1924 aeternum
1122 1881 1458 1932 mansurum,
1507 1866 1554 1921 si
1580 1873 1705 1936 post
1730 1865 1867 1921 dile-
1973 1866 2100 1921 mini
2127 1863 2300 1937 (Psal.
2326 1866 2438 1938 cx).
2474 1866 2652 1922 Timor
2674 1868 2889 1923 Domini
2914 1868 3106 1941 gloria,
3131 1881 3182 1925 et
3201 1872 3467 1942 gloriatio,
3493 1886 3543 1929 et

297 1957 534 2013 ctionem
563 1974 719 2014 suam
748 1959 1001 2013 mandata
1026 1959 1144 2029 eths
1172 1958 1586 2013 servaverimus.
1630 1956 1713 2011 Ab
1752 1956 1870 2026 ipso
1972 1954 2156 2010 ltetitia
2176 1996 2190 2021 ,
2218 1965 2266 2010 et
2293 1973 2488 2010 corona
2528 1956 2916 2013 exsultationis.
2962 1959 3140 2014 Timor
3163 1960 3376 2017 Domini
3402 1963 3544 2017 delt:-

295 2048 442 2103 enim
478 2048 636 2103 nobis
668 2049 849 2103 omnia
878 2049 1018 2104 bona
1050 2048 1372 2119 largiuntur,
1419 2055 1475 2101 et
1502 2045 1640 2101 velle
1666 2046 1870 2101 bonum
1970 2046 2129 2099 ctabit
2153 2062 2244 2100 cor
2266 2059 2285 2098 :
2311 2056 2360 2100 et
2384 2047 2529 2101 dabit
2552 2047 2797 2103 twtitiam
2817 2058 2866 2104 et
2892 2051 3175 2121 gaudium,
3219 2053 3277 2106 in
3312 2051 3542 2123 longitu-

298 2145 355 2193 et
388 2138 635 2206 operari,
674 2138 744 2193 ab
779 2138 870 2193 illo
902 2139 1053 2208 prius
1086 2139 1321 2193 donatur
1365 2137 1541 2192 nobis.
1580 2135 1867 2207 Diligimur
1967 2135 2145 2190 dinem
2170 2136 2373 2191 dierum
2399 2135 2589 2209 (Eccli.
2619 2138 2684 2212 t).
2717 2138 2861 2194 Time
2885 2139 3202 2209 Dominum,
3229 2151 3278 2195 et
3306 2143 3484 2197 recede
3506 2160 3543 2198 a

293 2229 441 2285 enim
467 2230 535 2285 ab
568 2229 701 2297 illo;
738 2238 799 2285 ut
829 2230 1115 2302 diligamus
1149 2231 1298 2285 illum
1325 2245 1340 2296 ;
1379 2242 1626 2283 amamur
1659 2228 1729 2282 ab
1763 2244 1865 2294 eo,
1965 2222 2310 2297 malo(l’rov.
2335 2242 2423 2291 tu,
2446 2242 2591 2283 vers.
2613 2227 2885 2297 l3et20),
2905 2231 3030 2299 quia
3051 2230 3255 2284 timenti
3279 2232 3443 2287 Deum
3462 2234 3547 2287 be-

294 2328 356 2374 ut
399 2337 640 2376 amemus
687 2337 830 2377 eum.
877 2322 1287 2395 Cognoscimur,
1332 2330 1393 2377 ut
1430 2335 1862 2391 cognoscamus:
1966 2319 2144 2373 neerit
2184 2319 2240 2373 in
2276 2321 2545 2386 extremis,
2566 2321 2878 2377 etindiebus
2901 2325 3377 2378 consummationis
3398 2323 3547 2379 illius

293 2410 609 2479 adiuvamur
633 2420 693 2467 ut
719 2428 1028 2484 operemur,
1055 2421 1110 2469 et
1139 2414 1414 2484 operando
1459 2413 1752 2469 virtutibus
1779 2414 1862 2470 di-
1966 2409 2605 2467 benedicetur.Plenitudo
2621 2415 3544 2488 sapientite,timereDeunr(Eecli.t).

291 2511 490 2559 temur.
521 2503 663 2575 Ergo
690 2504 735 2559 si
765 2519 863 2560 nos
890 2504 1106 2560 dilectio
1146 2504 1241 2559 Dei
1280 2504 1619 2575 proximique
1658 2504 1866 2560 demul-
1962 2504 2261 2562 Generatio
2277 2503 2764 2572 sapientitenimor
2782 2505 3020 2569 Domini,
3039 2507 3545 2572 divitiae,ctvita.ct

291 2604 408 2662 cet,
440 2611 780 2666 consequens
807 2605 891 2652 est
917 2605 977 2652 ut
1004 2596 1269 2653 faciamus
1294 2598 1435 2666 quod
1464 2596 1552 2652 ille
1578 2595 1860 2667 praecepit.
1963 2586 2155 2658 gloria.
2192 2588 2372 2644 Timor
2395 2591 2613 2646 Domini
2645 2592 2854 2664 expellit
2877 2606 3147 2665 peccatum
3166 2637 3181 2663 ,
3209 2605 3263 2653 et
3293 2605 3539 2656 remum

287 2689 423 2756 Quia
456 2690 512 2745 in
539 2698 749 2745 tantum
778 2689 1081 2760 diligimus,
1114 2689 1167 2743 in
1196 2696 1454 2759 quantum
1483 2687 1728 2743 facimus,
1759 2685 1863 2742 Ne.
1959 2676 2174 2741 vitium,
2223 2685 2444 2734 cautum
2497 2680 2631 2736 facit
2684 2683 2959 2740 hominem
3010 2694 3174 2756 atque
3224 2687 3535 2745 sollicitum.

286 2796 392 2851 que
419 2783 563 2836 enim
591 2788 771 2850 potest
795 2780 1010 2836 sincere
1026 2781 1193 2835 Deum
1220 2779 1461 2851 diligere,
1489 2778 1581 2848 qui
1609 2777 1859 2832 mandata
1963 2768 2106 2823 Nam
2129 2770 2219 2841 qui
2242 2772 2354 2825 εἰπε
2377 2773 2563 2828 “more
2584 2786 2662 2829 εει
2677 2809 2694 2841 ,
2722 2793 2828 2832 non
2848 2780 3037 2848 poterit
3052 2780 3365 2851 justiﬁcari.
3390 2783 3535 2850 Quia

286 2872 402 2941 eius
426 2870 658 2927 θάειίιεισ
684 2881 792 2926 non
819 2869 1022 2940 ὶωριει,
1050 2868 1169 2940 [pse
1194 2870 1336 2924 enim
1367 2870 1481 2924 an;
1513 2867 1575 2923 Si
1598 2868 1715 2940 qui,
1739 2867 1861 2921 dm.
1958 2858 2052 2912 ubi
2082 2859 2245 2914 timor
2270 2873 2376 2914 non
2406 2869 2519 2927 est,
2547 2863 2622 2917 ibi
2650 2864 2935 2923 dissolutio
2963 2868 3084 2923 vita:
3108 2879 3211 2925 est.
3249 2871 3346 2927 Ubi
3376 2875 3538 2929 timor

286 2963 360 3033 git
390 2978 490 3028 me,
522 2976 807 3017 sermonem
831 2976 1003 3017 meum
1021 2961 1265 3018 servabit.
1290 2960 1361 3015 Et
1384 2959 1546 3015 Pater
1564 2976 1711 3015 meus
1737 2957 1856 3012 dili-

1958 2961 2065 3001 non
2105 2956 2222 3013 est,
2263 2949 2334 3004 ibi
2376 2951 2660 3008 sceleratio
2699 2962 2801 3010 est.
2845 2956 2945 3012 Ubi
2984 2960 3146 3015 timor
3181 2976 3289 3016 non
3317 2973 3434 3029 est,
3460 2962 3534 3018 ibi

284 3063 365 3125 get
383 3070 501 3108 eum
519 3094 535 3118 ,
556 3062 605 3109 et
624 3052 694 3108 ad
712 3068 830 3109 eum
851 3054 1134 3118 veniemus,
1156 3062 1203 3108 et
1223 3052 1545 3107 mansionem
1569 3051 1711 3122 apud
1736 3065 1856 3104 eum
1890 3119 1921 3125 _
1958 3036 2223 3091 ποίθνιίω
2255 3038 2583 3094 πυηίῖδηῑίει
2611 3050 2714 3097 εει·
2751 3042 2856 3108 Ωιιί
2880 3045 3060 3101 limem
3086 3047 3369 3104 Ποπιίαωη
3387 3091 3402 3115 ν
3429 3067 3535 3107 non

286 3119 556 3215 iaciemus.
590 3144 659 3199 Et
694 3145 784 3219 qui
814 3161 918 3200 non
946 3141 1117 3216 diligit
1142 3158 1224 3199 me
1264 3160 1527 3199 sermones
1577 3119 1718 3198 meos
1745 3159 1849 3197 non

1956 3135 2103 3180 erunt
2141 3127 2472 3219 incredibiles
2504 3131 2660 3186 verbo
2690 3132 2836 3188 illius
2871 3146 2892 3187 :
2928 3143 2981 3189 et
3013 3136 3104 3206 qui
3134 3135 3358 3206 diligunt
3381 3155 3530 3204 eum,

262 3243 436 3289 servat
452 3233 500 3307 (1
511 3234 670 3290 Joan.
692 3217 752 3304 ιι)
791 3233 1032 3290 Joannes
1047 3244 1267 3304 quoque
1285 3230 1583 3304 Apostolus
1600 3234 1851 3290 dilectio-

1956 3217 2329 3271 conservabunt
2365 3219 2505 3273 viam
2542 3221 2681 3291 ejus.
2710 3221 2817 3288 Qui
2843 3223 3025 3278 timent
3052 3224 3337 3279 Dominum
3356 3268 3372 3291 ,
3396 3245 3532 3298 pra:-

267 3341 337 3381 ne
359 3325 572 3381 Domini
596 3325 860 3396 repletus,
879 3325 935 3380 in
955 3323 1198 3396 Epistola
1216 3340 1313 3381 sua
1330 3326 1409 3380 ait
1430 3340 1445 3381 :
1463 3321 1526 3381 In
1543 3326 1641 3381 hoc
1654 3327 1850 3381 scimus

1956 3307 2209 3375 parabunt
2241 3310 2401 3364 corda
2437 3327 2567 3376 sua,
2609 3322 2658 3366 et
2692 3313 2748 3368 in
2787 3324 3063 3384 conspectu
3097 3314 3242 3370 illius
3268 3317 3534 3386 senti/ica-

269 3420 519 3490 quoniam
538 3395 872 3490 cognovimus
888 3433 1026 3482 eum,
1038 3417 1086 3472 si
1101 3418 1363 3472 mandata
1380 3417 1494 3487 ejus
1512 3418 1851 3474 observamus

1956 3395 2075 3451 bunt
2117 3400 2323 3455 animas
2360 3417 2500 3457 suas.
2548 3401 2655 3468 Qui
2691 3404 2872 3459 timent
2916 3404 3195 3461 Dominum
3237 3408 3528 3464 custodierat

275 3487 325 3579 (Ι
339 3510 500 3567 Joan.
521 3487 733 3582 ll).qui
756 3512 884 3567 dicit
912 3528 969 3567 se
998 3526 1146 3566 nosse
1165 3510 1333 3566 Deum
1371 3519 1419 3565 et
1449 3510 1708 3565 mandata
1737 3510 1853 3581 ejus

1956 3487 2198 3586 mandata
2223 3489 2431 3588 ejus,'et
2458 3491 2767 3561 patientiam
2793 3493 3052 3548 habebunt
3077 3511 3239 3565 usque
3264 3496 3333 3549 ad
3359 3497 3532 3567 inspe-

276 3620 379 3659 non
397 3605 646 3667 custodit,
667 3599 897 3659 mendas:
912 3614 1008 3668 est,
1027 3611 1075 3657 et
1101 3604 1156 3657 in
1175 3618 1235 3657 eo
1261 3602 1457 3658 veritas
1484 3618 1589 3657 non
1615 3612 1714 3657 est.
1752 3601 1856 3669 Qui

1956 3575 2171 3669 stionem
2201 3577 2333 3669 ejus?
2357 3575 2377 3649 (
2398 3577 2566 3669 Eccli.
2597 3579 2684 3651 ll).
2727 3581 2913 3637 Timor
2937 3581 3178 3648 Domini,
3211 3599 3320 3640 non
3345 3587 3527 3656 despi~

279 3699 449 3746 servat
476 3665 687 3746 verbum
710 3693 826 3763 ejus
842 3735 858 3761 ,
884 3665 1005 3750 vere
1028 3694 1085 3749 in
1110 3694 1209 3749 hoc
1232 3693 1465 3750 charitas
1492 3691 1589 3747 Dei
1612 3665 1846 3763 perfecta

1956 3679 2072 3719 cere
2092 3665 2299 3736 justum
2323 3668 2599 3723 hominem
2624 3686 2947 3741 pauperem,
2971 3680 3155 3729 etnon
3185 3676 3529 3747 magnificare

277 3788 353 3833 est
382 3776 447 3851 (Ι
466 3779 628 3835 Joan.
658 3797 697 3836 ιι
713 3754 755 3853 )ί
883 3798 940 3839 se
965 3797 1177 3853 quoque
1202 3781 1305 3839 Job
1333 3783 1410 3838 ait
1435 3801 1448 3836 :
1491 3754 1719 3852 Vestigid
1747 3781 1847 3836 Dei
1943 3754 2122 3856 vain"?
2152 3756 2392 3856 Ρῗίοτῗω
2433 3756 2679 3814 dimem'
2724 3760 2896 3856 Pam!
2917 3761 3074 3856 ,θ¹¹ί¹¹¹
3116 3763 3247 3818 die“
3273 3782 3287 3818 ³
3331 3762 3528 3856 Sim."

277 3842 482 3924 secutus
520 3880 597 3925 est
635 3842 725 3941 psi
764 3884 929 3927 meus.
962 3842 1116 3927 i’iam
1156 3872 1272 3942 ejus
1311 3870 1570 3927 custodrvi
1589 3911 1605 3937 ,
1631 3842 1696 3925 vet
1739 3887 1846 3926 non
1944 3842 2250 3942 D_°"'j"°j"
2274 3846 2461 3900 “m0”
2479 3888 2495 3913 ²
2523 3856 2573 3903 ⁸⁸
2597 3848 2859 3904 “mna”
2881 3851 2929 3905 εί
2954 3867 3073 3906 cum
3096 3860 3323 3907 "emo"
3346 3852 3523 3925 (P301-

278 3957 534 4014 dcclinavi
562 3938 645 4014 exi
667 3972 749 4014 ea.
784 3958 829 4013 A
855 3960 1121 4015 mandatis
1161 3938 1421 4015 labiorum
1463 3960 1579 4030 ejus
1621 3976 1725 4013 non
1765 3975 1847 4014 re-
1944 3938 2029 4030 ¹¹)έ
2055 3938 2142 4030 Εἴ»
2162 3939 2359 3995 Time“
2378 3941 2684 4009 Dominum:
2712 3961 2889 3999 0mm
2910 3946 3081 4001 “mm.
3114 3947 3248 4016 ei”:
3274 3950 3522 4019 quoniam

280 4051 441 4117 cessi,
476 4060 525 4105 et
554 4051 610 4105 in
639 4050 760 4105 sinu
788 4066 902 4106 meo
932 4050 1178 4105 abscondi
1209 4049 1367 4106 verba
1402 4028 1507 4103 oris
1536 4049 1650 4118 ejus
1681 4047 1841 4118 (Job.

1956 4028 2076 4082 nihil
2097 4029 2237 4084 deest
2267 4031 2571 4086 timentibus
2598 4049 2718 4087 eum
2749 4033 2939 4104 (Psal.
2966 4050 3136 4091 xxxm
3160 4036 3201 4106 ).
3236 4036 3333 4102 Et,
3367 4037 3522 4095 Beati

275 4138 451 4210 χχιιι).
489 4138 608 4209 Ipse
649 4154 862 4210 quoque
891 4139 1149 4196 Dominus
1186 4139 1255 4194 de
1289 4138 1575 4194 dilectione
1609 4136 1727 4203 sui,
1762 4142 1845 4191 at-

1956 4134 2121 4173 omnes
2164 4120 2255 4189 qui
2299 4120 2483 4174 timent
2524 4120 2807 4176 Dominum
2830 4136 2850 4174 :
2894 4125 2986 4194 qui
3025 4125 3299 4181 ambulant
3338 4128 3393 4182 in
3427 4129 3523 4182 viis

274 4243 377 4298 que
412 4208 800 4283 mandatorum
847 4242 1072 4283 suorum
1118 4225 1496 4282 observatione
1525 4265 1540 4290 ,
1589 4225 1839 4295 populum

1956 4209 2058 4277 ejus
2087 4208 2107 4280 (
2132 4208 2285 4264 Psal.
2313 4225 2499 4265 cxxvu
2521 4211 2563 4282 ).
2594 4211 2808 4283 Moyses
2840 4229 3054 4284 quoque
3086 4215 3165 4270 ait
3192 4233 3208 4271 :
3244 4215 3371 4273 Post
3408 4217 3519 4273 Do-

272 4314 622 4370 lsraeliticum
651 4316 971 4379 admonens,
1005 4316 1174 4371 dicit:
1219 4315 1288 4369 Et
1331 4330 1470 4372 nunc
1498 4314 1671 4369 Israel
1710 4315 1840 4369 audi
1941 4301 2144 4353 "linum
2172 4300 2343 4355 De”!
2375 4310 2601 4355 καπίθη
2631 4303 2924 4368 amula“:
2960 4314 3009 4359 ετ
3036 4306 3207 4376 iimm“
3233 4307 3438 4373 τίηιειει
3467 4317 3516 4363 ει

272 4413 527 4474 prtrcepta
552 4416 599 4457 et
619 4404 827 4474 judicia
846 4444 861 4469 ,
886 4422 1003 4477 qua:
1028 4422 1121 4475 ego
1146 4406 1306 4460 doceo
1351 4414 1401 4459 te
1440 4404 1625 4469 hodie,
1657 4413 1714 4459 ut
1757 4410 1841 4474 Ia-

1956 4400 2202 4461 ora'cepta
2227 4390 2341 4460 ejus
2369 4391 2656 4456 custodite,
2690 4401 2738 4447 et
2767 4394 3078 4464 acquiescite
3106 4393 3185 4449 illi
3215 4394 3393 4464 (Deut.
3417 4412 3515 4452 xm

966 4455 1296 4563 (ήηὲῖιλῖᾖξ
1326 4455 1643 4547 obstitit}:
1661 4455 1810 4548 ’ξαιέἓ
1819 4533 1835 4559 ,

1956 4455 2226 4548 ᾑωιιείχι
2322 4480 2610 4553 Apostolus
2636 4455 2853 4554 quoque
2882 4485 3016 4541 dicit
3042 4504 3055 4541 :
3088 4455 3232 4540 Cum‘
3251 4487 3438 4547 timore
3464 4498 3516 4545 et

1939 4580 2167 4626 tremore
2206 4581 2431 4627 vestram
2488 4573 2721 4643 ipsorum
2755 4573 2977 4628 salutem
3014 4575 3298 4645 operamini
3322 4573 3514 4647 (Phil.

1939 4684 1980 4723 tt
2006 4667 2047 4741 ).
2100 4669 2303 4725 lterum
2338 4667 2596 4724 Salomon
2642 4668 2759 4723 ait:
2806 4668 3013 4724 Corona
3048 4669 3322 4739 sapientiae
3355 4670 3516 4725 timor

1930 4758 2188 4825 Domini,
2225 4758 2429 4830 replens
2459 4774 2641 4829 pacem
2675 4768 2722 4812 et
2759 4756 2947 4812 salutis
2981 4759 3214 4827 fructum
3236 4772 3255 4811 :
3294 4768 3515 4829 utraque

1938 4860 2113 4906 autem
2137 4860 2258 4906 sunt
2286 4850 2428 4905 dona
2461 4849 2560 4904 Dei
2593 4848 2783 4922 (Eccli.
2816 4849 2878 4921 t).
2909 4849 3197 4907 Metuentes
3228 4851 3513 4907 Dominum

1920 4942 2187 4997 sustinete
2210 4940 2626 4996 misericordiam
2650 4941 2792 5011 ejus,
2813 4950 2861 4996 et
2884 4957 2986 5000 non
3007 4940 3294 5010 deﬂectatis
3315 4942 3379 4996 ab
3398 4941 3507 5007 illo,

1938 5050 2003 5089 ne
2028 5032 2250 5088 cadotis.
2276 5031 2381 5098 Qui
2409 5032 2602 5087 timetis
2629 5031 2910 5086 Dominum
2932 5072 2947 5097 ,
2971 5032 3166 5087 credite
3189 5030 3269 5086 illi
3292 5046 3310 5085 :
3335 5041 3382 5085 et
3408 5049 3511 5086 non

1922 5127 2276 5183 evacuabitur
2309 5140 2502 5179 merces
2532 5133 2717 5180 vestra.
2746 5122 2850 5190 Qui
2876 5126 3066 5179 timetis
3087 5124 3401 5190 Dominum,
3426 5125 3510 5178 di-

1933 5218 2079 5287 ligite
2097 5217 2249 5272 illum
2264 5229 2283 5268 :
2298 5226 2346 5273 et
2366 5214 2805 5269 illuminabuntur
2829 5216 2990 5270 corda
3013 5225 3182 5270 vestra
3209 5214 3397 5287 (Eccli.
3420 5218 3506 5279 ll).

1933 5306 2132 5363 Beatus
2165 5305 2250 5360 cui
2273 5304 2530 5360 donatum
2565 5312 2649 5358 est
2672 5304 2872 5359 habere
2914 5305 3162 5359 timorem
3186 5304 3303 5360 Dei.
3330 5304 3508 5359 Timor

1936 5396 2149 5453 Domini
2174 5396 2308 5449 sicut
2335 5393 2614 5465 paradisus
2639 5393 3008 5449 benedictionis
3024 5434 3038 5460 ,
3061 5404 3106 5447 et
3130 5410 3284 5464 super
3303 5408 3508 5447 omnem

1937 5489 2157 5561 gloriam
2169 5490 2482 5557 operuerunt
2502 5483 2651 5538 illum
2670 5483 2858 5555 (Eccli.
2881 5485 2989 5559 XL).
3008 5485 3064 5539 In
3085 5484 3289 5540 timoris
3303 5486 3504 5538 etenim

1939 5582 2092 5637 laude
2122 5579 2298 5636 adhuc
2320 5575 2575 5632 Salomon
2598 5576 2704 5641 ait,
2733 5575 2910 5630 Timor
2930 5576 3139 5630 Domini
3157 5582 3371 5645 apportet
3394 5574 3504 5627 dies

1938 5672 1956 5747 (
1985 5672 2135 5728 Prov.
2174 5687 2205 5725 κ
2232 5668 2270 5743 ).
2308 5669 2633 5738 Timeamus,
2657 5682 2786 5739 ergo
2819 5668 3034 5736 fratres,
3066 5667 3153 5722 illo
3183 5666 3372 5721 timore
3401 5665 3505 5722 Do-

275 4494 412 4548 ciens
441 4510 502 4547 ea
527 4493 670 4547 vivas
695 4494 749 4546 in
774 4494 849 4548 eis

275 4599 335 4638 ne
373 4582 582 4653 quando
619 4581 938 4637 obliviscaris
982 4582 1190 4637 Domini
1231 4583 1330 4636 Dei
1371 4584 1485 4649 tui,
1516 4591 1566 4636 et
1608 4582 1838 4654 negligas

273 4673 520 4727 mandata
551 4673 666 4742 ejus
690 4682 844 4743 atque
863 4672 1071 4743 judicia
1090 4712 1105 4739 ,
1133 4682 1179 4727 et
1213 4673 1551 4728 ctrremonias
1579 4690 1711 4744 quas
1744 4689 1837 4744 ego

272 4763 514 4832 prcecipio
550 4762 645 4816 tibi
680 4762 834 4817 hodie
855 4762 1031 4835 (Deut.
1061 4762 1203 4835 vm).
1229 4762 1295 4816 Et
1318 4779 1458 4816 nunc
1490 4762 1682 4829 Israel,
1710 4764 1837 4834 quid

274 4854 525 4909 Dominus
552 4854 694 4909 Deus
720 4862 842 4907 tuus
865 4854 1012 4924 petiit
1034 4871 1067 4908 a
1097 4865 1177 4917 te,
1208 4854 1310 4908 nisi
1336 4863 1393 4907 ut
1433 4854 1618 4909 timeas
1658 4853 1838 4908 Domi-

274 4959 394 4996 num
442 4942 611 4996 Deum
659 4952 841 5009 tuum,
871 4950 921 4998 et
968 4943 1203 4999 ambules
1241 4945 1299 4998 in
1336 4944 1432 4999 viis
1458 4944 1611 5014 ejus,
1637 4953 1686 4998 et
1710 4944 1836 4999 dili-

275 5047 363 5102 gas
384 5048 502 5085 eum
526 5047 587 5085 ac
615 5032 813 5087 servias
847 5032 897 5086 ei
930 5033 988 5085 in
1025 5040 1133 5086 toto
1175 5032 1331 5087 corde
1371 5041 1495 5099 tuo,
1536 5042 1585 5087 et
1628 5034 1685 5087 in
1724 5042 1837 5088 tota

274 5124 444 5179 animo
469 5134 584 5191 tua,
609 5124 973 5195 custodiasque
992 5124 1243 5178 mandata
1267 5134 1316 5179 et
1340 5125 1679 5179 caeremonias
1698 5125 1833 5195 ejus,

272 5231 397 5287 quas
422 5231 514 5286 ego
543 5216 789 5286 pracipio
814 5215 907 5268 tibi
932 5214 1116 5280 hodie,
1147 5222 1205 5268 ut
1245 5213 1371 5268 bene
1403 5215 1472 5268 sit
1500 5215 1595 5268 tibi
1634 5213 1654 5286 (
1678 5214 1834 5268 Deut.

273 5308 365 5379 ι).
414 5309 476 5366 Si
525 5320 699 5365 autem
743 5309 1012 5376 audieris,
1059 5319 1116 5363 ut
1159 5309 1327 5379 facias
1364 5307 1540 5362 omnia
1580 5306 1834 5360 mandata

274 5402 411 5471 ejus,
447 5401 601 5469 faciet
632 5412 680 5455 te
710 5401 964 5455 Dominus
989 5400 1325 5455 excelsiorem
1361 5398 1562 5454 cunctis
1598 5396 1832 5469 gentibus

274 5511 382 5564 qate
409 5504 680 5549 versantur
710 5495 761 5548 in
785 5504 943 5548 terra.
970 5493 1280 5548 Benedictus
1305 5493 1407 5547 eris
1435 5493 1490 5546 in
1514 5492 1722 5546 civitate
1742 5532 1756 5554 ,
1786 5502 1835 5545 et

275 5584 561 5638 benedictus
601 5584 655 5639 in
685 5601 832 5654 agro,
865 5584 1160 5638 benedictus
1192 5584 1393 5653 fructus
1421 5584 1612 5638 ventris
1644 5581 1721 5635 tui
1739 5578 1763 5646 ,’
1785 5590 1832 5634 ct

277 5675 467 5735 fructus
494 5688 643 5732 term
672 5686 792 5731 tua'.
826 5676 994 5731 Mitte!
1021 5676 1271 5733 Dominus
1301 5692 1454 5749 super
1478 5675 1689 5730 cellaria
1716 5685 1829 5742 tua,
