3940 6442
411 275 520 335 603

1700 260 2052 320 SMARAGDI
2090 262 2381 322 ABBA'I'IS

3570 272 3690 327 604

414 387 583 454 mini,
606 386 700 458 qui
725 393 936 440 sanctus
957 387 1223 453 permanet
1244 379 1301 434 in
1324 377 1576 433 secutum
1600 375 1782 432 stcculi
1807 372 1980 446 (Psal.

2107 390 2283 446 tot-pus
2305 387 2454 434 tuum
2477 380 2678 438 sicca
2699 381 2780 439 sic
2802 385 2920 439 est?
2940 378 3008 438 Et
3025 383 3162 438 dixit
3181 384 3263 440 eis
3283 398 3447 439 senex
3470 400 3486 438 :
3517 384 3690 442 Sicut

417 477 575 551 xvm)
602 495 616 543 ;
651 475 746 532 illo
771 481 921 529 casto
952 473 1146 527 timore
1173 469 1266 541 qui
1298 469 1459 524 nobis
1487 469 1556 524 ad
1584 467 1702 523 dies
1732 467 1992 536 temporis

418 570 579 640 hujus
603 566 820 638 adjiciat
845 564 960 619 dies
987 572 1238 627 aeternos,
1267 559 1384 616 dies
1405 568 1720 630 perpetuos,
1752 558 1868 613 dies
1895 571 1990 626 pe-

419 674 615 716 rennes
643 667 700 714 et
729 655 1081 718 immortales,
1113 653 1223 707 imo
1253 651 1395 706 diem
1424 664 1590 704 unum
1619 649 1740 704 sine
1767 661 1989 716 vespera

416 759 474 808 et
500 749 768 805 infinitum
789 787 805 814 ,
829 748 973 803 diem
995 745 1138 800 felici
1164 743 1360 815 gaudio
1385 742 1631 813 plenum,
1664 737 1993 794 indelicicnti

419 840 539 896 luce
575 839 868 904 refertum,
908 837 1154 908 angelico
1196 836 1457 890 comitatu
1493 831 1801 895 suﬂ'ultum;
1851 830 1987 885 diem

420 931 641 1000 inquam
663 970 679 995 ,
705 945 867 999 quem
894 945 1001 985 nox
1030 944 1135 984 non
1161 926 1473 997 interpolat,
1503 925 1738 980 tenebrat
1767 936 1871 976 non
1897 921 1995 976 ob-

420 1029 644 1077 scurant
670 1061 686 1085 ,
731 1020 976 1075 nubilum
1015 1035 1120 1075 non
1154 1017 1419 1082 olfuscat,
1457 1013 1854 1084 importabilcm
1887 1025 1994 1064 non

420 1111 586 1168 eliicit
625 1110 776 1166 calor
829 1109 1066 1172 aestatis,
1097 1109 1310 1178 pigrum
1339 1121 1445 1161 non
1477 1105 1653 1161 reddit
1686 1103 1855 1172 frigus
1882 1102 1997 1156 hie-

423 1203 559 1266 mis;
587 1201 703 1257 dies
725 1199 816 1270 qui
845 1199 1116 1254 nobismet
1145 1213 1283 1253 unus
1316 1197 1422 1252 erit
1443 1211 1566 1250 cum
1597 1195 1817 1257 sanctis,
1848 1207 1998 1247 eom-

422 1293 603 1348 munis
629 1307 750 1347 cum
781 1290 988 1360 angelis
1007 1330 1022 1353 ,
1051 1297 1285 1343 aeternus
1321 1302 1444 1342 eum
1471 1285 1745 1354 utrisque;
1773 1283 1865 1353 qui
1896 1298 1996 1338 nos-

422 1383 507 1438 bis
535 1398 655 1438 cum
680 1382 819 1436 felici
845 1381 1037 1452 gaudio
1067 1379 1398 1434 consortium
1424 1371 1628 1430 tribuat
1649 1373 1962 1443 angelorum
1979 1411 1994 1437 ,

422 1484 478 1530 et
501 1475 676 1530 socios
702 1473 863 1528 faciat
896 1471 1331 1543 patriarcharum
1350 1509 1365 1534 ,
1393 1469 1448 1522 in
1476 1481 1700 1521 numero
1725 1471 2000 1534 computet

423 1565 810 1636 prophetarum
830 1604 844 1629 ,
877 1564 930 1618 in
961 1561 1321 1617 exsultatione
1350 1558 1528 1614 socios
1577 1556 1740 1610 faciat
1781 1563 1998 1625 aposto-

425 1643 620 1707 lorum.
657 1653 722 1706 Et
747 1653 872 1722 quia
916 1650 1188 1720 apostolus
1209 1647 1447 1703 Joannes
1469 1648 1522 1701 in
1546 1645 1804 1701 canonica
1827 1645 1956 1698 dicit
1981 1663 1994 1698 :

430 1744 611 1798 Timor
635 1759 739 1797 non
765 1713 840 1796 est
871 1743 924 1796 in
950 1713 1237 1804 charitate,
1267 1739 1358 1794 sed
1393 1737 1623 1808 perfecta
1652 1735 1881 1790 charitas
1911 1734 1996 1804 fo-
2025 1713 2072 1772 Β

425 1850 514 1888 rus
562 1833 722 1886 mittit
767 1832 1036 1895 timorem,
1067 1840 1116 1884 et
1151 1831 1276 1900 quia
1312 1831 1470 1883 timor
1499 1843 1702 1898 poenam
1735 1826 1918 1891 habet,
1949 1834 1998 1880 et

423 1925 514 1996 qui
537 1924 714 1990 timet,
745 1939 849 1978 non
871 1931 943 1976 est
969 1922 1229 1992 perfectus
1256 1922 1310 1975 in
1340 1921 1596 1974 eharitate
1623 1917 1687 1990 (Ι
1709 1917 1868 1972 Joan.
1897 1917 1998 1988 ιν),

426 2027 652 2068 necesse
682 2019 768 2067 est
806 2011 941 2067 duos
979 2009 1215 2065 discreto
1244 2019 1298 2064 et
1325 2009 1610 2078 diligenter
1639 2005 2002 2074 intelligamus

426 2104 672 2158 timores.
706 2102 824 2156 Duo
850 2109 979 2155 sunt
1005 2100 1168 2170 igitur
1203 2099 1443 2153 timores.
1482 2097 1632 2152 Unus
1667 2109 1776 2164 quo
1811 2093 2004 2149 timent

426 2193 677 2250 homines
705 2193 876 2247 Deum
894 2232 908 2256 ,
940 2206 1009 2245 ne
1036 2191 1320 2245 mittantur
1346 2190 1400 2243 in
1430 2189 1748 2258 gehennam.
1776 2185 1894 2255 Ipse
1918 2191 2004 2240 est

425 2284 594 2340 timor
620 2281 743 2349 ille,
771 2282 863 2350 qui
898 2280 1197 2336 introduxit
1224 2279 1545 2334 charitatcm
1565 2316 1580 2340 ,
1617 2276 1710 2330 sed
1749 2275 1830 2329 sic
1856 2273 2005 2328 venit

426 2378 491 2428 ut
537 2378 716 2427 exeat.
773 2369 833 2425 Si
884 2369 1031 2424 enim
1080 2369 1254 2423 adhuc
1315 2372 1535 2436 propter
1597 2377 1787 2432 pmnas
1847 2361 2002 2416 times

427 2457 626 2528 Deum,
669 2461 906 2516 nondum
947 2474 1128 2524 amas,
1167 2473 1330 2528 quem
1366 2457 1446 2512 sic
1487 2456 1684 2510 times:
1714 2469 1821 2507 non
1860 2451 2002 2507 bona

427 2552 738 2617 desideras,
779 2550 874 2606 sed
910 2548 1052 2604 mala
1093 2563 1274 2604 caves.
1320 2546 1427 2602 Sed
1465 2560 1533 2600 ex
1573 2559 1638 2598 eo
1677 2542 1820 2611 quod
1861 2540 2004 2596 mala

429 2655 627 2706 caves,
659 2640 889 2710 corrigis
919 2647 972 2694 te
997 2679 1012 2705 ,
1041 2647 1097 2694 et
1124 2637 1317 2708 incipis
1342 2637 1482 2691 bona
1510 2633 1839 2688 desiderare.
1870 2629 2003 2684 Cum

429 2735 577 2792 bona
615 2733 928 2790 desiderare
967 2731 1197 2800 coeperis
1216 2769 1232 2795 ,
1263 2729 1368 2783 erit
1396 2728 1452 2782 in
1483 2734 1535 2782 te
1565 2726 1726 2781 timor
1753 2730 1970 2778 sanctus
1989 2759 2005 2787 ,

427 2813 520 2879 ille
559 2823 795 2888 scilicet,
826 2837 894 2876 ne
933 2821 1049 2890 ipsa
1077 2821 1218 2875 bona
1249 2819 1469 2872 amittas
1488 2856 1504 2881 ,
1536 2831 1643 2870 non
1674 2827 1744 2868 ne
1770 2810 2010 2865 mittaris

430 2913 488 2968 in
514 2913 835 2983 gehennam,
881 2911 976 2966 sed
1007 2924 1073 2965 ne
1100 2917 1153 2964 te
1182 2909 1401 2965 deserat
1429 2904 1714 2976 praesentia
1753 2900 2004 2965 Domini,

426 3017 589 3072 quem
627 3000 1002 3072 amplecteris,
1035 3015 1142 3070 quo
1169 3008 1374 3054 aeterno
1402 2996 1510 3052 frui
1538 2993 1842 3050 desideras.
1872 2990 2007 3045 Fra-

430 3103 520 3150 ter
560 3092 781 3164 quidam
827 3091 1180 3164 interrogavit
1224 3104 1410 3145 senem
1456 3087 1678 3143 dicens:
1729 3082 2008 3151 Quomodo

429 3184 582 3240 venit
621 3184 785 3239 timor
811 3183 1024 3239 Domini
1057 3184 1112 3237 in
1142 3179 1421 3236 animam?
1451 3179 1519 3233 Et
1543 3177 1682 3232 dixit
1710 3191 1914 3232 senex:
1947 3172 2008 3230 Si

429 3273 590 3330 habet
629 3274 794 3330 homo
829 3273 1224 3334 humilitatem,
1267 3278 1323 3326 et
1357 3275 1734 3338 paupertatem
1756 3305 1772 3330 ,
1809 3273 1866 3321 et
1902 3280 2008 3321 non

421 3362 631 3436 iudicet
668 3365 940 3429 alterum;
982 3363 1062 3417 sic
1104 3363 1255 3416 venit
1283 3361 1339 3414 in
1367 3375 1491 3415 eum
1523 3359 1684 3414 timor
1709 3357 1827 3412 Dei.
1859 3356 2010 3412 Dixit

427 3453 651 3523 quidam
691 3467 892 3507 senex:
933 3452 1120 3506 Timor
1155 3459 1212 3506 et
1252 3450 1565 3516 humilitas,
1593 3459 1650 3504 et
1685 3460 1901 3519 egestas
1930 3451 2011 3504 vi-

428 3542 721 3607 ctualium,
763 3551 820 3597 et
845 3541 1094 3611 planctus
1122 3549 1340 3595 maneat
1380 3540 1437 3596 in
1467 3549 1539 3595 te.
1574 3541 1642 3595 Et
1669 3541 1808 3595 alius
1837 3555 2007 3596 senex

430 3634 571 3689 dixit
620 3632 752 3687 illud
796 3649 810 3685 :
870 3630 1140 3701 Quidquid
1184 3630 1305 3684 odio
1350 3629 1539 3696 habes,
1588 3629 1682 3684 alii
1733 3646 1796 3684 ne
1841 3629 2009 3701 facias

432 3730 606 3802 (Tob.
640 3743 692 3782 IV
714 3727 755 3800 ).
791 3727 850 3782 Si
880 3727 1007 3782 odio
1037 3723 1203 3780 habes
1241 3738 1365 3778 eum
1406 3723 1498 3793 qui
1541 3723 1637 3778 tibi
1666 3723 1811 3778 male
1838 3723 2013 3793 loqui-

433 3831 543 3885 tur,
589 3835 658 3875 ne
699 3828 754 3874 tu
799 3817 938 3872 male
977 3815 1216 3885 loquaris
1261 3815 1326 3870 de
1371 3814 1571 3883 aliquo.
1604 3813 1663 3869 Si
1690 3814 1814 3869 odio
1841 3813 2010 3869 habes

430 3926 557 3967 eum
579 3911 673 3981 qui
696 3910 792 3964 tibi
813 3907 1139 3964 calumniam
1159 3905 1311 3972 facit,
1330 3920 1396 3960 ne
1417 3913 1472 3959 tu
1493 3905 1820 3960 calumniam
1840 3903 2010 3959 facias

433 4004 617 4060 alicui.
647 4003 703 4059 Si
728 4005 852 4058 odio
874 4003 1041 4057 habes
1067 4018 1190 4057 eum
1215 4002 1308 4071 qui
1335 4009 1387 4056 te
1411 4001 1463 4054 in
1487 4005 1800 4068 contemptu
1825 3994 2007 4059 ducit,

436 4103 530 4150 aut
557 4095 769 4166 injuriis
793 4094 1027 4164 appetit,
1055 4093 1188 4148 nihil
1218 4102 1275 4148 tu
1301 4095 1495 4148 horum
1521 4091 1691 4146 facias
1715 4089 2006 4158 cuiquam:

429 4186 537 4254 Qui
564 4200 693 4257 ergo
721 4188 948 4243 verbum
981 4187 1124 4241 istud
1152 4185 1428 4241 custodire
1465 4190 1678 4254 potest,
1719 4180 1920 4236 sufﬁcit
1958 4178 2009 4234 ci

427 4277 503 4332 ad
534 4277 783 4334 salutem.
812 4278 956 4333 Dixit
981 4279 1201 4348 quidam
1231 4293 1392 4333 senex
1421 4290 1437 4329 :
1467 4275 1589 4331 Vita
1621 4272 1870 4327 Monachi
1894 4272 2011 4326 hzee

433 4377 543 4422 est.
575 4367 864 4437 Operatio,
897 4369 1203 4423 obedienlia
1224 4408 1238 4432 ,
1272 4365 1550 4421 meditatio
1569 4404 1585 4430 ,
1615 4371 1672 4418 et
1697 4371 1758 4416 ut
1793 4377 1898 4416 non
1918 4359 2009 4428 ju—

431 4453 611 4520 dicet,
641 4471 746 4510 non
773 4455 1113 4524 obloquatur,
1140 4470 1246 4510 non
1272 4461 1596 4509 murmuret.
1627 4450 1901 4520 Scriptum
1927 4457 2012 4504 est

416 4545 572 4601 enim
607 4558 624 4599 :
654 4533 762 4610 Qui
785 4545 1009 4612 diligitis
1046 4543 1331 4595 Dominum
1355 4581 1368 4602 ,
1403 4543 1544 4595 odite
1590 4543 1788 4595 malum
1829 4542 2007 4612 (Psal.

424 4638 593 4709 xcvi).
612 4637 863 4693 Monaehi
884 4637 991 4692 vita
1013 4637 1128 4690 haec
1143 4646 1250 4700 est,
1274 4651 1380 4688 non
1402 4633 1613 4704 ingredi.
1629 4649 1752 4689 cum
1770 4635 2010 4705 iujustis,

426 4746 609 4801 neque
644 4731 832 4787 videre
855 4729 1031 4786 oculis
1061 4729 1177 4784 suis
1199 4727 1361 4790 mala,
1388 4743 1568 4798 neque
1591 4727 1809 4784 curiose
1828 4744 2012 4798 agere,

427 4838 612 4893 neque
630 4823 826 4879 audire
845 4823 1049 4886 inania,
1071 4836 1250 4893 neque
1267 4821 1447 4875 aliena
1471 4835 1686 4889 rapere,
1720 4821 1816 4876 sed
1841 4823 2017 4892 magis

431 4932 532 4972 sua
565 4915 832 4982 tribuere,
868 4929 1046 4984 neque
1073 4912 1365 4984 superbire
1385 4913 1574 4979 corde,
1603 4928 1784 4984 neque
1807 4916 2019 4985 cogita-

433 5009 586 5064 tione
621 5006 926 5079 malignari,
954 5022 1134 5078 neque
1181 5015 1426 5062 ventrem
1467 5006 1720 5076 implere,
1756 5006 1854 5064 sed
1887 5021 2017 5062 cum

433 5102 777 5158 discretione
801 5103 986 5157 omnia
1008 5114 1190 5172 agere.
1223 5100 1366 5157 Ecce
1389 5103 1444 5155 in
1463 5099 1550 5156 his
1573 5109 1658 5156 est
1690 5099 2017 5155 monachus.

435 5190 583 5246 Dixit
606 5185 787 5245 Abbas
806 5189 971 5246 Iacob
994 5206 1009 5244 :
1039 5193 1175 5259 Quia
1202 5193 1342 5248 sicut
1366 5193 1583 5248 lucerna
1605 5192 1898 5246 obscurum
1921 5203 2013 5243 cu-

435 5283 672 5340 biculum
714 5283 1000 5351 illuminat,
1055 5286 1128 5340 ita
1169 5286 1330 5341 timor
1356 5284 1568 5340 Domini
1594 5322 1609 5346 ,
1640 5283 1686 5337 si
1715 5279 1928 5336 venerit
1957 5279 2011 5334 in

434 5387 536 5431 cor
575 5373 812 5432 hominis
830 5416 844 5442 ,
876 5377 1144 5433 illuminat
1170 5394 1292 5433 eum
1314 5419 1327 5444 ,
1358 5386 1414 5432 et
1439 5378 1596 5431 docet
1622 5387 1813 5428 omnes
1841 5372 2014 5426 virtu-

437 5479 520 5525 tes
575 5476 644 5524 ειη
672 5471 925 5526 mandata
967 5473 1084 5527 Dei.
1127 5472 1597 5541 [interrogaverunt
1637 5466 1856 5535 quidam
1920 5480 2014 5534 pa-

440 5568 588 5616 trum
645 5559 906 5617 Abbatem
961 5562 1293 5618 Macharium
1349 5556 1686 5627 Aigyptium,
1725 5555 2010 5609 dicentes:

440 5646 720 5718 Quomodo
749 5658 804 5708 et
829 5651 1044 5724 quando
1075 5649 1370 5707 manducas
1388 5687 1403 5714 ,
1432 5655 1488 5701 et
1514 5645 1728 5715 quando
1764 5642 1976 5714 jejunas
1997 5684 2011 5713 ,

2091 467 2293 540 lignum
2309 472 2364 526 in
2379 485 2541 527 manu
2565 475 2800 530 hominis
2823 483 2932 544 quo
2955 475 3175 532 frutices
3205 477 3260 530 in
3283 477 3408 546 igne
3446 493 3686 532 versan-

2092 565 2182 612 tur
2216 561 2434 625 arescit,
2490 563 2564 617 ita
2593 565 2637 618 s‘i
2673 564 2833 619 homo
2864 565 3114 620 habuerit
3148 575 3384 620 mentem
3418 583 3580 622 suam
3620 568 3686 622 i

2093 648 2284 704 timore
2312 648 2434 714 Dei,
2469 651 2582 721 ipse
2615 653 2775 707 timur
2801 649 2897 706 Dei
2925 667 3050 708 ossa
3077 653 3194 723 ejus
3223 657 3511 712 consumit.

2684 743 2912 800 CAPUT
2963 743 3076 800 V'll.

2427 828 2505 884 De
2534 833 2792 901 sapientia
2817 847 2934 904 qua:
2969 835 3206 890 Christus
3231 846 3326 891 est.

2163 917 2370 974 Corona
2398 921 2670 990 sapientiae
2711 920 2793 992 (ut
2826 925 2902 979 ait
2933 923 3235 996 Scriptum)
3265 929 3421 982 timor
3457 921 3685 984 Domini

2092 1020 2189 1076 est,
2219 1021 2266 1064 et
2295 1011 2502 1066 initium
2523 1011 2814 1083 sapientiw,
2853 1017 3034 1072 timere
3067 1019 3270 1084 Deum,
3313 1030 3364 1075 et
3403 1021 3684 1090 plenitudo

2091 1100 2378 1168 sapientiaz,
2395 1111 2442 1156 et
2460 1102 2614 1156 radix
2626 1105 2896 1174 sapientia:
2909 1109 3067 1162 timor
3079 1108 3292 1164 Domini
3303 1119 3378 1164 est
3396 1111 3590 1181 (Eccli.
3611 1115 3678 1181 ι).

2096 1189 2404 1248 Timeamus
2448 1207 2600 1264 ergo,
2639 1194 2971 1262 cha'rissimi,
3016 1198 3333 1264 Dominum,
3370 1210 3426 1254 et
3464 1202 3684 1256 animas

2096 1289 2311 1336 nostras
2335 1294 2720 1352 praeparemus,
2750 1286 2819 1341 ad
2842 1287 3217 1357 excipiendam
3247 1289 3593 1359 sapientiam,
3623 1301 3687 1345 ut

2096 1372 2386 1441 sapienter,
2410 1383 2466 1429 et
2493 1375 2601 1444 pie,
2625 1387 2682 1430 et
2701 1374 2848 1444 juste
2874 1378 3140 1444 viventes,
3165 1395 3288 1434 cum
3319 1381 3433 1451 ipsa
3460 1384 3684 1452 sapien—

2098 1462 2191 1524 tia.
2231 1478 2394 1533 regna
2435 1479 2743 1520 mereamur
2782 1468 3057 1536 possidere
3086 1478 3362 1538 perpetua.
3397 1470 3490 1527 Sic
3530 1473 3682 1529 enim

2097 1553 2355 1622 scriptum
2385 1562 2504 1609 est:
2536 1554 2640 1620 Qui
2681 1557 3020 1612 custodierint
3055 1558 3222 1625 illam,
3243 1560 3687 1630 justiﬁcabuntur

2098 1644 2162 1698 ab
2185 1662 2267 1708 ea,
2297 1654 2345 1699 et
2369 1645 2524 1714 facile
2551 1647 2812 1702 videbitur
2845 1649 2910 1702 ab
2946 1650 3012 1703 iis
3036 1651 3126 1719 qui
3169 1650 3395 1721 diligunt
3429 1669 3585 1717 eam,
3632 1662 3685 1707 et

2099 1736 2386 1790 invenietur
2425 1737 2489 1790 ab
2527 1736 2592 1790 iis
2630 1738 2720 1806 qui
2758 1749 2998 1807 quaerunt
3036 1739 3185 1794 illam
3215 1739 3369 1812 (Sap.
3399 1740 3498 1811 vl).
3532 1741 3686 1796 Scri-

2097 1832 2248 1895 ptum
2268 1834 2351 1881 est
2377 1827 2521 1882 enim
2547 1845 2560 1880 :
2601 1825 3035 1898 Concupiscentia
3076 1830 3252 1900 itaque
3280 1832 3549 1900 sapientia:-
3583 1831 3683 1885 de—

2099 1914 2240 1968 ducit
2267 1914 2336 1967 ad
2369 1930 2527 1984 regna
2558 1925 2806 1985 perpetua
2833 1914 3044 1986 (Ibid.).
3077 1916 3369 1987 Propterea
3409 1919 3487 1973 ait
3526 1917 3687 1974 Salo—

2099 2019 2262 2058 mon:
2297 2003 2504 2074 Optavi,
2530 2015 2579 2060 et
2615 2005 2773 2060 datus
2799 2017 2873 2061 est
2900 2009 3028 2062 mihi
3068 2025 3292 2063 sensus:
3331 2009 3565 2063 invocavi
3585 2049 3602 2073 ,
3634 2019 3685 2063 et

2100 2095 2234 2148 venit
2263 2095 2320 2148 in
2355 2111 2434 2149 me
2460 2096 2676 2165 spiritus
2700 2098 2972 2168 sapientia:
2992 2137 3008 2164 ,
3055 2109 3105 2154 et
3147 2101 3393 2170 proposui
3431 2117 3526 2170 pro
3566 2101 3688 2156 luce

2101 2183 2289 2237 habere
2316 2183 2484 2238 illam.
2508 2184 2680 2254 Super
2701 2186 2924 2242 salutem
2943 2198 2993 2242 et
3016 2205 3220 2244 omnem
3242 2191 3688 2260 pulchritudinem

2101 2274 2262 2328 dilexi
2290 2274 2458 2342 illam,
2484 2279 2732 2346 quoniam
2760 2280 3184 2352 incastinguibile
3211 2293 3284 2336 est
3312 2283 3488 2338 lumen
3513 2284 3684 2338 illius.

2113 2361 2374 2418 Venerunt
2401 2375 2576 2419 autem
2604 2367 2733 2421 mihi
2758 2369 2935 2424 omnia
2958 2369 3094 2424 bona
3120 2372 3320 2440 pariter
3345 2389 3463 2426 cum
3490 2373 3606 2438 illa,
3635 2384 3687 2428 et

2101 2454 2498 2509 innumerabilis
2537 2455 2781 2512 honestas
2815 2475 2910 2528 per
2948 2476 3135 2516 manus
3181 2461 3356 2528 illius,
3397 2473 3446 2517 et
3473 2463 3687 2519 (tutatus

2102 2560 2219 2599 sum
2244 2545 2300 2600 in
2327 2547 2583 2611 omnibus,
2611 2549 2860 2619 quoniam
2888 2553 3222 2608 antecedebat
3244 2571 3324 2608 me
3343 2554 3444 2609 ista
3471 2556 3687 2624 sapien-

2104 2634 2199 2687 tia.
2231 2632 2478 2702 Inﬁnitus
2504 2637 2640 2691 enim
2662 2637 2941 2710 thesaurus
2977 2649 3054 2694 est
3092 2641 3387 2697 hominibus
3410 2683 3426 2708 ,
3464 2660 3566 2714 quo
3593 2645 3690 2714 qui

2105 2726 2188 2780 usi
2210 2734 2350 2791 sunt,
2378 2727 2656 2798 participes
2682 2729 2810 2798 facti
2845 2739 2966 2785 sunt
2993 2731 3240 2786 amicitia:
3271 2731 3390 2786 Dei.
3422 2732 3516 2786 Est
3546 2735 3688 2786 enim

2105 2816 2162 2871 in
2187 2816 2282 2870 illa
2319 2817 2534 2888 spiritus
2560 2819 2932 2891 intelligentiw,
2972 2833 3208 2889 sanctus,
3251 2825 3461 2891 unicus,
3507 2824 3690 2879 multi-

2105 2903 2246 2975 plcs,
2265 2905 2487 2969 subtilis,
2507 2906 2734 2975 mobilis,
2754 2909 3003 2976 disertus,
3026 2911 3469 2982 incoinquinatus,
3488 2922 3687 2979 certus,

2107 2997 2302 3061 suavis,
2333 3011 2518 3052 amans
2546 2995 2758 3065 bonum,
2785 3011 2995 3069 acutus,
3033 3020 3185 3074 quem
3214 3005 3346 3059 nihil
3379 3015 3512 3061 vetat
3537 3007 3690 3061 bene—

2034 3054 2078 3116 Ο
2111 3085 2332 3156 faciens,
2380 3085 2640 3143 humanus
2661 3102 2681 3140 :
2713 3088 2939 3156 stabilis,
2967 3054 3215 3159 sec'urus,
3261 3111 3466 3149 omnem
3493 3095 3692 3150 habens

2108 3175 2560 3242 virtutem,omnia
2585 3180 2923 3250 prospiciens,
2940 3191 2986 3236 et
3011 3183 3102 3254 qui
3127 3182 3300 3253 capiat
3325 3201 3500 3238 omnes
3527 3186 3689 3254 spiri—
3716 3210 3729 3215 -

2109 3267 2582 3340 tus,intelligibilis.
2608 3270 2750 3325 Nam
2773 3273 3012 3327 omnibus
3034 3273 3326 3341 mobilibus,
3350 3274 3595 3330 mobilior
3613 3285 3695 3332 est

2107 3358 2384 3428 sapientia.
2435 3357 2610 3431 Vapor
2654 3370 2730 3416 cst
2775 3365 2914 3418 cnim
2956 3364 3164 3418 virtutis
3203 3364 3300 3419 Dei
3338 3373 3387 3420 et
3426 3367 3693 3422 emanatio

2108 3445 2366 3504 claritatis
2388 3450 2748 3520 omnipotentis
2773 3450 2872 3506 Dei
2917 3453 3146 3510 sincera.
3195 3453 3408 3508 Candor
3439 3465 3514 3509 est
3550 3456 3694 3509 enim

2108 3535 2242 3592 lucis
2267 3548 2495 3605 wternw,
2521 3549 2570 3593 et
2593 3541 2858 3610 speculum
2882 3543 2995 3597 sine
3023 3543 3231 3597 macula
3251 3543 3350 3598 Dei
3376 3545 3691 3615 majestatis,

2108 3639 2156 3684 ct
2185 3628 2356 3699 imago
2386 3629 2631 3684 bonitatis
2657 3630 2801 3687 illius
2835 3630 2985 3704 (Sap.
3013 3631 3132 3705 vn).
3164 3633 3260 3690 Est
3284 3635 3427 3690 enim
3451 3637 3533 3707 (ut
3558 3637 3700 3692 dici-

2111 3719 2218 3791 tur)
2247 3720 2357 3778 htcc
2395 3722 2679 3790 speciosior
2721 3723 2854 3791 sole,
2893 3735 2943 3779 et
2985 3742 3142 3797 super
3179 3743 3382 3781 omnem
3422 3728 3694 3784 stellarum

2108 3813 2498 3883 dispositionem
2547 3813 2652 3868 luci
2694 3826 2998 3886 comparata
3043 3819 3303 3872 invenitur
3342 3820 3507 3888 prior.
3563 3820 3695 3874 Luci

2108 3905 2248 3958 enim
2293 3905 2523 3958 succedit
2566 3921 2687 3969 nox,
2737 3908 2995 3977 sapientia
3039 3920 3213 3964 autent
3243 3911 3398 3965 vincit
3432 3912 3695 3967 malitiam

2111 3993 2323 4065 (lbid.).
2358 3995 2429 4050 Ut
2453 3996 2598 4051 enim
2621 3997 2822 4052 dicitur
2848 4017 2860 4052 :
2901 3999 3124 4070 Attingit
3153 4019 3185 4054 a
3221 4001 3324 4070 [ine
3346 4019 3505 4056 usque
3533 4003 3603 4057 ad
3628 4004 3698 4072 ﬁ-

2109 4103 2226 4141 nem
2253 4086 2476 4156 fortiter,
2500 4098 2550 4142 et
2595 4089 2824 4160 disponit
2855 4092 3031 4145 omnia
3073 4094 3319 4147 suaviter.
3349 4092 3694 4148 Sovrietatcm

2109 4179 2248 4233 cnim
2271 4189 2320 4232 ct
2343 4181 2656 4250 sapientiam
2685 4181 2854 4247 docet,
2879 4194 2928 4236 et
2949 4184 3216 4253 justitiam
3245 4196 3292 4240 et
3319 4187 3558 4240 virtutem
3578 4189 3697 4256 qui-

2111 4267 2205 4322 bus
2233 4269 2414 4324 utilius
2436 4270 2567 4324 nihil
2585 4281 2660 4325 est
2684 4272 2738 4325 in
2764 4274 2870 4327 vita
2897 4273 3193 4329 hominibus
3218 4274 3368 4347 (Sap.
3387 4278 3528 4345 vm).
3552 4279 3696 4333 The-

2111 4377 2306 4416 saurus
2335 4362 2480 4416 enim
2507 4379 2734 4434 magnus
2780 4375 2864 4420 est
2907 4366 3196 4436 sapientia.
3228 4384 3389 4437 quam
3420 4369 3510 4438 qui
3542 4369 3696 4424 inve~

2111 4455 2272 4518 nerit,
2305 4455 2546 4510 inveniet
2567 4457 2766 4511 vitam:
2805 4467 2862 4512 et
2900 4459 2992 4527 qui
3028 4460 3332 4529 possederit
3369 4459 3548 4527 illam,
3595 4461 3694 4514 im-

2111 4547 2460 4601 mortalitatis
2497 4547 2720 4602 habebit
2763 4545 3042 4603 itoronam.
3092 4550 3210 4620 Ipsa
3255 4561 3338 4606 est
3383 4553 3528 4606 enim
3573 4566 3695 4620 quae

2109 4637 2336 4694 stabiles
2365 4637 2495 4691 facit
2529 4639 2584 4692 in
2617 4638 2743 4704 fide,
2774 4650 2952 4696 certos
2978 4641 3033 4695 in
3063 4642 3264 4707 verbo,
3295 4642 3476 4696 dulces
3507 4643 3561 4696 in
3584 4643 3694 4697 elo-

2110 4727 2258 4796 quio,
2291 4727 2494 4781 hilares
2523 4728 2576 4780 in
2611 4728 2760 4794 dato,
2803 4730 2858 4784 in
2903 4731 3278 4787 misericordia
3321 4733 3607 4798 humanos,
3639 4736 3690 4790 in

2112 4817 2487 4887 respondendo
2510 4834 2727 4885 suaves,
2755 4821 2810 4876 in
2833 4822 3190 4880 discernenda
3215 4841 3454 4896 sagaces,
3488 4826 3540 4879 in
3573 4842 3689 4894 pro-

2117 4909 2377 4979 speritate
2422 4909 2607 4975 mites,
2656 4913 2709 4967 in
2755 4913 3082 4970 adversitate
3128 4931 3366 4981 securos,
3410 4927 3600 4972 acutos
3639 4920 3691 4973 in

2115 5019 2302 5070 sensu,
2328 5003 2632 5073 perlucidos
2658 5006 2715 5060 in
2743 5005 2905 5071 facto,
2935 5009 3194 5064 candidos
3222 5009 3278 5063 in
3305 5009 3474 5074 vultu,
3503 5019 3560 5063 et
3584 5009 3690 5065 for-

2119 5103 2201 5150 tes
2230 5095 2284 5148 in
2313 5094 2567 5150 conﬂictu
2596 5095 2807 5168 (Ibid).
2843 5095 2991 5152 Unde
3032 5116 3153 5168 ergo
3174 5100 3432 5169 sapientia
3464 5101 3619 5165 venit,
3647 5111 3691 5154 et

2114 5185 2231 5255 quis
2258 5194 2331 5239 est
2361 5185 2506 5240 locus
2533 5185 2889 5255 intelligentitc
2911 5188 2936 5240 ?
2978 5187 3298 5243 Abscondita
3335 5199 3407 5244 est
3435 5189 3499 5242 ab
3535 5189 3692 5244 oculis

2115 5275 2346 5328 omnium
2374 5275 2670 5329 viventium.
2701 5275 2845 5329 Deus
2887 5276 3128 5348 intelligit
3165 5279 3303 5332 viam
3342 5279 3454 5348 ejus
3473 5319 3487 5343 ,
3519 5293 3564 5333 et
3591 5280 3692 5348 ipse

2114 5367 2255 5420 novit
2289 5365 2460 5420 locum
2481 5366 2643 5432 illius.
2673 5365 2793 5436 Ipse
2818 5369 2954 5422 enim
2977 5368 3108 5423 dixit
3129 5370 3358 5425 homini:
3383 5369 3516 5424 Ecce
3546 5371 3693 5424 timor

2123 5457 2346 5523 Domini,
2374 5459 2482 5528 ipse
2502 5468 2576 5513 cst
2600 5459 2881 5528 sapientia,
2911 5471 2959 5514 et
2989 5461 3220 5515 recedere
3251 5479 3281 5515 α
3321 5462 3459 5515 male
3499 5459 3688 5514 intelli-

2116 5548 2286 5616 gentia
2316 5547 2458 5611 (Job.
2491 5547 2704 5619 xxvni).
2734 5549 3032 5621 Diligamus
3065 5567 3193 5621 ergo
3221 5567 3358 5616 eam,
3399 5551 3613 5606 fratres.
3641 5557 3689 5602 ut

2118 5639 2401 5709 diligamur
2429 5641 2494 5698 ab
2524 5657 2604 5698 ea.
2639 5640 2756 5712 Ipsa
2793 5643 2935 5700 enim
2985 5645 3250 5716 sapientia
3293 5659 3412 5713 qua:
3446 5643 3687 5700 Christus
