3940 6414
231 277 340 336 605

1429 261 1537 345 Din
1546 259 1736 319 DEMA
1773 243 2277 314 MONACHORUM.

3386 247 3489 306 606

231 399 340 454 est,
372 387 537 443 dicit:
561 383 672 456 Ego
693 381 952 454 sapientia
978 378 1156 433 habito
1177 377 1234 432 in
1260 374 1500 440 consilio,
1527 383 1576 428 et
1597 371 1816 428 eruditis
1844 371 1896 433 Α
1921 367 2198 436 Scriptum
2239 379 2327 423 est
2361 365 2506 423 enim
2536 384 2548 420 ε
2578 361 2776 422 Sentite
2814 364 2880 421 de
2907 363 3129 420 Domsno
3156 366 3214 421 in
3238 363 3488 431 bonitate,

231 485 490 538 intersunt
513 473 936 547 cogitationibus.
969 470 1027 524 Μ
1030 487 1150 526 eum
1175 477 1251 525 est
1275 465 1555 523 consilium
1579 473 1626 520 et
1655 463 1819 534 tequi-

233 585 342 639 tas,
366 587 481 626 mea
504 578 580 623 est
609 564 910 637 prudentia,
932 577 1048 617 mea
1068 571 1145 616 est
1167 570 1216 616 et
1239 557 1515 630 fortitudo.
1547 554 1662 625 Ego
1691 552 1818 607 dili-

235 675 408 738 gentes
437 679 518 717 me
536 655 720 730 diligo,
753 667 802 712 et
831 656 924 728 qui
956 666 1109 710 mane
1139 648 1466 723 vigilaverint
1494 647 1702 738 adfine,
1733 645 1820 698 in-

237 737 440 812 venient
466 768 566 806 me.
599 748 807 804 Mecum
829 754 953 801 sunt
981 744 1178 798 divitiae
1213 751 1262 796 et
1293 739 1484 812 gloria.
1521 737 1711 794 Melior
1745 742 1821 790 est

239 847 444 916 fructus
487 857 634 897 meus
661 854 792 894 auro
829 846 879 892 et
905 834 1082 906 lapide
1108 834 1354 905 pretioso.
1388 831 1455 886 In
1484 831 1579 885 viis
1598 828 1822 900 justitiw

237 933 471 1000 ambulo,
517 943 577 987 ut
612 932 772 986 ditem
812 926 1086 998 diligentes
1113 941 1216 990 me,
1257 933 1305 978 et
1348 923 1615 978 thesauros
1645 934 1824 974 eorum

235 1023 470 1094 repleam
521 1021 704 1094 (Prov.
735 1016 878 1091 vnn).
924 1015 1110 1086 Diligit
1144 1015 1292 1070 enim
1334 1014 1478 1068 Deus
1523 1010 1673 1066 illum
1729 1006 1824 1077 qui

234 1117 419 1189 diligit
461 1114 810 1185 sapientiam.
843 1110 1124 1182 Sapientia
1164 1107 1313 1164 enim
1342 1105 1467 1160 ﬁliis
1513 1102 1627 1158 suis
1653 1101 1824 1156 vitam

240 1217 532 1280 praeparat,
561 1205 911 1278 diligentibus
938 1217 998 1258 se
1018 1200 1292 1272 justitiam
1316 1196 1608 1259 ministrat,
1639 1206 1826 1246 aman-

245 1297 388 1353 tibus
415 1312 476 1352 se
502 1295 850 1367 prudentiam
895 1295 1082 1349 donat.
1126 1291 1186 1344 ιιι
1236 1287 1537 1342 tentatione
1578 1298 1703 1340 cum
1735 1281 1827 1336 illo

241 1387 502 1454 ambulat,
549 1395 606 1442 et
643 1387 746 1441 iter
772 1386 1040 1440 directum
1081 1381 1158 1438 illi
1194 1392 1524 1450 praeparans,
1563 1376 1826 1430 absconsa

241 1495 340 1535 sua
370 1480 629 1544 denudat,
668 1478 746 1533 illi
772 1477 1058 1534 scientiam
1099 1484 1155 1530 et
1179 1472 1508 1528 intellectum
1532 1465 1829 1538 prudentia:

244 1572 596 1627 thesaurizat.
625 1571 766 1644 Ergo
793 1570 886 1640 qui
923 1567 1159 1625 tenuerit
1197 1565 1364 1631 illam,
1391 1563 1560 1618 vitam
1594 1557 1826 1615 haeredi-

246 1663 386 1719 tabit
413 1670 693 1718 aeternam.

843 1727 1069 1786 CAPUT
1098 1726 1225 1782 Vill.

837 1822 916 1876 De
940 1820 1242 1891 prudentia.

320 1916 612 1974 Prudentia
641 1929 876 1985 namque
904 1918 1286 1967 ornamentum
1318 1913 1403 1961 est
1430 1905 1674 1960 omnium
1712 1897 1824 1955 vlré

252 2016 449 2074 tutum,
471 2007 639 2079 gloria
667 2005 839 2070 verbi,
866 2004 1138 2071 decusque
1163 1997 1453 2060 sermonis,
1482 1995 1624 2051 sicut
1647 1991 1824 2060 scrip-

252 2107 366 2154 tum
391 2109 506 2155 est:
541 2097 922 2153 Ornamentum
947 2109 1168 2148 aureum
1193 2088 1460 2162 prudenti,
1483 2086 1747 2150 doctrina,
1775 2092 1826 2138 et

250 2191 404 2263 quasi
427 2189 692 2245 brachiale
713 2189 768 2242 in
784 2187 995 2242 brachio
1012 2185 1196 2240 dextro
1219 2181 1408 2255 (Eccli.
1432 2178 1568 2250 xxi).
1586 2177 1829 2232 Pruden-

254 2282 332 2337 tia
369 2291 553 2338 custos
587 2289 672 2338 est
699 2280 833 2344 oris,
862 2277 1184 2350 gubernatio
1213 2273 1444 2330 actionis
1473 2312 1489 2337 ,
1515 2279 1830 2340 temperan-

255 2372 332 2427 tia
369 2372 583 2438 cordis,
623 2369 926 2426 moderatio
965 2367 1200 2438 linguae,
1233 2362 1588 2432 omniumque
1625 2367 1832 2416 statera

256 2464 572 2528 verborum,
601 2471 658 2517 et
680 2459 1000 2532 ponder'atio
1022 2473 1226 2514 rerum.
1262 2455 1356 2510 Sic
1379 2453 1526 2508 enim
1569 2450 1833 2519 scriptum

255 2561 344 2608 cst
367 2569 381 2605 :
407 2549 571 2606 Verba
593 2550 929 2622 prudentium
955 2557 1152 2604 statera
1178 2541 1612 2617 ponderabuntur
1637 2539 1831 2612 (Eecli.

257 2641 396 2714 xxi).
439 2633 578 2698 llinc
619 2649 676 2698 et
713 2639 912 2696 Paulus
945 2639 1024 2693 nit
1057 2655 1070 2692 :
1113 2635 1296 2692 Sermo
1339 2643 1505 2690 vester
1547 2641 1750 2703 semper
1776 2631 1836 2686 in

256 2735 430 2806 gratia
449 2733 560 2788 sale
583 2733 650 2788 sit
667 2731 932 2796 conditus,
947 2735 1004 2783 ut
1020 2727 1200 2782 sciatis
1214 2722 1476 2796 quomodo
1495 2729 1730 2794 oporteat
1747 2734 1838 2774 vos

258 2825 538 2896 unicuique
569 2821 879 2894 respondere
893 2817 1033 2893 (Col.
1051 2817 1464 2890 tv).Diligamus
1492 2820 1547 2868 ct
1576 2827 1697 2877 nos,
1723 2808 1840 2865 fra-

265 2923 396 2980 tres“,
413 2913 554 2969 hanc
576 2910 934 2967 clarissimam
961 2909 1238 2969 virtutem,
1255 2918 1376 2975 qua:
1398 2901 1556 2958 nobis
1571 2902 1841 2973 guberna-

258 3005 462 3061 tionem
476 3005 643 3060 animi
666 3004 934 3072 disponat,
951 3007 1006 3056 et
1025 2997 1404 3055 discretionem
1420 2993 1618 3048 mentis
1641 2989 1842 3046 confir-

1917 471 1965 517 et
1991 463 2048 516 in
2079 459 2414 531 simplicitate
2435 455 2606 516 cordis
2621 461 2838 532 quierite
2861 459 3034 526 illum,
3059 461 3310 530 quoniam
3350 461 3496 518 inve-

1918 553 2062 607 nitur
2083 551 2149 605 ab
2174 552 2241 606 iis
2267 554 2358 623 qui
2385 569 2489 606 non
2516 559 2716 606 tentant
2751 551 2902 606 illum
2929 568 2948 606 :
2977 561 3192 622 apparet
3219 562 3396 607 autem
3419 555 3496 608 eis

1917 641 2012 713 qui
2051 641 2212 710 ﬁdem
2252 641 2442 696 habent
2485 643 2540 695 in
2575 640 2722 695 illum
2748 640 2896 714 (Sap.
2927 641 2991 713 ι).
3029 641 3324 712 Diligamus
3365 659 3498 714 ergo

1920 733 2324 804 simplicitatem
2354 732 2554 797 cordis,
2588 740 2648 786 ut
2676 734 2744 788 ab
2765 732 2855 788 illa
2880 742 3032 788 actus
3063 733 3236 789 nostri
3263 734 3500 804 dirigam

1921 830 2012 877 tur
2039 823 2096 876 in
2122 822 2264 876 viam
2292 821 2504 877 salutis.
2531 819 2802 890 Scriptum
2839 831 2922 876 est
2950 822 3096 876 enim
3125 837 3140 875 :
3168 820 3498 889 Simplicitas

1913 911 2181 982 justorum
2229 911 2417 982 diriget
2464 927 2551 966 eos
2584 909 2768 982 (Prov.
2800 914 2902 983 χι).
2948 911 3278 968 Obediamus
3321 913 3501 967 verbis

1923 1001 2075 1058 Pauli
2091 1001 2466 1072 praedicatoris
2485 1002 2711 1072 egregii,
2751 1002 2842 1072 qui
2867 1017 2966 1058 nos
2989 1003 3262 1065 admonet,
3283 1004 3498 1057 dicens:

1935 1088 2063 1145 Volo
2093 1105 2180 1145 vos
2208 1090 2465 1160 sapientes
2503 1108 2613 1146 esse
2658 1093 2713 1145 in
2738 1092 2872 1146 bono
2895 1133 2910 1158 ,
2950 1092 3209 1164 simplices
3260 1094 3313 1148 in
3361 1093 3505 1151 mulo

1926 1179 2570 1253 (Rom.xv1).Debetenim
2595 1182 2890 1239 electorum
2916 1185 3079 1239 corda
3121 1185 3410 1255 prudentia
3447 1185 3504 1239 in

1925 1268 2127 1323 bonum
2167 1267 2373 1340 jugiter
2418 1285 2636 1335 acuere,
2665 1281 2721 1324 et
2768 1271 3089 1341 simplicitas
3137 1274 3207 1327 ab
3255 1273 3505 1329 acumina

1925 1358 2224 1428 prudentiae
2254 1367 2576 1428 temperare,
2602 1374 2667 1414 ne
2687 1370 2780 1415 aut
2799 1360 3082 1431 prudentia
3103 1365 3322 1418 modum
3343 1365 3503 1418 recti-

1929 1450 2133 1504 tudinis
2180 1452 2426 1516 excedat,
2469 1461 2563 1507 aut
2603 1453 2922 1522 simplicitas
2952 1454 3266 1524 ignorantia:
3295 1455 3506 1511 fallacia

1929 1547 2220 1608 torpescat.
2255 1537 2456 1610 (στερη
2483 1539 2521 1594 ι.
2547 1557 2600 1606 v,
2634 1541 2855 1608 Moral.,
2879 1547 2925 1597 ἐ.
2948 1544 3026 1614 ὅ.)
3064 1545 3140 1598 De
3163 1543 3330 1600 Jacob
3360 1547 3504 1602 enim

1930 1627 2128 1698 legitur
2159 1645 2172 1681 :
2206 1629 2358 1694 Quod
2385 1639 2515 1684 esset
2572 1631 2646 1684 vir
2677 1632 2898 1702 simplex
2929 1673 2943 1696 ,
2981 1643 3029 1687 et
3061 1635 3114 1688 in
3152 1635 3308 1690 domo
3353 1636 3506 1691 habi-

1848 1709 1894 1780 B
1920 1729 2036 1774 tans
2061 1716 2211 1789 (Cen.
2247 1719 2396 1784 xxv),
2427 1721 2552 1791 quia
2584 1721 2841 1776 nimirum
2884 1738 3075 1778 omnes
3115 1725 3208 1794 qui
3251 1725 3305 1780 in
3352 1727 3506 1781 curis

1922 1810 2282 1867 exterioribus
2313 1811 2493 1881 spargi
2536 1811 2808 1882 refugiunt
2840 1853 2855 1879 ,
2885 1814 3155 1883 simplices
3192 1815 3245 1868 in
3293 1817 3502 1886 cogita-

1925 1902 2070 1956 tione
2099 1941 2116 1967 ,
2143 1910 2304 1971 atque
2331 1902 2383 1955 in
2419 1903 2766 1958 conscientizn
2796 1919 2907 1959 suae
2938 1905 3278 1960 habitatione
3323 1907 3507 1962 consi-

1925 2001 2098 2058 stunt,
2144 2007 2212 2046 ne
2235 1993 2363 2048 dum
2389 1992 2456 2046 ad
2485 1991 2652 2046 multa
2682 1991 2815 2048 foris
2860 1993 3093 2059 inhiant,
3142 2011 3170 2048 a
3200 1997 3510 2066 semetipsis

1925 2082 2142 2138 alienati
2183 2081 2598 2151 COgitationibus
2620 2082 2892 2137 recedant.
2921 2083 3217 2139 Curramus
3239 2100 3369 2154 ergo
3399 2099 3504 2155 per

1927 2175 2290 2246 simplicitatis
2338 2176 2530 2230 itinera
2559 2215 2576 2242 ,
2614 2185 2672 2230 ut
2710 2176 2779 2231 ad
2799 2179 3183 2246 'perennitatis
3235 2195 3335 2250 per
3389 2197 3510 2239 eam

1930 2268 2092 2323 citius
2125 2268 2412 2338 pervenire
2460 2283 2767 2324 mereamur
2799 2271 3051 2340 patriam,
3107 2271 3196 2325 ubi
3234 2272 3512 2327 immorta-

1931 2357 2098 2412 litatis
2145 2357 2341 2414 stolam
2392 2366 2463 2415 et.
2492 2359 2856 2430 simplicitatis
2900 2361 3144 2432 recipere
3193 2372 3512 2418 mereamur

1933 2449 2176 2521 praemia.

2571 2541 2798 2600 CAPUT
2819 2542 2887 2600 Χ.

2533 2631 2616 2688 De
2648 2636 2923 2705 patientia.

2010 2723 2090 2780 De
2113 2725 2218 2780 hac
2247 2724 2449 2780 virtute
2487 2727 2762 2796 patientlas
2789 2730 2869 2785 sic
2898 2730 3155 2788 Dominus
3181 2718 3293 2787 ait:
3332 2717 3397 2786 In
3422 2747 3517 2802 pa-

1942 2818 2126 2871 tientia
2149 2820 2316 2872 vestra
2337 2819 2665 2890 possidebitis
2687 2822 2892 2878 animas
2915 2834 3112 2879 vestras
3133 2824 3284 2896 (Luc.
3301 2825 3438 2895 XXI).
3454 2823 3522 2879 Et

1944 2906 2145 2964 Paulus
2171 2907 2466 2978 discipulus
2499 2907 2616 2978 ejus
2643 2910 2808 2967 dicit:
2838 2911 3052 2969 Induite
3078 2932 3165 2970 vos
3205 2917 3340 2970 sicut
3369 2915 3520 2970 electi

1945 2997 2066 3065 Dei,
2100 2998 2269 3053 sancti
2303 3009 2353 3054 et
2381 2999 2558 3054 dilecti
2597 3001 2795 3058 viscera
2825 3003 3522 3076 misericordiw,benignita-

261 3104 388 3151 met.
409 3094 499 3151 Sic
511 3095 653 3150 enim
677 3093 937 3163 scriptum
959 3097 1044 3146 est
1069 3107 1082 3143 :
1111 3087 1214 3153 Qui
1227 3086 1433 3157 sapiens
1448 3092 1550 3148 est,
1576 3081 1740 3136 multa
1755 3096 1839 3152 gu-

1948 3095 2069 3151 tem,
2094 3087 2464 3156 humilitatem,
2490 3089 2821 3158 modestiam,
2842 3083 3172 3164 patientiam,
3202 3105 3520 3165 supportan-

264 3186 514 3241 bernatur
523 3184 803 3258 prudentia
825 3180 1006 3255 (Prov.
1034 3178 1168 3251 xu).
1189 3177 1480 3248 Diligamus
1493 3171 1838 3244 prudentiam

262 3293 385 3349 qua:
411 3293 629 3349 gressus
651 3276 830 3348 operis
857 3271 1029 3328 nostri
1051 3271 1275 3342 dirigat,
1305 3276 1360 3321 et
1375 3278 1530 3321 actus
1555 3261 1843 3334 cogitatio-

264 3369 351 3425 nis
365 3369 633 3441 disponat.
662 3366 935 3438 Scriptum
959 3370 1043 3419 est
1068 3361 1213 3418 enim
1246 3377 1261 3413 ε
1299 3355 1396 3412 Vir
1412 3355 1640 3427 prudens
1661 3351 1842 3422 dirigit

273 3476 481 3536 gressus
519 3476 640 3516 suos
665 3457 847 3531 (Prov.
877 3455 992 3527 xv).
1023 3453 1323 3524 Diligamus
1347 3447 1693 3520 prudentiam
1722 3457 1844 3514 qum

268 3551 424 3608 nobis
454 3551 754 3623 spiritalem
801 3547 1032 3604 aedificet
1079 3546 1300 3602 domum
1333 3581 1349 3607 ,
1411 3547 1468 3595 et
1516 3536 1841 3594 aediﬁcatam

269 3642 574 3697 sublimiter
605 3643 841 3697 roboret.
895 3637 1170 3708 Scriptum
1207 3643 1294 3691 est
1343 3634 1489 3690 enim
1518 3647 1533 3686 :
1561 3628 1838 3699 Sapientia

273 3732 626 3803 wdiﬁcabitur
662 3731 870 3795 domus,
895 3739 942 3783 et
981 3727 1262 3798 prudentia
1303 3724 1634 3781 roborabitur
1661 3720 1844 3792 (Prov.

274 3823 448 3894 sxw).
481 3823 774 3895 Diligamus
801 3817 1166 3890 prudentiam,
1197 3830 1318 3884 qua:
1347 3815 1504 3869 nobis
1529 3818 1847 3868 ornamenta

275 3929 509 3979 morum,
540 3922 598 3970 et
621 3911 829 3982 copiam
855 3910 1128 3964 ministret
1168 3907 1430 3962 virtutum
1449 3945 1463 3970 ,
1491 3918 1612 3973 qua:
1639 3901 1723 3955 ori
1752 3915 1850 3954 no-

275 4013 392 4061 stro
415 4005 588 4075 legem
615 4003 862 4058 veritatis
889 4001 1143 4064 insinuet,
1161 4007 1216 4055 et
1243 4010 1548 4053 sermonem
1568 3993 1850 4063 sapientia:

271 4108 327 4154 et
376 4096 678 4152 intellectus
738 4093 1114 4163 multipliciter
1189 4091 1466 4154 adornet,
1511 4086 1851 4142 sermonibus

277 4186 480 4242 nostris
517 4198 738 4240 aureum
768 4190 1146 4237 ornamentum
1174 4179 1432 4248 imponat,
1456 4183 1512 4230 et
1548 4174 1704 4229 labiis
1748 4189 1850 4228 no-

278 4278 409 4334 stris
451 4291 646 4332 munus
675 4281 991 4344 argenteum
1033 4267 1323 4326 conferat:
1366 4266 1610 4321 moribus
1647 4265 1854 4320 nostris

271 4368 458 4440 jugem
497 4366 797 4424 custodiam
820 4405 835 4432 ,
876 4376 1174 4434 congruam
1208 4359 1482 4416 ministret
1519 4366 1574 4415 ct
1601 4357 1849 4429 gloriam.

883 4477 1110 4536 CAPUT
1134 4476 1228 4532 IX.

823 4571 901 4626 De
931 4569 1284 4642 simplicitate.

351 4663 542 4736 Magna
571 4671 655 4719 est
695 4662 910 4733 quidem
937 4660 1238 4732 prudentiae
1265 4657 1460 4723 virtus,
1491 4655 1590 4712 sed
1632 4668 1856 4712 necesse

281 4768 366 4814 est
396 4768 454 4812 ut
481 4755 841 4826 simplicitatis
865 4755 1059 4808 virtute
1082 4758 1432 4822 temperetur.
1459 4748 1551 4804 Sic
1574 4747 1718 4803 enim
1749 4746 1856 4801 Do-

282 4849 461 4903 minus
495 4847 547 4900 in
571 4844 858 4914 Evangelio
888 4844 966 4898 ait
994 4857 1008 4896 :
1043 4842 1222 4897 Estote
1247 4839 1526 4911 prudentes
1556 4838 1691 4892 sic’ut
1742 4852 1856 4890 ser-

282 4947 453 5009 pentes
481 4978 496 5003 ,
523 4946 568 4990 et
604 4935 861 5006 simplices
893 4935 1027 4989 sicut
1065 4931 1316 4987 columba:
1348 4929 1566 5002 (Matth.
1594 4927 1673 5000 ι).
1697 4926 1766 4981 Ει
1789 4926 1857 4981 de

285 5025 388 5085 Job
412 5027 636 5098 simplici
665 5028 806 5092 viro,
854 5026 1114 5080 Dominus
1141 5023 1209 5078 ad
1245 5022 1521 5077 diabolum
1544 5021 1620 5075 ait
1646 5038 1659 5074 :
1697 5017 1858 5072 Nun-

285 5121 412 5192 quid
461 5118 800 5176 considerasti
845 5131 1052 5171 servum
1093 5130 1264 5168 meum
1291 5111 1392 5166 Job
1422 5151 1436 5179 ,
1471 5111 1610 5183 quod
1657 5127 1760 5164 non
1791 5109 1859 5162 sit

287 5213 474 5267 similis
518 5211 564 5267 ei
589 5227 744 5282 super
791 5219 1004 5272 terram,
1037 5204 1256 5276 simplex
1284 5244 1299 5268 ,
1331 5213 1501 5256 rectus
1527 5241 1542 5266 ,
1576 5211 1623 5254 et
1672 5203 1858 5254 timens

288 5302 479 5368 Deum,
501 5312 547 5356 et
590 5301 829 5356 recedens
853 5318 885 5354 (ι
928 5297 1068 5352 male
1093 5295 1232 5369 (Job.
1264 5293 1340 5366 1)?
1373 5291 1675 5363 Diligamus
1707 5304 1856 5362 ergo,

291 5393 511 5459 fratres,
548 5393 688 5448 hanc
734 5405 987 5461 magnam
1031 5388 1308 5450 virtutem,
1339 5399 1460 5453 qua:
1500 5383 1565 5437 de
1595 5377 1860 5436 hltissimi

295 5488 549 5540 thesauro
584 5484 781 5553 prodit,
812 5495 932 5552 quae
955 5477 1204 5548 quamvis
1232 5475 1482 5531 omnibus
1508 5472 1855 5536 Christianis,

295 5579 530 5636 maxime
567 5584 746 5632 autem
790 5569 1095 5628 necessaria
1137 5575 1221 5624 est
1256 5565 1538 5621 monachis
1569 5602 1583 5629 ,
1608 5561 1700 5632 qui
1739 5561 1861 5616 vit-.c

296 5671 632 5743 propositum
707 5664 1070 5740 simplicitatis
1129 5674 1328 5720 ornare
1390 5658 1590 5716 debent
1660 5655 1858 5714 oﬂicio.

1941 3189 2015 3234 tes
2045 3180 2265 3234 invicem
2293 3181 2348 3234 in
2368 3181 2623 3236 eharitate
2645 3180 2782 3254 (Col.
2808 3199 2898 3250 ιιι;
2932 3183 3123 3255 Ephes.
3144 3185 3243 3254 tv).
3268 3185 3523 3242 Salomon

1942 3289 2158 3344 quoque
2189 3274 2266 3328 ait
2293 3291 2306 3328 :
2337 3273 2588 3328 Doctrina
2623 3275 2724 3329 viri
2747 3292 2842 3346 per
2860 3277 3167 3346 patientiam
3197 3278 3449 3347 noscitur,
3475 3288 3523 3333 et

1942 3364 2112 3436 gloria
2136 3365 2250 3435 ejus
2277 3374 2351 3419 est
2380 3365 2562 3436 iniqua
2608 3371 2945 3438 prcetergredt
2986 3365 3170 3439 (Prov.
3205 3367 3342 3440 xu).
3372 3366 3527 3424 Jacoc

1942 3455 2043 3512 bus
2063 3456 2350 3526 Aposwlus
2378 3458 2678 3526 praedicans
2703 3459 2779 3514 ait
2805 3477 2818 3514 :
2865 3455 3138 3514 Patientia
3180 3471 3356 3514 autem
3387 3476 3520 3530 opus

1944 3548 2230 3618 perfectum
2253 3547 2441 3602 habeat
2467 3589 2482 3614 ,
2508 3559 2564 3602 ut
2591 3549 2710 3603 sitis
2738 3549 2956 3619 perfecti
2981 3559 3030 3604 et
3063 3550 3273 3620 integri,
3299 3551 3355 3604 in
3382 3549 3528 3606 nullo

1945 3637 2242 3706 deﬁcientes
2295 3636 2436 3708 (Jac.
2469 3637 2532 3705 ι).
2572 3638 2640 3693 Et
2668 3638 2866 3695 Paulus
2906 3639 3105 3695 iterum
3147 3639 3320 3694 dicit:
3350 3637 3530 3694 Corri-

1945 3725 2050 3794 pile
2106 3725 2361 3796 inquietos
2392 3765 2408 3792 ,
2444 3725 2786 3782 consolamini
2833 3726 3219 3798 pusillanimes,
3280 3728 3530 3798 suscipite

1947 3815 2208 3884 inﬁrmos,
2237 3818 2491 3895 patientes
2513 3827 2674 3872 estote
2697 3817 2767 3871 ad
2803 3835 2980 3873 omnes
3002 3817 3055 3891 (1
3085 3819 3265 3874 Thess.
3289 3819 3367 3889 v).
3393 3819 3531 3875 Cura

1950 3920 2135 3959 ramus
2168 3921 2318 3977 ergo,
2348 3907 2688 3964 dilectissimi
2717 3908 2942 3975 fratres,
2965 3925 3063 3980 per
3085 3910 3229 3966 hanc
3251 3913 3529 3982 patientia:

1950 3995 2114 4061 viam,
2145 4003 2201 4049 et
2226 3997 2512 4066 diligamus
2537 4013 2679 4066 eam,
2719 3999 2847 4068 quia
2872 4015 2978 4054 non
3022 4000 3187 4054 habet
3228 4001 3530 4058 oll‘endicu-

1952 4081 2086 4148 lum,
2127 4084 2220 4139 sed
2246 4085 2462 4155 plenum
2494 4096 2548 4142 et
2590 4095 2854 4142 :eternum
2888 4104 2988 4158 per
3018 4103 3076 4143 se
3101 4090 3447 4146 currentibus
3476 4092 3532 4146 in

1953 4173 2134 4231 futuro
2173 4176 2433 4232 retribuet
2457 4178 2732 4249 gaudium.
2765 4178 2959 4250 Magna
2986 4188 3073 4236 est
3110 4182 3278 4244 enim,
3309 4177 3529 4246 fratres,

1955 4267 2128 4321 virtus
2172 4268 2465 4338 patientiae,
2513 4285 2634 4340 quae
2663 4268 2919 4324 lzedentes
2967 4285 3027 4325 se
3072 4285 3181 4324 non
3208 4270 3392 4335 laedit,
3438 4270 3533 4326 sed

1960 4356 2175 4427 diligit:
2210 4373 2330 4426 qua:
2363 4357 2644 4428 injurianti
2673 4373 2730 4414 se
2753 4356 2982 4427 injurias
3005 4361 3249 4426 remittit,
3275 4376 3383 4415 non
3410 4360 3533 4417 red-

1881 4441 1934 4504 Ι)
1965 4447 2047 4502 dit
2079 4465 2091 4502 :
2123 4447 2209 4502 cui
2232 4462 2429 4502 nocere
2453 4456 2630 4518 potest
2654 4463 2761 4504 non
2798 4456 2976 4515 nocet,
3005 4450 3100 4504 sed
3124 4450 3319 4520 parcit.
3353 4449 3529 4504 Radix

1955 4539 2099 4593 enim
2127 4540 2370 4594 omnium
2395 4548 2448 4596 ct
2471 4548 2654 4596 custos
2680 4541 2942 4596 virtutum
2961 4582 2975 4607 ,
3006 4542 3265 4612 patientia
3296 4553 3397 4598 cst.
3427 4542 3532 4598 Per

1956 4629 2277 4699 patientiam
2324 4646 2454 4687 vero
2496 4633 2821 4702 possidemus
2878 4636 3082 4689 animas
3134 4645 3341 4689 nostras
3372 4634 3530 4706 (Luc.

1957 4720 2095 4792 nt).
2135 4719 2426 4778 Custodem
2454 4723 2616 4793 igitur
2635 4724 2960 4780 conditionis
2984 4735 3182 4780 nostra:
3202 4726 3528 4796 patientiam

1960 4811 2222 4870 Dominus
2269 4828 2390 4870 esse
2420 4817 2937 4887 monstravitzquia
2991 4817 3044 4871 in
3096 4817 3210 4887 ipsa
3261 4816 3542 4886 possidere

1960 4906 2321 4976 nosmetipsos
2347 4907 2548 4962 docuit.
2597 4906 2802 4979 (Greg.,
2843 4916 2981 4978 past.
3014 4905 3168 4962 Cura:
3195 4926 3249 4979 p.
3280 4924 3362 4973 ιιι,
3385 4908 3536 4962 adm.

1960 4997 2060 5064 10;
2086 4998 2242 5069 Cypr.
2276 4999 2340 5053 de
2381 4999 2514 5054 bona
2555 4998 2703 5072 Pat.)
2750 4999 3014 5055 Patientia
3047 5008 3228 5055 autem
3261 5015 3388 5054 vera
3414 5039 3428 5063 ,
3454 5010 3541 5052 cst

1961 5089 2136 5145 aliena
2192 5091 2334 5144 mala
2368 5091 2746 5161 :rquanimiter
2773 5092 2978 5162 perpeti
3019 5109 3031 5145 :
3084 5099 3140 5146 et
3180 5101 3371 5147 contra
3406 5105 3530 5144 cum

1961 5181 2052 5249 qui
2073 5180 2209 5234 mala
2237 5181 2656 5251 irrogat,dolorc
2686 5183 2832 5238 nullo
2859 5182 3083 5236 moveri.
3102 5181 3385 5237 Patientim
3407 5196 3539 5250 ergo

1961 5273 2136 5328 virtus
2165 5283 2279 5338 est,
2314 5273 2532 5340 fratres,
2573 5290 2690 5343 qua:
2721 5290 2820 5328 nos
2850 5273 2962 5328 Deo
3007 5273 3380 5338 commendat,
3429 5281 3484 5324 ct
3506 5286 3538 5325 a

1968 5365 2125 5421 malis
2172 5367 2423 5420 omnilms
2451 5365 2722 5428 custodit,
2779 5373 2833 5419 et
2889 5372 3089 5420 servat.
3141 5364 3258 5435 Ipsa
3310 5371 3392 5417 est
3419 5373 3540 5431 quae

1969 5457 2104 5511 iram
2135 5465 2415 5526 temperat,
2439 5457 2672 5526 linguam
2710 5454 2966 5521 refrenat,
2997 5464 3052 5510 ct
3086 5463 3321 5510 mentem
3343 5463 3540 5522 gunera

1969 5558 2077 5606 nat.
2102 5550 2221 5622 Ipsa
2244 5557 2327 5604 est
2363 5564 2483 5620 qua:
2508 5563 2692 5620 pacem
2729 5547 3005 5612 custodit,
3038 5545 3377 5614 disciplinam
3411 5557 3535 5595 mos

1971 5653 2158 5708 derate
2183 5643 2410 5720 peragit,
2431 5640 2668 5700 libidinis
2692 5639 2952 5712 impetum
2979 5636 3201 5709 frangit,
3225 5632 3541 5691 violentiam
