3940 6424
451 269 554 325 607

1757 250 2111 322 smmum
2151 265 2440 322 seems

3629 265 3754 321 608

454 380 789 451 comprimit,
815 386 869 435 et
886 375 1188 432 incendium
1217 373 1507 430 simultatis
1532 375 1846 446 exstinguit.
1871 376 2034 431 Cocr—
2061 377 2109 438 Α
2138 385 2223 431 tus
2252 377 2443 431 Petrus
2468 378 2745 446 apostolus
2767 379 2874 434 ait:
2908 379 3047 445 Quia
3069 375 3213 435 Deus
3239 380 3480 450 superbis
3512 383 3754 445 resistit,

456 481 545 528 cet
570 470 866 541 potentiam
897 467 1124 522 divitum
1151 507 1166 531 ,
1196 465 1405 520 refovet
1444 466 1683 536 inepiam
1710 482 2031 537 pauperum,

457 563 591 617 facit
614 559 848 617 humiles
874 559 928 613 in
951 556 1249 627 prosperis,
1281 555 1449 612 fortes
1474 557 1529 610 in
1557 558 1819 625 adversis,
1844 566 2032 613 contra

457 650 686 719 injurias
732 658 790 705 et
833 646 1191 704 contumelias
1249 647 1427 701 mites.
1475 645 1822 703 Tentationcs
1866 662 2035 717 expu-

452 758 605 817 gnat,
627 746 1031 818 persecutiones
1056 743 1269 799 tolerat.
1294 742 1413 813 Ipsa
1446 751 1529 797 est
1550 757 1671 813 qua:
1691 742 1814 798 fidei
1835 751 2034 799 nostra:

451 832 801 893 fundamenta
844 835 1059 891 fortiter
1103 835 1298 899 munit,
1327 834 1657 889 incrementa
1687 830 1803 903 spei
1833 843 2033 889 nostra

451 930 763 986 sublimiter
805 928 1062 999 provehit
1086 968 1102 989 .
1133 935 1191 982 et
1238 935 1391 983 actus
1419 927 1542 981 vita:
1577 933 1776 981 nostrae
1823 925 2028 995 dirigit.

447 1024 568 1093 Ipsa
601 1038 701 1078 nos
736 1031 800 1077 ut
828 1029 1010 1077 tenere
1037 1021 1310 1090 possimus
1340 1019 1483 1073 viam
1504 1016 1730 1083 Christi,
1763 1018 2033 1087 patienter

448 1114 736 1184 gubernat,
765 1120 903 1167 etut
931 1111 1028 1165 filii
1052 1110 1148 1165 Dei
1198 1119 1635 1179 perseveremus,
1680 1107 2032 1162 immobiliter

446 1200 752 1257 confirmat.
794 1196 948 1256 lianc
966 1200 1111 1255 enim
1137 1199 1416 1262 virtutem,
1451 1198 1650 1253 fratres
1671 1196 2028 1263 dilectissimi,

446 1304 572 1350 cum
593 1293 790 1366 gaudio
815 1291 1062 1364 diligere,
1106 1298 1163 1347 et
1194 1291 1322 1346 totis
1350 1289 1560 1345 viribus
1588 1288 1840 1359 amplecti
1871 1289 2032 1343 debe-

450 1394 591 1440 mus.
624 1380 745 1440 Cito
798 1383 945 1437 euim
997 1382 1235 1437 fructum
1281 1381 1580 1452 patientiae,
1627 1379 1852 1449 ejusque
1893 1395 2032 1451 pra:-

446 1475 620 1530 mium
664 1473 1006 1544 recipiemus,
1038 1472 1085 1527 si
1117 1488 1240 1527 cum
1270 1470 1359 1527 illa
1380 1485 1552 1541 usque
1579 1470 1634 1525 in
1667 1470 1829 1525 linem
1848 1484 2031 1540 perse-

445 1580 717 1621 veremus.
761 1563 855 1621 Sic
888 1565 1033 1620 enim
1060 1574 1115 1618 et
1158 1562 1391 1620 Iacobus
1428 1563 1701 1634 apostolus
1743 1563 1859 1617 ait:
1892 1561 2029 1617 Ecce

441 1656 601 1720 iudex
614 1654 967 1725 antejanuam
983 1654 1203 1719 assistit,
1218 1665 1265 1708 et
1282 1654 1420 1709 vobis
1430 1653 1647 1725 praemia
1669 1654 1954 1723 patientite,
1978 1664 2027 1709 et

2132 467 2415 521 humilibus
2436 478 2609 522 autem
2635 470 2725 523 dat
2742 471 2968 541 gratiam
2996 470 3049 540 (I
3075 470 3221 525 Petr.
3245 473 3322 544 v).
3354 472 3567 527 Omnes
3586 473 3751 527 enim

2131 554 2281 621 dicit,
2311 558 2554 613 seniores
2580 559 2806 624 scilicet,
2837 567 2893 614 et
2929 560 3321 624 adolescentes,
3366 563 3577 632 quibus
3601 562 3753 619 invi-

2133 661 2250 703 cem
2289 649 2506 704 videtur
2544 650 2864 705 humilitatis
2905 651 3183 707 insinuare
3222 654 3522 709 virtutem:
3561 663 3623 710 et

2130 737 2382 792 videlicet
2430 741 2701 810 regendo,
2753 748 2810 795 et
2865 739 2970 795 illis
3018 742 3298 797 humiliter
3345 743 3741 814 obsequendo.

2131 827 2332 885 Omnes
2364 845 2492 902 ergo
2517 832 2880 888 humilitatem
2910 835 2963 888 In
2984 828 3310 890 alterutrum
3336 837 3423 892 vel
3451 839 3738 907 exemplo,

2130 921 2216 976 vel
2245 924 2410 978 etiam
2437 926 2602 980 verbo
2636 925 2793 979 docet
2817 926 3126 992 insinuare,
3163 927 3289 997 quia
3324 928 3587 983 nimirum
3611 942 3743 983 orn-

2131 1010 2291 1066 nibus
2315 1013 2577 1083 superbia:
2602 1016 2791 1070 vitium
2815 1016 2982 1085 (quod
3004 1016 3227 1087 angelos
3246 1018 3314 1071 de
3331 1016 3473 1073 coelo
3500 1017 3737 1088 deiecit)

2131 1111 2359 1159 noverat
2384 1118 2506 1159 esse
2533 1107 2849 1161 cavendum.
2882 1106 2950 1161 Et
2973 1121 3095 1178 qua:
3123 1108 3195 1162 sit
3221 1108 3417 1178 gratia,
3437 1123 3609 1177 quam
3627 1109 3739 1163 hu-

2131 1192 2349 1249 milibus
2380 1195 2649 1264 promittit
2675 1197 3014 1263 donandam,
3057 1206 3353 1267 sequenter
3384 1201 3619 1269 exponit
3645 1200 3735 1253 di-

2131 1298 2300 1339 cens:
2342 1284 2714 1342 Humiliamini
2755 1289 2919 1359 igitur
2957 1288 3052 1342 sub
3090 1290 3288 1360 potenti
3310 1305 3475 1345 manu
3508 1290 3629 1353 Dei,
3670 1302 3735 1345 ut

2130 1391 2219 1429 vos
2251 1376 2442 1431 exaltet
2480 1379 2535 1433 in
2572 1388 2801 1450 tempore
2840 1381 3158 1436 uisitationis
3199 1381 3253 1451 (1
3284 1381 3430 1436 Petr.
3460 1383 3536 1452 v).
3574 1383 3737 1439 Hanc

2129 1482 2261 1537 ergo
2290 1470 2518 1539 gratiam
2556 1472 2849 1529 humilibus
2870 1474 3081 1540 tribuit,
3120 1484 3181 1530 ut
3207 1491 3317 1546 quo
3340 1478 3516 1548 magis
3540 1478 3733 1532 humi-

2129 1556 2243 1612 Iiati
2273 1557 2473 1615 fuerint
2503 1569 2744 1631 tempore
2790 1565 3109 1621 certaminis
3145 1576 3372 1638 propter
3412 1570 3591 1639 ipsum
3612 1610 3628 1633 ,
3657 1586 3732 1627 eo

2130 1648 2418 1719 gloriosius
2456 1652 2763 1709 exaltentur
2799 1663 3044 1727 tempore
3069 1659 3447 1715 retributionis
3475 1661 3545 1716 ab
3581 1660 3727 1731 ipso.

439 1746 755 1800 adversariis
790 1746 970 1800 uestris
1009 1761 1212 1816 poenam
1262 1762 1422 1817 quam
1458 1755 1745 1811 merentur,
1778 1747 2014 1801 restituet
2049 1730 2097 1790 Β
2125 1740 2260 1795 llinc
2285 1741 2574 1801 Psalmista
2601 1745 2715 1799 ait:
2745 1746 2914 1801 Juxta
2939 1758 3015 1802 est
3042 1748 3303 1805 Dominus
3332 1752 3398 1805 iis
3427 1753 3519 1822 qui
3552 1730 3729 1805 tribu-

438 1837 652 1906 (Iacob.
686 1840 762 1908 v).
788 1836 928 1893 Ante
954 1837 1176 1906 januam
1208 1838 1359 1901 dicit,
1403 1837 1528 1909 quia
1566 1838 1846 1908 proximus
1866 1839 2024 1895 nobis

444 1937 548 1991 est,
570 1936 626 1983 et
645 1937 866 1999 paratus
887 1929 1149 1983 Dominus
1176 1927 1335 1984 Iesus
1363 1928 1633 1995 Christus,
1662 1938 1714 1985 et
1742 1930 1810 1984 ad
1834 1929 2021 1985 dimit-

442 2019 601 2073 tenda
626 2019 781 2074 nobis
819 2020 1137 2091 rogantibus
1183 2019 1398 2084 delicta,
1444 2028 1500 2075 et
1527 2020 1594 2074 ad
1622 2020 1894 2076 reddenda
1928 2037 2023 2092 pa-

436 2110 644 2165 tientiae
689 2110 931 2179 praemia.
976 2108 1241 2187 Dicebant
1282 2110 1350 2165 de
1393 2109 1586 2165 abbate
1631 2110 1837 2166 Isidoro
1869 2153 1884 2179 ,
1927 2112 2019 2183 qui

436 2211 557 2257 erat
605 2204 894 2274 presbyter
930 2202 984 2257 iu
1019 2201 1279 2275 Scythia:
1310 2202 1438 2273 quia
1488 2200 1535 2256 si
1582 2202 1704 2271 quis
1741 2201 2021 2260 habuisset

356 2320 365 2328 -
433 2294 964 2361 fratrem'iulirmum,
992 2304 1084 2350 aut
1110 2294 1526 2366 pusillanimem,
1554 2303 1646 2349 aut
1674 2293 2017 2363 iujuriosum,

431 2393 487 2443 et
515 2386 728 2442 volebat
769 2400 895 2441 eum
925 2387 1193 2458 expellere
1215 2385 1361 2441 foras
1384 2427 1400 2449 ,
1432 2385 1521 2441 ille
1551 2384 1769 2441 dicebat
1796 2405 1808 2440 :
1837 2386 2020 2441 Addu—

430 2479 537 2533 cite
565 2494 690 2533 eum
722 2479 789 2533 ad
819 2494 927 2533 me.
970 2479 1039 2533 Et
1082 2477 1492 2548 apprehendens
1519 2518 1535 2543 ,
1578 2492 1701 2533 cum
1749 2477 2017 2548 patientia

432 2584 533 2624 sua
549 2568 778 2623 curabat
799 2568 1039 2623 animum
1065 2565 1252 2623 fratris
1276 2567 1439 2623 illius.
1476 2567 1752 2623 Venerunt
1778 2570 2020 2639 aliquan-

435 2660 506 2714 do
531 2659 769 2715 latrones
791 2658 844 2712 iu
869 2655 1257 2715 monasterium
1288 2659 1566 2731 cujusdam
1594 2661 1758 2727 senis,
1782 2670 1839 2716 et
1866 2661 2017 2715 dixe-

437 2758 567 2804 runt
622 2749 688 2804 ad
737 2764 907 2804 eum:
949 2748 1141 2806 Omnia
1214 2766 1549 2822 quaecunque
1613 2751 1669 2806 in
1730 2751 1866 2807 cella
1923 2761 2015 2808 tua

430 2849 562 2898 sunt
587 2838 776 2897 tollere
805 2840 1088 2907 venimus;
1119 2849 1173 2897 et
1208 2841 1299 2897 ille
1326 2841 1464 2896 dixit
1491 2859 1504 2896 :
1539 2840 1814 2909 Quantum
1860 2843 2015 2900 vobis

432 2931 670 3000 videtur,
696 2932 812 2998 ﬁlii,
842 2933 1034 2988 tollite.
1060 2930 1324 2988 Tulerunt
1348 2947 1479 3005 ergo
1494 2948 1831 3004 quaecunque
1860 2934 2014 2989 inve-

429 3030 629 3079 nerunt
659 3023 711 3077 in
734 3022 869 3079 cella
901 3064 917 3088 ,
944 3030 999 3078 et
1024 3021 1292 3077 abierunt.
1329 3021 1517 3080 Obliti
1544 3032 1672 3079 sunt
1716 3031 1899 3079 autem
1934 3022 2008 3079 ibi

428 3115 718 3172 saccellum
751 3116 844 3187 qui
873 3126 992 3172 erat
1014 3116 1366 3173 absconditus
1396 3116 1449 3171 in
1477 3116 1633 3172 cella.
1672 3116 1849 3171 Senex
1879 3132 2009 3173 vero

426 3214 643 3261 secutus
663 3215 765 3267 est,
782 3214 904 3276 post
923 3222 1017 3262 eos
1043 3207 1284 3261 clamans
1315 3215 1371 3262 et
1398 3205 1623 3261 dicens:
1656 3205 1801 3273 Filii,
1835 3207 2010 3264 tollite

426 3296 571 3369 quod
593 3298 747 3353 obliti
769 3298 904 3353 estis
925 3299 980 3353 in
1003 3298 1159 3353 cella.
1189 3297 1273 3353 Illi
1302 3312 1432 3351 vero
1454 3297 1784 3352 admirantes
1802 3298 2011 3368 patien-

426 3388 559 3443 tiam
591 3388 745 3457 ejus,
789 3395 1187 3444 revocaverunt
1238 3396 1294 3444 et
1326 3388 1687 3442 restituerunt
1729 3387 1912 3443 omnia
1957 3390 2011 3445 in

426 3479 563 3535 cella
600 3480 737 3550 ejus.
778 3480 847 3534 Et
871 3480 1249 3549 paenitentiam
1279 3487 1507 3550 egerunt
1546 3494 1736 3536 omnes
1763 3481 1831 3536 ad
1872 3481 2011 3537 iuvi-

424 3588 544 3628 cem
574 3572 818 3629 dicentes
844 3589 858 3626 :
892 3570 992 3627 llic
1012 3586 1142 3627 vere
1171 3572 1336 3626 homo
1358 3571 1455 3626 Dei
1475 3577 1579 3627 est.

1044 3662 1270 3718 CAPUT
1306 3661 1396 3716 Xl.

1000 3753 1080 3809 De
1127 3754 1441 3810 humilitate.

496 3846 622 3902 llaec
656 3846 829 3903 virtus
863 3846 1204 3914 humilitatis,
1227 3848 1476 3919 quamvis
1500 3848 1740 3904 omnium
1768 3865 1887 3905 esse
1915 3849 2002 3906 de-

424 3939 552 3995 beat
575 3938 1002 3995 Christianorum
1022 3982 1037 4006 ,
1077 3942 1312 3997 maxime
1346 3950 1525 3997 autem
1556 3941 1611 3996 in
1634 3942 1887 3998 cordibus
1912 3943 2007 3998 ha-

424 4028 622 4096 bitare,
647 4038 704 4085 et
729 4030 1069 4101 requiescere
1096 4030 1257 4088 debet
1284 4033 1694 4088 monachorum.
1733 4031 1886 4089 Unde
1912 4032 2006 4089 lsi-

426 4117 593 4175 dorus
620 4119 697 4175 ait
716 4119 888 4191 (Sent.
906 4119 944 4175 l.
961 4137 1045 4187 ιιι,
1069 4138 1115 4177 c.
1142 4122 1231 4196 l9)
1250 4143 1263 4176 :
1283 4121 1509 4179 Summa
1531 4123 1784 4179 monachi
1811 4124 2004 4191 virtus,

423 4212 734 4279 humilitas;
762 4228 1031 4268 summum
1060 4213 1248 4270 vitium
1278 4213 1417 4283 ejus,
1442 4216 1694 4287 superbia
1721 4224 1823 4270 est.
1855 4210 2006 4271 Tunc

421 4306 602 4356 autem
625 4317 683 4357 se
704 4303 933 4374 quisque
962 4306 1285 4360 monachum
1307 4304 1538 4375 judicet,
1572 4307 1787 4376 quando
1815 4324 1874 4363 se
1902 4308 2005 4363 mi-

2123 1826 2232 1882 lato
2246 1838 2366 1883 sunt
2382 1832 2556 1898 corde,
2572 1843 2620 1886 et
2634 1834 2855 1889 humiles
2869 1836 3054 1907 spiritu
3071 1838 3289 1892 salvabit
3305 1838 3478 1911 (Psal.
3500 1844 3725 1907 xxxtu).

2122 1920 2310 1977 Omnis
2350 1934 2529 1979 autem
2560 1925 2839 1983 humilitas
2887 1945 2997 1985 non
3040 1939 3152 1986 tam
3184 1932 3238 1987 in
3270 1944 3526 1989 sermone
3553 1948 3726 2005 quam

2124 2013 2175 2067 iu
2210 2020 2391 2069 mente
2420 2024 2521 2078 est,
2556 2026 2615 2070 ut
2643 2017 2876 2074 humiles
2913 2036 3012 2076 nos
3039 2022 3374 2078 conscientia
3404 2026 3639 2089 noverit,
3670 2035 3729 2081 et

2120 2114 2395 2172 nunquam
2439 2119 2541 2161 nos
2578 2106 2663 2162 vel
2693 2109 2835 2164 scire
2856 2110 2941 2166 vel
2977 2111 3277 2183 intelligere
3297 2156 3312 2181 ,
3341 2115 3425 2169 vel
3466 2132 3589 2171 esse
3618 2116 3723 2172 ali-

2120 2194 2248 2263 quid
2278 2195 2673 2254 exlstimemus.
2708 2198 3025 2257 Mirabiliter
3065 2204 3211 2258 enim
3240 2204 3454 2260 culmen
3500 2205 3724 2261 humili-

2120 2284 2248 2339 tatis
2278 2301 2372 2341 rex
2397 2294 2450 2341 et
2472 2289 2736 2358 propheta
2773 2274 2944 2345 David
2972 2291 3271 2360 retinebat,
3298 2309 3422 2349 cum
3458 2294 3669 2350 diceret
3697 2312 3712 2350 :

2118 2373 2356 2439 Domine,
2407 2394 2509 2433 non
2550 2389 2625 2433 est
2659 2381 2951 2436 exaltatum
2997 2400 3089 2437 cor
3131 2400 3332 2451 meum,
3376 2403 3539 2457 neque
3583 2386 3718 2441 elati

2116 2476 2236 2521 sunt
2279 2469 2419 2523 oculi
2452 2472 2556 2525 mei
2596 2468 2770 2542 (Psal.
2812 2472 3011 2545 cxxx),
3045 2482 3152 2531 etc.
3199 2474 3319 2546 Ipse
3364 2476 3563 2531 iterum
3594 2477 3713 2532 ait:

2118 2557 2451 2630 Sacriﬁcium
2495 2560 2603 2618 Deo
2644 2565 2859 2635 spiritus
2902 2565 3284 2621 contribulatus
3328 2564 3501 2638 (Psal.
3540 2567 3614 2639 1.).
3649 2568 3716 2623 Et

2116 2649 2348 2709 lterum:
2397 2653 2527 2710 Vide
2556 2655 2901 2711 humilitatem
2933 2673 3102 2713 meam
3140 2668 3188 2713 et
3236 2659 3467 2714 laborem
3512 2678 3711 2726 meum,

2114 2749 2164 2798 et
2205 2742 2409 2799 dimitte
2448 2748 2624 2800 omnia
2654 2745 2843 2801 delicta
2874 2762 2987 2801 mea
3027 2747 3211 2821 (Psal.
3241 2750 3427 2821 xxiv).
3482 2749 3539 2805 Si
3578 2765 3715 2821 ergo

2114 2834 2456 2891 humiliatum
2508 2851 2605 2892 cor
2634 2836 2960 2892 sacrificium
2982 2838 3096 2893 Deo
3122 2847 3229 2906 est,
3257 2839 3582 2895 sacrificium
3614 2842 3713 2895 ob-

2116 2930 2239 2986 tulit
2266 2931 2482 3013 quando
2512 2931 2686 2986 dixit:
2731 2930 2986 2998 Domine,
3036 2948 3138 2986 non
3173 2941 3248 2987 est
3287 2932 3577 2986 exaltatum
3618 2949 3714 2987 cor

2117 3040 2310 3089 meum,
2340 3035 2447 3080 etc.
2480 3023 2632 3092 Quod
2674 3025 2720 3081 si
2751 3024 2947 3095 aliquis
2990 3026 3215 3081 eremita
3244 3026 3452 3082 cellula:
3477 3042 3589 3083 sua:
3614 3042 3712 3082 va-

2115 3128 2268 3180 cans,
2304 3114 2429 3169 talia
2458 3115 2685 3183 diceret,
2717 3129 2913 3185 magna
2939 3115 3215 3186 patientia:
3254 3116 3413 3173 laude
3454 3116 3708 3189 fulgeret,

2108 3211 2209 3268 sed
2228 3213 2354 3283 quia
2382 3213 2485 3271 hoc
2513 3225 2839 3286 purpuratus
2862 3232 2956 3271 rex
2978 3224 3033 3272 et
3056 3217 3288 3273 eximius
3312 3220 3708 3290 prophetarum

2113 3311 2349 3379 dicebat,
2382 3312 2701 3370 humilitatis
2728 3313 2846 3384 ejus
2888 3316 3195 3386 exemplum
3233 3332 3331 3388 per
3383 3316 3707 3374 universum

2112 3402 2371 3455 mundum
2399 3402 2593 3465 dillfusa
2625 3404 2805 3460 laudet
2843 3406 3103 3462 Ecclesia.
3133 3406 3262 3474 Quae
3308 3409 3429 3464 ideo
3470 3410 3708 3465 maxime

2113 3488 2256 3544 inter
2276 3492 2507 3547 virtutes
2536 3494 2765 3551 eximias
2797 3495 3076 3554 humilitas
3112 3496 3375 3554 honorata
3401 3502 3704 3571 consurgit,

2111 3582 2364 3651 quoniam
2410 3598 2531 3639 eam
2561 3586 2806 3656 dignatio
2854 3587 3155 3657 majestatis
3199 3589 3512 3662 assumpsit.
3558 3592 3708 3648 Dixit

2112 3672 2278 3727 abbas
2304 3673 2570 3732 Antonius
2601 3676 2815 3749 (Athan.
2848 3680 2903 3734 in
2942 3679 3046 3734 Vit.
3077 3680 3333 3754 Antam):
3363 3682 3483 3738 Vidi
3505 3697 3705 3741 omnes

2110 3760 2332 3831 laqueos
2362 3764 2568 3821 inimici
2595 3776 2774 3824 tensos
2803 3770 2855 3825 iu
2878 3779 3045 3837 terra,
3075 3781 3130 3827 et
3160 3772 3524 3844 ingemiscens
3551 3775 3701 3830 dixi:

2110 3852 2242 3918 Quis
2262 3863 2419 3923 putas
2441 3859 2667 3914 transiet
2695 3859 2861 3915 istos?
2882 3860 2950 3915 Et
2979 3862 3156 3917 audivi
3179 3879 3368 3920 vocem
3397 3865 3702 3922 dicentem:

2109 3942 2419 4002 llumilitas.
2468 3948 2694 4004 Dicebat
2737 3952 2908 4007 abbas
2957 3952 3257 4025 Serapion:
3315 3955 3453 4022 Quia
3501 3958 3703 4014 multos

2107 4032 2321 4092 labores
2366 4040 2673 4108 corporales
2700 4041 2986 4112 plusquam
3024 4044 3167 4100 filius
3210 4062 3364 4102 meus
3403 4047 3701 4106 Zacharias

2106 4124 2231 4189 feci,
2264 4137 2320 4184 et
2347 4145 2456 4185 non
2482 4134 2704 4203 perveni
2731 4134 2798 4190 ad
2835 4152 3119 4193 mensuras
3143 4138 3463 4195 humilitatis
3486 4151 3539 4197 et
3565 4145 3700 4199 taci-

2110 4220 2383 4276 turnitatis
2402 4220 2538 4292 ejus.
2573 4223 2757 4281 Abbas
2784 4224 2994 4297 Moyses
3027 4228 3163 4284 dixit
3187 4229 3342 4286 fratri
3374 4232 3654 4290 Zachariae
3680 4255 3692 4288 :

2107 4306 2203 4363 Dic
2228 4310 2383 4377 mihi,
2412 4313 2542 4382 quid
2581 4312 2818 4370 faciam?
2859 4316 2929 4371 At
2965 4318 3057 4373 ille
3101 4319 3294 4377 tollens
3316 4322 3579 4378 cucullum
3628 4326 3696 4380 de

420 4390 627 4451 nimum
672 4394 1098 4461 existimaverit,
1135 4397 1302 4451 etiam
1342 4412 1465 4452 cum
1509 4398 1711 4468 majora
1741 4398 2001 4453 virtutum
2027 4425 2081 4486 Β
2106 4401 2280 4470 capite
2308 4417 2428 4468 suo,
2459 4404 2607 4459 misit
2634 4405 2778 4461 illam
2803 4410 2904 4463 sub
2942 4410 3169 4479 pedibus
3199 4415 3332 4478 suis,
3374 4422 3429 4469 et
3472 4415 3695 4471 concul-

420 4494 586 4554 opera
614 4488 863 4555 gesserit.
889 4483 993 4553 Qui
1020 4487 1279 4542 mundum
1307 4487 1579 4550 deserunt,
1610 4496 1665 4543 et
1687 4497 1864 4544 tamen
1891 4489 2002 4544 vir-

421 4582 561 4629 tutes
590 4584 979 4643 praeceptorum
1008 4573 1125 4629 sine
1146 4575 1325 4629 cordis
1350 4575 1653 4632 humilitate
1678 4588 1997 4648 sequuntur,

419 4666 506 4721 isti
538 4665 690 4736 quasi
716 4666 784 4720 de
808 4665 1025 4722 excelso
1052 4666 1272 4735 gravius
1300 4675 1580 4733 corruunt,
1606 4668 1734 4739 quia
1761 4670 1998 4729 deterius

416 4771 514 4827 per
540 4755 796 4809 virtutum
822 4754 1113 4810 elationem
1142 4754 1500 4823 dejiciuntur,
1534 4773 1698 4828 quam
1727 4775 1826 4831 per
1864 4764 1996 4820 vitia

418 4843 626 4914 prolabi
652 4851 960 4914 potuerunt.
993 4842 1220 4913 Semper
1247 4845 1575 4902 conscientia
1604 4849 1747 4905 servi
1772 4850 1866 4906 Dei
1892 4853 1989 4909 hu-

419 4935 567 4991 milis
594 4949 716 4989 esse
740 4934 901 4989 debet
927 4942 983 4989 et
1004 4934 1199 5001 tristis,
1220 4935 1425 4992 scilicet
1442 4947 1501 4993 ut
1518 4955 1615 5010 per
1635 4941 1994 4999 humilitatem

420 5046 527 5085 non
556 5028 854 5099 superbiat,
884 5036 939 5084 et
966 5045 1066 5099 per
1089 5029 1273 5086 utilem
1299 5047 1589 5091 maerorem
1625 5053 1720 5093 cor
1746 5039 1815 5093 ad
1838 5038 1996 5094 lasci-

418 5121 561 5175 viam
591 5135 699 5174 non
727 5119 1003 5176 dissolvat.
1028 5117 1173 5193 (Huc
1193 5140 1352 5196 usque
1371 5124 1530 5200 Isid.)
1556 5128 1631 5183 De
1663 5129 1767 5184 hac
1786 5146 1996 5185 summa

418 5209 619 5267 virtute
645 5209 903 5265 Dominus
925 5211 1030 5266 ait:
1066 5210 1247 5269 Omnis
1273 5217 1364 5288 qui
1391 5234 1446 5272 se
1472 5216 1668 5273 exultat
1696 5218 1998 5274 humiliabi-

420 5312 537 5371 tur,
566 5312 616 5358 et
652 5304 740 5374 qui
779 5320 834 5358 se
870 5304 1111 5360 humiliat
1131 5308 1450 5364 exaltabitur
1471 5310 1623 5383 (Luc.
1652 5310 1826 5381 xvm).
1858 5309 1994 5367 llinc

422 5405 478 5449 et
500 5391 731 5451 Iacobus
762 5395 1035 5463 apostolus
1064 5398 1176 5452 ait:
1219 5397 1485 5454 Clorietur
1507 5409 1680 5453 autent
1707 5399 1871 5469 frater
1890 5401 1992 5454 Im-

416 5484 556 5541 milis
603 5485 657 5539 in
700 5485 1015 5541 exultatione
1051 5505 1147 5542 sua
1178 5488 1385 5561 (Jacob.
1418 5488 1481 5559 ι).
1513 5490 1650 5555 Quia
1687 5491 1863 5546 omnis
1890 5490 1996 5546 fra-

423 5593 504 5633 ter
547 5580 637 5649 qui
667 5580 888 5634 adversa
931 5581 1205 5637 humiliter
1243 5596 1343 5650 pro
1382 5579 1611 5635 Domino
1644 5580 1861 5648 suffert,
1905 5599 1997 5639 su-

423 5666 655 5725 l-limitcr
683 5671 748 5727 ab
779 5670 866 5728 illo
895 5673 1041 5743 ιςεηὶ
1071 5670 1289 5743 prxmia
1319 5669 1596 5742 percipiet.
1630 5669 1766 5730 llinc
1795 5680 1846 5729 ct
1869 5674 1994 5731 bea—

2108 4504 2239 4545 caus
2258 4506 2378 4546 eam
2398 4492 2551 4548 dixit.
2580 4494 2693 4551 Nisi
2720 4497 2793 4551 ita
2818 4500 3164 4557 conculcatus
3187 4501 3348 4559 fuerit
3376 4506 3557 4571 homo,
3581 4524 3692 4562 non

2108 4589 2290 4651 ροιοεῐ
2336 4585 2635 4641 monachus
2683 4602 2824 4643 esse.
2875 4590 3244 4665 Interrogatus
3286 4611 3471 4663 SCIICX,
3518 4615 3691 4669 quare

2108 4670 2500 4741 inquietaretur
2535 4690 2567 4730 a
2596 4678 2961 4748 daemonibus,
3004 4686 3318 4754 respondit:
3361 4687 3495 4754 Quia
3532 4705 3686 4745 arma

2108 4774 2291 4819 nostra
2324 4765 2640 4837 abjecimus,
2668 4786 2788 4840 quae
2822 4783 2949 4828 sunt
2984 4779 3341 4846 contumeliae,
3388 4779 3680 4844 humilitas,

2106 4868 2398 4928 paupertas
2424 4868 2479 4915 et
2501 4863 2783 4932 patientia.
2834 4865 3200 4939 Interrogatus
3230 4886 3417 4936 senex,
3444 4872 3574 4941 quid
3598 4888 3683 4928 es-

2095 4956 2178 5003 set
2207 4949 2487 5019 perfectio,
2518 4956 2831 5023 respondit:
2860 4958 3119 5028 perfectio
3145 4962 3381 5019 hominis
3401 4973 3483 5019 est
3506 4964 3681 5022 humi-

2094 5036 2237 5092 Iitas.
2270 5038 2542 5105 Quantum
2577 5043 2722 5099 enim
2751 5046 2873 5115 quis
2894 5046 2960 5101 ad
2986 5047 3344 5105 humilitatem
3369 5052 3673 5123 profecerit,

2095 5137 2151 5183 et
2179 5128 2466 5187 inclinatus
2494 5131 2677 5200 fuerit,
2712 5143 2920 5191 tantum
2945 5137 3246 5195 clevabitur
3269 5143 3335 5198 ad
3354 5144 3675 5213 profectum,

2098 5219 2225 5288 quia
2250 5221 2526 5280 humilitas
2550 5239 2802 5297 magnum
2822 5242 2958 5299 opus
2989 5238 3073 5284 est
3092 5240 3147 5287 et
3171 5233 3431 5291 divinum.
3459 5238 3555 5293 Via
3582 5255 3676 5294 au-

2104 5316 2210 5363 tem
2234 5310 2553 5401 humilitatis
2576 5314 2690 5373 haec
2722 5326 2828 5385 est,
2854 5328 2915 5374 ut
2941 5319 3155 5378 labores
3180 5326 3488 5396 corporales
3524 5345 3674 5385 assu-

2102 5413 2251 5455 mere
2279 5401 2471 5457 debeat
2496 5403 2680 5470 homo,
2698 5415 2754 5461 et
2775 5406 2973 5462 habeat
2996 5410 3234 5479 seipsum
3259 5425 3601 5484 peccatorem
3623 5430 3676 5477 et

2101 5499 2267 5557 ponat
2315 5506 2373 5546 se
2419 5492 2719 5562 subjectum
2765 5496 2819 5551 iu
2862 5499 3151 5566 omnibus,
3198 5510 3253 5557 et
3282 5519 3387 5559 non
3436 5509 3676 5565 attendat

2100 5580 2273 5635 aliena
2298 5591 2538 5651 peccata,
2572 5584 2665 5639 sed
2694 5601 2790 5641 sua
2819 5602 3032 5658 semper
3059 5592 3309 5663 aspiciat,
3335 5604 3389 5652 et
3417 5597 3672 5670 deprece-

2100 5684 2189 5730 tur
2218 5688 2316 5746 pro
2343 5676 2447 5733 illis
2475 5678 2589 5734 sine
2611 5678 3010 5738 intermissione
3040 5680 3231 5740 Deum.
