3940 6480
277 333 396 389 (illi)

900 446 1128 503 CAPUT
1166 447 1276 503 XII.

958 519 1036 571 De
1068 534 1215 588 pace.

364 586 532 641 Nemo
576 602 635 644 se
678 589 819 657 apud
850 587 1018 642 Deum
1054 586 1226 658 [uagis
1250 588 1475 653 exultat,
1503 604 1665 659 quam
1692 590 1783 659 qui
1812 603 1870 644 se

281 679 433 747 apud
464 679 813 747 semetipsum
860 687 1084 748 propter
1111 680 1279 733 Deum
1323 680 1589 734 humiliat.
1635 679 1717 734 Ad
1767 680 1871 734 hoc

278 769 435 822 enim
465 783 497 822 a
522 769 634 824 Deo
659 769 880 823 humilis
908 769 1199 833 exaltatur,
1239 777 1301 823 ut
1327 768 1470 824 ﬁlius
1494 769 1589 824 Dei
1611 778 1667 823 et
1695 770 1871 824 haeres

279 860 492 915 Christi
541 868 783 915 vocetur.
831 860 1066 915 Tantum
1110 868 1195 915 est
1239 868 1301 914 ut
1348 876 1538 931 pacem
1591 867 1868 929 sequatur,

278 952 414 1020 quia
468 948 658 1022 pacem
695 965 940 1021 qumrere
983 951 1143 1005 debet
1184 959 1242 1006 et
1279 951 1456 1021 sequi,
1511 951 1654 1006 ﬁlius
1697 950 1865 1021 pacis.

281 1043 497 1098 Taliter
527 1043 672 1101 enim
707 1046 807 1098 nos
829 1042 1127 1098 admonens
1152 1042 1439 1113 Apostolus
1459 1042 1629 1096 dicit:
1676 1040 1868 1094 Pacem

278 1133 564 1203 sequimini
610 1149 727 1186 cum
780 1132 1041 1197 omnibus,
1069 1139 1119 1185 et
1163 1131 1585 1195 sanctimoniam,
1625 1131 1739 1183 sine
1765 1145 1868 1200 qua

280 1237 438 1274 nemo
466 1221 659 1276 videbit
687 1221 853 1276 Deum
885 1219 1045 1294 (Heb.
1069 1219 1194 1293 xu).
1230 1219 1350 1291 Ipse
1371 1234 1585 1290 quoque
1608 1220 1869 1274 Dominus

282 1309 343 1361 in
393 1309 684 1379 Evangelia
714 1310 790 1363 ait
842 1328 856 1363 :
906 1309 1058 1364 Beati
1095 1310 1326 1380 paciﬁci,
1357 1309 1604 1380 quoniam
1636 1308 1734 1376 lilii
1768 1307 1868 1361 Dei

277 1398 615 1451 vocabuntur
641 1397 859 1470 (Matth.
887 1398 964 1471 v).
1014 1398 1151 1453 Nam
1180 1400 1323 1453 inter
1364 1414 1461 1454 sua
1507 1399 1688 1453 divina
1716 1414 1869 1453 man-

280 1486 415 1539 data
445 1495 502 1540 et
525 1487 836 1557 magisteria
878 1487 1155 1551 salutaria,
1175 1489 1414 1558 passioni
1431 1487 1545 1556 jam
1566 1488 1864 1558 proximus,

282 1574 393 1627 hoc
415 1574 571 1629 nobis
586 1585 915 1644 praeceptum
934 1584 1098 1646 atque
1131 1577 1444 1631 mandatum
1469 1576 1869 1633 commendavit

282 1662 541 1717 Salvator
580 1663 1008 1718 custodiendum.
1055 1665 1146 1719 Ait
1168 1666 1312 1720 enim
1342 1682 1355 1718 :
1386 1664 1580 1720 Pacem
1604 1683 1772 1721 meam
1797 1667 1866 1721 do

280 1751 451 1817 vobis,
501 1769 681 1822 pacem
726 1769 894 1807 meam
944 1754 1248 1809 commendo
1303 1754 1445 1809 vobis
1491 1753 1673 1826 (Joan.
1725 1754 1861 1825 xw).

280 1841 441 1896 lianc
470 1841 626 1896 nobis
661 1842 1031 1897 luereditatem
1056 1843 1356 1898 ascendens
1381 1844 1640 1898 Dominus
1665 1844 1719 1897 in
1756 1859 1866 1898 οω-

281 1934 398 1988 lum
431 1935 667 2004 reliquit,
718 1944 773 1989 et
802 1934 953 2004 sequi
993 1950 1116 1990 eam
1158 1950 1255 2004 per
1297 1950 1453 1990 suum
1491 1934 1864 1991 ﬁdelissimum

280 2037 467 2092 regem
494 2023 658 2077 David
683 2033 845 2094 atque
886 2022 1210 2093 Prophetam
1241 2024 1530 2079 mandavit.
1557 2022 1648 2079 Ait
1668 2024 1812 2078 enim
1845 2041 1860 2076 :

278 2110 503 2165 Declina
518 2127 549 2165 α
567 2111 729 2175 mulo,
743 2121 792 2164 et
815 2112 902 2178 [ac
921 2114 1113 2169 bonum
1128 2129 1147 2168 :
1165 2114 1372 2186 inquire
1385 2130 1591 2185 pacem,
1608 2124 1657 2170 et
1680 2130 1861 2186 perse-

273 2203 753 2272 querceamtpsal.
774 2206 964 2269 sunt)
1023 2206 1078 2262 Si
1102 2207 1244 2282 hanc
1271 2209 1416 2264 enim
1439 2209 1659 2264 sincero
1695 2207 1864 2264 corde

281 2293 437 2363 sequi
466 2294 815 2361 voluerimus,
839 2294 1041 2351 Christi
1068 2297 1314 2352 haeredes
1334 2298 1560 2353 erimus.
1595 2297 1653 2354 Si
1683 2309 1863 2355 autem

279 2382 488 2439 Christi
512 2385 753 2440 lueredes
791 2386 1038 2454 cupimus
1064 2401 1206 2451 esse,
1239 2387 1292 2441 in
1318 2384 1517 2443 Christi
1545 2402 1679 2458 pace
1705 2389 1867 2445 debe-

282 2488 410 2527 mus
442 2474 668 2527 versari.
715 2473 773 2528 Si
800 2474 893 2528 ﬁlii
944 2476 1039 2531 Dei
1083 2491 1288 2541 sumus,
1314 2477 1526 2546 paciﬁci
1560 2490 1680 2532 esse
1705 2478 1868 2533 debe-

281 2582 426 2620 mus.
479 2565 739 2621 Paciﬁcos
784 2567 927 2621 enim
962 2583 1085 2623 esse
1120 2577 1335 2637 oportet
1387 2569 1483 2625 Dei
1518 2569 1657 2625 ﬁlios
1685 2579 1739 2624 et
1766 2572 1866 2626 bu-

280 2655 467 2723 miles,
494 2663 677 2710 mente
691 2656 872 2722 mites,
902 2659 1065 2713 corde
1076 2658 1373 2728 simplices,
1396 2674 1651 2719 sermone
1677 2676 1860 2731 puros,

281 2747 464 2801 animo
491 2747 828 2813 innocentes,
874 2748 1071 2803 affectu
1119 2751 1439 2817 concordes,
1479 2750 1708 2806 ﬁdeliter
1727 2753 1861 2808 sibi-

280 2844 394 2892 met
418 2852 485 2893 ac
510 2838 840 2894 unanimiter
863 2839 1221 2896 cohaerentes.

813 2926 1093 2984 CAPUT
1157 2928 1327 2986 XIII.

843 2998 923 3053 De
971 2998 1285 3054 abedientia.

352 3060 427 3121 De
460 3066 765 3122 Obedientia
804 3069 885 3124 sic
912 3070 1103 3143 beatus
1146 3069 1339 3124 Petrus
1365 3070 1637 3144 apostolus
1678 3070 1809 3128 dicit
1840 3092 1854 3127 :

1502 339 1802 399 DIADEMA
1842 338 2346 400 MONACHORUM.

1898 457 1942 515 Α
1971 462 2261 518 cresceret,
2292 453 2510 524 dignum
2539 454 2716 512 fuerat
2762 465 2822 512 ut
2847 457 2992 515 hunc
3017 459 3180 515 etiam
3210 474 3240 514 a
3262 459 3403 515 bono
3424 478 3562 533 pro—

3414 318 3550 408 sio

1973 543 2203 609 hil:eret,
2234 553 2503 614 quatenus
2542 552 2690 600 tanto
2712 549 2891 621 verius
2912 550 3016 604 hoc
3043 550 3187 619 quod
3214 559 3398 621 ageret
3430 553 3547 608 vir-

1972 639 2058 687 tus
2086 642 2247 698 esset,
2276 642 2479 703 quanto
2504 644 2560 689 et
2586 651 2616 690 a
2644 637 2784 692 bono
2819 652 3060 702 cessans,
3114 642 3325 695 auctori
3353 657 3451 699 suo
3487 657 3551 701 se

1969 723 2243 779 subditum
2295 726 2549 783 humilius
2585 730 2887 786 exhiberet.
2940 731 3211 803 Scriptum
3256 743 3342 790 est
3378 736 3548 805 enim,

1970 811 2162 867 Melior
2193 824 2266 868 est
2297 814 2588 871 Obedientia
2623 835 2779 889 quam
2805 821 3027 876 victima:
3056 822 3251 894 (Eccle.
3282 824 3377 898 tv).
3407 825 3550 884 Obe-

1969 902 2167 957 dientia
2211 905 2407 974 quippe
2443 906 2681 968 victimis
2708 906 2833 977 jure
2886 911 3235 980 praeponitur,
3288 915 3413 983 quia
3449 929 3552 986 per

1967 990 2219 1047 victimas
2246 993 2419 1049 aliena
2459 1010 2610 1061 caro,
2635 1010 2735 1065 per
2762 998 3124 1053 obedientiam
3147 1014 3277 1055 vero
3297 1001 3548 1063 voluntas

1966 1081 2185 1154 propria
2212 1091 2503 1137 mactatur.
2533 1083 2703 1144 Tanto
2734 1085 2897 1157 igitur
2932 1087 3161 1156 quisque
3187 1089 3357 1143 Deum
3385 1091 3548 1146 citius

1966 1169 2166 1238 placat,
2196 1181 2399 1246 quanto
2429 1182 2555 1227 ante
2577 1175 2695 1245 ejus
2719 1176 2905 1231 oculos
2933 1191 3179 1247 repressa
3225 1179 3437 1235 arbitrii
3462 1181 3547 1242 sui

1965 1260 2238 1329 superbia,
2294 1262 2472 1332 gladio
2525 1265 2779 1335 prtecepti
2829 1282 2887 1321 se
2912 1266 3176 1323 immolat.
3210 1268 3348 1326 Hinc
3378 1273 3548 1329 abbas

1964 1351 2194 1433 Basilius
2223 1353 2374 1425 (Reg.
2402 1354 2540 1410 brev.
2572 1355 2729 1430 disp.,
2760 1359 2946 1412 interr.
2984 1358 3106 1431 115)
3156 1360 3545 1433 interrogatus,

1966 1445 2234 1514 quomodo
2270 1447 2368 1500 sibi
2404 1447 2635 1501 invicem
2666 1447 2863 1504 fratres
2885 1450 3106 1507 obedire
3150 1451 3429 1521 deberent,
3460 1470 3548 1511 re-

1964 1535 2210 1604 spondit:
2230 1533 2384 1590 Sieut
2405 1538 2546 1593 servi
2568 1539 2801 1606 Domini,
2818 1541 3109 1597 secundum
3132 1543 3275 1611 quod
3290 1546 3549 1616 praecepit

1963 1624 2222 1683 Dominus
2248 1643 2262 1680 ;
2295 1625 2431 1698 Quia
2460 1628 2551 1697 qui
2583 1629 2698 1684 vult
2742 1630 2797 1684 in
2842 1631 2996 1687 vobis
3020 1647 3139 1688 esse
3167 1649 3414 1705 magnus,
3452 1636 3549 1692 ﬁat

1963 1717 2204 1770 omnium
2248 1717 2575 1776 novissimus
2606 1726 2661 1774 et
2701 1735 2894 1779 servus
2925 1740 2939 1776 :
2968 1723 3111 1778 sicut
3135 1724 3277 1781 ﬁlius
3310 1727 3547 1784 hominis

1891 1803 1939 1862 B
1968 1819 2074 1864 non
2098 1806 2244 1860 venit
2264 1807 2580 1874 ministrari,
2599 1810 2694 1869 sed
2717 1812 3052 1871 ministrare.
3080 1813 3250 1886 (Cass.
3275 1815 3340 1870 de
3358 1815 3540 1872 Instit.

1968 1892 2006 1945 Ι.
2038 1908 2110 1960 ιγ,
2142 1911 2189 1947 c.
2215 1894 2307 1961 23,
2335 1896 2448 1968 27.)
2476 1896 2746 1959 Plantavit
2765 1901 2982 1970 quidam
3008 1918 3173 1963 senex
3195 1905 3398 1976 lignum
3429 1908 3541 1962 ari-

1967 1982 2092 2038 dum
2142 1984 2198 2038 in
2244 2000 2448 2053 eremo,
2491 1997 2547 2043 et
2574 1989 2760 2045 volens
2793 1992 3155 2049 obedientiam
3202 1994 3386 2051 fratris
3418 2010 3545 2067 pro-

1966 2075 2118 2144 bare,
2142 2078 2281 2137 dixit
2303 2081 2353 2136 ei
2381 2096 2396 2135 :
2423 2081 2528 2136 Per
2571 2084 2809 2155 singulos
2844 2085 2959 2141 dies
2994 2087 3110 2156 riga
3148 2087 3352 2159 lignum
3380 2088 3544 2156 istud,

1967 2165 2140 2223 donec
2167 2167 2404 2225 fructum
2426 2170 2610 2231 faciat.
2642 2173 2774 2231 Erat
2795 2184 2974 2230 autem
3002 2176 3160 2247 longe
3186 2178 3252 2232 ab
3277 2178 3359 2232 eis
3380 2192 3541 2248 aqua.

1967 2253 2121 2328 Quod
2156 2272 2281 2311 cum
2323 2257 2540 2315 fecisset
2564 2260 2733 2321 frater
2753 2263 2841 2318 ille
2860 2279 2957 2333 per
2977 2272 3088 2320 tres
3116 2280 3309 2332 annos,
3338 2265 3544 2338 lignum

1966 2344 2097 2399 illud
2136 2347 2308 2403 viride
2340 2348 2539 2409 factum
2588 2360 2694 2419 est,
2725 2362 2780 2410 et
2803 2353 3038 2410 fructum
3084 2357 3286 2411 attulit.
3314 2355 3545 2414 Sumens

1966 2440 2146 2487 autem
2169 2449 2235 2489 ex
2266 2433 2446 2491 fructu
2477 2437 2595 2507 ejus
2618 2457 2806 2508 senex,
2831 2442 3020 2498 detulit
3041 2444 3109 2499 ad
3145 2443 3465 2510 Ecclesiam,
3490 2452 3549 2503 et

1966 2520 2103 2575 dixit
2142 2522 2402 2580 fratribus
2431 2542 2450 2583 :
2479 2526 2723 2601 Accipite
2765 2539 2820 2587 et
2859 2534 3182 2590 manducate
3225 2534 3546 2591 Obedientia:

1965 2614 2223 2672 fructum.
2255 2616 2480 2677 Dicebat
2509 2637 2697 2690 senex,
2724 2625 2870 2695 quod
2906 2626 3040 2681 nihil
3066 2626 3145 2681 sic
3181 2626 3373 2696 quaerit
3402 2627 3547 2683 Deus

1964 2704 2033 2758 ab
2089 2705 2156 2759 iis
2204 2708 2295 2778 qui
2344 2708 2559 2766 initium
2607 2714 2807 2768 habent
2852 2716 3244 2781 conversionis,
3274 2717 3547 2786 quomodo

1963 2796 2285 2855 Obedientia:
2328 2800 2589 2857 laborem.
2631 2804 2861 2872 Quidam
2910 2807 3186 2863 saecularis
3216 2807 3547 2863 renuntiavit

1964 2888 2181 2954 saeculo,
2229 2899 2284 2945 et
2332 2893 2481 2947 venit
2510 2894 2563 2948 in
2600 2898 3015 2963 monasterium,
3050 2898 3324 2954 adducens
3358 2913 3547 2954 secum

1963 2981 2134 3035 lilium
2172 2996 2327 3037 suum
2364 2987 2668 3055 parvulum.
2699 2988 2869 3055 Quem
2908 2989 3077 3045 abbas
3113 2996 3324 3056 tenens,
3362 2989 3544 3045 infan-

1965 3070 2136 3125 tulum
2161 3064 2616 3163 osculabatur,'et
2636 3076 2773 3131 dixit
2800 3077 2939 3147 patri
2986 3077 3134 3147 ejus:
3162 3078 3330 3135 Amas
3359 3081 3543 3135 hunc?

281 3153 506 3239 PrOpter
529 3158 667 3230 quod
694 3140 943 3213 succincti
986 3158 1188 3214 lumbos
1232 3140 1420 3216 mentis
1446 3174 1649 3228 vestrm,
1696 3162 1858 3218 sobrii
1887 3140 1932 3203 (ἶ
1963 3161 2031 3217 Et
2065 3163 2153 3219 ille
2175 3140 2469 3235 respondit,
2502 3140 2698 3222 Etiam.
2724 3140 3175 3226 Et-iterum'dixit
3204 3170 3279 3232 illi
3310 3190 3323 3226 ε
3352 3173 3545 3244 Diligis

279 3246 335 3299 in
357 3246 616 3313 omnibus,
648 3246 871 3325 perfecte
899 3258 1104 3319 sperate
1136 3250 1189 3305 in
1228 3266 1343 3305 eam
1375 3268 1492 3324 qua:
1526 3253 1745 3323 offertur
1771 3271 1859 3308 vo-

281 3337 356 3395 bis
380 3339 629 3408 gratiam,
652 3340 704 3392 in
724 3338 1031 3393 reuelatione
1057 3340 1185 3395 Jesu
1207 3338 1422 3409 Christi,
1448 3343 1599 3414 quasi
1623 3343 1723 3413 ﬁlii
1740 3342 1859 3397 obe-

279 3429 489 3483 dientia:
533 3428 584 3502 (I
612 3427 758 3484 Petr.
794 3429 856 3502 ι).
885 3430 1051 3487 Recte
1080 3431 1217 3488 ﬁlios
1243 3433 1562 3489 Obedientia:
1585 3435 1702 3489 vult
1738 3434 1857 3490 illos

279 3512 718 3591 existererquos
775 3521 830 3575 in
893 3520 1229 3593 praefatione,
1279 3523 1333 3578 in
1390 3524 1855 3593 sanctiﬁcationem

279 3611 528 3683 Spiritus,
588 3613 642 3667 in
692 3613 1038 3668 obedientiam
1086 3625 1136 3669 et
1192 3616 1539 3686 aspersionem
1584 3616 1854 3688 sanguinis

277 3703 403 3760 Iesu
427 3696 622 3758 Christi
653 3706 864 3762 dixerat
891 3705 1091 3762 electos
1116 3708 1328 3781 (Ibid.).
1368 3710 1534 3765 Debet
1557 3726 1686 3783 ergo
1727 3712 1857 3766 obe-

279 3797 477 3852 dientia
500 3807 555 3851 et
585 3799 635 3851 in
665 3799 907 3853 adversis
944 3815 1011 3853 ex
1043 3815 1140 3854 suo
1167 3801 1365 3870 aliquid
1395 3803 1617 3867 habere,
1649 3812 1704 3858 et
1734 3794 1856 3857 rur-

278 3903 391 3941 sum
414 3887 466 3940 in
496 3888 771 3958 prosperis
802 3903 869 3943 ex
896 3905 994 3944 suo
1016 3889 1216 3959 aliquid
1239 3892 1383 3945 omni
1426 3892 1587 3947 modo
1616 3908 1724 3946 non
1753 3894 1851 3947 ha-

277 3980 428 4045 bere,
450 3988 714 4050 quatenus
739 3980 867 4036 etin
895 3981 1137 4037 adversis
1154 3990 1303 4037 tanto
1327 3983 1399 4038 sit
1424 3983 1625 4048 verior,
1652 3992 1853 4052 quanto

278 4086 306 4125 a
347 4074 614 4141 prtescnti‘
651 4072 767 4142 ipsa
821 4071 1006 4145 (quam
1061 4073 1316 4129 divinitus
1365 4074 1614 4144 percipit)
1660 4074 1850 4144 gloria,

277 4162 514 4223 funditus
539 4182 605 4220 ex
632 4173 809 4227 mente
835 4175 1137 4241 separatur.
1164 4164 1247 4220 Ab
1275 4166 1644 4234 omnipotente
1672 4165 1853 4221 Domi-

278 4274 343 4315 no
366 4259 670 4317 obcdientia
693 4273 863 4333 usque
889 4258 955 4312 ad
976 4265 1205 4318 mortem
1227 4257 1491 4315 servanda
1516 4256 1849 4326 praecipitur,

277 4352 413 4406 sicut
459 4351 670 4405 Veritas
701 4348 956 4403 aitzNon
999 4364 1209 4418 possunt
1242 4364 1333 4418 ego
1360 4364 1393 4401 a
1442 4348 1634 4417 meipso
1680 4348 1852 4417 facere

277 4440 579 4510 quidquam,
628 4438 719 4493 sed
771 4440 904 4493 sicut
948 4438 1131 4504 audio,
1178 4438 1365 4509 judico
1407 4436 1589 4510 (Joan.
1622 4437 1699 4509 v).
1731 4438 1851 4508 ipse

1874 4487 1927 4546 D

1962 3254 2121 3308 eum?
2147 3254 2215 3309 Et
2257 3258 2554 3327 respondit,
2584 3258 2783 3313 Etiam.
2815 3257 3009 3314 Postea
3041 3260 3178 3320 dixit
3217 3261 3291 3315 illi
3313 3261 3495 3321 Abbas
3524 3279 3541 3317 :

1963 3344 2111 3398 Tolle
2132 3360 2261 3417 ergo
2282 3347 2326 3402 si
2357 3363 2508 3403 amas
2531 3365 2673 3413 cum,
2702 3360 2757 3405 ct
2777 3351 2930 3405 mitte
2955 3349 3102 3405 illum
3129 3352 3181 3406 in
3209 3352 3423 3407 furnum
3454 3370 3545 3409 ar-

1962 3437 2196 3494 dentem.
2228 3441 2297 3496 Et
2327 3450 2517 3498 tenens
2543 3459 2667 3499 eum
2709 3453 2864 3514 pater
2904 3461 3059 3510 suus,
3081 3444 3309 3515 jactavit
3338 3446 3391 3500 in
3422 3445 3542 3502 fur-

1960 3545 2087 3584 num
2120 3532 2420 3599 ardentem,
2445 3543 2500 3589 et
2519 3536 2702 3589 Statim
2729 3534 2904 3591 factus
2931 3543 3017 3591 est
3039 3534 3229 3591 furnus
3258 3536 3405 3597 velut
3429 3552 3538 3594 ros.

1960 3621 2038 3675 Ex
2078 3637 2185 3693 quo
2211 3624 2355 3679 facto
2387 3626 2673 3695 acquisivit
2694 3626 2797 3681 sibi
2826 3626 3050 3698 gloriam
3073 3626 3126 3680 in
3159 3633 3400 3698 tempore
3427 3626 3541 3695 illo,

1957 3713 2411 3781 quemadmodum
2442 3715 2716 3770 Abraham
2751 3715 3079 3787 patriarcha.
3136 3714 3285 3769 Dixit
3330 3730 3493 3773 senex
3522 3734 3537 3771 :

1958 3801 2092 3869 Quia
2121 3802 2289 3859 frater
2317 3806 2409 3876 qui
2436 3807 2505 3861 ad
2545 3806 2909 3862 obedientiam
2934 3806 3105 3879 patris
3130 3807 3390 3881 spiritalis
3425 3808 3543 3862 ani-

1958 3910 2101 3947 mam
2131 3895 2358 3961 dederit,
2409 3895 2668 3966 majorem
2706 3900 3011 3953 mercedem
3045 3899 3230 3964 habet,
3260 3914 3421 3969 quam
3454 3900 3542 3957 ille

1957 3984 2046 4052 qui
2075 3998 2257 4039 eremo
2281 3985 2425 4040 solus
2452 3986 2775 4044 recesserit:
2801 3988 2926 4059 quia
2949 3988 2984 4041 ii
3007 3989 3097 4057 qui
3121 4004 3180 4044 sc
3205 3990 3258 4043 in
3296 4005 3539 4045 eremum

1956 4074 2218 4145 relegant.
2276 4075 2502 4129 arbitrio
2545 4092 2643 4130 suo
2678 4077 2743 4130 de
2776 4077 2974 4133 smculo
3022 4087 3395 4146 recesserunt;
3452 4081 3540 4135 hic

1955 4173 2136 4218 autem
2192 4165 2347 4229 ordo,
2412 4167 2505 4235 qui
2544 4181 2603 4220 se
2647 4167 2716 4221 ad
2760 4166 3115 4225 obedicndum
3160 4168 3325 4235 dedit,
3352 4184 3540 4224 omnes

1954 4254 2257 4310 voluntates
2304 4270 2432 4310 suas
2486 4254 2766 4323 abjiciens,
2822 4258 3018 4335 pendet
3061 4257 3128 4311 ad
3160 4258 3331 4312 Deum
3362 4267 3417 4314 et
3469 4261 3539 4315 ad

1948 4345 2245 4415 iussionem
2273 4346 2571 4415 Spiritualis
2624 4348 2815 4416 patris,
2845 4355 3129 4417 propterea
3176 4356 3232 4405 et
3277 4347 3536 4417 majorem
3627 4352 3632 4358 ’

1953 4434 2179 4506 gloriam
2218 4435 2286 4490 ab
2315 4434 2435 4489 aliis
2484 4435 2667 4491 habet.
2694 4436 3053 4514 Quapropter,
3081 4451 3114 4492 o
3141 4437 3256 4504 ﬁlii,
3285 4439 3425 4494 bona
3453 4447 3537 4494 est

277 4531 412 4586 sicut
440 4530 609 4595 audit,
630 4528 857 4598 judicat.
887 4528 1038 4584 Tunc
1065 4529 1226 4583 etiam
1257 4528 1472 4584 ohediet
1501 4528 1661 4599 patri,
1695 4528 1849 4597 cujus
1874 4526 1926 4546 υ
1951 4526 2283 4593 Obedientia,
2300 4542 2420 4596 qua:
2442 4534 2664 4598 propter
2684 4529 2852 4582 Deum
2874 4528 2952 4585 ﬁt.
2969 4528 3236 4586 lntendite
3250 4545 3399 4601 ergo,
3418 4528 3534 4595 ﬁlii,

272 4619 431 4691 judcx
459 4619 619 4689 hujus
642 4621 850 4675 venerit
870 4619 1072 4675 saeculi.
1094 4617 1158 4691 (ϐ
1167 4635 1273 4689 reg.
1306 4617 1498 4674 Morel.
1526 4618 1563 4672 Ι.
1596 4636 1759 4684 xxxv,
1793 4635 1841 4680 c.

276 4712 359 4782 Ἡ,
387 4711 503 4784 25.)
538 4712 613 4767 Ne
636 4712 789 4767 nobis
818 4725 986 4781 usque
1012 4710 1079 4764 ad
1106 4710 1389 4780 praesentis
1411 4711 1535 4765 vitae
1556 4710 1846 4765 terminum

276 4805 570 4861 Obedientia
596 4804 864 4859 laboriosa
890 4812 1167 4876 appareat,
1192 4803 1521 4874 Redemptor
1543 4812 1729 4859 noster
1765 4803 1847 4859 in-

277 4896 435 4960 dicat,
468 4896 557 4965 qui
588 4897 728 4954 hauc
771 4896 936 4955 etiam
976 4910 1099 4952 cuiu
1145 4892 1310 4962 jndex
1356 4896 1587 4961 venerit,
1640 4903 1841 4954 servat.

280 4982 408 5053 Quid
436 5000 563 5054 ergo
599 4986 815 5050 mirum,
847 4984 891 5038 si
924 4993 1176 5055 peccator
1203 4984 1365 5040 homo
1415 4986 1737 5040 Obedientia:
1790 4986 1844 5040 in

280 5077 550 5147 persentis
579 5077 702 5131 vita:
736 5076 1001 5131 brevitate
1043 5093 1102 5131 se
1156 5076 1395 5145 subjicit,
1445 5080 1660 5149 quando
1707 5079 1844 5136 hanc

280 5167 533 5221 mediator
559 5166 653 5221 Dei
696 5174 751 5220 et
777 5166 1056 5220 hominum
1081 5167 1243 5221 etiam
1281 5182 1403 5223 cum
1427 5170 1740 5225 obcdientcs
1762 5187 1846 5226 re-

280 5265 539 5323 munerat,
582 5273 686 5312 non
730 5257 1017 5327 relinquit?
1063 5257 1351 5315 Sciendum
1408 5271 1514 5326 est,
1568 5278 1843 5333 nunquam

279 5364 365 5422 per
386 5350 745 5408 obedientiam
768 5349 967 5404 malum
1005 5348 1142 5415 ﬁeri,
1168 5351 1456 5420 aliquando
1482 5365 1660 5407 autem
1690 5355 1850 5410 debet

280 5457 366 5513 per
390 5442 748 5496 obedientiam
773 5439 972 5495 bonum
1019 5442 1162 5511 quod
1192 5444 1370 5513 agitur
1399 5443 1705 5501 intermitti.
1744 5442 1849 5498 Ne—

280 5550 374 5602 que
393 5533 537 5591 enim
564 5532 704 5588 mala
732 5532 783 5586 in
805 5532 1053 5602 paradiso
1076 5534 1238 5586 arbor
1259 5534 1489 5597 exstitit,
1519 5550 1681 5603 quam
1708 5535 1848 5593 Deus

282 5625 471 5686 homini
518 5640 584 5679 ne
642 5624 977 5693 contingeret
1027 5623 1304 5678 interdixit
1334 5623 1487 5696 (Gen.
1524 5624 1606 5697 ιι).
1641 5625 1748 5679 Sed
1789 5635 1849 5680 ut

284 5720 460 5776 melius
482 5736 576 5790 per
611 5718 927 5773 obelieatire
971 5718 1220 5773 meritum
1254 5717 1414 5773 homo
1438 5719 1573 5774 bene
1600 5719 1847 5773 conditus

1948 4616 2166 4671 virtutis
2202 4615 2361 4685 hujus
2390 4616 2570 4686 aliqua
2600 4633 2667 4672 ex
2697 4627 2851 4693 parte
2877 4619 3184 4689 vestigium.
3216 4619 3533 4675 Obedientia

1948 4703 2095 4759 salus
2136 4714 2221 4760 est
2261 4707 2501 4760 omnium
2540 4707 2793 4763 ﬁdelium.
2833 4705 2894 4764 0'.
2915 4709 3148 4763 cdientia
3190 4709 3422 4780 genitrix
3451 4716 3537 4763 est

1947 4797 2187 4851 omnium
2213 4797 2495 4851 virtutum.
2528 4797 2846 4854 Obedientia
2885 4798 3035 4869 regni
3064 4797 3324 4853 cmlorum
3350 4798 3535 4882 ipvcn—

1950 4888 2058 4942 trix
2089 4896 2190 4942 est.
2216 4887 2535 4949 Obedientia
2568 4889 2763 4945 omium
2786 4890 3055 4960 aperiens,
3084 4897 3140 4944 et
3162 4889 3437 4945 hominem
3466 4889 3533 4944 de

1950 4984 2094 5034 terra
2117 4981 2354 5036 elevans.
2371 4981 2691 5039 Obedientia
2705 4983 3063 5039 cobabitatrix
3087 4991 3173 5039 est
3193 4983 3528 5053 angelorum.

1948 5071 2272 5127 Obedientia
2298 5085 2611 5130 sanctorum
2638 5076 2877 5130 onmium
2897 5077 3049 5131 cibus
3064 5084 3164 5131 est.
3179 5075 3258 5131 Ex
3272 5075 3530 5135 hacenim

1949 5164 2203 5218 aLIactati
2226 5174 2372 5232 sunt,
2394 5173 2448 5220 et
2465 5181 2562 5235 per
2588 5167 2727 5219 hanc
2750 5164 2815 5220 ad
2836 5166 3223 5236 perfectionem
3246 5174 3528 5222 venerunt.

2542 5260 2769 5317 CAPUT
2810 5259 2946 5316 XIV.

2346 5350 2419 5406 De
2464 5352 2902 5423 contemptoribus
2942 5354 3146 5409 mundi.

2024 5443 2205 5515 (Isid.,
2233 5443 2270 5496 Ι.
2300 5458 2362 5498 ιιι
2406 5442 2555 5498 Sent.
2588 5460 2634 5497 c.
2677 5443 2787 5513 16.)
2818 5444 2893 5497 Ea
2925 5460 3046 5514 quae
3069 5442 3249 5499 szcculi
3273 5441 3528 5496 amatori-

1950 5533 2052 5591 bus
2102 5538 2265 5589 chara
2315 5546 2462 5599 sunt,
2522 5534 2696 5588 sancti
2750 5534 2896 5588 velut
2949 5536 3175 5588 adversa
3233 5528 3526 5599 refugiunt,

1949 5623 2175 5695 plusque
2212 5625 2630 5679 adversitatilus
2675 5623 2858 5678 mundi
2912 5623 3164 5694 gaudent,
3196 5634 3355 5690 quam
3398 5636 3526 5686 pru-

1949 5716 2295 5787 Speritatibus
2324 5715 2677 5772 delectentur.
2712 5715 2927 5771 Alicuos
2958 5722 3165 5770 constat
3188 5727 3308 5771 esse
3335 5724 3363 5764 a
3394 5709 3521 5771 Pco.
