3940 6448
435 367 537 423 (ill

1754 359 2108 419 SMARAGDI
2141 358 2433 415 ABDATIS

3603 351 3735 407 6I2

432 479 632 549 quibus
657 477 759 532 hoc
790 473 1045 531 sarculum
1073 474 1140 530 ad
1169 489 1329 531 omne
1358 474 1698 533 commodum
1721 488 2007 546 prospera—
2036 473 2083 532 Α
2109 469 2335 539 quisque
2358 469 2487 524 dum
2507 466 2865 539 cogitationes
2883 465 2938 523 in
2954 466 3162 538 judicio
3183 466 3401 538 exquiri
3423 466 3733 523 subtiliter

434 578 543 625 tur.
579 568 761 623 Servis
784 575 963 621 autem
986 567 1082 621 Dei
1113 576 1310 623 cuncta
1337 566 1499 637 hujus
1528 567 1712 621 mundi
1734 567 2008 622 contraria

431 666 580 724 sunt,
605 664 666 711 ut
689 655 813 709 dum
836 656 939 709 ista
962 655 1186 709 adversa
1206 655 1463 720 sentiunt,
1481 653 1550 710 ad
1559 654 1778 710 cmleste
1801 654 2010 709 deside-

433 746 574 799 rium
608 744 888 799 ardentius
913 745 1234 799 excitentur.
1263 743 1453 815 Magna
1482 744 1624 815 apud
1650 744 1819 798 Deum
1846 740 2009 797 reful-

431 841 524 902 get
559 834 756 901 gratia,
806 833 899 904 qui
940 834 1067 889 huic
1117 833 1319 889 mundo
1369 832 1791 903 contemptibilis
1826 830 2005 889 fuerit.

431 924 569 983 Nam
610 940 799 980 revera
824 939 1044 980 necesse
1079 933 1183 990 est,
1218 934 1279 980 ut
1307 939 1467 994 quem
1513 923 1743 978 mundus
1764 922 1897 988 odit,
1930 922 2010 977 di-

431 1015 631 1086 ligatur
678 1030 709 1069 a
736 1015 867 1070 Deo.
900 1013 1085 1070 Sancti
1132 1014 1234 1070 viri
1267 1015 1387 1069 ideo
1416 1021 1759 1068 contemnere
1787 1011 2010 1083 cupiunt

432 1105 715 1169 mundum,
742 1111 796 1158 et
823 1111 1029 1160 motum
1056 1103 1253 1158 mentis
1284 1101 1351 1157 ad
1394 1116 1625 1172 superna
1652 1114 1927 1166 revocare,
1948 1108 2010 1155 ut

432 1195 508 1252 ibi
535 1210 594 1249 se
634 1193 964 1264 recolligant,
1007 1194 1150 1247 unde
1175 1191 1531 1257 deﬂuxerunt,
1556 1199 1611 1247 et
1634 1191 1756 1245 inde
1797 1205 1857 1245 se
1882 1191 2011 1249 suh¢

433 1287 671 1349 trahant,
689 1284 831 1340 unde
856 1283 1080 1354 dispersi
1104 1290 1247 1337 sunt.
1280 1281 1466 1355 (Ibid.,
1489 1280 1590 1336 loc.
1620 1282 1735 1351 cit.)
1760 1279 1862 1348 Qui
1889 1287 2009 1350 post

430 1377 883 1435 renuntiationem
912 1374 1096 1430 mundi
1129 1374 1196 1429 ad
1229 1389 1518 1443 supernam
1544 1373 1777 1443 patriam
1806 1370 2008 1429 sanctis

426 1466 716 1525 desideriis
757 1466 951 1530 inhiat,
998 1464 1068 1518 ab
1120 1464 1222 1518 hac
1266 1471 1480 1518 terrena
1509 1462 1824 1525 intentione,
1854 1461 2008 1532 quasi

428 1556 755 1628 quibusdam
806 1555 1000 1625 pennis
1048 1552 1358 1610 sublevatus
1412 1552 1659 1623 erigitur,
1704 1559 1758 1607 et
1811 1551 1864 1605 in
1900 1566 2009 1622 quo

429 1648 615 1719 lapsus
647 1655 767 1703 erat
785 1662 883 1718 per
901 1646 1157 1718 gemitum
1196 1646 1480 1716 conspicit,
1509 1653 1565 1699 et
1585 1645 1675 1699 ubi
1702 1644 2010 1714 pervenerit

433 1752 559 1793 cum
608 1735 802 1807 gaudio
827 1750 1021 1806 magno
1051 1735 1299 1790 intendit.
1352 1734 1535 1807 (Ιιὶάη
1581 1735 1674 1790 lib.
1726 1753 1787 1791 ιιι
1834 1734 2003 1799 Sent.,

2109 577 2216 616 non
2244 562 2476 631 ignorat,
2521 559 2872 630 semetipsum
2914 560 3185 614 introrsus
3213 558 3544 623 discutiens,
3575 567 3730 614 ante

2103 651 2366 723 judicium
2394 652 2745 706 vehementer
2767 650 3067 715 examinat,
3092 657 3156 704 ut
3202 649 3494 706 districtus
3524 647 3725 705 Iudex

2107 758 2174 799 eo
2196 741 2309 809 jam
2335 742 2679 811 tranquillius
2710 740 2913 805 veniat,
2932 748 2987 795 et
3013 755 3109 796 cor
3136 740 3281 810 quod
3303 741 3585 801 discutere
3610 755 3731 812 ap-

2106 832 2263 904 petit,
2291 847 2390 903 pro
2422 831 2577 902 culpa
2620 831 2867 901 punitum
2893 837 3104 885 cernat.
3133 829 3271 898 Quia
3294 845 3419 886 eam
3445 832 3580 888 dum
3602 846 3726 888 nos

2105 924 2382 994 punimus,
2409 922 2527 993 ipse
2550 935 2894 992 nequaquam
2919 919 2976 975 in
3002 928 3252 986 extremo
3273 922 3530 983 examine
3552 922 3725 993 judi-

2107 1021 2215 1068 cat.
2259 1012 2429 1068 Paulo
2472 1019 2769 1067 attestantc
2795 1012 2886 1081 qui
2921 1011 3000 1073 ait
3029 1028 3042 1064 :
3074 1010 3138 1068 Si
3166 1012 3510 1083 nosmetipsos
3546 1013 3726 1084 ἄϋπν-

2106 1102 2425 1167 diceremus,
2474 1116 2580 1154 non
2641 1100 2820 1170 utique
2865 1099 3239 1170 judicareutur
3296 1099 3366 1172 (ι
3411 1099 3541 1156 Cor.
3583 1117 3649 1157 ιι
3664 1102 3719 1174 ).

2108 1192 2289 1265 (σι-ες,
2321 1193 2475 1264 ibid.)
2504 1192 2658 1260 Quod
2682 1191 2927 1248 exterius
2952 1192 3166 1260 agimus
3206 1190 3337 1263 (nisi
3374 1193 3723 1263 pmuitentia

2109 1282 2501 1338 interveniente
2538 1282 2828 1347 diluamus,
2877 1282 2937 1340 in
2989 1290 3204 1337 secreto
3221 1280 3558 1351 judicion
3604 1281 3725 1338 Ι)νὶ

2108 1373 2210 1429 sub
2245 1373 2480 1450 quadam
2509 1372 2875 1428 occultatione
2927 1381 3201 1439 servatur,
3250 1381 3313 1428 ut
3368 1375 3720 1456 quandoque

2108 1463 2272 1518 etiam
2300 1464 2369 1518 de
2399 1462 2575 1533 sigillo
2610 1464 2827 1529 secreti,
2872 1472 3031 1527 exeat
3058 1465 3129 1520 ad
3154 1464 3435 1541 publicum
3477 1465 3716 1534 iudicii.

2107 1551 2245 1609 Cum
2262 1567 2394 1609 vero
2418 1569 2519 1624 pro
2547 1554 2704 1609 malis
2732 1570 2854 1624 qua:
2882 1553 3133 1627 fecimus,
3159 1556 3459 1627 disciplinae
3484 1558 3718 1629 ﬂagello

2108 1644 2417 1709 atterimur,
2440 1652 2498 1705 et
2517 1645 2635 1700 haec
2656 1659 2756 1716 per
2781 1647 3157 1716 paenitentiam
3181 1648 3461 1713 deﬂemus,
3497 1650 3717 1721 iniqui-

2109 1742 2277 1792 tatem
2324 1742 2565 1799 nnstram
2611 1735 2791 1806 signat
2813 1744 2870 1789 ct
2909 1745 3085 1802 curat,
3113 1738 3368 1807 quianec
3394 1739 3571 1803 multa
3611 1741 3715 1799 hic

428 1841 478 1878 c.
513 1823 624 1895 l7.)
652 1822 836 1878 Sancti
879 1823 981 1877 viri
1006 1822 1248 1880 funditus
1283 1825 1479 1883 sarculo
1506 1825 1896 1891 renuntiantes,
1932 1825 2008 1880 ita
2036 1808 2083 1867 Β
2111 1823 2331 1889 deserit,
2358 1838 2458 1879 nec
2486 1821 2759 1893 injudicio
2781 1825 3057 1895 puniendo
3075 1834 3277 1887 servat.
3303 1825 3452 1882 Bene
3476 1842 3540 1888 se
3560 1827 3717 1897 judi-

429 1913 559 1969 huic
603 1914 804 1968 mundo
830 1914 1154 1978 moriuntur,
1185 1922 1245 1968 ut
1269 1913 1369 1968 soli
1398 1914 1506 1967 Deo
1528 1914 1711 1978 vivere
1740 1914 2009 1969 delectcn~

428 2012 537 2069 tur,
570 2011 939 2073 quantumque
975 2003 1044 2057 ab
1085 2003 1245 2074 hujus
1267 2002 1449 2058 smculi
1498 2003 1906 2058 conversatione
1949 2018 2007 2058 se

428 2092 772 2157 subtrahunt,
804 2102 1015 2148 tantum
1042 2092 1268 2147 internae
1297 2094 1495 2148 mentis
1522 2094 1638 2149 acie
1666 2092 2007 2163 przesentiam

426 2183 547 2250 Dei,
597 2194 652 2240 et
699 2183 970 2253 Angelica:
1026 2185 1304 2240 societatis
1349 2184 1713 2255 frequentiam
1766 2193 2008 2240 contem-.-

427 2275 661 2350 plantur.
698 2276 801 2332 Via
823 2277 939 2333 sine
963 2277 1307 2345 oﬂ'endiculo,
1337 2279 1445 2332 vita
1470 2278 1743 2342 monachi,
1769 2277 1885 2332 sine
1914 2292 2009 2331 cu-

427 2364 668 2439 piditatis
700 2375 756 2422 et
782 2367 983 2423 amoris
1008 2367 1413 2438 impedimento.
1445 2367 1582 2421 Dum
1604 2366 1747 2421 enim
1777 2365 2007 2437 quisque

427 2470 461 2512 a
490 2457 761 2512 consortio
796 2457 979 2515 mundi
1020 2458 1378 2522 ahstrahitur,
1421 2472 1523 2514 nec
1572 2456 1840 2527 cupiditas
1882 2470 2008 2521 eum

423 2551 629 2623 obligat
667 2552 1116 2619 consentientem,
1164 2568 1265 2609 nec
1290 2553 1495 2608 cruciat
1528 2552 1872 2609 sentientem.
1904 2549 2008 2605 Bo-

424 2658 555 2711 num
596 2651 682 2697 est
726 2643 1084 2713 corporaliter
1128 2653 1396 2699 remotum
1440 2659 1561 2699 esse
1589 2659 1617 2698 a
1649 2643 1871 2704 mundo,
1911 2641 2007 2698 sed

428 2730 600 2790 multo
641 2740 724 2787 est
754 2732 945 2787 melius
989 2732 1279 2788 voluntate.
1309 2734 1609 2804 Utrumque
1656 2742 1838 2789 autem
1888 2733 2008 2788 viro

421 2821 685 2894 perfecto.
725 2824 817 2879 llle
860 2833 1041 2880 autem
1069 2825 1342 2896 perfectus
1390 2834 1495 2892 est,
1523 2826 1616 2897 qui
1658 2827 1783 2883 huic
1810 2825 2008 2882 s:cculo

372 2974 379 2983 ε
422 2928 649 2984 corpore
675 2922 729 2970 et
771 2916 934 2971 corde
956 2916 1223 2973 discretus
1252 2925 1354 2972 est.
1387 2915 1615 2989 Onager,
1644 2925 1707 2972 ut
1752 2917 1830 2971 ait
1856 2914 2008 2971 lere.

421 3006 580 3071 mias,
610 3008 893 3062 contemnit
922 3008 1186 3063 civitatem
1212 3007 1350 3079 (Jer.
1387 3007 1478 3081 ιι),
1500 3016 1555 3062 et
1586 3008 1837 3064 monachi
1860 3021 2008 3063 com-

420 3110 636 3151 munem
675 3096 1015 3152 swcularium
1061 3097 1261 3152 civium
1284 3097 1769 3154 conversationem.
1812 3095 1877 3151 lli
1903 3096 2001 3151 ad-

2107 1922 2196 1969 cet
2215 1913 2395 1983 justus
2420 1915 2473 1969 in
2498 1915 2599 1969 hac
2620 1914 2752 1980 vita,
2775 1930 2842 1969 ne
2856 1915 3131 1984 judicetur
3149 1931 3180 1970 a
3208 1916 3321 1971 Deo
3348 1917 3714 1982 damnatione

2107 2013 2387 2074 perpetua.
2412 2003 2565 2060 Tunc
2591 2012 2772 2059 autem
2788 2004 3054 2072 judicium
3077 2006 3145 2062 de
3171 2020 3233 2062 se
3251 2005 3485 2077 quisque
3506 2009 3710 2073 sumit,

2106 2094 2324 2163 quando
2369 2108 2468 2164 per
2512 2093 2731 2165 dignam
2784 2094 3160 2165 pmnitentiam
3201 2110 3300 2151 sua
3334 2110 3506 2166 prava
3554 2097 3708 2151 facta

2106 2186 2451 2250 condemnat.
2503 2185 2824 2247 Amaritudo
2877 2186 3212 2261 paenitentiae
3272 2186 3404 2243 facit
3453 2187 3709 2243 animum

2107 2286 2205 2327 sua
2248 2271 2391 2329 facta
2436 2272 2692 2329 subtilius
2713 2274 3006 2340 discutere,
3034 2282 3088 2330 et
3109 2275 3247 2330 dona
3269 2275 3394 2341 Dei,
3417 2292 3542 2347 quae
3568 2292 3711 2333 con-

2109 2363 2346 2443 tempsit,
2402 2362 2580 2419 ﬂendo
2622 2378 3072 2419 commemorare.
3103 2365 3249 2420 Nihil
3298 2375 3482 2421 autem
3535 2366 3706 2438 pejus

2108 2465 2270 2521 quam
2290 2452 2503 2525 culpam
2530 2468 2848 2525 agnoscere,
2889 2469 2991 2510 nec
3024 2454 3242 2511 deﬂere.
3289 2455 3572 2525 Duplicem
3602 2458 3707 2511 ha-

2107 2542 2237 2598 bere
2266 2541 2450 2607 ﬂetum
2468 2544 2625 2599 debet
2648 2544 2705 2599 in
2730 2545 3050 2615 pmuitentia
3070 2545 3251 2601 omnis
3269 2554 3543 2616 peccator.
3570 2547 3705 2607 Sive

2106 2633 2232 2702 quia
2274 2647 2372 2703 per
2399 2633 2781 2706 negligentiam
2810 2635 3009 2690 bonum
3060 2649 3170 2691 non
3209 2634 3361 2701 fecit,
3414 2652 3515 2692 seu
3564 2638 3703 2708 quia

2107 2723 2309 2779 maltun
2335 2738 2434 2795 per
2455 2725 2738 2780 audaciam
2767 2726 3120 2796 perpetravit.
3162 2725 3319 2793 Quod
3352 2728 3503 2788 enim
3532 2744 3703 2811 oper:-

2110 2814 2214 2869 tuit
2241 2829 2347 2869 non
2375 2816 2564 2887 gessit,
2619 2823 2675 2871 et
2707 2816 2875 2886 gessit
2917 2818 3062 2886 quod
3103 2833 3264 2889 agere
3293 2834 3401 2874 non
3425 2820 3697 2903 oportuit.

2105 2906 2203 2962 llle
2253 2907 2627 2977 paenitentiam
2671 2908 2830 2978 digne
2859 2908 2993 2979 agit,
3030 2909 3122 2983 qui
3171 2917 3380 2977 reatum
3419 2926 3576 2967 suum
3609 2927 3703 2969 sa-

2108 2996 2416 3056 tisfactione
2463 2998 2703 3069 legitima
2748 2998 2978 3070 plangit,
3031 3000 3442 3068 condemnanda
3479 3001 3700 3059 scilicet

2107 3095 2271 3157 atque
2301 3085 2543 3143 deﬂendo
2581 3103 2702 3160 qua:
2731 3089 2920 3161 gessit,
2953 3096 3104 3155 tanto
3133 3089 3259 3145 inde
3279 3090 3548 3174 plorando
3572 3107 3700 3162 pro-

420 3198 575 3238 versa
598 3185 723 3240 vitm
745 3194 946 3241 nostra:
968 3194 1251 3257 appetunt,
1265 3201 1523 3258 prospera
1538 3193 1915 3251 contemnunt,
1941 3194 2003 3240 ut
2029 3149 2073 3213 Ο
2104 3175 2344 3245 Nullius.
2395 3188 2600 3249 quanto
2650 3180 2861 3245 εςειίιίι
2928 3181 2982 3235 in
3043 3149 3318 3259 peccandb
3370 3182 3695 3253 proclivius.

416 3284 541 3326 eum
556 3273 681 3328 dum
699 3274 767 3329 ab
784 3274 867 3330 eis
885 3274 1002 3331 haec
1014 3276 1124 3330 vita
1139 3275 1458 3347 despicitur,
1474 3275 1656 3331 futura
1670 3275 1997 3332 inveniatur.

1019 3364 1248 3422 CAPUT
1286 3366 1404 3421 XV.

990 3455 1069 3511 De
1104 3456 1402 3526 pwnitentt'a
1415 3494 1431 3509 .

490 3544 677 3602 Omnis
703 3554 954 3617 peccator
979 3545 1034 3601 in
1076 3546 1396 3616 pamitentia
1431 3545 1652 3618 duplum
1680 3547 1882 3603 habere
1909 3563 2002 3619 ge-

418 3636 611 3693 mitum
642 3636 825 3701 debet,
854 3635 1109 3690 nimirum
1135 3635 1261 3705 quia
1291 3644 1345 3690 et
1370 3635 1568 3691 bonum
1598 3637 1739 3706 quod
1762 3638 2002 3708 oportuit

419 3741 524 3794 non
560 3724 705 3790 fecit,
734 3733 789 3780 et
826 3724 1025 3779 malum
1054 3722 1194 3793 quod
1240 3739 1345 3779 non
1394 3726 1654 3795 cportuit,
1687 3725 1833 3781 fecit.
1862 3726 1996 3782 Cum

418 3814 488 3873 ad
511 3815 652 3869 bona
698 3831 862 3885 opera
891 3830 996 3869 non
1028 3815 1383 3885 assurgimus,
1412 3831 1632 3872 necesse
1662 3827 1745 3873 cst
1775 3826 1834 3872 ut
1869 3832 1998 3875 nos-

417 3906 677 3976 metipsos
706 3905 989 3977 dupliciter
1014 3905 1323 3971 deﬂeamus,
1353 3908 1477 3978 quia
1506 3916 1563 3963 et
1587 3919 1737 3965 recta
1779 3927 1886 3965 non
1921 3910 1998 3967 fe-

417 3988 613 4063 cimus,
643 4005 699 4051 ct
729 4012 892 4068 prava
928 3998 1135 4070 operati
1169 4015 1373 4054 sumus.
1406 3999 1510 4054 Per
1530 4001 1750 4056 beatum
1780 4002 1993 4073 Moysen

418 4103 556 4143 unus
591 4095 768 4143 turtur
793 4104 890 4158 pro
918 4098 1166 4158 peccato,
1214 4090 1353 4144 alter
1380 4107 1509 4146 vero
1552 4091 1733 4148 oﬂ‘erri
1761 4092 1813 4147 in
1841 4093 1993 4148 holo-

415 4189 659 4237 caustum
675 4179 900 4250 jubetur
930 4180 1073 4250 (Lev.
1115 4180 1188 4253 v).
1221 4179 1601 4236 llolocaustum
1651 4198 1885 4252 namque
1917 4191 1996 4237 to-

417 4279 528 4331 tum
583 4271 859 4327 incensum
908 4271 1125 4329 dicitur.
1176 4272 1353 4329 Unum
1412 4288 1542 4344 ergo
1590 4280 1852 4339 turturem
1895 4288 1994 4343 pro

415 4370 635 4433 peccato
677 4360 972 4427 oﬂ'erimus,
1001 4378 1124 4419 cum
1156 4379 1255 4434 pro
1299 4364 1451 4435 culpa
1483 4365 1739 4434 gemitum
1778 4364 1988 4420 damus.

2103 3266 2197 3323 Ille
2256 3270 2635 3344 penitentiam
2699 3271 2860 3342 digne
2922 3272 3051 3343 agit,
3128 3273 3222 3342 qui
3283 3273 3363 3328 sic
3414 3275 3695 3345 pneterita

2104 3356 2246 3412 mala
2297 3358 2567 3441 deplorat,
2628 3368 2690 3423 ut
2742 3360 2922 3416 futura
2965 3361 3162 3418 iterum
3199 3378 3310 3419 non
3360 3365 3693 3424 committat.

2103 3444 2238 3503 Nam
2305 3449 2397 3524 qui
2456 3448 2664 3520 plangit
2728 3458 3032 3522 peccatum,
3088 3460 3142 3507 et
3198 3451 3395 3508 iterum
3448 3454 3694 3517 admittit

2101 3546 2408 3610 peccatum,
2470 3541 2625 3611 quasi
2674 3526 2741 3596 si,
2779 3543 2901 3612 quis
2949 3541 3095 3607 lavet
3139 3543 3371 3611 laterem
3421 3548 3688 3619 crudum,

2100 3645 2262 3700 quem
2325 3619 2528 3702 quanto
2585 3632 2758 3703 magis
2815 3632 3026 3697 eluerit,
3096 3643 3246 3691 tanto
3311 3637 3547 3708 amplius
3605 3622 3689 3710 ιφ

2100 3729 2213 3775 ιιιιιι
2242 3722 2389 3777 facit.
2444 3722 2703 3790 Quamvis
2737 3726 2966 3797 quisque
2991 3727 3062 3781 sit
3085 3736 3341 3812 peccator
3370 3739 3425 3786 et
3467 3731 3688 3805 impius,

2099 3811 2145 3867 si
2200 3812 2268 3866 ad
2318 3814 2689 3884 paenitentiam
2739 3824 3108 3885 convertatur,
3160 3819 3421 3890 consequi
3463 3822 3686 3877 veniam

2099 3917 2257 3972 posse
2278 3903 2540 3958 creditur.
2572 3903 2858 3962 Festinare
2883 3906 3043 3962 debet
3070 3908 3135 3963 ad
3174 3909 3343 3963 Deum
3368 3912 3684 3981 pceaiteudo

2097 3994 2468 4065 unusquisque
2488 3995 2615 4049 dum
2645 4003 2845 4065 potest,
2897 4012 2966 4052 ne
2991 3997 3035 4051 si
3062 3997 3189 4053 dum
3217 4009 3393 4069 potest
3423 4001 3679 4065 noluerit,

2096 4100 2218 4141 cum
2274 4086 2430 4149 tarde
2481 4086 2734 4153 voluerit,
2791 4089 3013 4143 omnino
3065 4106 3172 4144 non
3211 4093 3402 4162 possit.
3447 4092 3685 4151 Proinde

2094 4173 2365 4246 Propheta
2410 4175 2486 4230 ait
2518 4194 2531 4231 :
2563 4176 2797 4243 Qua‘rite
2838 4178 3118 4234 Dominum
3169 4181 3297 4236 dum
3341 4184 3567 4239 inveniri
3589 4204 3684 4256 po-

2095 4266 2493 4321 test:invocate
2534 4284 2674 4333 eum,
2727 4268 2853 4323 dum
2901 4287 3061 4341 prope
3112 4281 3188 4326 est
3256 4271 3394 4345 (Ira.
3450 4273 3561 4346 ιγ).
3620 4275 3679 4337 Si

2094 4358 2308 4425 quando
2361 4358 2484 4430 quis
2546 4374 2774 4429 peccare
2828 4368 3028 4429 potest,
3079 4363 3329 4432 poenitet,
3400 4366 3681 4438 vitamque

416 4439 492 4504 Dc
534 4449 705 4506 altero
752 4465 879 4507 vero
910 4451 1284 4507 holocaustum
1332 4451 1582 4516 facimus,
1632 4468 1757 4507 cum
1802 4467 1900 4523 pro
1927 4467 1993 4506 eo
2021 4489 2072 4549 Β
2097 4461 2251 4502 Suam
2276 4449 2464 4505 vivens
2507 4450 2575 4504 ab
2601 4451 2747 4504 omni
2776 4452 3004 4508 crimine
3037 4454 3282 4526 corrigit,
3315 4471 3424 4525 non
3452 4456 3680 4524 dubium

415 4536 558 4617 quod
579 4538 716 4593 bona
746 4539 1098 4609 negleximvs,
1128 4542 1489 4611 nosmetipsos
1528 4541 1770 4596 funditus
1810 4556 1994 4596 accen-

415 4627 624 4694 dentes,
664 4629 785 4699 igne
832 4630 1036 4685 doloris
1063 4631 1338 4685 ardemus.
1367 4630 1566 4684 Beatus
1609 4627 1709 4685 Job
1744 4639 1865 4700 post
1889 4628 1994 4685 'ﬂar

413 4718 552 4787 gella
590 4721 898 4794 proficiens.
931 4729 987 4775 et
1026 4722 1376 4790 semetipsum
1417 4721 1471 4775 in
1506 4736 1700 4791 magna
1737 4721 1994 4793 redargu-

416 4809 564 4876 tione
585 4792 879 4864 discutiens
906 4810 1038 4865 dicit
1071 4827 1084 4863 :
1118 4807 1326 4863 Idcirco
1352 4810 1459 4879 ipse
1490 4826 1570 4864 me
1597 4792 1917 4881 reprehendo
1940 4823 1990 4868 et

414 4912 512 4966 ago
532 4895 889 4966 ρωηὶιριιιῖατη
914 4897 969 4949 in
997 4895 1182 4965 favilla
1204 4908 1249 4951 et
1279 4897 1450 4952 cinere
1477 4898 1788 4973 (Μίδεω).
1807 4901 1987 4975 (Grrg.

412 4985 469 5051 in
497 5002 544 5038 c.
579 4984 696 5048 Job,
730 5002 862 5055 xw,
892 4985 932 5039 Ι.
959 5002 1124 5052 xxxv,
1148 5003 1197 5041 c.
1241 4986 1319 5060 2.)
1348 4989 1404 5043 ιιι
1438 4988 1613 5045 favilla
1660 4994 1804 5047 enim
1835 5002 1891 5049 et
1912 4995 1989 5060 ci-

413 5088 544 5142 nere
594 5074 963 5143 pmnitentiam
1011 5090 1171 5146 agere
1217 5086 1322 5145 est,
1372 5080 1731 5151 contemplata
1774 5097 1986 5151 summa

411 5162 669 5228 essentia,
718 5163 850 5218 nihil
889 5164 1036 5221 aliud
1076 5183 1239 5238 quam
1276 5169 1511 5225 favillam
1550 5186 1608 5228 se
1643 5172 1987 5241 cineremque

409 5264 753 5324 cognoscere.
789 5256 847 5310 ln
879 5257 1053 5313 cilicio
1081 5261 1348 5331 asperitas
1394 5270 1450 5317 et
1471 5263 1815 5334 compunclio
1862 5278 1987 5343 pec-

412 5352 676 5412 catorum,
717 5347 771 5401 in
816 5347 996 5405 cinere
1043 5359 1218 5408 autem
1268 5353 1444 5424 pulvis
1494 5355 1794 5409 ostenditur
1844 5369 1986 5409 mor-

400 5447 646 5496 uorum.
708 5436 775 5492 Et
819 5438 1020 5497 idcirco
1056 5450 1353 5513 utrumque
1406 5443 1650 5498 adhiberi
1698 5445 1763 5499 ad
1818 5447 1986 5516 paeni-

411 5528 633 5583 tentiam
680 5529 838 5595 solet,
879 5523 1012 5588 utin
1036 5536 1466 5606 compnnctionis
1496 5533 1671 5589 cilicio
1695 5550 1983 5606 cOgrzosca-

415 5629 532 5666 mus
581 5615 709 5684 quid
750 5632 848 5686 per
880 5619 1064 5690 culpas
1096 5620 1340 5687 fecimus,
1384 5630 1437 5675 ct
1464 5622 1517 5674 in
1548 5620 1723 5676 favilla
1760 5626 1978 5693 cineris,

413 5703 805 5773 perpendamus
824 5708 951 5779 quid
979 5726 1076 5780 per
1093 5710 1356 5782 judicium
1398 5709 1524 5765 facti
1549 5724 1749 5775 senius.
1783 5715 1980 5778 Fidelis

2097 4538 2227 4609 quin
2253 4540 2490 4593 moriens
2516 4540 2583 4593 ad
2606 4550 2863 4597 mternam
2895 4550 3141 4609 transeat
3162 4546 3426 4615 requiem,
3457 4546 3558 4614 Qui
3580 4563 3676 4606 au-

2094 4638 2202 4685 tem
2232 4645 2395 4701 prave
2421 4632 2650 4685 vivendo
2674 4634 3046 4703 paenitentiam
3096 4636 3149 4705 in
3181 4637 3376 4693 mortis
3396 4639 3506 4710 agit
3534 4640 3678 4708 peri‘

2093 4721 2237 4787 culo,
2273 4722 2413 4777 sicut
2461 4720 2575 4791 cjus
2601 4725 2876 4779 damnatio
2911 4726 3118 4787 incerta
3164 4737 3268 4793 est,
3300 4728 3383 4784 sic
3426 4732 3677 4790 remissio

2093 4814 2273 4871 dubia.
2306 4813 2564 4881 Quamvis
2603 4830 2701 4885 per
2726 4817 3099 4885 pmnitcntiam
3127 4819 3439 4889 propitiatio
3476 4836 3671 4890 pecea-

2092 4914 2269 4959 torum
2299 4905 2389 4969 sit,
2416 4904 2535 4959 sine
2561 4913 2705 4960 metu
2733 4908 2896 4971 homo
2922 4922 3044 4969 esse
3070 4924 3178 4971 non
3207 4909 3389 4976 debet,
3416 4911 3541 4979 quia
3560 4926 3674 4982 pce-

2090 4993 2331 5059 nitcntia:
2356 4992 2653 5050 satisfactio
2676 4996 2861 5052 divino
2902 5006 3165 5067 pensatur
3185 4999 3410 5066 judicio,
3438 5017 3545 5056 non
3571 5003 3671 5059 hu-

2089 5097 2270 5138 mano.
2297 5081 2529 5138 Proinde
2573 5084 2698 5153 quia
2746 5086 3025 5140 miseratio
3055 5088 3149 5141 Dei
3175 5088 3385 5144 occulta
3417 5099 3521 5161 est,
3549 5094 3667 5162 sine

2088 5173 2488 5231 intermissione
2539 5173 2670 5229 ﬂere
2718 5191 2941 5239 necesse
2988 5187 3090 5233 est.
3138 5177 3323 5249 Neque
3378 5182 3526 5237 enim
3571 5201 3666 5251 ιιιιι-

2087 5278 2247 5335 quam
2270 5273 2481 5334 oportet
2503 5268 2857 5339 peenitentem
2886 5267 3087 5324 habere
3113 5269 3180 5323 ‘de
3202 5272 3440 5338 peccatis
3463 5276 3667 5330 securi-

2091 5364 2277 5412 tatem.
2311 5357 2445 5413 Nam
2491 5358 2758 5414 securitas
2782 5359 3164 5430 negligentiam
3195 5361 3358 5430 parit,
3384 5363 3662 5435 negligen-

2089 5446 2164 5501 tia
2208 5455 2385 5501 autem
2415 5460 2556 5517 saepe
2580 5449 2854 5503 incautum
2880 5449 2948 5503 ad
2974 5448 3101 5503 vitia
3126 5457 3399 5506 transacta
3429 5454 3659 5511 reducit.

2088 5532 2225 5588 Dum
2265 5549 2362 5604 per
2386 5536 2756 5606 pmnitcntiam
2806 5537 3029 5608 expulsa
3076 5536 3280 5594 fuerint
3326 5541 3395 5594 ab
3441 5542 3661 5600 bonum:

2086 5625 2237 5691 vitia,
2266 5627 2309 5680 si
2334 5625 2470 5680 forte
2495 5633 2617 5695 post
2643 5627 2758 5683 lucc
2782 5629 3149 5685 intercedente
3174 5635 3405 5685 securit-u
3416 5640 3486 5695 te,
3514 5649 3659 5703 qua:-

2086 5716 2214 5788 libct
2238 5714 2392 5795 culpa
2430 5718 2780 5790 subrepserit,
2808 5718 3093 5776 confcsthn
3135 5719 3525 5777 delectationes
3547 5725 3657 5794 pri»
