3940 6412
251 308 358 366 Gil!

1444 307 1748 365 DlADEMA
1786 307 2210 366 MONACHORU
2221 307 2286 361 Μ.

3389 311 3495 372 6H

244 434 405 480 stmxe
426 419 681 474 vitiorum
704 417 915 474 avidius
941 415 1208 488 irrepunt,
1232 416 1620 489 pulsantesque
1648 421 1824 476 homi-
1852 427 1905 487 Α
1926 422 2051 476 dum
2078 420 2346 477 desiderio
2367 427 2583 477 aeterna:
2604 418 2728 475 vita:
2753 417 3009 490 suspirat.
3058 418 3304 488 Quatuor
3320 430 3503 483 autem

245 528 373 569 nem
402 513 456 567 in
501 519 756 567 consueta
782 525 946 582 opera
992 511 1212 581 gravius
1262 512 1600 580 pertrahunt,
1645 512 1719 567 ita
1771 521 1831 568 ut

243 603 353 661 siut
378 603 656 660 novissima
681 603 827 659 illius
855 603 1040 674 pejora
1066 604 1330 675 prioribus
1359 603 1577 677 (Matth.
1613 606 1734 679 xu).

834 694 1065 752 CAPUT
1103 695 1244 753 XVI.

806 765 884 821 De
919 765 1265 833 confessione.

323 835 457 892 llinc
498 834 733 907 Jacobus
756 837 834 891 ait
860 854 874 889 :
900 835 1235 906 Couﬁtemini
1263 836 1577 893 alterutrum
1617 848 1832 910 peccata

249 937 443 993 perstra,
488 936 537 981 et
589 938 734 982 orate
784 942 879 997 pro
912 927 1151 991 invicem,
1187 936 1244 981 ut
1284 926 1729 1000 salvcmini(1ac.
1770 928 1830 1001 l).

252 1016 310 1071 lu
335 1017 441 1071 hac
464 1025 642 1071 autem
672 1015 942 1072 sententia
992 1014 1082 1069 illa
1123 1014 1285 1071 debet
1309 1031 1432 1073 esse
1459 1016 1740 1081 discretio,
1775 1025 1837 1071 ut

250 1107 568 1179 quotidiana
597 1107 841 1176 leviaquc
865 1115 1085 1178 peccata
1114 1106 1437 1162 alterutrum
1466 1107 1836 1179 coaequalibus

248 1198 625 1264 confiteamur,
642 1211 936 1268 eorumque
956 1196 1270 1266 quotidiana
1294 1198 1579 1252 credamus
1593 1197 1838 1257 oratione

250 1286 471 1344 salvari.
500 1287 670 1345 Porro
713 1285 979 1357 gravioris
1028 1284 1191 1355 lepra:
1236 1285 1656 1351 immunditiam,
1681 1284 1837 1354 juxta

251 1374 428 1451 legem
453 1374 732 1430 Sacerdoti
764 1373 1084 1445 pendamus,
1102 1382 1264 1444 atque
1290 1375 1356 1429 ad
1381 1372 1499 1442 ejus
1526 1375 1833 1441 arbitrium,

252 1471 490 1543 qualiter
518 1477 572 1527 et
600 1477 803 1541 quanto
831 1476 1077 1539 tempore
1097 1468 1343 1539 jusserit,
1371 1468 1650 1539 purificari
1681 1482 1838 1524 cure-

252 1578 377 1617 mus
406 1560 553 1634 (ch.
598 1558 743 1631 xm).
780 1558 920 1619 Hinc
964 1566 1019 1614 ct
1046 1559 1217 1614 David
1253 1558 1331 1613 ait
1359 1577 1371 1612 :
1402 1556 1592 1612 Revela
1611 1557 1838 1612 Domino

252 1652 392 1707 riam
435 1659 604 1714 tuam,
632 1658 679 1704 ct
704 1665 858 1720 spera
879 1649 933 1703 in
956 1665 1017 1704 eo
1048 1645 1167 1720 (Ps.
1192 1647 1403 1717 XXXVI).
1438 1646 1629 1702 Velum
1667 1645 1840 1717 quod-

255 1741 382 1797 dam
406 1749 492 1796 est
514 1741 754 1796 densitas
793 1746 1162 1810 peccatorum,
1189 1738 1332 1797 unde
1360 1738 1469 1803 via,
1511 1737 1566 1799 id
1598 1743 1686 1792 est
1730 1736 1837 1796 vita
1866 1770 1914 1830 Β

255 1839 445 1887 nostra
473 1830 780 1897 tenebrosa,
811 1829 1045 1885 amictus
1068 1828 1495 1886 circumdatione
1518 1827 1713 1887 vectita
1733 1832 1835 1882 est.

256 1921 411 1979 lianc
442 1922 774 1989 revelamus,
826 1922 1044 1995 quando
1087 1921 1284 1978 delicta
1335 1928 1523 1976 nostra
1551 1921 1841 1975 tenebrosa

255 2015 660 2086 promptissime
697 2014 1040 2071 conﬁtemur.
1072 2013 1207 2070 Item
1235 2013 1353 2085 ipse
1376 2012 1547 2067 David
1572 2008 1841 2079 :Conﬁte-

255 2105 388 2159 mini
418 2105 640 2160 Domino
685 2106 938 2176 quoniam
977 2104 1164 2171 bonus,
1202 2105 1454 2175 quoniam
1494 2104 1549 2157 in
1588 2101 1842 2157 arculum

254 2197 616 2259 misericordia
640 2196 756 2267 ejus
819 2193 937 2270 (Ps.
970 2195 1079 2268 ev).
1119 2194 1529 2252 Confessionem
1562 2194 1742 2256 istam,
1776 2191 1844 2251 ad

257 2285 585 2343 medicinam
614 2284 970 2356 plenitudinis
997 2283 1374 2355 applicandam
1416 2282 1685 2353 designat.
1733 2279 1844 2336 Sed

257 2376 442 2432 ethoc
468 2389 682 2451 quoque
710 2376 778 2435 ad
806 2374 1136 2446 przeconium
1159 2373 1375 2430 Domini
1411 2372 1688 2444 pertinere
1732 2385 1843 2426 non

256 2468 479 2524 dubium
507 2475 609 2534 est,
641 2468 857 2539 quando
896 2466 1073 2538 major
1114 2476 1201 2525 est
1228 2467 1399 2540 gloria
1422 2466 1662 2539 pietatis,
1708 2480 1844 2520 cono

258 2558 434 2618 ﬂtcuti
465 2573 716 2631 parcere,
747 2574 912 2630 quam
958 2560 1162 2616 viventi
1209 2560 1328 2616 sine
1369 2558 1668 2635 offensione
1706 2571 1847 2629 prae-

258 2655 428 2703 stare.
459 2647 528 2703 Et
567 2662 637 2703 ne
663 2648 862 2718 aliquis
890 2647 959 2705 de
981 2649 1263 2718 culparum
1289 2663 1512 2704 suarum
1540 2646 1846 2704 numerosi-

261 2740 465 2799 tatibus
503 2746 827 2806 terreretur,
859 2738 1009 2795 addit
1035 2739 1285 2810 quoniam
1318 2738 1504 2796 bonus.
1534 2737 1666 2804 Quis
1699 2737 1845 2795 enim

258 2830 470 2886 dubitet
516 2830 584 2885 ad
626 2844 752 2885 eum
804 2843 1107 2894 recurrere,
1143 2843 1306 2900 quem
1355 2828 1459 2884 sibi
1501 2828 1654 2884 audit
1686 2840 1849 2899 posse

258 2921 545 2979 celerrime
590 2920 900 2975 subvenire.
926 2917 1170 2984 Addidit,
1212 2919 1461 2989 quoniam
1488 2917 1545 2972 in
1590 2915 1846 2972 arculam

258 3011 619 3067 misericordia
661 3011 798 3081 ejus.
846 3009 1047 3066 Audito
1075 3010 1221 3065 bono
1254 3009 1504 3074 Domino,
1546 3022 1616 3063 ne
1661 3007 1847 3063 sebu-

261 3116 420 3158 mana
455 3101 779 3174 negligentia
804 3117 835 3156 a
868 3100 1111 3157 studiosa
1151 3107 1208 3156 et
1244 3098 1430 3155 sedula
1453 3097 1846 3169 supplicatione
1873 3118 1918 3181 ρ

260 3193 637 3263 suspenderet,
662 3191 888 3248 remedii
923 3206 1147 3248 causam
1186 3190 1341 3257 dicit,
1365 3197 1427 3244 ut
1456 3189 1526 3245 ad
1551 3188 1848 3245 confessio-

261 3298 385 3341 nem
410 3285 644 3340 celerem
685 3284 904 3339 Domini
933 3284 1129 3340 debeat
1151 3295 1378 3337 munere
1406 3280 1687 3336 festinare.
1711 3278 1849 3335 Con-

262 3372 515 3430 fiteamur
559 3388 713 3446 ergo,
758 3373 978 3440 fratres,
1005 3373 1237 3430 Domino
1265 3379 1475 3436 nostro,
1504 3370 1633 3441 quia
1674 3371 1849 3427 bonus

260 3475 435 3532 est,cl
446 3476 671 3548 peccata
693 3466 938 3523 dimittit.
962 3465 1170 3538 (Greg.,
1195 3464 1392 3520 Morel.
1425 3463 1464 3518 Ι.
1492 3480 1630 3530 xxn,
1653 3480 1700 3518 c.
1731 3461 1845 3535 i3.)

262 3556 594 3624 ilumilitatis
639 3557 951 3619 testimonia
1005 3565 1152 3623 sunt,
1195 3564 1252 3611 et
1296 3555 1640 3626 iniquitatem
1690 3569 1849 3609 suam

262 3663 533 3721 quemque
561 3664 908 3720 cognoscere,
941 3657 999 3704 et
1026 3647 1299 3719 cognitam
1328 3660 1462 3701 voce
1490 3643 1851 3700 confessionis

262 3738 494 3808 aperire.
546 3737 815 3794 Usitatum
865 3736 1088 3797 humani
1157 3736 1374 3807 generis
1417 3735 1610 3789 vitium
1641 3742 1743 3800 est,
1795 3741 1852 3788 et

263 3825 492 3882 labendo
536 3835 816 3897 peccatum
868 3825 1231 3891 committere,
1263 3833 1320 3881 et
1342 3826 1695 3881 commissum
1740 3840 1848 3880 non

264 3921 570 3976 confitendo
620 3921 870 3995 prodere,
910 3918 1007 3975 sed
1038 3919 1287 3990 negando
1337 3917 1651 3983 defendere,
1684 3925 1851 3987 atque

263 4011 570 4074 convictum
616 4009 952 4067 defendendo
1006 4007 1387 4079 multiplicare.
1447 4004 1651 4061 Indicia
1707 4017 1852 4057 verte

264 4100 622 4158 confessionis
645 4109 793 4167 sunt,
816 4101 861 4157 si
885 4100 1257 4171 unusquisque
1281 4113 1403 4153 cum
1425 4112 1484 4153 se
1509 4102 1851 4165 peccatorcm

265 4193 421 4258 dicit,
467 4194 520 4248 id
550 4194 616 4248 de
653 4209 713 4249 se
738 4192 942 4248 dicenti
970 4192 1133 4246 etiam
1165 4189 1319 4243 alteri
1351 4202 1462 4243 non
1506 4185 1851 4242 contradicit.

267 4283 539 4353 Scriptum
568 4290 652 4338 est
683 4301 696 4337 :
733 4282 919 4337 Justus
967 4282 1023 4335 in
1061 4279 1319 4351 principio
1355 4286 1633 4332 accusator
1668 4286 1744 4330 est
1772 4276 1855 4330 sui

268 4373 450 4446 (Prov.
498 4374 674 4444 xvm).
719 4372 1028 4429 Curandum
1081 4383 1425 4440 summepere
1473 4377 1577 4433 est,
1605 4375 1667 4421 ut
1711 4366 1851 4421 mala

269 4478 391 4533 quze
442 4461 668 4517 fecimus
696 4470 752 4516 et
779 4470 970 4530 sponte
1018 4458 1309 4523 fateamur,
1345 4464 1401 4512 et
1447 4454 1562 4511 hmc
1611 4453 1736 4509 aiiis
1763 4469 1852 4507 ar—
1880 4460 1931 4520 ι)

268 4553 580 4626 gnenzibus,
629 4568 735 4607 non
779 4565 1059 4622 negemus.
1118 4547 1397 4621 Superbia:
1427 4547 1626 4618 quippe
1660 4546 1850 4600 vitium

268 4658 372 4716 est,
398 4658 459 4703 ut
496 4648 639 4718 quod
686 4662 745 4703 se
778 4648 1008 4717 quisque
1047 4643 1205 4701 fateri
1237 4642 1394 4713 quasi
1416 4657 1514 4697 sua
1538 4650 1751 4712 sponte,
1776 4640 1856 4693 di-

172 4756 179 4761 '
270 4754 487 4815 gnatur,
516 4744 620 4800 hoc
651 4742 757 4803 sibi
787 4742 892 4798 dici
922 4742 990 4796 ab
1015 4740 1137 4796 aliis
1172 4739 1512 4810 dedignctur.

845 4833 1070 4890 CAPUT
1115 4832 1161 4887 Χ
1174 4831 1287 4892 Vll.’

784 4905 863 4961 De
912 4904 1309 4974 compunctione

346 4996 531 5072 (Isid.,
551 5003 587 5051 ι.
606 5013 645 5053 n
675 4997 847 5062 Sent.,
869 5013 917 5050 ε.
941 4995 1055 5064 12.)
1080 4994 1435 5066 Compunctio
1454 4993 1636 5055 cordis
1656 4997 1741 5048 est
1764 4990 1865 5045 hu-

277 5091 481 5153 militas
518 5088 717 5144 mentis
760 5102 883 5142 cum
906 5085 1188 5157 lacrymis,
1222 5088 1475 5145 exoriens
1513 5086 1579 5141 de
1613 5081 1866 5143 recorda-

279 5184 427 5239 tione
473 5181 703 5254 peecati,
748 5188 804 5236 et
855 5179 1050 5235 timore
1084 5177 1300 5246 judicii.
1343 5176 1437 5239 illa
1472 5185 1557 5231 est
1586 5176 1867 5231 conversis

281 5273 574 5347 perfectior
597 5269 1028 5343 compunctionis
1065 5268 1303 5336 affectio,
1355 5282 1477 5338 quae
1522 5281 1713 5322 omnes
1741 5280 1772 5319 a
1808 5278 1869 5319 se

283 5363 584 5422 carnalium
613 5362 1006 5419 desideriorum
1024 5358 1251 5423 affectus
1272 5358 1508 5429 repellit,
1527 5365 1582 5419 et
1605 5356 1864 5415 intentio-.-

284 5470 410 5514 nem
444 5470 598 5515 suam
645 5462 760 5509 toto
785 5453 986 5513 mentis
1024 5452 1206 5508 studio
1243 5451 1299 5506 in
1329 5448 1423 5506 Dei
1452 5447 1866 5517 contemplatio-

284 5567 409 5606 nem
436 5549 641 5622 dcﬁgit.
675 5547 958 5606 Geminam
983 5551 1339 5607 constetesse
1365 5539 1863 5611 compunctionem,

281 5660 390 5716 qua
418 5652 641 5715 propter
666 5642 837 5697 Deum
861 5640 1042 5695 anima
1065 5638 1328 5708 cujusque
1356 5639 1513 5689 etcett
1540 5634 1789 5697 amcitur,
1814 5632 1868 5686 id

290 5718 395 5805 est,
420 5736 503 5792 vel
532 5736 660 5793 dum
709 5748 932 5807 operum
970 5745 1193 5788 suorum
1244 5725 1385 5789 mala
1427 5723 1757 5789 considerat,
1783 5720 1868 5784 vel

1930 520 2059 567 sunt
2080 511 2371 579 qualitates
2400 509 2761 574 afl‘ectionum,
2787 508 2985 579 quibus
3010 523 3163 565 mens
3192 510 3323 581 justi
3348 513 3508 573 taedio,

1930 602 2131 659 salubri
2153 601 2557 671 compungitur,
2578 601 2684 655 hoc
2697 609 2799 666 est,
2826 600 3086 656 memoria
3108 602 3508 673 praeteritorum

1931 691 2254 758 facinorum,
2302 691 2608 746 recordatio
2646 689 2949 751 futurarum
2984 705 3288 761 pugnarum,
3332 693 3510 749 consi~

1931 785 2139 845 deratio
2162 783 2616 859 peregrinationis
2641 797 2753 839 sua:
2791 782 2844 836 in
2869 781 3029 852 hujus
3055 782 3180 837 vitre
3202 782 3511 855 longinqui.

1932 883 2060 941 tate,
2092 874 2421 930 desiderium
2465 888 2712 946 supernae
2755 874 2967 945 patriae,
2997 883 3266 946 quatenus
3291 877 3360 932 ad
3385 892 3509 933 eam

1932 966 2253 1038 quantocius
2279 965 2455 1020 valeat
2499 966 2805 1037 pervenire.
2830 964 2964 1021 Cum
2991 967 3221 1037 quisque
3261 976 3512 1038 peccato-

1934 1072 2053 1116 rum
2082 1056 2343 1117 memoria
2371 1057 2752 1127 compungitur
2776 1057 2843 1110 ad
2885 1056 3143 1123 lamenta,
3165 1065 3294 1113 tunc
3329 1058 3424 1114 Del
3447 1073 3510 1115 se

1934 1146 2194 1208 vivificari
2236 1145 2374 1203 sciat
2410 1147 2720 1216 praesentia,
2774 1148 2991 1217 quando
3034 1162 3099 1203 ex
3145 1163 3212 1203 eo
3256 1150 3400 1219 quod
3453 1163 3514 1206 se

1934 1237 2182 1295 amisisse
2225 1234 2437 1300 recolit,
2485 1236 2710 1293 interius
2755 1236 3028 1291 erubescit
3065 1252 3274 1308 suoque
3306 1237 3516 1306 judicio

1933 1324 2246 1399 pmnitendo
2307 1321 2423 1391 jam
2474 1324 2649 1399 punit.
2718 1322 2854 1379 Nam
2916 1332 3045 1381 tunc
3098 1325 3293 1381 Petrus
3341 1325 3515 1396 ﬂevit,

1934 1420 2151 1493 quando
2194 1417 2249 1474 in
2277 1432 2399 1473 cum
2436 1416 2685 1475 Christus
2715 1419 2950 1488 respexit
2981 1418 3131 1491 (Luc.
3168 1419 3327 1491 χχιι).
3359 1419 3515 1477 Unde

1935 1518 1992 1567 et
2017 1507 2261 1563 Psalmus
2288 1525 2302 1562 :
2338 1506 2607 1578 Respexit,
2629 1507 2825 1576 inquit,
2848 1516 2896 1562 et
2919 1517 3175 1563 commota
3199 1518 3293 1574 est,
3318 1519 3368 1563 et
3391 1526 3516 1565 cons

1937 1602 2146 1656 tremuit
2198 1608 2341 1654 terra
2379 1598 2551 1671 (Paul.
2575 1600 2778 1671 um).
2819 1599 2896 1653 De
2948 1599 3054 1655 hac
3086 1600 3520 1670 compunctionis

1936 1695 2138 1749 virtute
2156 1691 2326 1747 David
2359 1692 2473 1748 ait:
2502 1688 2745 1752 Fuerunt
2792 1689 2922 1743 mihi
2966 1688 3215 1760 lacrymae
3251 1706 3382 1745 meo
3416 1707 3518 1763 pa-

1941 1803 2033 1842 nes
2076 1785 2161 1839 die
2201 1801 2264 1839 ac
2314 1792 2477 1839 noctc-
2528 1779 2702 1854 (Psal.
2755 1778 2892 1851 xu).
2935 1778 3079 1852 (Huc
3132 1795 3297 1852 usque
3355 1778 3521 1852 Isid.)

1939 1873 2111 1930 Luctu
2159 1888 2259 1928 suo
2292 1872 2473 1926 anima
2518 1870 2783 1941 pascitur,
2812 1884 2937 1926 cum
2973 1868 3042 1923 ad
3070 1882 3304 1938 superna
3324 1868 3521 1940 gaudia

1940 1963 2116 2018 ﬂendo
2145 1962 2474 2025 sublevatur,
2503 1968 2559 2015 et
2586 1959 2731 2014 intus
2750 1959 2969 2029 quidem
3009 1957 3209 2013 doloris
3229 1957 3313 2013 sui
3345 1956 3518 2030 gemi-

1941 2065 2057 2111 tum
2104 2054 2341 2111 tolerat:
2370 2051 2467 2108 sed
2519 2066 2585 2107 eo
2626 2048 2941 2105 refcctionis
2978 2046 3235 2119 pabulum
3266 2045 3525 2118 percipit,

1941 2160 2050 2217 quo
2097 2145 2225 2205 hinc
2264 2143 2349 2205 vis
2398 2140 2603 2198 amoris
2652 2155 2752 2211 per
2794 2138 3062 2211 lacrymas
3088 2143 3323 2192 emanat.
3352 2135 3528 2199 Electi.

1942 2236 2367 2306 uniuscujusque
2390 2247 2546 2289 mens
2569 2231 2725 2302 ponit
2752 2236 2878 2284 ante
2918 2227 3106 2285 oculos
3130 2228 3277 2283 illinc
3307 2225 3527 2287 distric-

1943 2328 2145 2384 tionem
2166 2326 2410 2396 juStitize,
2449 2324 2578 2379 hinc
2619 2321 2873 2378 meritum
2899 2320 3090 2391 culpae.
3117 2319 3393 2391 Conspicit
3415 2333 3530 2391 quo

1943 2418 2209 2491 supplicio
2232 2416 2391 2489 digna
2420 2415 2514 2481 sit,
2551 2413 2597 2469 si
2628 2412 2904 2484 parcentis
2929 2410 3103 2482 pietas
3124 2410 3285 2475 desit,
3309 2409 3401 2479 qui
3424 2422 3526 2480 per

1941 2509 2180 2566 lamenta
2201 2506 2490 2580 praesentia
2518 2505 2586 2562 ab
2632 2511 2832 2560 :cterna
2858 2515 3050 2559 eruere
3096 2515 3258 2571 parua
3300 2513 3528 2556 consue-

1942 2604 2043 2659 vit.
2080 2601 2436 2671 Omnipotens
2460 2598 2603 2654 Deus
2644 2603 2853 2651 mentes
2883 2593 3181 2649 carnalium
3208 2592 3352 2664 (quze
3378 2591 3529 2661 prius

1946 2693 1999 2747 in
2025 2689 2185 2759 hujus
2205 2688 2390 2744 mundi
2414 2686 2664 2741 fluctibus
2688 2680 3045 2756 vagabantur)
3067 2696 3166 2752 per
3201 2679 3374 2736 sancti
3403 2678 3529 2760 Spi-

1945 2782 2084 2837 ritus
2126 2779 2416 2835 adventum
2460 2775 2517 2831 in
2572 2788 2808 2830 mmrore
2852 2769 3187 2843 paenitentiae
3227 2767 3435 2840 aﬂligit,
3470 2774 3532 2829 ut

1946 2870 2180 2928 contrita
2220 2867 2474 2940 superbia
2519 2864 2809 2922 salubriter
2852 2863 2907 2917 in
2955 2860 3264 2916 humilitate
3286 2857 3533 2927 iaceant,

1946 2978 2083 3034 quas
2131 2960 2283 3031 prius
2337 2958 2393 3013 in
2441 2957 2548 3012 hoc
2591 2954 2733 3009 mari
2780 2951 2984 3013 sreculi,
3015 2950 3124 3004 alta
3167 2948 3425 3005 vanitatis
3475 2955 3535 3011 et

1946 3050 2326 3125 prosperitatis
2349 3063 2465 3105 sua:
2485 3046 2628 3102 unda
2651 3043 2917 3100 sublevat.
2944 3039 3124 3113 (Grcg.
3146 3038 3287 3094 Mor.
3310 3038 3531 3112 Ιηιιιιι,

1950 3163 1999 3201 c.
2034 3144 2152 3217 21.)
2201 3142 2444 3210 Quatuor
2477 3144 2606 3194 sunt
2654 3134 2968 3206 qualitates,
3013 3130 3209 3201 quibus
3253 3129 3389 3199 justi
3426 3127 3532 3183 viri

1948 3237 2130 3293 anima
2186 3234 2241 3290 in
2279 3228 2695 3303 compunctione
2742 3225 3094 3280 vehementer
3141 3218 3394 3275 adicitur.
3424 3217 3534 3272 Aut

1949 3341 2078 3382 eum
2107 3324 2374 3380 malorum
2398 3332 2620 3376 suorum
2647 3313 3035 3379 reminiscitur,
3063 3309 3418 3366 considerans
3435 3305 3531 3362 ubi

1949 3420 2052 3475 fuit
2081 3435 2095 3473 :
2126 3426 2220 3472 aut.
2235 3413 2567 3488 judiciorum
2591 3408 2687 3464 Dei
2713 3404 3038 3462 sententiam
3064 3408 3335 3465 metuens,
3358 3405 3417 3454 et
3442 3410 3536 3488 se-

1949 3527 2075 3570 cum
2117 3487 2366 3581 qua‘rcns
2414 3501 2618 3575 cogitat
2665 3499 2758 3554 ubi
2784 3496 2891 3553 erit
2914 3512 2929 3548 :
2953 3501 3050 3549 aut
3094 3506 3219 3547 cum
3243 3489 3388 3546 mala
3410 3487 3537 3545 vita

1948 3577 2234 3677 pnesentis
2263 3596 2494 3653 solerter
2521 3589 2824 3651 attendens,
2852 3597 3092 3641 mcerens
3111 3580 3420 3637 considerat
3442 3577 3538 3633 ubi

1950 3670 2038 3752 est
2088 3710 2101 3747 :
2151 3701 2246 3747 aut
2272 3704 2397 3746 cum
2441 3686 2585 3740 bona
2616 3693 2863 3753 supernae
2890 3676 3081 3749 patria:
3114 3670 3533 3746 contemplatur,

1952 3803 2071 3858 quae
2101 3785 2224 3856 quia
2267 3783 2497 3838 necdum
2541 3774 2879 3846 adipiscitur,
2912 3770 3103 3842 lugens
3143 3765 3409 3858 conspicit
3446 3762 3542 3858 ubi

1954 3853 2061 3933 non
2089 3853 2193 3933 est.
2248 3873 2389 3928 Hinc
2416 3868 2706 3925 Psalmista
2730 3864 2807 3919 ait
2836 3878 2851 3918 :
2882 3859 3077 3914 Polum
3118 3856 3262 3912 dedit
3308 3854 3456 3909 nobis
3484 3853 3545 3919 in

1955 3965 2204 4037 lacrymis
2233 3965 2289 4018 in
2309 3975 2555 4015 mensura
2579 3953 2757 4027 (Psal.
2788 3949 2998 4022 usu).
3026 3945 3425 4004 Providendum
3456 3949 3544 3999 est

1955 4058 2023 4112 iis
2048 4055 2138 4126 qui
2172 4059 2396 4126 peccata
2437 4061 2663 4103 suorum
2711 4055 2936 4114 operum
2965 4038 3272 4108 deplorant,
3313 4042 3376 4090 ut
3406 4048 3541 4126 con-a

1956 4122 2227 4201 summota
2266 4139 2408 4196 mala
2458 4133 2702 4208 perfecto
2752 4130 2963 4187 diluant
3003 4127 3266 4190 lamento,
3310 4138 3382 4179 ne
3422 4122 3545 4192 plus

1957 4235 2330 4306 astringantur
2373 4229 2430 4284 in
2459 4226 2644 4282 debito
2687 4217 2985 4293 perpetrati
3028 4214 3225 4306 operis,
3254 4219 3312 4269 et
3362 4211 3548 4306 minus

1958 4299 2171 4383 Silvani
2216 4324 2272 4376 in
2317 4318 2532 4374 fletibus
2583 4306 2993 4373 satisfactionis.
3048 4303 3320 4386 Scriptum
3344 4299 3549 4371 quippe

1959 4425 2043 4472 est
2072 4434 2083 4469 :
2120 4412 2314 4468 Pomm
2352 4407 2493 4462 dedit
2525 4404 2673 4459 nobis
2714 4401 2769 4455 in
2805 4396 3053 4467 lacrimis
3082 4393 3138 4448 in
3165 4407 3432 4457 mensura,
3468 4388 3543 4454 Ut

1959 4506 2212 4567 videlicet
2262 4496 2686 4578 uniuscujusque
2739 4503 2896 4545 mens
2946 4492 3158 4541 tantum
3211 4478 3548 4553 paenitendo,

1961 4590 2393 4669 compunctionis
2442 4601 2554 4642 suae
2595 4583 2747 4640 bibat
2800 4579 3093 4649 lacrymas,
3133 4579 3397 4644 quantum
3426 4583 3486 4625 se
3514 4582 3551 4639 a

1963 4692 2077 4748 Deo
2112 4685 2361 4745 meminit
2389 4679 2598 4735 aruissc
2625 4690 2722 4746 per
2743 4671 2952 4743 culpas.

2533 4785 2759 4845 CAPUT
2798 4779 2982 4838 XVIII.

2305 4887 2383 4943 De
2412 4900 2500 4957 spe
2527 4890 2575 4937 et
2607 4876 2888 4950 formidine
2915 4872 3218 4929 electorum.

2035 4987 2361 5053 Plerumque
2390 4990 2545 5034 mens
2570 4972 2706 5046 justi
2741 4968 2854 5040 jam
2881 4966 3100 5039 quidem
3125 4961 3271 5033 quod
3298 4973 3555 5031 perverso

1963 5093 2025 5136 se
2053 5077 2233 5149 egisse
2261 5068 2540 5133 meminit,
2573 5062 2852 5135 deplorat,
2885 5066 2942 5149 et
2964 5057 3079 5149 jam
3104 5068 3272 5149 prava
3301 5059 3422 5149 aeta
3446 5064 3555 5117 non

1966 5140 2140 5229 solum
2171 5160 2404 5224 deserit,
2447 5155 2543 5213 sed
2588 5148 2949 5213 amarissimis
2978 5146 3144 5201 etiam
3172 5140 3425 5202 lamentis
3450 5154 3553 5209 pus

1968 5259 2071 5322 nit.
2113 5254 2222 5311 Sed
2260 5259 2441 5306 tamen
2475 5248 2603 5301 dum
2633 5255 2822 5297 eorum
2856 5252 2978 5309 qua:
3013 5236 3128 5309 egit
3169 5229 3554 5322 reminiscitur,

1966 5318 2121 5422 gravi
2154 5340 2345 5414 iudicii
2377 5349 2580 5419 pavore
2621 5342 2874 5389 terretur.
2918 5328 3137 5385 Electus
3177 5324 3405 5422 quisque
3442 5318 3556 5387 jam

1971 5414 2030 5498 se
2058 5436 2295 5511 perfecte
2320 5414 2615 5494 convertit,
2646 5426 2742 5483 sed
2766 5424 2945 5480 adhuc
2972 5436 3032 5477 se
3055 5417 3292 5490 perfecte
3318 5414 3555 5511 in-secu-a

1971 5503 2135 5597 ritate
2167 5544 2276 5585 non
2303 5523 2484 5595 erigit,
2517 5520 2642 5591 quia
2676 5519 2802 5575 dum
2830 5523 3032 5603 quanta
3062 5512 3134 5567 sit
3166 5503 3432 5603 districtio
3458 5517 3556 5556 ex?

1976 5596 2134 5682 tremt
2174 5618 2440 5676 examinis
2477 5622 2697 5687 pensat,
2746 5596 2887 5666 inter
2927 5621 3077 5690 spem
3120 5612 3177 5659 et
3216 5596 3557 5690 formidinem

1974 5715 2238 5773 sollicitus
2274 5683 2508 5780 trepidat
2540 5724 2552 5759 :
2586 5704 2709 5776 quia
2741 5700 2903 5775 iudex
2933 5683 3113 5770 justus
3152 5691 3392 5754 veniens,
3427 5683 3557 5759 quid
