3940 6410
471 246 578 305 615

1762 274 2117 335 SMARAGD!
2153 277 2448 341 ABBATIS

3619 297 3732 353 6H)

462 389 531 443 de
564 384 887 457 perpetratis
918 392 1156 454 reputet,
1186 385 1316 455 quid
1346 384 1579 451 relaxet,
1622 388 1850 459 ignorat.
1896 389 2030 445 Nam
2058 395 2110 456 Α
2135 391 2401 460 baptisma
2427 398 2696 449 mortuum
2726 396 2915 466 tangit,
2943 397 3035 468 qui
3056 398 3265 470 culpam
3287 412 3411 473 post
3441 403 3736 482 iacrymas

460 491 626 547 quam
652 492 816 547 prava
848 475 1180 531 commiserit
1212 476 1483 544 meminit,
1532 478 1630 533 sed
1656 493 1725 532 an
1751 479 2041 534 commissa

461 567 621 637 digne
662 566 968 633 deﬂevcrit,
1011 567 1185 621 nescit
1221 585 1233 620 :
1274 582 1339 623 ac
1382 583 1453 623 ne
1516 569 1687 638 culpae
1729 571 2044 626 immanitas

461 657 679 714 modum
723 656 1053 727 poenitentia:
1088 666 1331 712 transeat
1375 659 1594 723 metuit,
1630 667 1687 714 et
1723 659 2042 729 plerumque

458 747 670 821 culpam
691 746 805 816 jam
828 747 1031 802 veritas
1059 747 1269 801 relaxat
1285 786 1301 812 ,
1345 749 1440 804 sed
1464 763 1618 804 mens
1644 748 1840 805 aﬂlicta
1866 751 2043 807 adhuc

457 838 523 895 de
552 837 707 895 venia
738 837 888 909 (dum
912 838 1070 895 valde
1092 838 1196 893 sibi
1223 846 1307 893 est
1332 838 1582 910 sollicita)
1611 840 1863 910 trepidat.
1902 840 2043 897 San-

454 937 579 985 ctus
604 944 735 1000 ergo
763 929 848 985 vir
880 928 1044 985 etiam
1083 930 1172 984 hic
1208 928 1633 986 misericordiam
1671 932 1915 1000 suscipit,
1946 932 2043 987 sed

456 1019 761 1091 suscepisse
785 1032 843 1073 se
870 1007 1064 1083 nescit,
1092 1018 1217 1088 quia
1246 1027 1530 1088 peccatum
1558 1034 1714 1074 suum
1744 1020 1907 1074 homo
1924 1020 2040 1091 jam

456 1110 779 1181 corrigendo
816 1118 871 1166 et
906 1110 1219 1180 paenitendo
1257 1111 1476 1175 deserit,
1518 1111 1613 1167 sed
1649 1119 1828 1170 tamen
1865 1113 2041 1168 adhuc

463 1200 769 1255 districtum
796 1198 1034 1267 iudicem
1060 1199 1126 1254 de
1160 1197 1277 1268 ejus
1305 1200 1659 1257 retributione
1684 1201 2036 1270 pertimescit.

452 1290 567 1349 Illic
593 1305 721 1362 ergo
744 1289 923 1360 justus
950 1291 1177 1361 quilibet
1201 1291 1607 1349 misericordias
1634 1293 1846 1348 Domini
1871 1293 2039 1349 libere

455 1380 511 1437 in
549 1382 848 1439 aeternitate
886 1390 1099 1449 cantat,
1138 1381 1231 1437 ubi
1258 1382 1373 1453 jam
1408 1382 1473 1438 de
1507 1382 1717 1453 peccati
1752 1382 1907 1437 venia
1936 1383 2036 1437 du-

454 1472 632 1530 bietas
661 1487 767 1528 non
795 1480 881 1528 est
898 1513 915 1540 ,
950 1475 1039 1529 ubi
1058 1472 1172 1543 jam
1197 1489 1444 1532 securam
1470 1482 1706 1530 mentem
1732 1474 1900 1544 culpae
1926 1488 2040 1529 sum

453 1564 719 1621 memoria
746 1579 853 1619 non
876 1566 1045 1635 angit,
1069 1564 1159 1620 ubi
1195 1580 1303 1621 non
1330 1565 1433 1620 sub
1459 1573 1612 1620 reatu
1634 1566 1848 1624 animus
1875 1563 2038 1634 trepi-

452 1652 569 1718 dat,
584 1654 678 1709 sed
702 1654 767 1709 de
790 1654 908 1724 ejus
929 1654 1259 1726 indulgentia
1281 1655 1418 1710 iiber
1433 1654 1685 1711 exsultat.
1700 1653 2037 1709 Admonendi

2144 483 2365 551 appetit.
2412 482 2546 538 Hinc
2587 483 2842 542 Salomon
2887 488 2964 542 ait
3009 506 3021 540 :
3067 489 3215 544 Sicut
3251 495 3399 548 canis
3434 496 3530 567 qui
3567 498 3736 555 iterat

2141 573 2415 628 stultitiam
2442 591 2593 630 suam
2624 576 2804 648 (Prov.
2831 579 3004 651 nvr).
3035 579 3199 638 Canis
3221 597 3351 655 ergo
3377 602 3503 642 cum
3530 591 3731 655 vomit,

2140 659 2383 729 profecto
2411 662 2588 717 cibum
2624 665 2715 733 qui
2752 676 2942 736 pectus
2966 667 3299 739 deprimebat
3336 675 3555 745 proiicit
3582 694 3599 733 :
3626 682 3733 735 sed

2141 765 2265 804 cum
2301 752 2371 807 ad
2405 753 2664 808 vomitum
2699 757 3009 824 revertitur,
3043 760 3187 816 unde
3223 761 3485 836 levigatus
3522 766 3730 835 fuerat,

2141 855 2329 896 rursus
2354 850 2635 897 oneratur.
2668 844 2735 898 Et
2769 845 2859 915 qui
2889 847 3123 909 admissa
3149 849 3435 929 plangunt,
3475 856 3732 928 profecto

2139 931 2436 998 nequitiam
2468 933 2534 987 de
2561 947 2665 1003 qua
2690 934 2833 991 male
2858 937 3040 995 satiati
3068 937 3307 1009 fuerant,
3340 951 3542 1017 etquae
3564 961 3730 1004 men-

2140 1018 2212 1073 tis
2246 1019 2435 1109 intima
2470 1021 2834 1091 deprimebat,
2870 1025 3176 1082 confitendo
3207 1032 3517 1105 projiciunt,
3555 1050 3725 1109 quam

2137 1115 2261 1177 post
2283 1107 2678 1164 confessionem
2701 1111 2826 1166 dum
2850 1122 3119 1184 repetunt,
3143 1129 3441 1174 resumunt.
3474 1107 3587 1177 Sus
3604 1142 3725 1179 vero

2137 1196 2193 1250 in
2238 1195 2511 1252 volutabra
2561 1198 2659 1253 luti
2708 1200 2835 1254 dum
2880 1202 3121 1271 lavatur,
3172 1209 3436 1264 sordidior
3481 1214 3727 1268 redditur

2140 1285 2227 1359 (11
2248 1284 2393 1342 Petr.
2423 1287 2505 1360 ιι).
2534 1289 2601 1344 Ει
2626 1291 2716 1360 qui
2741 1291 3035 1350 admissum
3062 1296 3268 1367 plangit
3287 1310 3591 1371 peccatum,
3621 1322 3724 1362 nec

2138 1386 2320 1434 tamen
2343 1380 2575 1447 deserit,
2611 1397 2751 1452 pene
2779 1384 3013 1454 graviori
3049 1401 3109 1443 se
3138 1389 3308 1460 culpa:
3336 1392 3555 1461 subjicit
3583 1414 3597 1448 :
3626 1398 3722 1466 qui

2137 1475 2193 1523 et
2212 1469 2383 1539 ipsam
2411 1487 2573 1541 quam
2602 1472 2777 1529 ﬂendo
2804 1475 3099 1546 impetrare
3133 1482 3308 1550 potuit
3342 1486 3556 1540 veniam
3585 1502 3716 1541 con-

2137 1560 2349 1625 temnit,
2374 1569 2430 1615 et
2458 1562 2611 1631 quasi
2652 1563 2707 1618 in
2748 1564 2924 1620 lutosa
2960 1581 3101 1636 aqua
3140 1574 3488 1643 semetipsum
3529 1577 3718 1642 volvit,

2137 1653 2265 1721 quia
2305 1652 2431 1706 dum
2480 1652 2693 1709 ﬂetibus
2732 1656 2846 1711 suis
2891 1655 3017 1711 vita:
3063 1662 3380 1718 munditiam
3422 1665 3716 1731 subtrahit,

451 1752 582 1801 sunt
609 1743 803 1801 timore
827 1743 1134 1800 formidinis
1160 1745 1433 1815 oppressi,
1464 1752 1525 1812 u_t
1560 1745 1627 1799 de
1663 1744 2034 1800 misericordia
2060 1726 2109 1787 Β
2136 1750 2263 1797 ante
2299 1741 2396 1798 Dei
2429 1744 2615 1800 oculos
2648 1746 2896 1805 sordidas
2924 1750 3071 1823 ipsas
3093 1752 3256 1807 etiam
3292 1752 3560 1831 lacrymas
3589 1726 3721 1817 facit

452 1847 616 1902 quam
662 1833 937 1905 postulant
979 1842 1342 1905 praesumant,
1381 1849 1450 1889 ne
1476 1835 1528 1888 vi
1554 1833 1923 1890 immoderata;
1949 1833 2032 1887 af-

450 1920 706 1979 ﬂictionis
744 1922 1030 1981 intereant.
1062 1921 1266 1995 (Greg.,
1306 1932 1445 1993 past.
1475 1923 1629 1977 Cura:
1656 1940 1711 1993 p.
1753 1938 1849 1988 ιιι,
1887 1923 2030 1977 adm.

452 2011 569 2081 30.)
607 2011 792 2081 Neque
827 2012 974 2070 enim
1018 2012 1107 2081 pie
1147 2012 1407 2067 Dominus
1443 2019 1569 2066 ante
1609 2010 2033 2081 delinquentium

450 2103 639 2158 oculos
676 2101 849 2159 ﬂenda
874 2110 1097 2172 peccata
1123 2110 1454 2174 opponeret,
1483 2103 1530 2158 si
1566 2118 1663 2174 per
1688 2102 2034 2171 semetipsum

450 2207 517 2247 ea
554 2193 802 2248 districte
833 2192 995 2248 ferire
1021 2192 1294 2249 voluisset.
1334 2191 1559 2250 Constat
1588 2192 1731 2247 enim
1759 2192 1902 2262 quod
1934 2204 2034 2247 suo

448 2283 654 2354 judicio
694 2284 1028 2340 abscondere
1067 2285 1271 2350 voluit,
1316 2300 1452 2354 quos
1488 2284 1796 2343 miserando
1828 2299 2033 2356 prave.

448 2375 624 2441 niens,
666 2375 1017 2445 sibimetipsis
1051 2376 1265 2446 judices
1307 2375 1453 2431 fecit.
1498 2375 1635 2431 illnc
1671 2391 1767 2446 per
1803 2375 2032 2435 Paulum

448 2466 648 2522 dicitur
690 2484 703 2520 :
756 2465 817 2522 Si
861 2468 1197 2538 nosmetipsos
1233 2467 1666 2537 dijudicaremus,
1709 2482 1813 2521 non
1855 2466 2031 2541 utique

442 2553 811 2624 judicaremur
839 2554 891 2627 (Ι
917 2553 1041 2610 Cor.
1070 2554 1149 2627 ιι)

1030 2645 1257 2703 CAPUT
1294 2646 1437 2702 XIX.

518 2735 596 2791 De
618 2737 686 2792 iis
708 2737 799 2807 qui
820 2736 889 2789 ad
914 2734 1159 2790 delictum
1180 2747 1292 2807 post
1319 2737 1578 2808 lacrymas
1607 2745 1952 2792 revertuntur.

517 2828 701 2901 (Isid.,
731 2828 769 2883 Ι.
799 2846 838 2884 ιι
869 2828 1042 2894 Sent.,
1072 2846 1116 2883 c.
1150 2829 1261 2901 16.)
1299 2830 1521 2885 Derisor
1548 2837 1665 2896 est,
1702 2845 1809 2884 non
1848 2827 2025 2899 paeni-

446 2927 589 2985 tens,
613 2920 705 2989 qui
738 2921 913 2980 adhuc
942 2920 1056 2990 agit
1087 2922 1615 2991 quodpoenitetznec
1635 2921 1847 2977 videtur
1859 2922 2026 2975 Deum

444 3024 668 3081 poscere
709 3010 978 3073 subditus,
1025 3010 1120 3065 sed
1161 3012 1496 3066 subsannare
1539 3012 1823 3081 superbus.
1866 3008 2026 3064 Canis

445 3118 676 3160 reversus
705 3103 776 3158 ad
805 3103 1075 3167 uomitum,
1101 3112 1148 3158 et
1176 3103 1425 3173 paenitens
1453 3102 1522 3157 ad
1545 3111 1811 3174 peccatum
1839 3100 2020 3174 (Prov.

446 3190 618 3261 xm).
652 3190 803 3247 Multi
828 3191 973 3245 enim
1007 3191 1274 3263 iacrymas
1301 3192 1668 3248 indesinenter
1698 3191 1945 3255 fundunt,
1972 3200 2027 3246 et

443 3296 675 3351 peccare
716 3296 823 3337 non
865 3283 1139 3337 desinunt.
1181 3282 1451 3350 Quosdam
1490 3283 1737 3339 videmus
1778 3283 2028 3352 accipere

444 3372 716 3441 lacrymas
755 3372 824 3427 ad
868 3372 1261 3441 paenitentiam,
1306 3380 1363 3427 et
1406 3371 1655 3430 eﬂectum
1696 3373 2028 3444 poenitentiae

442 3476 552 3523 non
582 3462 815 3526 habere,
844 3461 969 3530 quia
1012 3462 1372 3517 inconstantia
1400 3461 1597 3523 mentis
1615 3502 1632 3528 ,
1662 3478 1807 3517 nunc
1847 3477 2027 3518 recor-

442 3553 659 3612 datione
690 3552 897 3621 peccati
938 3551 1208 3624 iacrymas
1238 3553 1489 3620 fundunt,
1533 3569 1678 3608 nunc
1718 3568 1846 3609 vero
1887 3554 2028 3609 revi-

443 3644 683 3702 viscente
720 3657 824 3697 usu
850 3657 916 3697 ea
948 3659 1069 3713 quae
1106 3642 1353 3698 ﬂeverint
1386 3644 1629 3703 iterando
1662 3646 2020 3702 committunt.

445 3717 548 3801 Qui
576 3741 632 3787 et
657 3732 932 3802 praeterita
965 3733 1080 3787 vult
1103 3733 1359 3805 plangere
1386 3743 1440 3790 et
1468 3736 1771 3795 actionibus
1799 3736 2021 3791 saecula-

444 3824 598 3883 ribus
634 3822 908 3888 inwbare,
941 3823 1044 3879 iste
1080 3824 1482 3881 inundationem
1521 3843 1628 3887 non
1666 3828 1849 3893 habet,
1886 3843 2022 3897 quo-

442 3914 590 3975 niam
613 3913 786 3968 adhuc
804 3914 938 3985 agit,
959 3929 1076 3983 quae
1095 3915 1407 3984 pmnitendo
1429 3915 1625 3972 deﬂere
1648 3918 1834 3988 possit.
1857 3916 2023 3975 lsaias

441 4002 816 4073 peccatoribus
837 4004 969 4059 dicit
994 4022 1007 4057 :
1032 4003 1326 4073 Lavamini,
1362 4007 1544 4061 mundi
1570 4017 1731 4061 estote
1770 4006 1925 4078 (Isai.
1954 4005 2017 4078 ι).

435 4091 679 4153 »Ιιανίιιιιι-
724 4091 907 4162 itaque
952 4100 1008 4149 et
1051 4094 1283 4155 mundus
1343 4103 1427 4151 est
1454 4134 1473 4161 ,
1519 4096 1613 4166 qui
1653 4103 1709 4151 et
1748 4096 2019 4173 praeterita

438 4180 664 4251 plangit,
706 4192 762 4235 et
800 4180 976 4238 ﬂenda
1016 4183 1211 4238 iterum
1252 4200 1359 4239 non
1397 4186 1651 4246 admittit.
1692 4185 1929 4240 Lavatur
1965 4195 2022 4241 et

438 4286 545 4325 non
568 4280 653 4327 est
678 4273 931 4340 mundus,
961 4275 1053 4344 qui
1094 4275 1299 4347 plangit
1324 4292 1445 4349 quae
1469 4278 1639 4348 gessit
1662 4293 1762 4334 nec
1794 4278 2013 4343 deserit,

436 4367 493 4419 et
520 4369 640 4430 post
666 4360 930 4432 iacrymas
958 4378 1023 4418 ea
1061 4379 1180 4433 qua:
1223 4364 1444 4420 ﬂeverat
1479 4366 1691 4441 repetit.
1736 4364 1828 4421 Sic
1865 4367 2018 4420 deni-

436 4464 543 4518 que
566 4460 620 4506 et
644 4451 773 4513 alibi
798 4452 1031 4509 animam
1056 4452 1406 4523 pmnitentem
1436 4462 1596 4524 atque
1626 4455 1822 4513 iterum
1848 4453 2017 4508 delin-

434 4549 688 4608 quentem
715 4523 891 4600 sermo
921 4545 1133 4598 divinus
1167 4545 1410 4619 increpat
1436 4545 1621 4599 dicens
1652 4562 1665 4598 :
1702 4544 1871 4609 Quam
1902 4545 2016 4601 uilis

434 4646 488 4682 cs
508 4630 648 4698 [acta
671 4632 844 4697 nimis,
882 4634 1076 4694 iterans
1114 4634 1222 4687 vias
1259 4644 1378 4688 tuus
1408 4633 1540 4705 (Jer.
1567 4632 1649 4704 ιι).
1684 4632 1826 4705 (Huc
1852 4651 2014 4707 usque

435 4715 595 4788 isid.)
631 4717 882 4788 Quisquis
914 4737 1043 4795 ergo
1071 4721 1256 4790 culpas
1286 4723 1591 4791 praeteritas
1627 4712 1839 4792 plorat,
1867 4725 2012 4781 hunc

433 4821 656 4861 necesse
684 4819 767 4861 est
800 4809 1017 4865 modum
1062 4819 1270 4876 teneat,
1309 4821 1365 4866 et
1398 4812 1478 4866 sic
1515 4814 1747 4869 admissa
1785 4814 2008 4881 deﬂeat,

432 4910 502 4950 ne
533 4897 727 4952 iterum
772 4896 946 4952 ﬂenda
987 4900 1308 4961 committat.
1351 4901 1620 4972 Scriptum
1651 4911 1734 4959 est
1776 4905 1829 4959 in
1872 4906 2012 4962 libro

432 4986 815 5042 Ecclesiastico
848 5005 860 5041 :
894 4978 1002 5063 Qui
1054 4989 1347 5059 baptizatur
1388 5009 1421 5047 a
1461 5002 1686 5059 mortuo,
1720 5003 1767 5049 et
1822 4994 2009 5049 iterum

431 5077 597 5148 tangit
628 5076 794 5142 illum,
827 5081 954 5150 quid
977 5082 1182 5153 proﬁcit
1209 5080 1401 5139 lavatio
1426 5085 1541 5159 ejus
1572 5085 1761 5158 (Eccli.
1784 5087 2011 5158 xxnv)?

432 5166 637 5242 (Greg.,
674 5180 810 5241 past.
857 5171 1012 5231 Cura:
1038 5191 1091 5244 p.
1129 5191 1213 5242 ιιι,
1245 5176 1385 5230 adut.
1417 5176 1531 5250 51.)
1570 5179 1697 5234 Post
1736 5180 2009 5234 lavacrum

432 5258 662 5313 mundus
696 5275 814 5315 esse
843 5260 1093 5341 negiigit,
1135 5265 1537 5345 quisquispost
1576 5266 1845 5339 lacrymas
1882 5268 2007 5321 vitae

431 5349 794 5406 innocentiam
819 5370 924 5408 non
955 5356 1207 5412 custodit.
1244 5357 1519 5413 Lavantur
1548 5359 1694 5412 enim
1720 5365 1775 5412 et
1804 5371 2009 5427 nequa-

429 5453 589 5508 quam
622 5442 804 5496 mundi
830 5453 975 5511 sunt,
1005 5447 1096 5515 qui
1125 5447 1411 5501 commissa
1439 5446 1567 5500 ﬂere
1596 5460 1703 5500 non
1733 5446 2005 5515 desinunt,

430 5532 522 5584 sed
553 5547 764 5587 rursum
793 5534 965 5591 ﬂenda
1005 5538 1367 5595 committunt.
1407 5537 1719 5607 Baptizatur
1744 5539 1948 5595 scilicet
1975 5558 2005 5597 a

432 5628 661 5689 mortuo,
700 5624 791 5693 qui
830 5626 1121 5680 numdatur
1157 5625 1368 5681 ﬂetibus
1404 5640 1432 5678 a
1471 5635 1714 5696 peccato,
1755 5628 1849 5684 sed
1884 5640 2008 5702 post

2136 1834 2281 1909 (Huc
2305 1854 2466 1908 usque
2492 1835 2694 1913 Greg.).

2346 1917 2354 1926 ’
2724 1933 2952 1995 CAPUT
2990 1937 3114 1995 XX.

2339 2019 2419 2074 De
2445 2022 2552 2076 vita
2583 2020 2665 2077 vel
2691 2028 3079 2083 conversatione
3106 2032 3501 2091 monachorum.

2200 2106 2583 2166 Admonendus
2608 2120 2693 2167 est
2729 2117 3051 2183 monachus,
3074 2127 3136 2173 ut
3171 2121 3536 2176 reverentiam
3563 2122 3718 2177 habi~

2132 2206 2220 2256 tus
2243 2201 2326 2256 sui
2354 2202 2410 2257 in
2435 2210 2582 2269 actu,
2614 2204 2668 2258 in
2697 2204 2982 2274 locutione,
3017 2209 3070 2265 in
3100 2211 3425 2281 cogitatione
3447 2228 3546 2268 sua
3571 2230 3718 2269 sem-

2129 2305 2231 2360 per
2255 2293 2674 2364 circumspiciat,
2718 2304 2882 2370 atque
2920 2314 2983 2354 ea
3023 2316 3143 2371 qum
3182 2302 3367 2357 mundi
3403 2312 3552 2365 sunt,
3593 2320 3719 2374 pcr-

2131 2377 2270 2435 fccte
2291 2382 2521 2447 deserat,
2546 2391 2601 2437 et
2620 2385 2764 2453 quod
2784 2388 3020 2444 ostendit
3039 2390 3290 2446 humanis
3311 2392 3483 2447 oculis
3504 2394 3712 2459 habitu,

2130 2470 2235 2525 hoc
2259 2478 2387 2525 ante
2410 2471 2508 2526 Dei
2534 2473 2721 2529 oculos
2745 2476 2987 2532 moribus
3007 2480 3325 2549 praetendat.
3366 2480 3538 2535 Eiecti
3564 2497 3713 2536 nam-

2129 2574 2235 2629 que
2259 2563 2507 2617 monachi
2536 2577 2659 2618 cum
2688 2565 2768 2620 eis
2796 2567 3107 2623 transitoria
3131 2573 3462 2641 prosperitas
3485 2573 3708 2636 arridet,

2128 2649 2367 2706 favorem
2395 2653 2578 2707 mundi
2604 2655 2759 2723 quasi
2787 2657 3091 2714 nescientes
3115 2659 3479 2726 dissimulant,
3504 2671 3561 2717 et
3581 2663 3713 2718 forti

2129 2754 2319 2811 gressu
2365 2740 2595 2798 interius
2632 2759 2698 2799 ea
2751 2746 2893 2801 unde
2941 2747 3182 2804 exterius
3220 2749 3570 2805 sublevantur
3602 2752 3714 2807 cai-

2130 2841 2275 2886 cant.
2321 2832 2491 2888 Electi
2520 2835 2773 2891 monachi
2812 2837 2972 2894 nullis
3002 2854 3180 2911 pravae
3206 2842 3436 2898 actionis
3462 2842 3714 2900 clamori-

2128 2921 2230 2976 bus
2286 2933 2674 3005 perstrepunt,
2731 2925 2880 2984 nullo
2930 2929 3282 3000 cupiditatum
3334 2934 3709 3005 temporalium

2129 3011 2439 3067 turbulento
2472 2998 2710 3083 appetitu
2754 2998 3058 3087 rapiuntur,
3119 3018 3213 3075 sed
3253 3020 3397 3078 curis
3434 2998 3711 3093 prmsentis

2128 3103 2251 3157 vitae
2293 3106 2615 3161 necessariis
2666 3107 3072 3166 immoderatius
3118 3115 3365 3185 occupati
3413 3114 3707 3187 refugiunt.

2128 3190 2282 3262 Smpe
2304 3195 2444 3249 bona
2470 3207 2691 3267 agentes
2717 3200 3006 3266 monachi,
3043 3210 3269 3271 paterna
3302 3204 3476 3260 adhuc
3502 3204 3707 3278 ﬂagella

2127 3286 2385 3353 sentiunt,
2427 3297 2489 3343 ut
2536 3298 2685 3345 tanto
2729 3292 3083 3361 perfectiores
3124 3296 3192 3350 ad
3222 3296 3586 3354 hmreditatcm
3616 3316 3709 3356 ve.

2125 3377 2300 3443 niant,
2348 3389 2549 3448 quanto
2592 3398 2685 3437 eos
2727 3384 2815 3457 pie
2860 3384 3104 3442 ferientis
3144 3388 3425 3459 disciplina
3468 3394 3709 3462 quotidie

2126 3466 2290 3520 etiam
2330 3468 2396 3523 de
2435 3470 2675 3526 minimis
2717 3482 2931 3550 purgat.
2999 3476 3125 3532 Veri
3173 3477 3711 3541 monachi’funditus

2125 3556 2324 3611 sacculo
2351 3561 2742 3628 renuntiantes,
2783 3565 2855 3618 ita
2888 3565 3016 3622 huic
3048 3570 3249 3624 mundo
3284 3571 3613 3640 moriuntur,
3649 3583 3710 3630 ut

2125 3646 2224 3701 soli
2268 3648 2381 3703 Deo
2415 3650 2597 3707 vivere
2639 3654 2997 3725 delectentur,
3036 3670 3402 3733 quantumque
3440 3666 3509 3721 ab
3547 3668 3707 3739 hujus

2125 3739 2307 3793 saeculi
2336 3745 2742 3801 conversatione
2772 3762 2831 3802 se
2856 3748 3213 3818 subtrahunt,
3253 3763 3464 3811 tantum
3493 3758 3706 3815 interna

2123 3829 2323 3886 mentis
2347 3834 2463 3887 acie
2492 3838 2837 3904 praesentiam
2880 3840 2973 3894 Dei
3010 3850 3066 3897 et
3098 3843 3426 3915 Angelorum
3456 3847 3710 3920 frequen-

2124 3923 2252 3977 tiam
2287 3927 2720 3999 contcmplantur
2754 3943 2769 3983 :
2812 3940 3118 4004 quantoque
3156 3937 3326 4007 magis
3361 3953 3418 3993 se
3462 3942 3710 3997 exterius

2123 4014 2471 4085 despiciendo
2501 4018 2778 4087 dejiciunt,
2811 4029 2960 4077 tanto
2986 4023 3215 4094 amplius
3247 4026 3478 4084 interius
3499 4031 3710 4086 revela-

2122 4105 2328 4159 tionum
2357 4109 2808 4178 contemplatione
2841 4123 3156 4189 pascuntur.
3189 4116 3334 4184 Quos
3371 4121 3513 4175 enim
3552 4131 3711 4179 exte—

2120 4195 2234 4251 rius
2268 4198 2322 4252 in
2347 4197 2473 4253 ﬂetu
2502 4203 2748 4258 continet
2782 4205 3041 4261 convallis
3069 4207 3413 4275 humilitatis,
3441 4227 3537 4267 eos
3567 4213 3712 4270 inte-

2118 4289 2235 4345 rius
2259 4291 2501 4348 sublevat
2529 4310 2787 4351 ascensus
2812 4298 3297 4369 contemplationis.
3338 4301 3517 4377 (Isid.,
3561 4305 3600 4358 Ι.
3641 4322 3707 4362 ιιι

2040 4408 2094 4466 D
2122 4376 2295 4443 Sent,
2327 4396 2374 4433 c.
2407 4380 2520 4454 £8.)
2561 4382 2681 4437 Alia
2713 4393 2839 4439 sunt
2867 4385 3008 4440 enim
3059 4397 3326 4467 prtecepta
3348 4376 3473 4461 quae
3502 4392 3708 4448 dantur

2118 4466 2367 4525 fidelibus
2406 4487 2746 4529 communem
2788 4475 2844 4531 in
2889 4476 3085 4533 Steculo
3149 4466 3316 4534 vitam
3360 4481 3705 4559 degentibus,

2115 4564 2276 4626 atque
2307 4558 2410 4612 alia
2440 4561 2636 4615 sacculo
2675 4564 3126 4620 renuntiantibus.
3167 4566 3276 4623 illis
3308 4558 3451 4622 enim
3501 4571 3707 4627 dicitur

2112 4656 2173 4702 ut
2209 4665 2304 4703 sua
2334 4649 2515 4704 omnia
2551 4653 2688 4708 bene
2719 4663 2945 4723 gerant,
2984 4656 3101 4711 istis
3125 4666 3186 4712 ut
3213 4674 3307 4713 sua
3335 4659 3513 4713 omnia
3541 4659 3707 4715 dere.

2113 4738 2382 4809 linquant.
2401 4742 2477 4794 illi
2503 4745 2786 4814 praeccptis
2804 4747 3142 4815 generalibus
3155 4750 3589 4820 astringuuntur;
3609 4752 3702 4806 i5ti
3784 4825 3795 4834 ~

2109 4842 2378 4900 praecepta
2402 4834 2693 4902 generalia,
2711 4836 3001 4903 perfectius
3020 4839 3268 4907 vivendo,
3283 4844 3698 4902 transcendunt.

2110 4918 2193 4972 Ad
2235 4918 2532 4990 perfectum
2575 4937 2680 4977 non
2723 4925 2937 4991 suilleit,
2984 4928 3085 4983 nisi
3124 4928 3400 4999 abnegatis
3438 4933 3699 4991 omnibus

2110 5010 2242 5073 suis,
2273 5011 2435 5065 etiam
2472 5013 2707 5082 seipsum
2742 5015 2990 5086 abneget.
3033 5018 3138 5073 Sed
3177 5018 3306 5088 quid
3339 5029 3423 5076 est
3454 5023 3697 5097 seipsum

2110 5100 2398 5168 abnegare,
2429 5101 2534 5155 nisi
2570 5102 2937 5171 voluptatibus
2970 5107 3203 5176 propriis
3242 5112 3585 5166 renuntiare?
3623 5114 3700 5171 Ut

2109 5188 2200 5256 qui
2227 5190 2490 5257 superbus
2523 5200 2669 5256 erat,
2703 5192 2774 5245 sit
2806 5192 3022 5249 humilis
3050 5212 3064 5261 ;
3099 5197 3190 5267 qui
3228 5198 3539 5270 iracundus,
3571 5219 3696 5261 esse

2108 5276 2325 5330 studeat
2368 5287 2701 5333 mansuetus.
2753 5279 2886 5334 Nam
2934 5283 2977 5337 si
3028 5285 3100 5339 ita
3144 5288 3371 5357 quisque
3417 5292 3695 5348 renuntiet

2107 5365 2360 5421 omnibus
2399 5382 2520 5436 qua:
2556 5369 2821 5439 possidet,
2852 5379 2912 5425 ut.
2946 5374 3058 5428 suis
3085 5391 3190 5429 non
3221 5380 3497 5436 renuntiet
3525 5390 3698 5437 mori-

2108 5455 2227 5517 bus,
2257 5470 2363 5509 non
2392 5464 2475 5509 est
2501 5456 2703 5512 Christi
2744 5460 3058 5531 discipulus.
3102 5463 3201 5531 Qui
3235 5467 3377 5520 enim
3415 5473 3695 5527 renuntiat

2106 5544 2269 5597 rebus
2294 5545 2425 5607 suis,
2454 5560 2549 5599 sua
2580 5548 2813 5618 abnegat
2838 5566 2854 5615 ;
2883 5550 2974 5621 qui
2999 5566 3126 5606 vero
3151 5556 3425 5610 renuntiat
3451 5560 3697 5614 moribus

2107 5634 2310 5706 pravis,
2340 5638 2686 5708 semetipsum
2714 5640 2963 5712 almegat.
3005 5647 3156 5703 Unde
3176 5653 3228 5698 et
3253 5647 3512 5705 Dominus
3540 5667 3554 5706 :
3587 5652 3694 5718 Qui
