3940 6460
140 374 245 432 617

1350 354 1657 414 DIADEMA
1690 347 2203 410 MONACHORUM.

3305 338 3412 393 618

142 484 268 552 vult,
285 483 701 556 inquit,postme
721 480 914 545 venire,
929 479 1142 551 abneget
1156 476 1484 546 semetipsum
1502 472 1719 545 (Matth.
1750 473 1800 532 Α
1825 466 1997 538 ceptis
2025 462 2247 556 Domini
2274 460 2489 556 paruit,
2529 474 2653 515 cum
2676 456 2777 556 illo
2808 451 3148 556 postmodum
3173 454 3242 508 ad
3265 453 3415 556 pidi-

145 576 274 648 ενι).

664 594 669 601 ’
726 641 954 700 CAPUT
993 636 1136 697 xxx.

425 735 504 792 De
535 735 603 791 iis
630 734 721 806 qui
744 734 978 806 quietam
1007 730 1233 801 diligunt
1259 729 1438 784 vitam.
1464 756 1467 759 -
1541 761 1545 765 -

214 843 419 917 (ϐυ-ευ..
453 842 592 900 lor.
633 843 673 897 l.
703 858 783 908 iv,
823 858 872 896 ε.
913 839 1028 913 54).
1076 839 1264 895 Sancti
1296 836 1401 892 viri
1433 834 1560 908 quia
1596 832 1732 889 nihil

144 936 306 1007 huius
337 933 522 990 mundi
555 940 849 1005 appetunt,
884 931 1046 987 nullis
1070 929 1258 1003 procul
1291 927 1457 985 dubio
1481 926 1535 981 in
1569 925 1734 981 corde

148 1025 470 1081 tumultibus
509 1031 848 1096 premuntur.
898 1019 1104 1079 Omnes
1153 1019 1355 1091 quippe
1397 1015 1735 1072 inordinatos

146 1114 543 1174 desideriorum
590 1122 771 1170 motus
814 1129 847 1170 a
887 1111 1059 1170 cubili
1096 1110 1278 1167 cordis
1312 1120 1479 1164 manu
1532 1113 1735 1161 sanctm

147 1206 840 1281 conversationiseiiciuut,
856 1213 913 1262 et
940 1205 1037 1276 qui
1060 1200 1377 1259 transitoria
1406 1205 1602 1254 cuncta
1637 1195 1735 1252 de-

147 1300 406 1385 spiciunt,
442 1314 510 1355 ex
553 1298 623 1354 iis
662 1303 950 1353 nascentes
989 1293 1378 1365 cogitationum
1418 1287 1739 1385 insolentias

148 1379 257 1447 non
286 1390 588 1464 patiuntur.
629 1387 815 1444 Solam
839 1398 1073 1456 namque
1097 1391 1356 1439 azternam
1385 1379 1616 1453 patriam
1644 1393 1740 1449 ap-

147 1490 379 1558 petunt,
409 1490 465 1537 et
502 1480 629 1551 quia
660 1478 808 1534 nulla
844 1477 1006 1548 huius
1036 1475 1219 1531 mundi
1250 1475 1511 1546 diligunt,
1540 1485 1739 1544 magna

151 1575 354 1630 mentis
402 1569 793 1641 tranquillitate
844 1568 1218 1640 perfruuntur.
1279 1559 1470 1637 Magna
1521 1564 1742 1634 requies

150 1662 353 1723 mentis
385 1668 470 1717 est
490 1701 504 1727 ,
539 1677 572 1717 a
607 1668 820 1716 secreto
852 1657 1034 1714 cordis
1068 1665 1407 1713 terrenorum
1444 1652 1742 1711 desiderio-

148 1766 273 1807 rum
313 1749 574 1805 tumultus
607 1748 898 1819 expellere,
937 1755 991 1804 et
1023 1752 1134 1802 una
1180 1745 1479 1801 intentiOne
1522 1752 1742 1800 atterunt

1830 558 2033 614 candos
2090 554 2317 626 populos
2357 552 2525 623 iudex
2569 550 2769 616 veniet,
2816 549 2962 605 sicut
3000 554 3197 604 cuncta
3251 544 3416 602 relin-

1764 691 1769 696 .
1830 646 2122 718 quentibus
2164 641 2610 715 praedicatoribus
2651 638 2850 699 dicitur
2883 655 2897 694 :
2938 635 3194 693 Sedebitis
3238 645 3287 691 et
3330 651 3417 692 vos

1830 753 1988 810 super
2022 735 2300 791 duodecim
2341 733 2575 795 thronos,
2609 730 2913 802 judicantes
2942 727 3218 783 duodecim
3250 726 3421 781 tribus

1832 825 2028 884 Israel.
2059 824 2288 882 Rectum
2309 824 2510 894 quippe
2534 830 2639 888 est,
2662 830 2723 877 ut
2747 836 2870 877 cum
2895 821 3007 877 Deo
3035 820 3102 876 de
3127 818 3337 891 populis
3366 817 3423 874 in

1829 918 2036 990 iudicio
2058 918 2353 988 disputent,
2378 915 2472 987 qui
2494 914 2565 970 ad
2584 914 2747 969 verba
2779 911 2875 969 Dei
2900 926 3141 982 prmsens
3163 909 3421 967 sreculum

1833 1007 2070 1081 perfecte
2103 1005 2501 1081 derelinquunt.
2545 1004 2617 1059 Et
2651 1001 2729 1059 illi
2769 1017 2891 1059 cum
2928 1001 3040 1057 Deo
3077 1002 3422 1072 postmodum

1829 1100 2043 1172 iudices
2078 1097 2333 1161 veniant,
2377 1094 2471 1166 qui
2500 1094 2549 1150 ei
2579 1093 2742 1150 modo
2769 1093 2824 1149 in
2854 1091 3158 1148 voluntaria
3186 1106 3422 1163 pauper-

1837 1198 1969 1257 tate,
1993 1189 2079 1246 vel
2101 1188 2155 1243 in
2176 1202 2308 1258 pace
2328 1184 2625 1242 familiares
2645 1184 2990 1247 exstiterunt.
3017 1182 3290 1255 Scriptum
3309 1192 3425 1240 est:

1794 1284 1797 1285 ⁷
1836 1280 2121 1337 Aduocaeit
2143 1277 2301 1334 celos
2328 1293 2563 1344 sursum,
2590 1286 2639 1331 et
2665 1285 2881 1341 terram,
2909 1286 2966 1330 ut
2990 1274 3309 1331 discerneret
3334 1291 3431 1345 po-

1837 1370 2021 1443 pulum
2048 1384 2206 1425 suum
2235 1366 2411 1441 (Psal.
2441 1365 2611 1439 nu).
2645 1363 2848 1438 (Greg.,
2882 1365 3021 1420 Mor.
3050 1364 3090 1419 ι.
3124 1381 3214 1431 xv,
3238 1381 3286 1419 ο.
3313 1365 3428 1435 15.)

1839 1459 2020 1516 leos
2040 1459 2240 1531 quippe
2262 1473 2478 1515 sursum
2504 1456 2753 1522 advocat,
2782 1470 2905 1512 cum
2935 1454 2972 1509 ii
3001 1454 3093 1525 qui
3122 1470 3221 1510 sua
3246 1455 3431 1509 omnia

1840 1548 2237 1620 relinquentes,
2280 1545 2748 1602 conversationem
2793 1542 3032 1600 caelestis
3071 1542 3197 1598 vita:
3242 1551 3431 1598 tenue-

1841 1648 1989 1707 runt,
2023 1639 2093 1695 ad
2115 1637 2518 1695 conscdendum
2546 1636 2600 1691 in
2619 1634 2824 1706 judicio
2848 1642 3240 1701 convocantur,
3266 1642 3435 1704 atque

1843 1749 1967 1793 cum
1981 1747 2048 1790 eo
2066 1732 2278 1804 iudices
2300 1729 2542 1786 veniunt.
2568 1728 2739 1783 Terra
2758 1727 2923 1782 etiam
2949 1741 3166 1783 sursum
3181 1734 3433 1793 vocatur,

148 1843 346 1915 νειιι-ίω
386 1842 443 1898 ia
485 1817 730 1898 αωοιιθέιι
767 1841 973 1897 intima;
1012 1839 1212 1911 quietis
1253 1837 1531 1894 anhelare.
1565 1837 1613 1893 Α
1655 1822 1818 1903 ιιι-’Β
1844 1839 1970 1882 cum
2009 1823 2045 1880 ii
2088 1823 2182 1894 qui
2213 1821 2447 1915 ten'cnis
2486 1819 2699 1876 actibus
2726 1818 2946 1915 obligati
2979 1817 3213 1884 fuerant,
3256 1818 3312 1873 in
3352 1817 3436 1877 eis

149 1936 325 1991 multu
348 1949 529 1991 rerum
552 1931 931 2005 temporalium
951 1926 1123 1988 Dav‘id
1145 1945 1421 1987 secessum
1439 1929 1739 2000 quaarebat,

147 2039 277 2079 cum
305 2022 512 2079 diceret
536 2036 551 2076 :
582 2019 755 2076 Unam
773 2021 916 2093 ‘petii
952 2037 985 2075 a
1014 2018 1264 2086 Domino,
1291 2019 1429 2074 hanc
1457 2019 1741 2091 requiram,

150 2122 207 2168 ut
246 2112 533 2168 inhabitent
561 2111 618 2166 in
641 2111 798 2166 domo
826 2110 1038 2166 Domini
1064 2107 1240 2181 (Psal.
1268 2109 1439 2182 xxvi).
1471 2109 1540 2165 Et
1567 2108 1699 2164 illud
1726 2125 1741 2163 :

149 2201 293 2258 Ecce
328 2199 566 2273 elongavi
604 2201 833 2273 fugiens,
862 2209 912 2256 et
947 2201 1120 2257 mansi
1160 2201 1216 2255 in
1253 2198 1543 2256 solitudine
1568 2198 1742 2272 (Pscl.

150 2293 288 2367 LIV).
312 2293 550 2366 Fugiens
576 2293 811 2366 elongat,
839 2293 986 2365 quia
1009 2294 1166 2350 turba
1190 2291 1585 2349 desideriorum
1609 2300 1748 2349 tem-

148 2388 423 2459 poralium
474 2386 529 2443 in
577 2386 687 2444 alta
732 2386 829 2444 Dei
870 2379 1330 2459 contemplatione
1362 2401 1421 2443 se
1465 2385 1743 2454 sublevat;

150 2488 343 2537 manet
365 2494 497 2536 vero
525 2479 581 2537 in
610 2479 922 2545 solitudine,
956 2478 1049 2549 qui
1089 2485 1405 2549 perseverat
1445 2477 1500 2533 in
1538 2484 1747 2533 remota

150 2569 357 2628 mentis
396 2568 718 2626 intentione.
753 2568 902 2624 Dixit
924 2569 1097 2625 abbas
1118 2568 1390 2625 Antonius
1418 2586 1431 2623 :
1462 2567 1566 2637 Qui
1593 2568 1749 2625 sedet

149 2660 207 2715 in
246 2658 543 2716 solitudine
564 2661 636 2715 'et
669 2650 930 2729 quiescit,
964 2675 996 2715 a
1025 2660 1200 2716 tribus
1233 2660 1391 2717 bellis
1414 2660 1663 2733 eripitur,
1693 2660 1749 2715 id

149 2758 270 2819 cst,
312 2751 565 2817 auditus,
613 2750 899 2809 locutionis
936 2759 993 2808 ct
1031 2751 1200 2808 visus.
1240 2751 1399 2827 (Sim.
1431 2751 1665 2824 Metaph.
1693 2751 1750 2806 in

162 2840 287 2897 Vita
310 2840 527 2914 Arsen.)
571 2842 755 2900 Abbas
777 2843 1041 2901 Arsenius
1058 2843 1239 2900 oravit
1261 2843 1450 2900 dicens
1468 2861 1481 2898 :
1498 2842 1750 2910 Domine,

151 2935 333 3007 dirige
368 2951 457 2992 me
483 2936 551 2993 ad
587 2936 855 3001 salutem;
896 2944 954 2992 et
982 2936 1130 2993 venit
1151 2936 1205 2992 ei
1240 2951 1348 2992 vox
1382 2935 1570 2992 dicens
1599 2953 1614 2990 :
1642 2934 1747 2990 Ar—

152 3026 301 3092 seni,
328 3017 451 3098 fuge
476 3027 747 3093 homines,
780 3038 921 3095 tace,
946 3027 1188 3099 quiesce,
1215 3035 1272 3082 et
1292 3025 1473 3083 salvus
1493 3025 1626 3082 eris.
1652 3025 1751 3082 Di-

1847 1924 2030 1972 tamen
2052 1913 2176 1986 plus
2195 1910 2438 1969 coelestia
2460 1925 2625 1982 quam
2650 1916 2867 1966 terrena
2889 1907 3041 1965 lucra
3067 1909 3431 1980 quaesierunt:

1844 2006 2040 2081 quibus
2071 2006 2124 2062 in
2148 2005 2256 2063 line
2282 2004 2514 2061 dicitur:
2532 2003 2734 2075 Hospes
2761 2018 2931 2070 eram,
2953 2012 3001 2058 et
3024 2001 3304 2074 collegistis
3327 2018 3435 2069 me,

1846 2100 2020 2157 nudus
2045 2108 2096 2154 et
2123 2098 2399 2171 operuistis
2418 2113 2502 2152 me
2529 2095 2745 2169 (Matth.
2761 2094 3093 2166 xxv).Electi
3122 2095 3225 2150 viri
3251 2094 3438 2151 omnia

1846 2189 2236 2260 relinquentes,
2281 2202 2389 2244 non
2413 2187 2728 2260 iudicantur
2756 2193 2813 2242 ct
2840 2194 3088 2258 regnant,
3133 2186 3226 2256 qui
3269 2185 3439 2243 etiam

1846 2289 2115 2355 praecepta
2158 2279 2297 2351 legis
2352 2276 2706 2350 perfectionis
2758 2277 2958 2334 virtute
3009 2276 3434 2344 transcendunt,

1847 2373 1975 2447 quia
2001 2387 2341 2444 nequaquam
2366 2371 2472 2428 hoc
2499 2370 2672 2428 solum
2717 2370 2863 2442 quod
2886 2370 3102 2429 cunctis
3140 2368 3325 2425 divina
3346 2369 3438 2426 lex

1847 2465 2104 2537 pracepit
2144 2463 2369 2536 implere
2423 2463 2666 2521 contenti
2712 2473 2871 2531 sunt,
2926 2464 3024 2521 sed
3059 2463 3443 2535 prmstantiore

1848 2556 2119 2615 desiderio
2166 2556 2290 2627 plus
2330 2562 2593 2627 appetunt
2644 2555 2903 2612 exhibere
2940 2569 3107 2626 quam
3150 2554 3441 2629 praeceptis

1850 2646 2195 2720 generalibus
2235 2646 2427 2703 audire
2468 2653 2781 2716 potuerunt.

2419 2747 2651 2806 CAPUT
2683 2748 2872 2805 XXIII.

2181 2838 2260 2893 De
2287 2837 2689 2908 mortiﬁcatione
2716 2837 3114 2896 monachorum.

1923 2931 2122 2988 Paulus
2145 2929 2425 3003 apostolus
2448 2929 2528 2985 ait
2553 2948 2567 2984 :
2600 2929 2915 2985 Existimate
2948 2947 3033 2987 res
3060 2941 3293 2988 mortuos
3319 2936 3443 3005 qui-

1852 3028 1972 3084 dem
2004 3043 2117 3083 esse
2155 3034 2391 3099 peccato,
2431 3026 2656 3082 viventes
2685 3036 2859 3081 autem
2895 3025 3008 3082 Deo
3047 3026 3226 3100 (Rom.
3251 3029 3351 3103 Vl).
3383 3029 3445 3086 In

155 3117 242 3171 ait
263 3116 438 3174 abbas
459 3115 671 3190 Moyses
688 3137 702 3172 :
718 3118 894 3175 Homo
917 3118 1133 3190 fugiens
1154 3118 1426 3184 homines,
1449 3116 1647 3175 similis
1664 3127 1753 3174 est
1854 3110 2072 3175 mortuo
2100 3118 2248 3175 enim
2274 3132 2384 3175 non
2413 3125 2607 3189 regnat
2628 3124 2914 3189 peccatum
2930 3158 2946 3185 ,
2972 3133 3148 3191 neque
3178 3120 3447 3193 cupiditas

157 3225 282 3266 uva:
313 3215 581 3267 maturae:
619 3209 715 3282 qui
752 3218 936 3267 autem
969 3224 1096 3266 cum
1121 3208 1433 3267 hominibus
1460 3223 1753 3267 conversa-
1777 3193 1825 3257 Ο
1853 3210 1989 3267 vivit
2009 3210 2219 3282 peccati
2245 3227 2261 3265 :
2290 3210 2656 3283 exstinguitur
2676 3210 2822 3266 enim
2852 3212 3109 3270 continuo
3137 3215 3192 3269 in
3219 3228 3287 3271 eo
3315 3228 3448 3271 con-

158 3309 274 3368 tur,
302 3301 446 3358 sicut
472 3316 577 3358 uva
612 3301 808 3359 acerba
830 3301 956 3359 erit.
992 3301 1133 3357 Dixit
1160 3301 1329 3358 abbas
1355 3299 1509 3358 Nilus
1535 3320 1550 3355 :
1581 3302 1755 3372 Impe-

158 3391 448 3450 netrabilis
483 3400 670 3451 manet
699 3407 733 3448 a
768 3392 983 3466 sagittis
1014 3392 1256 3459 inimici,
1297 3392 1391 3464 qui
1426 3400 1575 3449 amat
1601 3393 1754 3464 quie-

159 3493 308 3552 tem;
336 3486 429 3557 qui
456 3494 641 3544 sum
666 3485 934 3544 miscetur
958 3485 1327 3553 multitudini,
1356 3476 1549 3542 crebra
1580 3485 1754 3543 susci-

156 3575 607 3652 pietvulitera."
756 3647 975 3652 ___‘__
1014 3649 1106 3652 Μ
1140 3650 1158 3652 ᾼ
1294 3614 1299 3619 ι

746 3647 977 3707 CAPUT
1014 3649 1180 3706 XXII.

489 3738 568 3794 De
594 3736 771 3795 electis
799 3740 976 3795 omnia
1004 3740 1431 3813 relinquentibus.

233 3849 418 3924 (Greg.
449 3848 590 3905 Hor.
622 3849 663 3904 Ι.
692 3864 772 3917 ιι,
799 3867 847 3905 c.
882 3849 1006 3923 30)..
1036 3850 1096 3907 In
1131 3850 1239 3908 line
1275 3850 1459 3909 διαξιΰὶ
1494 3866 1618 3908 cum
1645 3853 1757 3909 Deo

153 3946 374 4018 iudices
402 3943 645 4009 venient,
672 3941 766 4013 qui
806 3958 952 3998 nunc
989 3956 1090 4014 pro
1125 3943 1238 3999 Deo
1258 3942 1477 4014 iniuste
1506 3940 1758 4013 iudican-

159 4044 279 4090 tur.
316 4033 473 4090 Tunc
493 4047 683 4090 eorum
708 4032 800 4089 lux
826 4042 978 4090 tanto
1003 4033 1165 4091 latius
1186 4035 1409 4102 emicat,
1435 4043 1640 4104 quanto
1662 4049 1760 4090 eos

160 4141 316 4182 stunc
352 4141 547 4183 manus
586 4127 1031 4198 persequentium
1071 4128 1263 4184 durius
1301 4135 1574 4199 angustat.
1607 4125 1760 4181 Tunc

159 4220 528 4290 reproborum
567 4219 739 4276 oculis
779 4227 1057 4289 patescet,
1095 4216 1241 4287 quod
1268 4216 1477 4294 cmlesti
1502 4216 1760 4286 potestati

161 4311 387 4367 subnixi
414 4318 565 4376 sunt,
591 4311 687 4381 qui
716 4318 934 4385 terrena
962 4308 1146 4364 omnia
1179 4314 1375 4378 sponte
1402 4307 1757 4379 reliquerunt.

159 4406 309 4475 Quia
344 4405 592 4476 quisquis
628 4402 851 4460 stimulo
883 4401 1054 4458 divini
1098 4400 1302 4457 amoris
1337 4396 1635 4466 excitatus,
1673 4400 1764 4457 hic

157 4511 422 4572 possessa
448 4495 749 4567 reliquerit,
776 4494 884 4551 illic
904 4492 1093 4567 procul
1113 4493 1277 4550 dubio
1299 4492 1512 4549 culmen
1530 4493 1763 4565 iudicia-

158 4590 268 4646 τίω
305 4588 595 4660 potestatis
632 4586 931 4653 obtinebit,
975 4594 1038 4642 ut
1074 4585 1235 4643 simul
1275 4593 1403 4641 tunc
1435 4583 1605 4655 iudex
1636 4599 1761 4640 cum

154 4682 350 4755 iudice
387 4672 615 4748 veniat,
641 4680 736 4754 qui
779 4694 924 4737 nunc
953 4679 1387 4737 consideratione
1411 4676 1601 4747 iudicii
1641 4692 1763 4735 sese

162 4782 470 4846 spontanea
496 4772 776 4828 voluntate
813 4770 1062 4843 castigat.
1102 4771 1434 4842 Redemptor
1460 4778 1647 4826 noster
1666 4769 1759 4839 iu-

164 4863 302 4921 dicii
334 4863 656 4919 sententiam
683 4876 808 4919 cum
847 4862 1050 4919 sanctis
1088 4860 1344 4918 Ecclesia:
1384 4860 1787 4932 pr‘mdicatoriﬂ

164 4958 278 5012 bus
305 4955 578 5022 decernit,
607 4955 749 5011 sicut
778 4955 894 5027 ipse
918 4954 972 5010 in
999 4952 1294 5026 Evan'gelio
1321 4952 1493 5010 dicit:
1528 4950 1635 5008 Vos
1668 4953 1761 5025 qui

167 5044 459 5117 reliquistis
492 5045 688 5111 omnia,
723 5054 772 5100 et
806 5044 972 5100 secuti
1004 5044 1128 5100 estis
1156 5060 1260 5111 me,
1289 5043 1347 5099 in
1374 5044 1768 5115 regeneratione

167 5151 297 5191 cum
323 5133 511 5188 sederit
535 5132 710 5190 Filius
735 5134 962 5189 hominis
985 5133 1185 5201 insede
1206 5133 1499 5205 maiestatis
1522 5150 1655 5201 stur,
1685 5150 1768 5190 se-

168 5222 365 5280 debitis
387 5231 436 5276 et
461 5239 551 5277 eos
581 5240 736 5295 super
756 5224 1030 5279 duodecim
1056 5224 1223 5290 sedes,
1241 5224 1544 5295 iudicantes
1568 5224 1768 5281 duode-

170 5313 281 5369 cim
308 5311 476 5366 tribus
501 5308 671 5367 Israel
692 5312 906 5386 (Matth.
930 5313 1068 5387 xta).
1098 5312 1300 5371 Omnes
1321 5314 1415 5386 qui
1445 5314 1501 5369 in
1525 5313 1767 5373 Ecclesia

172 5402 343 5460 modo
381 5400 609 5473 perfecti
652 5411 807 5467 sunt,
848 5404 1201 5475 perfectionis
1237 5420 1353 5461 sua:
1389 5405 1766 5462 rectitudin’em

173 5508 281 5565 per
308 5493 661 5565 Evangelium
689 5494 1012 5553 didicerunt.
1052 5496 1397 5568 Redemptori
1425 5511 1555 5570 ergo
1580 5505 1768 5556 nostro

176 5584 344 5649 uniti,
381 5583 607 5655 ejusque
646 5584 914 5655 maiestati
952 5586 1247 5658 conjuncti,
1286 5594 1410 5643 cum
1455 5601 1523 5643 eo
1556 5585 1769 5657 iudices

177 5675 532 5741 videbuntur,
558 5675 653 5745 qui
681 5677 841 5733 modo
875 5677 1113 5749 perfecta
1142 5693 1306 5750 opera
1341 5677 1496 5749 iuxta
1524 5679 1769 5753 Evange-

179 5769 292 5824 lica
330 5774 601 5839 praecepta
634 5769 805 5826 secuti
843 5778 989 5827 sunt.
1026 5773 1129 5842 Qui
1169 5774 1224 5830 in
1268 5775 1371 5832 hoc
1398 5774 1595 5832 szeculo
1633 5789 1769 5845 prae-

511 5858 787 5922 Pnnon.
832 5861 962 5925 Cll.

1852 3304 2187 3376 cupiscentia
2214 3302 2420 3368 carnis,
2453 3302 2793 3374 conquiescit
2819 3302 2990 3371 furor,
3018 3316 3199 3362 cessat
3226 3306 3331 3373 ira,
3362 3307 3449 3362 fu-

1854 3403 2017 3466 gatur
2042 3394 2250 3461 odium,
2286 3402 2344 3450 et
2365 3394 2548 3452 omnia
2588 3394 2751 3451 simul
2775 3396 3169 3467 conquiescunt
3194 3396 3345 3453 vitia.
3381 3399 3450 3455 Et

1855 3485 1961 3542 hoc
2003 3490 2088 3541 est
2129 3483 2269 3540 mori
2312 3492 2561 3557 peccato,
2592 3492 2649 3540 et
2675 3484 2860 3542 vivere
2885 3484 3125 3543 Christo.
3168 3488 3303 3544 item
3335 3489 3451 3560 ipso

1783 3634 1792 3643 ,
1853 3575 2147 3648 Apostolus
2183 3575 2263 3632 ait
2290 3594 2303 3631 :
2338 3574 2539 3631 Μαι-ιιιὲ
2574 3575 2714 3631 enim
2744 3575 2889 3643 estis,
2915 3586 2964 3632 et
2997 3578 3107 3632 vita
3132 3587 3304 3634 vestra
3327 3579 3449 3635 abs-

1856 3667 2068 3722 condita
2096 3676 2177 3722 est
2215 3682 2337 3722 cum
2361 3665 2572 3722 Christo
2612 3664 2669 3720 in
2690 3664 2801 3721 Deo
2842 3664 3041 3739 (Catos.
3072 3666 3178 3740 Ill).
3218 3667 3453 3740 Propter

1858 3771 1959 3814 nos
1985 3757 2238 3814 Christus
2258 3755 2572 3824 cruciﬁxus,
2597 3763 2652 3811 et
2679 3764 2952 3824 mortuus,
2975 3766 3033 3814 et
3060 3759 3303 3831 sepultus
3320 3769 3448 3818 est:

1855 3856 1914 3905 et
1940 3864 2043 3906 nos
2069 3848 2139 3905 ad
2160 3846 2282 3917 (rius
2315 3848 2728 3906 similitudinem
2759 3848 3072 3907 voluntates
3097 3858 3156 3907 et
3189 3853 3456 3924 cupidita-

1858 3949 1943 3997 tes
1987 3950 2206 3999 nostras
2250 3940 2653 4012 cruciligamus.
2700 3940 2953 3998 Christus
2996 3950 3180 3998 autem
3231 3958 3338 4001 non
3381 3960 3455 4003 ex

1858 4040 2036 4103 parte,
2058 4031 2159 4088 sed
2179 4031 2391 4102 integer
2413 4039 2498 4088 est
2525 4031 3091 4104 cruciﬁxus‘peccato,
3117 4043 3179 4091 ut
3203 4036 3454 4094 vivamus

1860 4121 1994 4178 Deo.
2024 4122 2119 4178 Ille
2137 4131 2319 4178 autem
2353 4123 2487 4179 vivit
2515 4124 2645 4190 Deo,
2671 4124 2767 4196 qui
2792 4123 2995 4181 Christi
3022 4128 3245 4198 vestigia
3273 4129 3455 4187 humi-

1861 4211 2037 4278 litate,
2067 4212 2496 4269 sanctiﬁcatione
2522 4222 2580 4270 et
2614 4214 2817 4284 pietate
2852 4224 3113 4272 sectatur.
3159 4217 3455 4278 Mortiﬁca-

1862 4312 1954 4359 tur
1979 4305 2297 4371 monachus,
2321 4306 2537 4378 quando
2556 4320 2757 4376 corpus
2780 4320 2940 4362 suum
2964 4306 3295 4379 ieiuniorum
3314 4327 3453 4370 con-

1863 4394 2165 4450 tinuatione
2201 4396 2464 4469 castigat,
2497 4397 2717 4467 quando
2746 4397 2888 4454 intra
2910 4402 3291 4459 necessarium
3330 4419 3453 4461 mo-

1864 4491 1995 4548 dum
2034 4505 2193 4547 suum
2236 4486 2503 4562 temperat
2530 4491 2850 4562 appetitum,
2890 4495 3109 4564 quando
3138 4510 3247 4553 non
3277 4499 3449 4556 solum

1867 4602 1898 4640 a
1924 4582 2331 4643 delicatioribus
2358 4583 2516 4652 cibis,
2561 4585 2660 4643 sed
2687 4585 2852 4643 etiam
2881 4602 2913 4644 a
2939 4587 3220 4648 vilioribus
3250 4600 3457 4665 tempe-

1868 4689 2020 4741 rans,
2046 4691 2109 4731 se
2130 4674 2433 4745 suspendit,
2467 4676 2684 4747 quando
2707 4674 2840 4732 nihil
2865 4679 3018 4735 carni
3047 4694 3161 4737 sua:
3186 4686 3288 4754 pro
3314 4685 3457 4744 desi-

1865 4768 2040 4836 derio,
2067 4770 2162 4826 sed
2190 4785 2289 4841 pro
2335 4771 2707 4829 sustentandae
2730 4770 2857 4828 vita:
2883 4774 3207 4833 necessitate
3232 4780 3459 4850 permit-

1865 4862 1932 4919 tit
1961 4860 2165 4935 (δν-(9.,
2196 4861 2338 4919 Hor.
2367 4863 2407 4918 ι.
2439 4878 2490 4929 v,
2523 4879 2573 4919 ε.
2598 4862 2677 4939 3).
2702 4863 2839 4920 Cum
2866 4865 3175 4936 spirituales
3202 4873 3456 4931 monachi

1865 4951 2025 5024 plene
2048 4953 2526 5009 mortificationem
2560 4967 2714 5010 suam
2740 4956 3021 5026 appetunt,
3052 4967 3256 5030 quanto
3284 4964 3461 5034 magis

1870 5044 2010 5102 tiunt
2028 5043 2322 5101 viciniores
2345 5046 2413 5102 ad
2438 5043 2624 5113 linem,
2652 5053 2805 5102 tanto
2828 5060 2886 5102 se
2906 5046 3165 5107 exhibent
3187 5053 3461 5112 ardentio-

1869 5149 1959 5191 res
1988 5135 2043 5190 in
2072 5149 2255 5206 opere.
2282 5133 2605 5191 Lahorando
2626 5151 2758 5208 ergo
2783 5150 2893 5194 non
2920 5138 3198 5209 deﬁciunt,
3223 5144 3320 5201 sed
3345 5160 3461 5202 ma-

1868 5227 1955 5301 gis
1974 5228 2262 5284 adversum
2286 5225 2501 5284 labores
2524 5236 2799 5297 crescunt,
2828 5231 2923 5301 qui
2947 5247 3073 5288 cum
3096 5232 3206 5303 iam
3236 5237 3458 5308 praemia

1868 5315 2256 5387 propinquiora
2290 5310 2672 5383 considerant,
2709 5332 2776 5374 eo
2800 5319 2859 5375 in
2892 5334 3057 5392 opere
3086 5323 3458 5383 delectabilius

1870 5407 2158 5464 exsudant.
2205 5404 2411 5465 Omnes
2453 5408 2707 5465 monachi
2754 5411 3013 5469 saeuitum
3060 5416 3457 5487 relinquentes,

1873 5499 2067 5569 punire
2095 5498 2274 5557 ﬂendo
2310 5512 2420 5556 non
2455 5500 2709 5557 desinunt
2741 5515 2864 5573 qua:
2889 5504 3251 5576 deliquerunt.
3289 5506 3457 5565 Gravi

1875 5606 1935 5645 se
1963 5603 2198 5646 matrorc
2223 5589 2485 5661 allligunt,
2513 5591 2642 5661 quia
2672 5590 2831 5665 longe
2853 5593 2958 5650 huc
2980 5611 3010 5650 a
3040 5594 3180 5651 facie
3206 5598 3455 5654 condito-

1875 5680 1952 5736 ris
1993 5680 2243 5752 proiecti,
2287 5682 2466 5739 adhuc
2509 5682 2566 5739 in
2604 5691 2820 5740 aeterna:
2860 5685 3052 5755 patria:
3093 5688 3305 5757 gaudiis
3348 5704 3456 5749 non

1875 5781 2019 5830 sunt.
2043 5772 2439 5845 Nonnunquam
2466 5775 2713 5833 monachi
2734 5776 2938 5833 idcirco
2956 5779 3025 5833 ad
3044 5782 3454 5853 contemplanda
