3940 6488
465 354 581 410 ’619
1749 342 2048 401 SMARAG]

2150 343 2435 401 ABBATIS
3644 360 3743 415 (ἔξω

474 464 738 520 desideria
773 461 991 515 minime
1026 461 1379 530 perveniunt,
1420 469 1477 514 ut
1507 459 1621 529 ipsa
1661 459 2053 512 interveniente
2083 463 2130 520 Α
2156 471 2215 511 se
2243 466 2497 524 angustat
2530 466 2586 511 ut
2626 459 2842 526 dilatet;
2886 471 2941 516 et
2981 463 3271 536 aliquando
3297 471 3518 538 quidem
3549 475 3739 540 vincit.

471 556 728 610 tarditate
758 553 824 606 ad
859 552 1048 607 eadem
1080 551 1349 606 desideria
1388 551 1572 604 laxato
1599 550 1794 604 mentis
1821 550 1942 604 sinu
1974 549 2052 603 di-

471 646 705 700 latentur
731 661 744 697 :
774 652 829 697 et
855 658 975 712 qua:
1002 643 1286 697 extenuari
1322 641 1590 711 implicata
1620 648 1898 710 poterant,
1939 653 2052 692 ma-

468 752 572 808 gna
599 735 950 803 dispositione
984 734 1182 804 agitur,
1221 741 1282 787 ut
1313 731 1525 802 repulsa
1557 729 1906 799 multiplicius
1930 744 2051 782 cre-

468 835 641 882 scant.
675 825 922 894 Plerique
958 826 1348 879 monachorum
1380 825 1458 878 sic
1493 824 1545 877 in
1575 822 1827 892 pnescnti
1857 820 2053 875 stcculo

467 933 524 973 se
566 917 897 972 mortiﬁcare
937 923 1218 986 appetunt,
1265 923 1325 968 nt
1360 913 1472 983 jam
1518 913 1757 984 perfecte
1799 913 1843 967 si
1894 911 2054 966 liceat

466 1008 763 1062 conditoris
792 1007 872 1061 sui
906 1006 1092 1062 faciem
1128 1004 1583 1074 contemplemur,
1617 1003 1711 1058 sed
1741 1018 1928 1058 eorum
1959 1003 2054 1056 de-

468 1099 730 1152 siderium
774 1097 1022 1152 differtur
1061 1106 1119 1151 ut
1147 1097 1424 1167 proﬁciat,
1469 1106 1524 1151 et
1564 1111 1596 1150 a
1641 1095 1913 1150 tarditatis
1941 1109 2051 1152 sua.

468 1194 590 1246 sinu
622 1192 879 1255 nutritur,
916 1203 974 1245 ut
1001 1199 1230 1246 crescat.
1263 1189 1444 1244 Bonus
1470 1189 1769 1244 monachus
1797 1189 1865 1244 ab
1893 1185 2053 1256 hujus

468 1283 654 1337 mundi
692 1283 931 1352 inquieta
959 1283 1395 1353 concupiscentia
1422 1297 1480 1337 se
1509 1283 1724 1352 penitus
1761 1281 2047 1342 subtrahit,

466 1392 532 1431 ac
575 1386 915 1431 terrenarum
959 1375 1233 1430 actionum
1278 1376 1562 1444 strepitum
1595 1372 1829 1438 deserit,
1869 1385 1922 1427 et
1958 1387 2055 1442 per

465 1467 666 1536 quietis
697 1465 936 1520 studium
967 1465 1083 1534 ejus
1118 1480 1270 1518 mens
1297 1463 1588 1518 virtutibus
1627 1464 1830 1517 intenta
1852 1504 1866 1526 ,
1897 1462 2052 1531 quasi

466 1557 695 1628 vigilans
721 1557 940 1611 dormit.
988 1557 1364 1627 Unusquisque
1385 1557 1685 1610 monachus
1712 1555 1778 1609 ad
1809 1562 2052 1609 contem-

466 1648 662 1719 planda
709 1648 918 1702 interna
953 1648 1176 1702 minime
1204 1647 1551 1717 perducitur;
1600 1647 1701 1700 nisi
1745 1645 1813 1700 ab
1841 1645 1907 1698 iis
1932 1660 2051 1714 qua:

467 1740 706 1794 exterius
735 1738 1034 1808 implicant,
1072 1738 1310 1792 studiose
1333 1736 1704 1791 subtrahatur.
1734 1735 1871 1789 [line
1903 1734 2048 1788 enim

2155 557 2210 601 et
2247 548 2570 604 reluctantes
2603 551 2851 607 tenebras
2889 570 2998 609 sua:
3024 559 3283 614 caecitatis
3321 576 3658 635 exsuperat,
3689 582 3739 624 et

2154 639 2221 692 de
2249 639 2719 710 incircumscripto
2743 641 2946 698 lumine
2965 647 3220 714 quiddam
3249 649 3435 707 furtim
3465 657 3742 715 subtiliter

2153 727 2368 797 attingit
2395 745 2407 781 :
2434 727 2527 782 sed
2547 729 2730 783 statim
2756 731 2822 785 ad
2843 735 3191 805 semetipsam
3213 741 3461 808 protinus
3483 750 3738 805 reverbe-

2157 824 2330 881 ratur,
2361 827 2523 888 atque
2551 820 2622 875 ab
2651 835 2715 876 ea
2742 821 2863 877 luce
2893 825 2959 879 ad
2987 839 3150 895 quam
3172 831 3492 900 respirando
3517 841 3737 905 transit.

2153 908 2222 962 ad
2251 924 2366 963 suae
2392 910 2654 966 caecitatis
2683 914 2938 973 tenebras
2965 919 3288 988 suspiranda
3319 925 3476 979 redit.
3509 927 3570 982 In
3603 930 3738 986 libro

2154 991 2385 1050 Genesis
2409 992 2670 1063 scriptum
2703 1007 2787 1052 est
2816 1015 2945 1055 xstn
2966 1019 2980 1056 :
2999 1000 3248 1072 Sepelioit
3265 1007 3542 1065 Abraham
3561 1015 3746 1083 condo

2155 1105 2268 1160 gem
2283 1105 2435 1143 suam
2453 1090 2505 1143 in
2520 1091 2762 1159 sepulcro
2772 1091 2977 1162 duplici
2992 1096 3056 1166 (ϐ
3063 1115 3168 1163 reg.
3180 1097 3259 1164 ,Η
3264 1100 3402 1158 oral.
3421 1103 3442 1156 ι
3451 1148 3454 1150 .
3469 1119 3522 1158 τι
3535 1147 3552 1161 .
3571 1123 3616 1158 c-
3631 1106 3744 1166 25).

2151 1179 2340 1235 Activa
2370 1180 2527 1251 quasi
2555 1181 2862 1252 sepulcrum
2891 1192 3005 1251 est,
3038 1187 3164 1256 quia
3193 1203 3222 1242 a
3255 1191 3440 1260 pravis
3475 1197 3736 1263 operibus

2151 1279 2396 1326 mortuos
2421 1272 2583 1342 tegit;
2616 1272 2711 1328 sed
2749 1275 3163 1345 contemplativa
3200 1280 3496 1349 perfectius
3522 1288 3733 1357 sepelit,

2153 1363 2277 1431 quia
2311 1379 2344 1417 a
2385 1364 2597 1420 cunctis
2638 1367 2824 1421 mundi
2873 1368 3178 1427 actionibus
3230 1372 3476 1431 funditus
3519 1379 3732 1435 dividit.

2153 1452 2343 1509 Frater
2368 1453 2588 1524 quidam
2627 1457 2761 1512 abiit
2805 1457 2872 1512 ad
2913 1459 3105 1516 cellam
3147 1465 3361 1520 abbatis
3389 1467 3608 1524 Arsenii
3637 1511 3655 1536 ,
3683 1482 3737 1527 et

2153 1544 2383 1598 attendit
2405 1560 2504 1614 per
2530 1545 2843 1612 fenestram,
2867 1557 2921 1604 et
2953 1551 3089 1606 vidit
3111 1568 3295 1608 senem
3319 1556 3373 1610 in
3400 1563 3736 1632 contempla--

2152 1637 2300 1692 tione
2326 1645 2496 1693 totum
2527 1642 2680 1708 quasi
2706 1642 2943 1712 igneum.
2977 1646 3106 1702 Erat
3131 1658 3312 1706 autem
3338 1652 3510 1709 frater
3540 1657 3632 1712 ille
3657 1660 3736 1712 di-

2150 1741 2309 1796 gnus,
2339 1730 2431 1799 qui
2453 1730 2582 1785 talia
2607 1732 2928 1790 intueretur.
2959 1737 3215 1795 Dicebant
3238 1741 3304 1799 de
3331 1746 3526 1802 abbate
3555 1747 3734 1820 Sysoi,

465 1843 565 1902 per
595 1829 940 1898 scmetipsam
983 1826 1198 1883 Veritas
1238 1827 1369 1882 dicit
1399 1844 1413 1880 :
1444 1826 1610 1880 Nemo
1644 1834 1808 1896 potest
1847 1824 2049 1876 duobus
2079 1820 2124 1879 B
2151 1823 2278 1890 quia
2314 1822 2416 1877 nisi
2445 1823 2556 1879 cito
2587 1825 2882 1896 deponeret
2911 1845 3106 1886 manus
3142 1848 3269 1890 suas
3307 1836 3522 1904 quando
3556 1841 3737 1896 stabat

465 1920 692 1974 dominis
733 1919 924 1973 servire
953 1917 1171 1990 (Matth.
1202 1919 1302 1989 vt).
1337 1919 1473 1973 Hinc
1509 1918 1707 1972 Paulus
1733 1917 1808 1971 ait
1836 1936 1848 1970 ε
1881 1916 2052 1970 Nemo

465 2009 699 2063 militans
740 2007 850 2062 Deo
885 2009 1121 2079 implicat
1156 2027 1211 2063 se
1245 2009 1464 2079 negotiis
1505 2007 1872 2071 amatoribus,
1910 2016 1968 2060 ut
2005 2007 2052 2060 ei

465 2101 670 2172 placeat
699 2100 784 2152 cui
803 2117 858 2154 se
883 2100 1117 2170 probavit
1142 2099 1229 2171 (II
1267 2099 1339 2154 ad
1381 2099 1516 2153 Tim.
1571 2099 1652 2168 ιι).
1685 2099 1789 2152 Per
1816 2097 2054 2167 Prophe-

471 2201 578 2244 tam
605 2191 862 2244 Dominus
894 2190 1149 2244 admonet
1169 2191 1394 2245 dicens:
1433 2186 1626 2242 Vacate
1648 2197 1696 2241 et
1719 2187 1904 2252 videte,
1925 2204 2055 2258 quo-

468 2286 610 2338 niam
639 2303 731 2356 ego
755 2301 870 2339 sum
902 2283 1042 2338 Deus
1081 2280 1199 2356 (Ps.
1229 2282 1378 2353 κων),
1408 2283 1534 2352 quia
1564 2280 1815 2335 videlicet
1851 2294 2055 2349 nequa-

466 2392 627 2447 quam
651 2377 843 2432 notitia
881 2377 1092 2432 interna
1118 2374 1438 2444 concipitur,
1479 2372 1581 2426 nisi
1607 2371 1676 2425 ab
1695 2379 1787 2426 ext
1809 2378 1920 2424 -".‘.a
1953 2371 2056 2425 im-

467 2469 757 2540 plicatione
781 2476 1042 2523 cessetur.
1077 2465 1212 2520 llinc
1241 2465 1434 2519 iterum
1464 2462 1660 2516 Paulus
1683 2461 1759 2515 ait
1788 2478 1800 2513 :
1833 2459 1895 2516 Si
1917 2477 2054 2514 com-

467 2547 663 2613 mortui
707 2575 924 2624 sumus,
966 2566 1012 2611 et
1053 2556 1378 2610 convivemus
1420 2551 1508 2625 (II
1559 2552 1629 2607 ad
1685 2551 1819 2606 Tim.
1863 2550 1944 2623 ιι).
1992 2549 2054 2605 Si

467 2652 606 2706 enim
638 2651 831 2705 mortui
858 2667 1038 2704 sumus
1065 2666 1180 2703 cum
1202 2645 1435 2709 Christo,
1462 2646 1721 2700 credimus
1745 2647 1869 2716 quia
1895 2644 2054 2698 simul

467 2743 694 2796 vivemus
729 2758 848 2795 cum
883 2757 943 2796 eo
974 2739 1152 2813 (Rom.
1181 2738 1256 2808 vt)
1289 2758 1300 2794 :
1333 2739 1458 2810 quia
1492 2740 1628 2793 sicut
1657 2739 1712 2792 in
1741 2737 1911 2792 Adam
1942 2753 2054 2791 ont-

471 2847 562 2884 nes
590 2831 904 2893 moriuntur,
939 2830 1012 2883 ita
1040 2838 1089 2883 et
1127 2829 1184 2882 in
1213 2826 1420 2882 Christo
1449 2843 1627 2882 omnes
1653 2825 2054 2895 viviﬁcabuntur

471 2921 524 2993 (I
553 2920 676 2977 Cor.
706 2921 818 2994 xv).
851 2920 993 2976 Nam
1019 2929 1067 2975 et
1094 2922 1140 2975 si
1170 2920 1487 2976 sustinemus
1511 2935 1604 2989 pro
1639 2917 1730 2972 illo
1761 2914 2056 2971 tribulatio-

469 3027 580 3077 nes,
617 3011 753 3067 sicut
790 3021 838 3066 et
874 3009 964 3066 ille
997 3011 1245 3065 sustinuit
1284 3025 1379 3080 pro
1419 3008 1584 3072 nobis,
1622 3006 2054 3078 conregnabimus

467 3119 586 3157 cum
622 3102 715 3158 illo
742 3116 762 3156 :
791 3104 918 3174 quia
958 3110 1156 3174 oportet
1198 3119 1292 3157 nos
1332 3119 1426 3172 per
1461 3101 1653 3155 multas
1690 3098 2055 3154 tribulationes

2153 1911 2220 1965 ad
2248 1913 2571 1980 orationem,
2599 1917 2912 1986 rapiebatur
2941 1936 3098 1977 mens
3119 1924 3238 1994 ejus
3263 1926 3318 1982 in
3343 1930 3653 1998 superiora.
3675 1931 3735 1986 Si

2153 2016 2284 2071 ergo
2323 2005 2671 2076 contingebat
2714 2024 2837 2064 cum
2882 2026 2947 2067 eo
3007 2014 3242 2085 aliquem
3287 2016 3511 2076 fratrem
3553 2038 3736 2087 orare,

2153 2090 2448 2149 festinabat
2472 2097 2582 2152 cito
2619 2099 2891 2169 deponere
2919 2119 3134 2171 manus,
3169 2122 3237 2162 ne
3274 2121 3561 2181 raperetur
3585 2131 3736 2171 mens

2152 2181 2292 2252 ejus,
2314 2193 2370 2239 et
2389 2196 2713 2243 moraretur.
2737 2189 2885 2246 Dixit
2901 2195 3118 2264 quidam
3141 2211 3326 2266 senex,
3349 2205 3494 2271 quod
3516 2207 3734 2262 assidua

2152 2273 2330 2328 oratio
2352 2275 2463 2330 cito
2493 2278 2720 2348 corrigit
2755 2292 3011 2338 mentem.
3038 2285 3186 2342 Dixit
3214 2291 3432 2359 quidam
3462 2293 3686 2351 Patrum
3719 2315 3733 2352 ι

2153 2363 2289 2430 Quia
2337 2364 2480 2420 sicut
2533 2363 2866 2437 impossibile
2910 2383 2997 2429 est
3047 2385 3106 2431 ut
3144 2379 3324 2436 videat
3371 2385 3494 2453 quis
3539 2387 3736 2443 faciem

2154 2470 2307 2548 suam
2348 2456 2403 2511 in
2428 2471 2566 2526 aqua
2603 2460 2839 2526 turbida,
2889 2464 2968 2518 sic
3009 2476 3066 2522 et
3105 2469 3285 2523 anima
3333 2471 3458 2543 (nisi
3506 2489 3737 2548 purgata

2153 2542 2318 2599 fuerit
2364 2561 2394 2599 a
2440 2549 2857 2617 cogitationibus
2891 2553 3109 2628 alienis)
3157 2542 3578 2635 contemplative
3615 2542 3735 2624 'non

2154 2645 2332 2705 potest
2360 2653 2521 2694 orare
2551 2639 2738 2696 Deum.

2720 2743 2950 2802 CAPUT
2990 2748 3158 2805 XXV.

2542 2831 2620 2887 De
2653 2837 2799 2905 regni
2832 2837 3050 2895 caelestis
3083 2843 3363 2900 desiderio.

2226 2920 2447 2993 Magnus
2482 2923 2688 2980 clamor
2721 2937 3034 2984 sanctorum
3059 2984 3072 2998 ,
3115 2948 3368 3004 magnum
3399 2945 3483 2991 est
3525 2938 3741 2996 deside-

2155 3013 2339 3068 rium:
2373 3023 2526 3071 tanto
2565 3018 2710 3072 enim
2751 3020 2930 3076 minus
2970 3024 3202 3094 quisque
3252 3027 3486 3093 clamat,
3531 3043 3743 3100 quanto

2155 3105 2334 3160 minus
2371 3107 2660 3164 desiderat.
2703 3110 2770 3168 Et
2800 3121 2948 3168 tanto
2979 3113 3241 3182 majorem
3271 3130 3457 3172 vocem
3497 3120 3546 3174 in
3577 3137 3742 3179 ani-cs

466 3193 686 3248 introire
707 3193 764 3247 in
782 3208 998 3284 regnum
1020 3192 1117 3247 Dei
1140 3191 1227 3284 (VII
1254 3190 1388 3245 Tim.
1416 3191 1498 3263 ιι).
1525 3189 1725 3284 Mor-tui
1747 3189 1883 3284 enim
1902 3190 2048 3284 estis,
2077 3175 2122 3236 (ἶ
2153 3194 2608 3270 incircumscripti
2639 3202 2861 3272 spiritus
2888 3175 3181 3274 exprimit,
3209 3218 3412 3278 quanto
3440 3227 3502 3266 se
3526 3213 3579 3267 in

466 3293 515 3338 et
563 3285 669 3339 vita
721 3293 888 3338 vestra
937 3282 1243 3338 abscondita
1291 3293 1365 3337 est
1414 3299 1530 3336 cum
1581 3279 1788 3336 Christo
1837 3280 1892 3334 in
1943 3279 2049 3333 Deo

470 3373 606 3442 (Col.
640 3372 742 3442 ιιι).
1204 3404 1226 3417 ς

1033 3466 1260 3522 CAPUT
1300 3465 1486 3520 XXIV.

929 3556 1008 3611 De
1035 3557 1138 3611 vita
1167 3554 1585 3626 contemplativa.

416 3720 419 3722 Ι
536 3648 728 3703 Activa
750 3647 882 3712 vita,
915 3647 1224 3702 innocentia
1250 3653 1336 3700 est
1356 3660 1580 3714 operum
1609 3645 1896 3710 bonorum,
1921 3660 2050 3702 con-

469 3739 783 3810 templativa
829 3737 1128 3810 speculatio
1171 3751 1549 3806 supernorum.
1605 3735 1697 3791 Illa
1744 3739 2049 3795 communis

468 3831 760 3887 multorum
781 3839 885 3896 est,
909 3830 1014 3887 ista
1033 3843 1162 3885 vero
1183 3844 1497 3900 paucorum.
1521 3828 1710 3884 Activa
1737 3833 1868 3896 vita,
1895 3847 2050 3886 mun-

466 3923 625 3980 danis
649 3922 812 3979 rebus
845 3925 982 3980 bene
1011 3922 1207 3990 utitur,
1240 3921 1658 3992 contemplativa
1689 3936 1820 3978 vero
1848 3924 2049 3979 mundo

469 4012 811 4077 renuntians.
855 4012 954 4070 soli
1010 4013 1122 4068 Deo
1167 4012 1351 4069 vivere
1400 4011 1718 4070 delectatur.
1751 4012 1854 4081 Qui
1896 4015 2049 4084 prius

467 4101 521 4158 in
558 4101 734 4158 activa
776 4101 886 4157 vita
939 4101 1191 4174 prolicit,
1247 4103 1316 4159 ad
1353 4103 1868 4174 contemplationem
1909 4104 2048 4161 bene

467 4195 783 4251 conscendit
846 4195 1038 4252 Merito
1065 4196 1210 4252 enim
1253 4196 1304 4252 in
1334 4197 1437 4253 ista
1481 4197 1786 4254 sustollitur
1807 4239 1823 4261 ,
1855 4199 1950 4268 qui
1990 4199 2048 4253 in

464 4289 554 4345 illa
580 4289 728 4346 utilis
752 4290 1043 4347 invenitur.
1091 4290 1245 4347 Sicut
1267 4291 1509 4362 sepultus
1545 4292 1616 4349 sb
1642 4292 1790 4348 omni
1830 4292 2048 4361 negotio

465 4389 686 4437 terreno
729 4381 976 4452 privatur
1021 4399 1036 4436 :
1090 4383 1162 4439 ita
1205 4383 1644 4454 contemplationi
1692 4397 1895 4439 vacans
1916 4423 1932 4447 ,
1978 4383 2050 4438 ab

463 4473 816 4542 occupatione
862 4474 1059 4530 actuali
1099 4475 1381 4530 avertitur.
1442 4474 1555 4530 Viri
1608 4474 1783 4530 sancti
1825 4474 1967 4530 sicut
2013 4489 2046 4529 a

2152 3286 2478 3343 desiderium
2499 3290 2712 3360 plenius
2736 3291 2929 3348 fundit.
2955 3295 3111 3366 S:epc
3138 3298 3284 3352 enim
3306 3311 3493 3358 nostra
3523 3305 3740 3361 deside-

2150 3377 2300 3433 dcria
2327 3377 2475 3450 (quia
2497 3381 2747 3438 celeriter
2770 3400 2876 3440 non
2907 3385 3062 3458 liunt)
3087 3391 3474 3458 exaudiuntnr,
3498 3403 3554 3449 et
3590 3399 3740 3465 quod

2151 3467 2363 3538 impleri
2417 3471 2628 3526 concito
2673 3473 2926 3542 petimus,
2967 3492 3032 3531 ex
3075 3480 3190 3549 ipsa
3240 3481 3433 3538 melius
3473 3487 3738 3543 tarditate

2150 3567 2522 3629 prosperatur.
2544 3561 2823 3618 Desideria
2848 3575 3036 3620 nostra
3063 3569 3325 3626 dilatione
3343 3575 3738 3640 extenduntur,

2150 3657 2212 3702 ut
2239 3648 2525 3719 proﬁciant
2552 3669 2566 3705 :
2597 3652 2907 3721 proﬁciunt,
2933 3664 2992 3710 ut
3019 3656 3084 3711 ad
3115 3659 3216 3715 hoc.
3243 3663 3386 3730 quod
3413 3675 3740 3736 perceptum

2149 3747 2296 3804 sunt,
2325 3739 2725 3797 convalescant.
2758 3744 3080 3802 Excitantur
3107 3749 3160 3804 in
3188 3753 3506 3819 certamine,
3529 3764 3590 3809 ut
3619 3773 3742 3810 ma-

2142 3828 2355 3899 joribus
2389 3833 2735 3890 cumulentur
2761 3839 3000 3906 praemiis
3039 3839 3092 3894 iu
3129 3841 3506 3899 retributione.
3555 3845 3741 3902 Labor

2149 3923 2486 3992 protrahitur
2510 3941 2734 3998 pugnas,
2768 3936 2826 3982 ut
2856 3939 3070 3986 crescat
3104 3947 3307 3989 corona
3337 3935 3602 3993 victoriae.
3634 3937 3740 3994 Ju-

2148 4018 2217 4073 sti
2241 4018 2346 4076 viri
2387 4029 2650 4090 quantum
2679 4021 2736 4076 in
2771 4023 3082 4082 cmicstibns
3122 4042 3220 4096 per
3256 4031 3741 4102 contemplationis

2148 4108 2358 4166 radium
2405 4110 2671 4167 inhatrere
2707 4113 3037 4180 desiderant,
3077 4125 3286 4172 tantum
3332 4119 3389 4174 in
3428 4130 3574 4176 terra
3602 4122 3740 4178 mdi—

2149 4198 2301 4255 licari
2336 4199 2628 4272 refugiunt,
2661 4203 2753 4258 ubi
2783 4219 2843 4260 se
2871 4206 3183 4277 peregrinos
3210 4215 3268 4263 et
3291 4209 3534 4280 hospites
3557 4225 3741 4268 nove-

2149 4297 2297 4354 runt,
2337 4289 2506 4347 Paulo
2543 4299 2835 4348 attestante
2869 4295 2962 4363 qui
2998 4295 3075 4350 ait
3105 4315 3118 4350 :
3154 4296 3353 4353 Nostra
3381 4310 3566 4355 autem
3603 4317 3745 4357 con-

2148 4382 2372 4435 versatio
2390 4382 2446 4436 in
2461 4381 2602 4438 caelis
2617 4393 2692 4438 est
2709 4381 2890 4455 (Phil.
2908 4385 3013 4458 ιιι).
3039 4385 3244 4459 (Greg.,
3267 4387 3323 4442 Η
3328 4406 3408 4443 or.
3431 4390 3470 4444 ι.
3501 4408 3555 4458 v,
3577 4410 3626 4448 ε.
3647 4395 3740 4466 3).

2149 4468 2336 4527 Sancti
2364 4472 2468 4528 viri
2494 4473 2564 4529 ab
2587 4474 2998 4544 importunitate
3037 4477 3430 4536 desideriorum
3457 4489 3742 4554 tempora-

463 4573 672 4622 secreto
722 4565 1192 4637 contemplationis
1241 4566 1595 4637 egrediuntur
1643 4565 1713 4619 ad
1768 4565 2040 4635 publicum
2064 4552 2119 4612 D
2144 4559 2276 4614 lium
2297 4569 2356 4616 et
2383 4561 2654 4617 inutilium
2685 4579 2963 4633 curarum,
2990 4580 3056 4621 ac
3081 4567 3150 4624 ab
3172 4583 3359 4624 amore
3382 4552 3741 4643 perstrepen-

463 4657 713 4731 actionis,
741 4656 817 4712 ita
858 4672 1045 4714 rursus
1081 4657 1151 4713 ab
1178 4656 1409 4714 actionis
1434 4654 1724 4712 manifesto
1757 4656 1825 4711 ad
1859 4670 2043 4712 secre-

462 4755 578 4801 tum
614 4746 818 4802 intima:
856 4747 1328 4817 mntemplationis
1370 4753 1760 4802 revertuntur:
1789 4753 1852 4800 ut
1896 4746 2044 4804 intus

465 4835 634 4891 Deum
674 4835 924 4904 laudent,
970 4837 1061 4892 ubi
1107 4843 1434 4906 acceperunt
1471 4834 1614 4890 unde
1653 4832 1787 4890 foris
1820 4835 1888 4890 ad
1924 4836 2043 4907 ejus

462 4925 690 4996 gloriam
708 4937 1019 4998 operentur.
1049 4924 1250 4998 (Greg.,
1277 4923 1472 4979 Μαι-αι.
1501 4923 1542 4977 ι.
1573 4939 1650 4990 ιι,
1676 4940 1725 4978 c.
1747 4923 1861 4994 25).
1887 4923 2040 4982 Sicut

462 5017 655 5089 aquila:
701 5019 869 5075 moris
914 5027 999 5074 est
1035 5031 1249 5088 semper
1291 5014 1520 5071 oculum
1557 5015 1612 5070 in
1655 5015 1866 5072 radium
1909 5016 2040 5075 solis

462 5108 704 5182 infigere,
736 5123 838 5166 nec
856 5107 1160 5174 deﬂectere,
1183 5107 1287 5163 nisi
1309 5097 1646 5163 esctesolius
1673 5107 1894 5164 obtentu
1922 5127 1935 5164 :
1962 5110 2038 5166 ita

461 5204 637 5259 sancti
663 5219 694 5259 a
724 5201 1178 5273 contemplatione
1196 5202 1264 5258 ad
1285 5201 1552 5258 actualem
1573 5202 1740 5260 vitam
1763 5203 2036 5272 interdum

459 5293 836 5360 reﬂectuntur,
866 5279 1276 5349 considerantes
1312 5292 1405 5350 illa
1438 5309 1650 5352 summa
1681 5295 1762 5352 sic
1783 5309 1906 5352 esse
1924 5295 2036 5351 uti-

459 5386 563 5449 lia,
594 5393 656 5439 ut
682 5391 863 5439 tamen
889 5382 994 5436 ista
1019 5382 1243 5440 humilia
1277 5383 1388 5439 sint
1420 5385 1699 5454 paululum
1722 5393 1922 5442 nostrae
1950 5386 2038 5442 iu-

463 5473 712 5545 digentize
761 5472 1089 5528 necessaria.
1139 5471 1326 5545 Magna
1377 5483 1463 5531 est
1510 5475 1565 5530 in
1619 5476 2035 5548 contemplativa

461 5567 573 5620 vita
614 5563 814 5620 mentis
855 5562 1148 5629 contentio,
1191 5579 1315 5620 cum
1343 5580 1464 5622 sese
1487 5565 1557 5620 ad
1585 5565 1830 5622 ctelestia
1853 5567 2035 5638 erigit,

463 5673 587 5714 cum
610 5659 664 5714 in
691 5658 853 5714 rebus
874 5655 1207 5728 spiritalibus
1233 5659 1472 5714 animum
1501 5659 1687 5723 tendit,
1716 5673 1837 5714 cum
1860 5667 2038 5714 trans-

463 5752 613 5821 gredi
645 5751 836 5806 nititur
867 5765 1027 5808 omne
1050 5751 1192 5820 quod
1221 5751 1574 5821 corporaliter
1613 5751 1859 5818 videtur,
1907 5767 2034 5808 cum

2147 4649 2283 4706 tium
2309 4651 2807 4721 perturbationum,
2831 4655 3155 4728 semetipsos
3192 4657 3333 4716 sacri
3366 4659 3517 4716 verbi
3545 4661 3740 4731 gladio

2145 4739 2477 4797 mortiﬁeare
2505 4757 2614 4798 non
2641 4743 2914 4812 desinunt,
2945 4753 3109 4816 atque
3130 4746 3274 4803 intus
3302 4763 3363 4804 se
3381 4757 3509 4805 ante
3529 4752 3734 4807 faciem

2143 4829 2238 4886 Dei
2291 4830 2347 4886 in
2377 4832 2500 4888 sinu
2562 4835 2764 4890 mentis
2823 4823 3183 4892 abscbnduut.
3236 4836 3391 4895 Unde
3433 4848 3579 4895 recte
3631 4856 3738 4911 per

2139 4919 2480 4978 Psalmistam
2531 4923 2732 4979 dicitur
2776 4941 2790 4980 :
2844 4924 3140 4982 Abscondes
3183 4943 3270 4982 eos
3320 4929 3375 4983 in
3419 4929 3738 4986 abscondito

2143 5014 2314 5073 vultus
2333 5013 2434 5080 tui,
2465 5031 2500 5070 α
2530 5015 2945 5071 contradictione
2971 5016 3242 5072 hominum
3267 5014 3442 5089 (Psal.
3471 5020 3642 5092 xxx),
3672 5030 3737 5074 ut

2141 5119 2298 5161 mens
2321 5120 2508 5161 eorum
2531 5105 2659 5162 dum
2683 5107 2738 5163 in
2761 5121 3004 5163 amorem
3025 5107 3120 5163 Dei
3144 5117 3258 5164 tota
3287 5109 3550 5179 tenditur,
3581 5111 3736 5165 nulla

2143 5196 2405 5255 inutiliter
2440 5199 2850 5270 perturbatione
2878 5199 3168 5256 laceretur.
3211 5199 3412 5256 Paulus
3448 5201 3737 5272 apostolus

2139 5303 2240 5359 per
2266 5291 2770 5362 contemplationem
2789 5331 2807 5358 ,
2846 5301 3090 5350 mortuos
3127 5301 3184 5348 et
3207 5295 3374 5363 quasi.
3392 5293 3447 5349 in
3469 5293 3736 5364 sepulcro

2140 5379 2490 5436 absconditos
2535 5380 2830 5451 discipulos
2883 5382 3126 5451 viderat,
3186 5383 3383 5454 quibus
3437 5383 3661 5440 dicebat
3711 5402 3731 5440 :

2142 5469 2341 5525 Mortui
2379 5473 2515 5526 enim
2546 5473 2692 5536 estis,
2726 5482 2776 5527 et
2819 5474 2922 5527 vita
2947 5485 3117 5529 uestra
3142 5473 3447 5531 abscondita
3485 5484 3566 5529 est
3603 5492 3735 5531 cum

2140 5549 2347 5615 Christo
2378 5563 2433 5615 in
2453 5562 2564 5616 Deo
2593 5561 2730 5634 (Col.
2760 5563 2864 5635 ιιι).
2891 5562 2994 5632 Qui
3017 5565 3160 5620 enim
3191 5565 3523 5621 niortilicare
3546 5582 3609 5621 se
3632 5582 3743 5639 ap—

2138 5655 2295 5726 petit,
2341 5653 2496 5711 valde
2540 5655 2610 5710 ad
2647 5655 2922 5711 iuventam
2965 5655 3208 5727 requiem
3247 5656 3743 5726 contemplationis

2138 5745 2415 5803 hilarescit
2445 5763 2457 5799 :
2486 5753 2546 5801 ut
2581 5746 2884 5802 exstinctus
2910 5746 3170 5802 mundum
3198 5745 3386 5814 lateat,
3419 5755 3474 5802 et
3509 5749 3740 5803 cunctis

3897 3591 3900 3772 Ι

3897 4201 3899 4274 ι
