3940 6422
163 405 274 458 621

1395 397 1698 453 DIADEMA
1735 395 2237 454 MONACHORUM.

3347 399 3449 453 6:22

159 518 514 575 exteriorum
546 531 728 570 rerum
752 514 939 584 sopitis
966 509 1483 582 perturbationibus,
1515 509 1655 566 intra
1679 511 1754 567 si-
1785 523 1833 580 Α
1861 511 2001 567 Sunt
2029 511 2270 565 nonnulli
2305 511 2397 580 qui
2427 520 2547 580 post
2581 527 2835 581 perversa
2865 512 3055 568 itinera
3082 524 3299 569 ςηιιοιιιε
3327 517 3444 570 vias

161 626 312 665 num
351 625 408 665 se
450 607 622 663 intlmi
674 605 878 660 amoris
917 602 1232 657 abscondat.
1265 600 1571 670 Aliquando
1611 615 1765 656 mens

159 699 308 769 iusti
333 699 400 754 ad
431 697 719 768 quamdam
742 695 1058 750 inusitatam
1079 691 1419 747 dulcedinem
1445 692 1644 748 interni
1671 706 1762 744 sa-

159 791 330 861 poris
351 788 690 851 admittitur;
719 792 774 840 et
799 784 997 854 raptim
1019 782 1202 852 aliquo
1231 781 1392 837 modo
1415 781 1628 837 ardenti
1654 782 1765 852 spi-

160 881 283 934 ritu
321 879 498 934 aﬂlata
525 885 832 942 renovatur,
857 881 1115 945 tantoque
1136 873 1304 945 magis
1342 873 1513 934 inhiat
1559 882 1765 944 quanto

159 971 359 1044 magis
383 968 628 1040 quzedam
659 977 712 1023 et
740 967 1010 1037 degustat,
1039 975 1201 1036 atque
1229 965 1332 1021 hoc
1352 965 1492 1020 intra
1521 981 1579 1020 se
1603 981 1764 1036 appe-

160 1062 264 1129 tit,
295 1063 440 1133 quod
469 1061 572 1118 sibi
601 1060 809 1115 dulcius
831 1059 1033 1115 habere
1060 1059 1386 1114 intrinsecus
1409 1057 1594 1113 sentit.
1620 1057 1765 1112 Dixit

161 1155 352 1210 abbas
390 1155 680 1210 Theonas:
714 1152 851 1220 Quia
900 1151 1193 1223 impeditur
1240 1165 1394 1206 mens
1439 1158 1660 1214 nostra,
1709 1157 1765 1203 et

161 1254 470 1300 revocatur
515 1260 546 1299 a
595 1243 1047 1314 contemplatione
1077 1242 1208 1308 Dei,
1249 1249 1532 1312 propterea
1566 1242 1764 1312 captivi

161 1334 431 1389 ducimur
469 1333 521 1387 in
550 1333 859 1388 carnalibus
893 1332 1256 1402 passionibus.
1293 1330 1439 1385 Dixit
1463 1331 1630 1386 abbas
1657 1331 1763 1386 Ar-

160 1425 365 1479 senius
391 1423 604 1478 cuidam
630 1422 788 1476 fratri
823 1441 835 1476 :
869 1421 1296 1494 Quantac‘unque
1325 1422 1420 1478 tibi
1450 1423 1625 1478 virtus
1658 1432 1760 1491 est,

160 1529 380 1568 conare
407 1521 467 1566 ut
497 1513 723 1567 interius
751 1528 885 1583 opus
913 1523 1064 1568 tuum
1087 1513 1382 1568 secundum
1413 1514 1582 1569 Deum
1609 1515 1680 1570 sit
1707 1522 1764 1570 et

161 1601 366 1656 vincat
407 1602 694 1656 exterioris
737 1602 970 1658 hominis
1007 1603 1304 1672 passiones.
1337 1602 1560 1658 Dicebat
1597 1605 1764 1661 abbas

159 1690 414 1746 Joannes
445 1711 456 1745 :
483 1692 617 1759 Quia
663 1691 869 1747 fecerat
911 1692 1200 1764 aliquando
1241 1694 1473 1765 plectam
1516 1695 1584 1751 ad
1630 1697 1764 1753 duas

161 1767 429 1854 sportas,
468 1793 524 1838 et
557 1785 809 1854 expendit
840 1800 960 1840 eam
990 1787 1044 1840 in
1072 1802 1232 1840 unam
1263 1797 1535 1857 sportam,
1574 1796 1629 1843 et
1653 1804 1761 1844 non

1867 603 2062 657 sectari
2089 611 2366 673 appetunt,
2410 602 2504 656 sed
2533 603 2846 672 priusquam
2887 605 2938 659 in
2966 604 3045 659 eis
3064 646 3078 668 ,
3101 612 3162 658 ut
3191 605 3445 668 diximus,

1868 691 2134 746 desideria
2181 691 2321 746 bona
2351 691 2696 760 roborentur,
2729 692 2978 760 quaedam
3017 692 3138 748 illos
3171 695 3454 762 prarscntis

1868 783 2046 838 saeculi
2074 783 2406 854 prosperitas
2437 782 2653 853 accipit,
2681 800 2801 853 qua:
2828 799 2922 838 eos
2957 786 3117 840 rebus
3165 783 3451 840 exteriori-

1866 875 1968 930 bus
1992 875 2265 946 implicat,
2297 884 2352 930 et
2379 890 2569 931 eorum
2598 877 2858 937 mentem,
2891 875 3015 930 dum
3043 891 3074 929 a
3104 875 3287 930 calore
3325 875 3443 929 inti-

1869 965 1940 1020 mi
1969 965 2179 1020 ardoris
2204 965 2468 1030 rclrahit,
2501 964 2654 1035 quasi
2682 981 2747 1020 cx
2791 965 2992 1036 frigore
3031 965 3354 1037 exstinguit,
3397 975 3454 1021 et

1868 1057 2126 1129 quidquid
2168 1057 2223 1112 in
2253 1057 2332 1112 eis
2361 1059 2424 1112 de
2447 1073 2570 1114 sero
2602 1057 2814 1112 fervore
2855 1072 3116 1128 apparere
3143 1057 3449 1122 videbatur,

1867 1148 2144 1204 interficit.
2179 1147 2237 1204 Si
2264 1149 2394 1219 quid
2421 1149 2547 1205 boni
2585 1148 2814 1204 fortasse
2855 1150 3102 1205 infirmus
3131 1165 3195 1205 ac
3239 1150 3450 1220 tepidus

1866 1241 2166 1296 monachus
2195 1255 2355 1310 agerc
2390 1240 2634 1310 coeperit,
2679 1241 2993 1311 priusquam
3033 1241 3089 1296 in
3118 1256 3183 1296 eo
3211 1258 3308 1312 per
3333 1241 3449 1296 lon-

1867 1333 2162 1403 gitudinem
2193 1334 2453 1405 temporis
2493 1335 2857 1398 convalescat,
2895 1335 2963 1388 ad
3006 1334 3277 1389 exteriora
3317 1334 3450 1389 dila-

1867 1423 2034 1488 bitur,
2063 1431 2120 1480 et
2144 1437 2400 1482 perverse
2443 1423 2644 1479 deserit
2671 1439 2792 1494 qure
2820 1432 2965 1479 recte
2997 1423 3280 1478 inchoasse
3307 1423 3450 1478 vide-

1867 1513 2046 1568 batur.
2081 1513 2154 1577 ¹1η
2195 1515 2426 1570 terrenis
2487 1515 2682 1584 quippe
2729 1514 2939 1568 actibus
2991 1513 3148 1568 valde
3205 1512 3449 1584 frigescit

1869 1606 2113 1672 animus,
2145 1607 2189 1662 si
2217 1608 2446 1663 necdum
2481 1606 2642 1661 fuerit
2664 1622 2763 1676 per
2786 1607 2974 1661 intima
3002 1607 3138 1662 dona
3167 1607 3444 1661 solidatus.

1869 1693 2164 1750 Sciendum
2187 1711 2529 1766 summopere
2559 1706 2641 1750 est
2671 1696 2798 1765 quia
2825 1695 3142 1765 plerumque
3170 1697 3450 1751 monachis
3491 1753 3496 1758 ,

1867 1785 1972 1840 hoc
2009 1784 2229 1840 evenire
2267 1786 2547 1840 consuevit
2586 1785 2700 1858 (qui
2743 1785 2912 1840 Deum
2937 1801 3073 1856 puro
3115 1800 3178 1840 ac
3214 1785 3447 1855 simplici

162 1877 463 1934 intellexit.
508 1877 638 1932 Erat
683 1878 828 1932 enim
870 1893 1023 1933 mens
1057 1876 1174 1944 ejus
1218 1889 1480 1948 occupata
1528 1881 1588 1935 in
1629 1895 1760 1936 eon-
1791 1877 1838 1937 B
1865 1875 2045 1930 studio
2074 1891 2182 1930 non
2208 1876 2528 1947 sequuntur)
2559 1876 2704 1947 quod
2733 1875 2788 1932 in
2818 1877 2958 1932 libro
2985 1877 3130 1932 beati
3175 1873 3274 1932 Σοὶ)
3315 1880 3449 1933 scri-

163 1970 530 2039 templatione
563 1968 678 2022 Dei.
723 1968 869 2022 Dixit
907 1969 1075 2024 abbas
1106 1967 1368 2039 Serapion
1401 1987 1414 2024 :
1445 1970 1580 2038 Quia
1619 1972 1760 2028 sicut

165 2059 381 2114 milites
421 2059 764 2128 imperatoris
795 2057 938 2127 (eum
964 2067 1088 2114 ante
1125 2059 1300 2130 ipsum
1321 2063 1484 2133 stant)
1520 2078 1624 2117 non
1658 2079 1756 2118 au-

163 2150 308 2205 dent
345 2151 409 2204 ad
440 2151 719 2205 dexteram
755 2157 848 2204 aut
886 2150 1159 2205 sinistram
1189 2153 1500 2223 respicere:
1535 2153 1609 2209 ita
1644 2170 1758 2210 mo-

165 2245 390 2300 nachus
423 2244 468 2299 si
495 2252 604 2300 stat
635 2244 689 2299 in
719 2252 1010 2313 conspectu
1037 2242 1272 2310 Domini,
1304 2255 1360 2300 et
1393 2245 1631 2302 intentus
1674 2257 1758 2303 est

163 2335 325 2390 omni
356 2336 488 2390 hora
523 2335 802 2402 intimore
826 2334 974 2406 ejus,
1005 2335 1138 2389 nihil
1175 2337 1344 2391 estde
1372 2353 1478 2407 quo
1507 2337 1759 2394 adversa-

165 2426 292 2481 rius
312 2441 436 2480 eum
467 2435 673 2481 terrere
694 2426 884 2496 possit.
909 2425 1054 2480 Dixit
1076 2426 1240 2481 abbas
1267 2426 1586 2498 llypericius
1613 2447 1624 2484 :
1651 2430 1756 2484 Co-

163 2516 366 2585 gitatio
398 2526 486 2570 tua
518 2530 730 2584 semper
764 2516 836 2570 sit
869 2515 922 2569 in
954 2530 1120 2586 regno
1146 2515 1409 2571 caelorum
1430 2557 1444 2581 ,
1477 2524 1531 2572 et
1560 2518 1666 2573 cito
1701 2519 1756 2572 in

165 2606 545 2660 hatreditatem
591 2605 825 2674 accipies
867 2604 1016 2658 illud.
1067 2605 1317 2674 Dixitque
1365 2606 1561 2661 iterum
1593 2626 1604 2661 :
1638 2609 1755 2663 Vita

166 2697 428 2753 monachi
449 2695 602 2765 juxta
643 2695 998 2751 imitationem
1037 2695 1346 2766 angelorum
1378 2697 1504 2763 fiat,
1535 2699 1758 2754 combu-

168 2807 305 2861 rens
336 2799 496 2860 atque
523 2803 846 2844 consumens
869 2797 1110 2858 peccata.
1149 2788 1294 2844 Dixit
1315 2789 1480 2844 abbas
1512 2791 1702 2847 Matois
1739 2810 1752 2846 :

167 2883 390 2949 Quanto
416 2881 586 2952 magis
615 2895 674 2936 se
698 2882 1039 2952 approximat
1081 2881 1242 2936 homo
1269 2881 1338 2937 ad
1375 2882 1567 2949 Deum,
1604 2892 1757 2941 tanto

170 2974 410 3044 amplius
436 2989 494 3029 se
526 2959 867 3044 peccator-em
899 2975 1082 3030 videt..
1109 2974 1276 3032 Isaias
1313 2975 1458 3032 enim
1493 2978 1756 3049 propheta

167 3068 368 3124 videns
396 3069 704 3136 Dominum,
737 3071 995 3126 miserum
1029 3086 1088 3127 se
1109 3080 1163 3127 et
1185 3071 1519 3129 immundum
1543 3075 1755 3131 dicebat

172 3159 316 3234 (Isa.
343 3162 440 3232 vi).
466 3162 608 3217 Dixit
635 3163 854 3232 quidam
876 3179 1039 3220 senex
1072 3181 1084 3217 :
1116 3163 1269 3220 Sicut
1294 3180 1452 3221 nemo
1477 3167 1640 3222 audet
1663 3167 1755 3223 lae-

1863 1977 2017 2038 ptum
2043 1975 2126 2023 est
2177 1986 2188 2022 :
2223 1966 2570 2040 Congregatio
2600 1969 2884 2039 hypocrita:
2927 1969 3119 2024 sterilis
3158 1969 3300 2042 (Job.
3333 1967 3444 2043 xv).

1866 2057 2069 2129 (Greg.,
2127 2057 2265 2112 Mor.
2314 2057 2351 2112 l.
2396 2074 2496 2123 xu,
2539 2076 2584 2112 c.
2625 2044 2741 2129 27.)
2768 2057 2955 2129 Coepta
2995 2059 3138 2114 enim
3165 2060 3305 2115 bona
3337 2079 3444 2116 non

1863 2153 2194 2218 amitterent,
2215 2151 2262 2206 si
2277 2151 2570 2222 hypocrita:
2583 2167 2688 2207 non
2706 2151 2952 2207 fuissent.
2969 2151 3310 2225 Congregant
3323 2169 3450 2208 vero

1862 2251 1917 2296 et
1972 2243 2266 2314 hypocrita
2322 2243 2463 2299 bona
2505 2256 2704 2314 Opera,
2753 2244 2849 2299 sed
2891 2259 3080 2300 eorum
3121 2245 3320 2304 sterilis
3367 2255 3450 2302 est

1864 2334 1979 2404 ipsa
2008 2350 2094 2418 ce“
2120 2334 2355 2418 :fegatio
2383 2352 2396 2388 :
2428 2335 2555 2406 quia
2578 2350 2676 2405 per
2703 2335 2808 2392 hoc
2832 2335 2973 2407 quod
2996 2345 3178 2406 agunt,
3213 2335 3448 2392 fructum

1864 2396 2198 2496 reciperein
2231 2436 2434 2482 arterna
2474 2427 2828 2483 retributione
2870 2443 2978 2483 non
3026 2437 3306 2498 appetunt.
3349 2429 3450 2484 Fc-

1863 2515 2025 2570 cundi
2074 2531 2140 2572 ac
2184 2517 2384 2573 virides
2425 2516 2480 2572 in
2529 2519 2642 2574 suis
2685 2519 2940 2589 Operibus
2985 2518 3238 2575 humanis
3279 2520 3451 2577 oculis

1862 2603 2134 2674 videntur,
2170 2606 2265 2662 sed
2309 2606 2362 2662 in
2389 2617 2678 2680 conspectu
2711 2609 2908 2664 occulti
2939 2607 3141 2679 judicis
3172 2609 3449 2666 infecundi

1863 2706 1918 2753 et
1946 2697 2083 2752 aridi
2124 2707 2405 2770 apparent.
2438 2700 2624 2756 Pravze
2653 2701 3042 2757 monachorum
3073 2713 3284 2760 mentes
3307 2711 3448 2760 tem-

1860 2789 2126 2861 poralium
2170 2806 2354 2846 rerum
2400 2791 2660 2847 tumultus
2700 2791 2842 2847 intra
2887 2794 3206 2865 semetipsos
3235 2809 3451 2851 versare

1861 2895 1970 2935 non
1998 2888 2241 2948 cessant,
2277 2881 2442 2936 etiam
2477 2897 2602 2938 cum
2624 2890 2836 2937 vacant.
2859 2881 2917 2937 In
2951 2884 3282 2955 cogitatione
3305 2887 3450 2940 enim

1862 2981 2081 3027 servant
2107 2973 2318 3044 depicta
2347 2989 2467 3044 qua:
2502 2983 2683 3030 amant
2709 3015 2724 3041 ,
2755 2983 2810 3030 et
2841 2975 3088 3046 quamvis
3127 2977 3258 3032 nihil
3296 2984 3450 3032 exte-

1863 3062 1977 3118 rius
2017 3062 2250 3129 faciant,
2287 3065 2427 3135 apud
2478 3065 2800 3134 semetipsos
2845 3073 3026 3121 tamen
3074 3066 3176 3122 sub
3215 3067 3452 3136 pondere

1862 3152 2248 3222 inquietudinis
2295 3153 2464 3226 quieti
2502 3154 2767 3210 laborant.
2813 3147 3019 3223 Quibus
3055 3155 3100 3211 si
3137 3156 3450 3212 earumdem

171 3229 310 3309 ἀει-ε
345 3229 502 3319 θύω,
529 3254 618 3325 qui
652 3229 810 3323 ium
852 3255 1232 3326 imperawrem
1263 3265 1368 3323 es"
1405 3243 1486 3313 im’
1525 3257 1756 3314 Satanas
1781 3229 1826 3292 C
1859 3257 2040 3297 rerum
2086 3244 2482 3301 administratio
2511 3247 2836 3317 przebeatur,
2859 3249 3179 3320 semetipsos
3208 3247 3450 3306 funditus

175 3359 287 3398 non
323 3344 521 3414 poterit
557 3346 713 3401 nobis
755 3345 955 3417 aliquid
987 3361 1200 3413 nocere,
1247 3345 1294 3404 sl
1339 3349 1520 3405 anima
1567 3360 1756 3406 nostra

176 3435 456 3491 inhreserit
486 3435 615 3491 Deo.

732 3527 960 3587 CAPUT
998 3529 1188 3586 XXVI.
1306 3589 1314 3604 ,

355 3616 433 3670 De
468 3615 684 3671 remissa
714 3619 1104 3674 conversatione
1141 3623 1541 3677 monachorum.

252 3702 443 3774 (lsid.,
483 3701 521 3758 ι.
559 3721 598 3760 ιι
627 3703 799 3772 Sent.,
827 3724 875 3760 c.
911 3706 1021 3779 10.)
1050 3707 1243 3764 Multos
1275 3709 1502 3768 remissa
1535 3727 1758 3769 conver-

174 3792 319 3847 satio
349 3792 403 3846 in
444 3793 703 3862 pristinos
740 3809 957 3850 errores
987 3797 1230 3862 reducit,
1261 3813 1326 3853 ac
1364 3799 1578 3856 vivendi
1621 3811 1758 3858 tem-

174 3899 312 3955 pore
337 3883 578 3939 resolvit.
604 3886 839 3957 Tcpidus
865 3888 918 3942 in
947 3893 1362 3945 conversatione
1394 3891 1567 3946 otiosa
1591 3892 1757 3949 verba

173 3986 234 4033 et
279 3993 445 4032 vanas
493 3978 845 4050 cogitationes
907 3981 1098 4036 noxias
1150 3995 1269 4038 esse
1319 3997 1426 4036 non
1471 3983 1755 4053 conspicit.

172 4074 329 4143 Quod
358 4075 402 4130 si
432 4090 461 4129 a
493 4082 710 4146 torpore
743 4076 939 4132 mentis
965 4075 1332 4146 evigilaverit,
1362 4091 1425 4132 ea
1465 4090 1586 4146 qua:
1616 4073 1756 4132 levia

171 4165 544 4231 existimabat,
575 4165 860 4220 confestim
885 4166 1038 4234 quasi
1070 4166 1338 4221 horrenda
1361 4174 1523 4235 atque
1547 4165 1755 4222 atrocia

172 4258 528 4329 pertimescit.
570 4257 758 4313 Omnis
788 4273 878 4313 ars
909 4256 1092 4312 saeculi
1119 4254 1280 4325 hujus
1323 4265 1574 4314 strenuos
1608 4273 1757 4314 ama-

173 4357 324 4403 tores
357 4347 556 4411 habet,
593 4359 648 4402 et
675 4348 743 4402 ad
776 4345 1179 4416 exsequendum
1212 4348 1661 4418 promptissimos.
1691 4349 1758 4406 Et

172 4438 282 4493 hoc
301 4439 525 4508 proinde
551 4439 611 4493 fit
629 4479 644 4504 ,
673 4437 802 4510 quia
828 4445 1150 4508 prmsentem
1178 4438 1343 4495 habet
1365 4439 1546 4512 operis
1571 4442 1651 4497 sui
1677 4457 1759 4499 re-

173 4530 627 4585 munerationem.
667 4528 772 4585 Ars
818 4543 949 4585 vero
991 4529 1156 4586 divini
1210 4529 1414 4587 amoris
1467 4525 1755 4604 plerosque

1860 3333 2134 3390 deserunt.
2195 3335 2354 3392 Curis
2410 3338 2557 3392 enim
2602 3338 2950 3396 srccularibus
3006 3340 3244 3407 intenti,
3297 3349 3452 3397 tanto

1859 3426 2286 3484 insensibiliorcs
2331 3429 2476 3485 intus
2519 3428 2780 3486 efﬁcimur
2809 3423 2829 3500 ',
2889 3441 3092 3503 quanto
3123 3435 3190 3490 ad
3221 3447 3287 3489 ea
3331 3450 3452 3505 qua:

1859 3515 1993 3573 foris
2026 3527 2152 3574 sunt
2177 3519 2532 3577 studiosiores
2557 3509 2823 3578 videmur.
2853 3519 3086 3595 (Gregr.,
3121 3525 3262 3580 hom.
3298 3523 3366 3579 17
3393 3525 3448 3580 in

1860 3605 2092 3682 Evang.)
2123 3610 2236 3668 Usu
2261 3619 2317 3667 et
2343 3628 2476 3668 cura
2499 3611 2700 3669 terreni
2723 3612 2977 3670 desiderii
3001 3614 3309 3671 obdurescit
3337 3616 3452 3671 ani-

1859 3717 2002 3769 mus,
2033 3709 2086 3758 et
2115 3702 2244 3758 dum
2278 3703 2398 3776 ipso
2427 3719 2526 3760 suo
2557 3719 2658 3760 usu
2694 3705 2864 3761 durus
2893 3703 3124 3759 edicitur
3151 3721 3250 3776 per
3280 3707 3449 3762 actio-

1859 3807 1984 3848 nem
2006 3794 2219 3861 saeculi,
2250 3797 2319 3851 ad
2345 3811 2408 3851 ea
2435 3797 2665 3852 emolliri
2691 3813 2799 3852 non
2836 3796 3002 3861 valet,
3035 3813 3155 3867 qua:
3176 3799 3452 3868 pertinent

1859 3882 1928 3936 ad
1954 3883 2278 3940 charitatem
2304 3886 2420 3942 Dei.
2451 3886 2651 3943 Sancta
2677 3887 2917 3943 Ecclesia
2956 3887 3022 3943 de
3045 3889 3302 3944 memlris
3337 3890 3453 3947 suis

1859 3971 2260 4030 inﬁrmantibus
2281 3977 2411 4032 dicit
2435 3992 2450 4031 :
2477 3976 2776 4032 Posuerunt
2801 3995 2880 4032 me
2896 3979 3162 4033 custodem
3184 3980 3239 4032 in
3260 3983 3447 4047 vineis,

1859 4059 2061 4116 vineam
2103 4080 2272 4118 meam
2307 4083 2412 4121 non
2460 4066 2716 4121 custodivi
2742 4065 2922 4140 (Cant.
2945 4066 3006 4140 ι).
3048 4067 3214 4124 Vinea
3251 4072 3451 4142 quippe

1857 4158 2064 4219 nostra,
2102 4154 2345 4212 actiones
2385 4164 2531 4223 sunt,
2576 4171 2713 4228 quas
2756 4171 2858 4211 usu
2903 4157 3204 4226 quotidiani
3247 4158 3448 4216 laboris

1858 4243 2177 4301 excolimus.
2227 4243 2336 4302 Sed
2372 4245 2624 4303 custodes
2673 4247 2728 4302 in
2759 4245 2932 4301 vineis
2958 4248 3152 4317 positi,
3203 4257 3446 4306 nostram

1857 4340 2074 4396 vineam
2119 4338 2342 4394 minime
2387 4337 2721 4394 custodimus
2760 4355 2774 4391 :
2823 4337 2947 4408 quia
2995 4353 3119 4393 cum
3170 4341 3448 4396 extraneis

1857 4432 2164 4492 actionibus
2195 4429 2569 4500 implicamur,
2597 4429 2958 4485 ministerium
2987 4429 3216 4486 actionis
3246 4441 3446 4488 nostra?

1857 4524 2200 4598 negligimus.
2225 4521 2371 4576 Dixit
2392 4519 2564 4576 abbas
2586 4517 2774 4592 Sysois
2804 4538 2818 4575 :
2844 4520 2974 4577 Esto
2999 4522 3444 4593 contemptibilis,

172 4621 340 4676 habet
365 4628 660 4676 sectatores
685 4618 986 4691 languidos,
1022 4618 1250 4690 tepidos,
1277 4601 1504 4691 pigritia
1533 4630 1588 4676 et
1617 4601 1757 4678 iner-
1779 4601 1834 4662 Ῑ)
1858 4627 1914 4673 et
1942 4616 2249 4672 voluntates
2288 4622 2409 4669 tuas
2454 4620 2578 4684 post
2620 4620 2833 4684 tergum
2865 4621 3015 4668 tuum
3059 4611 3280 4684 projice.
3315 4615 3446 4671 Esto

174 4711 254 4766 tia
289 4710 616 4782 congelatos.
648 4709 756 4764 Sed
791 4711 894 4765 hoc
919 4709 1164 4781 proinde,
1198 4711 1341 4780 quod
1372 4710 1526 4767 labor
1561 4727 1754 4768 eorum

176 4818 284 4857 non
308 4817 407 4873 pro
428 4801 704 4872 praasenti,
735 4800 828 4856 sed
860 4815 960 4870 pro
985 4798 1164 4855 futura
1193 4801 1633 4858 remuneratione
1653 4803 1735 4858 dif
1737 4833 1758 4845 -

176 4893 369 4948 fertur.
409 4892 638 4962 ldeoque
668 4893 794 4948 dum
817 4907 1006 4948 eorum
1043 4891 1283 4947 laborem
1308 4893 1574 4948 mercedis
1595 4893 1756 4948 retri-

176 4983 329 5036 butio
373 4998 477 5036 non
526 4983 709 5038 statim
763 4981 1131 5052 Consequitur,
1177 4997 1272 5052 spe
1314 4996 1451 5054 pene
1493 4981 1756 5040 dissoluta

177 5074 549 5145 languescunt.
581 5073 732 5130 Unde
759 5081 816 5128 et
851 5089 1045 5145 magna
1075 5073 1181 5128 illis
1207 5072 1374 5144 gloria
1399 5081 1754 5144 praeparatur,

179 5165 272 5235 qui
302 5164 454 5219 bona:
479 5163 904 5220 conversationis
945 5172 1001 5219 et
1023 5163 1149 5218 vita:
1175 5163 1438 5232 principia
1467 5173 1758 5234 augmento

181 5252 424 5309 solidiori
469 5260 867 5318 consummant,
911 5260 1074 5320 atque
1123 5267 1188 5307 eo
1229 5251 1295 5304 ad
1343 5252 1756 5320 promerendam

185 5342 592 5398 retributionem
638 5341 897 5397 clariores
937 5349 1329 5413 pra-parantur,
1389 5356 1496 5412 quo
1545 5339 1758 5396 firmius

183 5436 301 5490 duri
352 5433 562 5488 itineris
607 5433 822 5488 labores
866 5442 920 5488 ct
970 5433 1227 5487 inchoant
1260 5440 1315 5487 ct
1352 5439 1752 5487 consummant.

185 5525 395 5598 (Creg.,
440 5525 576 5580 Mor.
611 5525 649 5578 ι.
684 5542 782 5588 xn,
827 5543 873 5579 c.
900 5525 1016 5597 26.)
1060 5525 1286 5593 Quidam
1316 5526 1491 5594 primo
1529 5541 1758 5580 conver-

186 5619 350 5675 sionis
389 5618 569 5672 calore
608 5617 674 5671 ad
723 5617 950 5671 virtutes
979 5632 1038 5671 se
1084 5617 1371 5686 accingunt
1412 5634 1424 5670 :
1465 5617 1756 5672 accedente

188 5726 313 5764 vero
342 5724 652 5780 progressu,
684 5707 812 5761 dum
843 5707 1196 5762 immoderate
1225 5707 1453 5761 terrenis
1484 5707 1644 5761 rebus
1671 5706 1754 5761 in-

189 5805 476 5868 cumbunt,
535 5802 751 5874 pulvere
812 5800 980 5856 infimi
1053 5801 1320 5872 appetitus
1374 5801 1753 5855 obscurantur.

1856 4709 1996 4765 liber
2024 4717 2076 4764 et
2109 4721 2335 4762 securus
2361 4721 2394 4760 a
2424 4705 2776 4760 smcularibus
2802 4705 2950 4760 curis
2970 4746 2985 4770 ,
3023 4713 3079 4761 et
3105 4706 3331 4762 habebis
3361 4723 3447 4763 re-

1856 4802 2063 4874 quiem.
2087 4799 2410 4856 Dixitscncx
2437 4816 2449 4852 :
2476 4797 2596 4853 Vita
2618 4797 2869 4852 monachi
2895 4797 3012 4852 haec
3032 4806 3116 4852 est
3138 4815 3150 4852 :
3174 4799 3444 4870 operatio,

1857 4893 2184 4960 obcdienlia,
2215 4891 2530 4956 meditatio,
2559 4897 2621 4946 ut
2649 4904 2753 4944 non
2775 4887 3003 4958 judicet,
3035 4905 3143 4944 non
3173 4890 3444 4958 detrahat,

1859 5002 1967 5041 non
2011 4991 2331 5048 murmurct,
2380 4996 2558 5052 neque
2607 4980 2820 5050 curiose
2855 4988 3000 5052 agat,
3039 4968 3214 5051 neque
3258 4979 3449 5037 audire

1859 5077 2037 5132 aliena
2061 5075 2308 5131 delectet.
2341 5071 2612 5142 Scriptum
2638 5080 2722 5125 est
2741 5070 2887 5125 enim
2913 5087 2927 5125 :
2960 5069 3064 5138 Qui
3093 5071 3311 5142 diligitis
3340 5070 3449 5125 Do-

1859 5169 2081 5234 minum,
2109 5167 2248 5222 adite
2269 5163 2467 5220 malum
2491 5161 2664 5235 (Psal.
2700 5161 2869 5224 xcvi).

2407 5252 2637 5310 CAPUT
2682 5252 2892 5308 XXVII.

2431 5341 2508 5397 De
2529 5341 2864 5396 abstinentia.

1932 5438 2044 5493 Hoc
2068 5444 2152 5492 est
2171 5433 2470 5506 perfectum
2491 5440 2546 5488 et
2575 5431 2895 5487 rationabile
2915 5429 3202 5500 jejunium,
3224 5430 3445 5500 quando

1863 5536 2050 5582 noster
2077 5527 2236 5581 homo
2258 5524 2496 5581 exterior
2513 5521 2747 5593 jejunat,
2781 5522 3009 5577 interior
3037 5529 3175 5576 orat.
3207 5519 3447 5576 Facilius

1863 5633 1962 5687 per
1995 5614 2254 5686 jejunium
2302 5613 2478 5669 oratio
2528 5621 2778 5682 penetrat
2826 5609 3042 5665 malum.
3104 5609 3254 5662 Tunc
3299 5609 3444 5664 enim

1866 5711 2028 5764 homo
2053 5705 2314 5777 spiritalis
2339 5704 2583 5769 effectus,
2609 5703 2816 5772 angelis
2841 5699 3201 5770 conjungitur,
3229 5700 3446 5771 Daoqne

1865 5799 2086 5855 liberius
2116 5797 2415 5869 copulatur.
2446 5795 2552 5852 Per
2582 5793 2844 5864 jejunium
2881 5791 3045 5848 etiam
3074 5791 3284 5847 occulta
3325 5806 3441 5864 my-
