3940 6428
469 359 578 419 613

1748 332 2103 395 SMARAGDI
2138 331 2312 389 ABBA
2323 330 2433 388 TIS

3648 324 3767 393 σει

461 474 756 533 sterion
795 461 1093 521 caelestium
1141 455 1452 514 revelantur
1475 494 1489 519 ,
1540 450 1815 521 divinique
1872 462 2057 503 sacra-
2086 449 2133 509 Α
2163 460 2263 498 nus
2290 441 2585 497 eunuchis:
2612 439 2760 495 Dabo
2785 440 2859 496 eis
2887 440 2941 494 in
2964 439 3118 493 domo
3139 455 3256 493 mea
3278 447 3327 493 et
3352 438 3408 492 in
3429 437 3601 492 nutris
3625 439 3765 492 πιείι

464 562 635 621 menti
656 572 849 616 arcana
873 552 1201 625 panduntur.
1233 547 1325 602 Sic
1354 556 1587 614 namque
1612 539 1825 605 Daniel,
1858 536 2054 607 angelo

466 652 771 713 revelante,
803 642 1186 716 mysteriorum
1212 644 1554 694 sacramenta
1589 644 1919 704 cognoscere
1952 642 2059 682 Ine-

466 745 599 801 ruit.
632 741 758 800 Haec
786 736 933 793 enim
960 733 1132 789 virtus
1158 738 1214 785 et
1239 728 1555 797 angelorum
1590 720 2058 779 manifestationes

465 843 520 891 et
538 845 727 890 eorum
756 824 1196 883 annuntiationes
1217 818 1476 876 ostendit.
1510 813 1739 884 Jejunia,
1768 808 1931 864 fortia
1954 806 2060 862 tela

464 932 595 980 sunt
634 921 895 977 adversus
932 920 1268 971 tentamenta
1297 908 1706 967 daemoniorum.
1753 900 1875 956 Cito
1915 899 2060 953 enim

465 1031 563 1086 per
592 1009 980 1069 abstinentiam
1005 1005 1383 1062 devincuntur.
1424 998 1579 1056 Unde
1607 996 1771 1050 etiam
1800 990 2062 1047 Dominus

469 1078 722 1160 Salvator
740 1108 946 1165 noster,
974 1110 1162 1153 eorum
1191 1093 1443 1148 incursus
1469 1086 1691 1159 jejuniis
1721 1091 1777 1138 et
1801 1078 2063 1137 orationi-

468 1198 572 1253 bus
605 1199 903 1266 praamonet
941 1201 1198 1259 superare
1237 1183 1424 1240 dicens
1455 1196 1472 1237 :
1511 1178 1625 1236 Hoc
1666 1192 1831 1250 genus
1865 1173 2064 1266 tta-mo-

472 1264 679 1341 niorum
707 1299 813 1338 non
846 1281 1083 1352 ejicitur,
1117 1275 1223 1331 nisi
1247 1290 1341 1346 per
1378 1271 1672 1328 orationem
1707 1275 1756 1321 et
1790 1264 2063 1336 jejunium

472 1373 679 1448 (Matth.
692 1370 1113 1438 xvu).lmmundi
1152 1368 1298 1424 enim
1326 1365 1551 1436 spiritus
1577 1362 1704 1417 illuc
1738 1373 1861 1415 sese
1891 1355 2064 1426 magis

473 1462 742 1533 injiciunt,
766 1462 858 1517 ubi
874 1462 995 1532 plus
1016 1459 1202 1515 vident
1225 1472 1366 1512 esca:
1391 1462 1447 1510 et
1472 1462 1650 1524 potus.
1682 1448 1871 1505 Sancti
1896 1461 2066 1515 quan-

475 1556 570 1611 diu
590 1554 645 1608 in
669 1554 831 1622 hujus
850 1549 1034 1607 saaculi
1059 1548 1167 1603 vita
1191 1546 1517 1609 inhabitant,
1546 1540 1816 1598 desiderio
1840 1534 2062 1608 superni

475 1644 621 1701 roris
633 1630 829 1712 corpus
841 1656 998 1697 suum
1012 1637 1223 1693 aridum
1248 1642 1486 1708 portant.
1505 1632 1656 1690 Unde
1668 1639 1724 1686 et
1737 1631 1789 1685 in
1813 1627 2028 1683 Psalmo
2044 1642 2059 1680 :

479 1732 660 1791 Sitivit
695 1733 750 1785 in
780 1739 829 1785 te
862 1730 1039 1784 animo
1066 1744 1204 1793 mea,
1239 1742 1397 1798 quam
1419 1720 1781 1795 multipliciter
1819 1717 1913 1773 tibi
1939 1732 2064 1770 caro

2162 532 2359 598 locum,
2398 541 2447 587 et
2492 548 2677 585 nomen
2723 529 2911 585 melius
2951 547 2984 584 a
3020 529 3150 600 [iliis
3182 539 3230 584 et
3260 528 3475 599 ﬁliabus
3498 570 3513 595 ,
3560 544 3766 583 nomen

2160 616 2531 694 sernpiternum
2548 621 2683 675 dabo
2706 621 2799 685 eis,
2824 619 2966 691 quod
2988 636 3092 673 non
3111 618 3297 691 peribit
3321 617 3456 691 (lca.
3482 620 3619 689 Lvl).
3647 617 3769 673 Nec

2161 717 2383 772 dubium
2418 715 2561 787 quod
2588 714 2681 785 qui
2719 713 2856 769 casti
2886 716 3241 784 perseverant
3276 718 3332 764 et
3355 709 3617 780 virgines,
3662 722 3769 763 an-

2160 808 2295 879 gelis
2316 808 2410 863 Dei
2434 807 2740 863 elIlciantur
2760 804 3016 876 aequales.
3040 802 3281 857 Amantia
3304 810 3390 857 est
3410 800 3763 871 pulchritudo

2160 898 2466 964 castitatis,
2496 895 2650 966 cujus
2682 896 2967 967 degustata
2996 892 3311 957 delectatio,
3351 890 3566 946 dulcior
3603 889 3767 946 inve-

2161 990 2309 1045 nitnr
2345 1004 2508 1060 quam
2549 987 2752 1043 carnis.
2784 985 3021 1042 Castitas
3061 983 3206 1040 enim
3232 983 3439 1038 fructus
3467 982 3763 1038 suavitatis

2160 1087 2267 1145 est,
2295 1077 2640 1150 pulchritudo
2655 1075 2909 1131 inviolata
2932 1083 3269 1131 sanctorum.
3297 1073 3533 1130 Castitas
3546 1074 3766 1129 securi-

2162 1182 2247 1228 tas
2271 1179 2354 1227 est
2387 1169 2606 1235 mentis,
2639 1177 2695 1224 et
2720 1168 2925 1223 sanitas
2948 1166 3215 1237 cerporis.
3244 1163 3388 1220 Nihil
3410 1165 3639 1236 prodest
3671 1165 3764 1219 in-

2163 1264 2441 1335 eorruptio
2464 1263 2670 1329 carnis,
2712 1262 2805 1317 ubi
2849 1276 2954 1315 non
2984 1268 3072 1315 est
3101 1259 3384 1331 integritas
3422 1258 3645 1322 mentis,
3678 1258 3754 1312 ni~

2165 1356 2351 1427 bilque
2395 1355 2536 1409 valet
2574 1353 2833 1409 mundum
2870 1367 2991 1406 esse
3033 1365 3260 1420 corpore
3304 1350 3354 1404 ei
3396 1349 3489 1419 qui
3521 1347 3769 1419 pollutus

2169 1455 2254 1503 est
2281 1454 2476 1502 mente.
2502 1445 2647 1500 Dixit
2676 1459 2861 1508 senex,
2892 1443 3017 1513 quia
3036 1440 3309 1497 securitas
3332 1446 3386 1494 et
3410 1440 3765 1495 taciturnitas

2163 1550 2219 1597 et
2255 1540 2467 1597 Occulta
2507 1537 2812 1603 meditatio,
2849 1535 3073 1606 pariunt
3110 1534 3458 1599 castitatem;
3506 1532 3765 1603 gloriatio

2164 1633 2449 1700 monachi,
2492 1631 2821 1687 abstinentia
2846 1647 3095 1687 escarum
3130 1638 3186 1685 et
3212 1644 3243 1684 ιι
3278 1628 3621 1698 multiloquio
3650 1627 3765 1682 Iin-

2164 1738 2302 1794 gure.
2344 1723 2492 1779 Dixit
2525 1723 2693 1777 abbas
2718 1721 2976 1776 Pcemen:
3012 1719 3167 1776 Sicut
3200 1719 3469 1790 spatarius
3499 1718 3773 1790 principis

474 1842 592 1882 mea
623 1821 795 1896 (Psal.
818 1820 973 1893 un).
1000 1818 1141 1876 Caro
1167 1820 1313 1875 enim
1339 1829 1469 1873 tunc
1483 1817 1652 1871 Deum
1678 1814 1811 1879 sitit,
1841 1808 2057 1882 quando
2083 1814 2132 1874 Β
2158 1814 2365 1869 assistit
2410 1813 2461 1869 ei
2508 1812 2764 1867 continuo
2824 1800 3039 1880 semper
3096 1816 3321 1881 paratus
3339 1849 3354 1873 ,
3414 1807 3490 1862 ita
3545 1814 3772 1877 oportet

476 1930 577 1987 per
603 1913 865 1984 jejunium
897 1911 1132 1967 abstinet
1167 1917 1224 1965 et
1255 1907 1474 1963 arescit.
1511 1903 1852 1960 Abstinentia
1891 1908 1946 1956 et
1984 1900 2065 1954 vi-

476 2006 660 2061 viticat
703 2013 760 2059 et
799 2002 1005 2058 occidit
1034 2016 1048 2055 :
1077 2000 1313 2055 vivificat
1345 1998 1603 2061 animam,
1651 2009 1852 2065 corpus
1882 1998 2067 2053 necat.

480 2094 694 2164 Jejunia
725 2109 849 2151 cum
885 2093 1042 2148 bonis
1078 2092 1333 2161 operibus
1369 2089 1483 2145 Deo
1524 2085 1873 2157 aceeptabilia
1919 2093 2065 2141 sunt.

480 2186 585 2254 Qui
623 2192 804 2240 autem
838 2199 868 2237 a
898 2183 1034 2239 cibis
1069 2182 1342 2238 abstinent
1370 2189 1424 2236 et
1452 2193 1617 2251 prave
1643 2186 1841 2249 agunt,
1869 2176 2072 2231 daemo-

482 2292 581 2332 nes
609 2264 921 2341 imitﬁnlur,
952 2274 1149 2346 quibus
1172 2289 1296 2349 esca
1321 2288 1429 2327 non
1460 2277 1565 2336 est,
1588 2279 1643 2325 et
1667 2267 1906 2339 nequitia
1927 2282 2070 2323 sem-

483 2385 582 2440 per
604 2376 708 2425 est.
734 2368 825 2424 Ille
846 2376 1029 2424 autem
1052 2367 1189 2423 bene
1212 2367 1447 2422 abstinet
1472 2380 1502 2419 a
1526 2364 1662 2420 cibis
1678 2362 1768 2433 qui
1796 2375 1826 2415 a
1852 2359 2071 2415 malitiae

483 2459 718 2525 actibus,
747 2466 804 2514 et
844 2473 874 2512 a
903 2458 1088 2512 mundi
1113 2456 1320 2528 jejunat
1346 2454 1749 2511 ambitionilms.
1783 2449 2071 2522 Spernitur

484 2548 752 2621 jejunium
786 2548 929 2620 quod
952 2549 1008 2603 in
1034 2562 1261 2618 veSpero
1286 2546 1585 2617 repletione
1609 2545 1857 2600 ciborum
1888 2539 2071 2596 relici-

490 2652 601 2696 tur.
630 2639 816 2711 Neque
847 2640 991 2696 enim
1018 2639 1313 2711 reputanda
1343 2648 1427 2694 est
1454 2637 1803 2702 abstinentia,
1840 2634 1932 2691 ubi
1957 2633 2075 2688 fue-

488 2732 563 2786 rit
604 2731 811 2787 ventris
848 2730 1108 2786 saturitas
1143 2730 1448 2785 subsecuta.
1496 2728 1784 2799 Spernitur
1805 2724 2075 2795 jejunium

487 2819 636 2890 quod
668 2819 722 2874 in
758 2833 983 2890 vespero
1022 2818 1228 2876 deliciis
1266 2826 1667 2890 compensatur.
1716 2816 1850 2872 Cum
1893 2822 2076 2870 nostra

493 2924 722 2983 corpora
744 2926 842 2982 per
861 2913 1242 2973 abstinentiam
1273 2913 1574 2978 domamus,
1599 2912 1727 2983 quid
1741 2910 1888 2965 aliud
1914 2924 2078 2980 quam

492 3003 733 3059 carnalia
772 3005 1040 3062 sacrificia
1078 3006 1433 3078 omnipotenti
1469 3005 1695 3060 Domino
1724 3000 2081 3059 exhibemus?

498 3095 652 3150 Sicut
690 3109 788 3166 per
822 3093 1050 3151 Paulum
1095 3095 1295 3151 dicitur
1338 3113 1351 3149 :
1401 3092 1471 3149 Ut
1518 3093 1804 3150 exhibeatis
1860 3106 2081 3161 corpora

2164 1909 2401 1964 animam
2453 1922 2672 1976 semper
2728 1920 2849 1961 esse
2891 1912 3138 1975 paratam
3192 1903 3452 1958 adversus
3505 1900 3769 1972 spiritum

2166 2000 2571 2057 fornicationis.
2610 2000 2833 2056 Dicebat
2879 1998 3047 2054 abbas
3084 1996 3351 2053 Antonius
3390 2014 3403 2050 :
3443 1995 3599 2052 Scire
3631 2010 3771 2050 con-

2167 2091 2321 2148 venit
2340 2092 2485 2162 quod
2510 2099 2637 2147 sunt
2662 2102 2775 2146 tres
2800 2090 3109 2161 corporales
3130 2097 3307 2146 motus
3338 2107 3351 2143 :
3386 2105 3525 2144 unus
3543 2088 3772 2158 quidem

2168 2184 2435 2241 naturalis
2450 2226 2479 2251 ,,
2495 2184 2630 2243 alter
2660 2193 2843 2240 autem
2876 2199 2943 2239 ex
2968 2181 3300 2253 plenitudine
3333 2181 3579 2236 ciborum
3601 2220 3618 2245 ,
3657 2187 3772 2233 tcr—

2168 2279 2280 2334 tius
2311 2293 2440 2333 vero
2467 2293 2535 2333 ex
2560 2276 2953 2332 dmmoniorum
2980 2272 3405 2345 impugnatione.
3435 2269 3543 2327 Sed
3573 2281 3773 2326 contra

2170 2370 2270 2426 hos
2295 2385 2484 2424 omnes
2508 2368 2711 2423 bonum
2737 2376 2822 2423 est
2855 2365 3132 2424 custodire
3164 2364 3307 2435 quod
3331 2363 3597 2433 scriptum
3628 2371 3716 2417 est
3755 2379 3768 2415 :

2174 2461 2332 2519 Omni
2361 2461 2599 2516 custodia
2630 2477 2778 2515 serva
2802 2476 2895 2515 cor
2922 2469 3071 2513 tuum
3112 2454 3295 2528 (Prov.
3331 2456 3432 2529 tv).

2725 2549 2952 2607 CAPUT
3005 2548 3201 2604 XXIX.

2234 2717 2243 2721 _
2461 2643 2537 2699 De
2574 2642 2854 2698 tolerantia
2890 2639 3082 2695 divina:
3121 2637 3479 2709 correptionis.

2248 2733 2434 2807 (hid.,
2465 2732 2558 2789 lib.
2589 2749 2651 2789 ιιι
2694 2731 2870 2796 Sent.,
2901 2747 3018 2801 cap.
3065 2728 3144 2800 4.)
3184 2727 3520 2783 Murmurare
3566 2725 3621 2780 in
3667 2723 3770 2778 lla-

2176 2826 2332 2898 gellis
2379 2825 2473 2880 Dei
2522 2832 2775 2896 peccator
2801 2823 2964 2877 homo
3004 2836 3112 2875 non
3147 2819 3328 2883 debet,
3370 2818 3497 2888 quia
3534 2817 3774 2871 maxime

2176 2934 2275 2991 per
2323 2919 2427 2973 hoc
2465 2915 2609 2987 quod
2646 2913 2959 2985 corripitur,
2999 2906 3339 2967 emendatur.
3386 2906 3773 2977 Unusquisque

2179 3019 2360 3067 autem
2388 3018 2517 3065 tunc
2542 3006 2715 3063 levius
2751 3012 2928 3077 portat
2952 3003 3095 3074 quod
3120 3001 3344 3073 patitur,
3367 3000 3412 3054 si
3438 3013 3537 3052 sua
3561 2998 3778 3053 discus-

2180 3101 2315 3158 serit
2343 3100 2501 3164 mala,
2536 3114 2635 3171 pro
2660 3096 2858 3169 quibus
2904 3094 2980 3150 illi
3024 3092 3255 3149 infertur
3284 3089 3569 3146 retributio
3598 3086 3775 3158 justa.

492 3197 663 3242 vestra
707 3189 930 3241 hostiam
978 3187 1230 3242 viventem
1285 3184 1458 3257 (Rom.
1493 3181 1913 3258 xu).'Egregius
1946 3178 2087 3250 psal-
2113 3180 2158 3243 C
2190 3192 2373 3248 Discat
2417 3206 2523 3245 non
2577 3199 2918 3244 murmurare
2966 3184 3059 3255 qui
3103 3181 3244 3237 mala
3290 3180 3515 3252 patitur,
3561 3178 3779 3233 etiamsi

497 3281 658 3335 mista
698 3278 871 3334 David
900 3277 1098 3332 nullam
1139 3291 1259 3332 esse
1298 3275 1681 3331 abstinentiam
1721 3274 1841 3329 sine
1868 3286 2094 3328 concor-

499 3369 587 3426 dia
649 3369 939 3438 designans
967 3408 982 3432 ,
1048 3367 1125 3422 ait
1177 3365 1460 3420 :Laudate
1496 3380 1614 3419 eum
1661 3363 1715 3418 in
1760 3372 2006 3433 tympano
2044 3368 2095 3414 et

460 3482 463 3487 ί
494 3461 654 3515 choro
693 3457 867 3532 (Prol.
903 3457 1012 3531 CL).
1042 3457 1102 3512 In
1142 3464 1396 3528 tympano
1426 3456 1629 3512 etenim
1657 3454 1864 3510 corium
1891 3453 2093 3509 siccum

502 3560 744 3620 resonat,
792 3552 845 3608 in
877 3552 1046 3608 choro
1079 3559 1259 3606 autem
1286 3564 1447 3605 voces
1483 3548 1826 3604 concorditer
1853 3552 2092 3600 cantant.

498 3646 643 3716 Quid
684 3644 832 3700 enim
867 3658 967 3715 per
1006 3650 1344 3716 tympanum,
1378 3639 1484 3695 nisi
1520 3636 1867 3704 abstinentia,
1892 3643 1948 3692 et
1965 3634 2095 3705 quid

466 3738 598 3810 per
637 3736 890 3801 chorum,
938 3733 1044 3789 nisi
1092 3732 1378 3788 charitatis
1417 3727 1709 3787 concordia
1738 3722 2095 3799 designatur?

498 3825 707 3898 (στερη
733 3823 885 3879 Past.
920 3821 1078 3879 Cum:
1114 3839 1166 3894 p.
1197 3837 1279 3888 III,
1308 3821 1453 3877 adut.
1498 3821 1612 3892 23.)
1652 3818 1756 3887 Qui
1802 3817 1986 3889 itaque
2012 3816 2094 3873 sic

500 3916 886 3974 abstinentiam
931 3922 1101 3981 tenet,
1147 3919 1209 3969 ut
1241 3912 1588 3970 concordiam
1627 3910 1864 3975 deserat,
1912 3907 2098 3963 laudat

500 4010 718 4081 quidem
746 4009 798 4064 in
829 4016 1085 4079 tympano
1104 4046 1121 4074 ,
1157 4004 1253 4062 sed
1274 4020 1381 4062 non
1426 4004 1610 4060 laudat
1644 4002 1700 4057 in
1727 4002 1916 4058 choro.
1947 3998 2095 4054 Dixit

502 4102 724 4173 quidam
754 4114 918 4156 senex
952 4118 966 4154 :
995 4098 1289 4169 Propterea
1331 4104 1553 4169 amputo
1592 4109 1625 4149 a
1664 4108 1752 4150 me
1780 4090 2096 4149 delectatio-

508 4194 606 4252 nes
626 4192 875 4252 carnales
894 4232 910 4260 ,
946 4199 1007 4247 ut
1033 4191 1198 4247 etiam
1222 4185 1513 4246 iracundia:
1539 4186 1857 4243 occasiones
1879 4181 2097 4238 abscin-

503 4289 650 4343 dam.
695 4284 823 4342 Scio
859 4284 1006 4340 enim
1036 4297 1159 4338 eam
1183 4295 1397 4352 semper
1427 4280 1690 4335 adversus
1722 4286 2095 4345 mepugnare

502 4396 605 4452 pro
655 4376 1122 4443 delectationibus,
1163 4382 1219 4429 et
1246 4370 1573 4429 conturbare
1611 4375 1848 4423 mentem
1894 4378 2094 4430 meam,

503 4480 561 4528 et
590 4469 919 4527 intellectum
956 4480 1139 4522 meum
1166 4461 1455 4535 expellere.
1484 4458 1633 4515 Dixit
1666 4457 1837 4513 abbas
1858 4453 2096 4510 Joannes

2192 3288 2409 3360 ignorat
2433 3300 2534 3341 cur
2579 3281 2720 3338 mala
2750 3280 2984 3351 patitur;
3017 3285 3073 3333 et
3113 3290 3212 3347 per
3241 3275 3346 3330 hoc
3382 3272 3529 3341 juste
3558 3286 3617 3326 se
3664 3270 3781 3340 pati

2192 3378 2511 3439 arbitretur,
2537 3388 2638 3443 pro
2670 3385 2737 3427 eo
2773 3369 2916 3443 quod
2945 3369 3014 3424 ab
3036 3366 3131 3421 illo
3160 3365 3436 3436 judicatur
3462 3360 3613 3430 cujus
3641 3377 3781 3415 nun-

2193 3482 2358 3540 quam
2396 3465 2596 3537 injusta
2633 3461 2837 3533 judicia
2881 3468 3027 3516 sunt.
3064 3457 3166 3525 Qui
3210 3454 3417 3527 ﬂagella
3448 3454 3702 3517 sustinet,
3724 3460 3784 3507 et

2192 3566 2378 3626 contra
2404 3557 2582 3612 Deum
2610 3559 2936 3617 murmurat,
2976 3549 3244 3622 justitiam
3280 3545 3576 3615 iudicantis
3618 3559 3783 3597 accn-

2192 3656 2296 3704 sat.
2336 3646 2598 3715 Qui’vero
2627 3658 2687 3700 se
2723 3642 3000 3714 cognoscit
3033 3654 3065 3696 a
3094 3636 3244 3708 justo
3275 3636 3459 3707 judice
3487 3636 3598 3707 pati
3634 3635 3783 3705 quod

2193 3732 2446 3802 sustinet,
2494 3734 2709 3792 etiamsi
2745 3748 2846 3804 pro
2892 3747 3001 3803 quo
3034 3729 3237 3803 patitur
3283 3728 3514 3799 ignorat,
3540 3740 3639 3795 per
3677 3726 3782 3780 hoc

2189 3820 2304 3901 jam
2326 3825 2673 3909 [justificatur
2699 3824 2845 3896 quod
2868 3832 2924 3879 ct
2949 3822 3188 3914 seipsum
3220 3825 3443 3874 accusat
3483 3824 3539 3871 ct
3569 3816 3663 3870 Dei
3689 3815 3780 3887 ju-

2194 3907 2398 3978 stitiam
2441 3918 2645 3986 laudat.
2696 3914 2875 3989 (Greg.
2914 3915 2971 3970 in
3018 3907 3066 3968 ἱ.
3114 3929 3169 3968 ιγ
3199 3911 3319 3976 Job,
3364 3909 3455 3965 lib.
3483 3924 3538 3975 v,
3584 3925 3632 3962 c.
3675 3907 3779 3973 se;

2212 4010 2372 4077 Isid.,
2398 4008 2490 4064 lib.
2527 4025 2588 4063 ιιι
2620 4006 2795 4072 Sent.,
2827 4021 2945 4076 cap.
2989 4003 3059 4071 AI;
3104 4000 3347 4073 Gregor.,
3376 3998 3468 4053 lib.
3514 4015 3609 4063 vn,
3663 4014 3712 4052 c.
3746 3998 3785 4052 3

2197 4097 2418 4174 Morel.)
2444 4097 2526 4154 Ad
2554 4111 2806 4168 magnam
2835 4094 3129 4150 utilitatem
3171 4092 3354 4149 divino
3384 4088 3589 4161 judicio
3629 4103 3785 4143 mens

2189 4191 2325 4264 justi
2353 4190 2587 4248 diversis
2624 4187 2940 4261 passionum
2968 4182 3360 4240 tentationibus
3405 4179 3657 4251 agitatur,
3684 4192 3786 4248 pro

2195 4284 2396 4354 quibus
2425 4282 2472 4338 si
2501 4282 2614 4337 Deo
2642 4278 2844 4351 gratias
2864 4276 3057 4349 egerit,
3078 4287 3299 4344 sumque
3321 4271 3492 4341 culpa:
3517 4269 3663 4340 quod
3702 4277 3787 4322 ta-

2196 4375 2339 4430 libus
2368 4372 2564 4442 dignus
2598 4370 2690 4436 sit,
2724 4365 3096 4440 imputaverit,
3123 4365 3230 4420 hoc
3255 4361 3397 4433 quod
3425 4375 3493 4415 ex
3532 4359 3787 4430 passione

2199 4465 2394 4525 telerat
2419 4466 2469 4523 ei
2497 4478 2599 4537 pro
2642 4460 2934 4518 virtutibus
2980 4457 3343 4531 reputabitur,
3387 4453 3516 4524 quia
3563 4460 3620 4505 et
3648 4450 3789 4505 diri-

505 4562 713 4655 pusillaa
733 4568 976 4618 staturae.
1001 4556 1139 4626 Quia
1160 4556 1205 4612 si
1229 4520 1463 4610 voluerit
1483 4566 1581 4607 rex
1602 4548 1799 4620 aliquis
1818 4545 2093 4602 civitatein
2120 4520 2174 4581 Ῑ)
2200 4520 2600 4630 ξειξοξείι
2628 4553 2917 4625 justitiam,
2962 4559 3018 4607 οι
3045 4520 3219 4605 ,δυδιη
3263 4520 3474 4617 cnim—ﬂ,
3514 4542 3784 4613 ίηιειιίείι,

508 4648 854 4714 inimicorum
880 4662 1067 4710 tenere
1087 4691 1106 4719 ,
1145 4649 1297 4721 prius
1325 4658 1523 4716 aquam
1552 4648 1699 4698 tenet
1727 4648 1783 4696 et
1811 4653 1965 4694 escas
1998 4652 2094 4692 eo-

509 4763 665 4819 rum,
697 4754 754 4802 et
776 4744 855 4802 sic
884 4740 1091 4798 inimici
1121 4738 1212 4795 siti
1242 4745 1299 4792 et
1326 4735 1469 4790 fame
1498 4729 1868 4803 periclitantes
1886 4768 1901 4795 ,
1931 4726 2100 4799 subji-

512 4836 733 4894 ciuntur
751 4835 823 4891 ei.
851 4833 913 4889 Si
956 4832 1010 4886 in
1032 4828 1242 4899 jejunio
1277 4821 1336 4881 et
1371 4824 1515 4879 fame
1542 4828 1893 4877 conversetur
1916 4819 2099 4884 homo,

516 4927 722 4985 inimici
740 4924 858 4997 ejus
877 4921 969 4994 qui
986 4920 1279 4977 sollicitant
1297 4912 1722 4997 anim_um,prius
1734 4910 2098 4967 infirmantur.

1066 5034 1294 5093 CAPUT
1344 5029 1580 5089 XXVIII.

1084 5127 1163 5199 De
1213 5126 1555 5181 continentia.

589 5223 633 5278 Α
680 5221 789 5276 Deo
826 5220 988 5275 datur
1034 5218 1376 5293 continentia,
1406 5216 1497 5272 sed
1533 5217 1691 5288 petite
1738 5223 1790 5269 et
1837 5210 2106 5282 accipietis

521 5315 677 5388 (Sap.
694 5328 813 5377 vm,
839 5310 1030 5365 Matth.
1048 5326 1141 5379 vn,
1174 5310 1304 5366 Lac.
1321 5310 1422 5382 χι).
1447 5309 1600 5365 Tunc
1620 5320 1804 5364 autem
1829 5304 2104 5367 tribuitur,

523 5402 739 5476 quando
764 5403 833 5458 ad
853 5402 1024 5457 Deum
1051 5400 1255 5474 gemitu
1283 5404 1500 5457 interno
1521 5399 1785 5470 pulsatur.
1816 5393 2103 5450 Geminum

522 5503 610 5555 est
639 5497 842 5552 bonum
875 5493 1160 5566 virginitas
1177 5533 1193 5557 ,
1231 5491 1362 5563 quia
1389 5499 1445 5546 et
1471 5490 1526 5543 in
1553 5489 1657 5544 hoc
1684 5484 1884 5541 mundo
1907 5482 2108 5539 sollici-

523 5586 766 5643 tudinem
796 5583 981 5640 smculi
1013 5580 1236 5645 amittit,
1263 5588 1319 5633 et
1351 5578 1408 5633 in
1437 5576 1619 5630 futuro
1649 5582 1911 5629 aeternum
1940 5573 2105 5628 castis

528 5676 656 5732 tatis
697 5675 977 5746 prtemium
1015 5671 1263 5742 percipit.
1304 5666 1554 5736 Virgines
1589 5664 1856 5719 feliciores
1897 5677 2016 5717 esse
2053 5661 2107 5715 in

528 5767 639 5820 vita
666 5775 865 5820 aeterna
888 5763 1056 5818 Isaias
1085 5767 1335 5822 testatur,
1365 5755 1457 5826 qui
1486 5754 1562 5809 ait
1589 5772 1602 5808 ε
1630 5752 1758 5808 "(ec
1780 5752 1906 5807 dicit
1934 5750 2109 5805 Domi-

2199 4651 2477 4709 Justorum
2503 4663 2656 4704 mens
2683 4662 2790 4702 non
2842 4644 3017 4700 solum
3064 4639 3348 4714 perpendit
3383 4636 3525 4708 quod
3567 4633 3786 4701 tolerat,

2203 4742 2298 4800 sed
2320 4741 2436 4812 jam
2463 4746 2625 4809 pavet
2652 4735 2796 4807 quod
2825 4741 3014 4790 restat.
3047 4732 3203 4788 Videt
3241 4728 3421 4800 qualia
3450 4726 3504 4780 in
3538 4726 3639 4779 hac
3660 4724 3784 4777 .vita

2204 4833 2426 4904 patitur,
2458 4827 2652 4885 metuit
2675 4841 2742 4881 ne
2770 4824 3031 4897 posthaec
3058 4821 3305 4894 graviora
3332 4817 3584 4889 patiatur.
3619 4813 3788 4883 Luget

2206 4923 2332 4993 quia
2373 4921 2427 4975 in
2457 4918 2619 4987 hujus
2664 4917 2924 4973 ctecitatis
2962 4913 3213 4971 exs'lium
3263 4927 3295 4966 a
3332 4907 3567 4980 paradisi
3592 4906 3785 4977 gaudio

2204 5015 2441 5072 cecidit:
2476 5014 2627 5085 timet
2652 5029 2721 5068 ne
2747 4998 2950 5067 etcum
2985 5008 3234 5065 exsilium
3271 5004 3610 5074 relinquitur,
3643 5017 3788 5057 mors

2206 5112 2410 5162 aeterna
2438 5104 2817 5174 subsequatur.
2854 5100 2975 5155 Jam
2997 5114 3126 5170 ergo
3151 5096 3471 5153 sententiam
3514 5092 3709 5148 tolerat
3731 5092 3785 5147 in

2206 5212 2391 5269 pmna,
2427 5196 2521 5252 sed
2556 5195 2734 5251 minas
2771 5193 2948 5248 adhuc
2975 5190 3164 5246 aeterni
3200 5188 3400 5260 judicis
3428 5183 3680 5241 formidat
3719 5192 3785 5239 ex

2208 5289 2385 5360 culpa.
2401 5288 2569 5344 Recte
2586 5301 2716 5358 ergo
2734 5301 2834 5357 per
2845 5283 3183 5340 Psalmist
3199 5280 3426 5336 dicitur:
3444 5277 3510 5332 In
3529 5291 3612 5330 me
3625 5285 3791 5329 trans-

2204 5380 2379 5435 ierunt
2425 5380 2521 5434 ira:
2564 5389 2670 5433 tua:
2696 5417 2712 5441 ,
2751 5386 2798 5430 et
2835 5385 3059 5430 terrores
3103 5373 3181 5426 tui
3234 5367 3667 5425 conturbaverunt
3708 5379 3789 5419 me

2210 5470 2383 5545 (Psal.
2416 5470 2679 5541 Lxxxvu).
2712 5466 2918 5522 Interni
2947 5460 3361 5535 quippejudicis
3385 5465 3670 5541 postquam
3696 5453 3792 5510 irae

2210 5570 2614 5635 pertranseunt,
2651 5561 2815 5614 etiam
2860 5566 3097 5612 terrores
3132 5552 3478 5614 conturbant,
3518 5533 3647 5617 quia
3678 5545 3790 5615 jam

2210 5653 2354 5730 aliud
2403 5652 2471 5708 de
2519 5649 2864 5707 damnatione
2910 5647 3169 5717 patimur,
3223 5649 3278 5696 et
3325 5638 3502 5694 adhuc
3557 5636 3701 5692 aliud
3730 5636 3793 5691 de

2215 5726 2418 5804 aeterna
2449 5744 2654 5801 ultione
2689 5740 3059 5798 formidamus.
3086 5733 3228 5808 (Huc
3266 5748 3428 5802 usque
3462 5727 3648 5804 (ἔνθα.)
3674 5724 3798 5785 Glo-
