3940 6420
226 331 350 392 695

1452 326 1758 382 DIADEMA
1799 324 2304 384 MONACHORUM.

3411 328 3519 400 0%

222 446 400 500 riatio
447 453 631 499 autem
677 442 928 498 monachi
976 440 1236 512 patientia
1287 440 1342 494 in
1391 438 1826 494 tribulationibus
1854 443 1904 503 Α
1929 435 2035 489 Ant
2064 435 2186 504 quis
2229 450 2376 490 sana:
2423 434 2790 506 intelligentia:
2819 435 2886 490 de
2921 437 3274 506 percussione
3313 453 3411 494 sua
3434 439 3519 494 in-

219 537 395 606 ejus,
445 543 502 590 et
547 533 926 602 longanimitas
987 547 1111 586 cum
1164 529 1450 585 charitate.
1502 528 1689 583 Sancti
1727 527 1830 582 viri

219 635 440 696 quanto
497 624 671 694 magis
723 639 784 678 se
834 621 1080 678 exterius
1134 620 1482 690 despiciendo
1535 617 1830 686 dejiciunt,

223 727 389 771 tanto
419 716 652 787 amplius
681 715 909 770 interius
941 713 1335 769 revelationum
1379 709 1833 780 contemplatione

219 815 551 876 pascuntur.
576 805 724 873 Quos
753 805 900 860 enim
925 804 1165 858 exterius
1195 803 1248 858 in
1274 802 1402 857 ﬂetu
1433 801 1678 856 continet
1700 815 1831 855 con-

223 898 392 952 vallis
421 897 764 962 humilitatis,
791 911 885 952 eos
908 894 1134 950 interius
1161 893 1410 951 sublevat
1427 907 1686 949 ascensus
1705 906 1831 946 con-

222 990 630 1060 tctnplatiouis.

813 1078 1041 1135 CAPUT
1082 1077 1252 1134 XXX.

772 1168 849 1221 De
896 1165 1122 1237 ﬂagellis
1171 1165 1293 1219 Dei.

301 1259 488 1329 (lsid.,
529 1259 624 1314 lib.
652 1275 711 1314 ιιι
738 1260 913 1322 Sent.,
937 1275 1056 1327 cap.
1097 1255 1170 1327 l.)
1196 1254 1456 1312 Ordinata
1485 1262 1572 1308 est
1598 1251 1828 1307 misera-

220 1353 310 1406 tio
344 1352 458 1418 Dei,
493 1367 613 1421 qnm
647 1351 797 1420 prius
836 1351 924 1404 hic
953 1348 1225 1403 hominem
1271 1362 1370 1416 per
1400 1345 1610 1416 ﬂagella
1637 1361 1670 1398 a
1698 1359 1826 1413 pec-

179 1470 182 1474 ι
218 1443 374 1496 catis
411 1442 689 1506 emundat,
718 1449 774 1494 ct
807 1450 992 1510 postea
1039 1439 1108 1494 ab
1148 1446 1352 1492 aeterno
1386 1435 1650 1506 supplicio
1692 1435 1827 1490 libe-

220 1543 338 1588 rat.
369 1533 584 1588 Electus
610 1533 755 1587 enim
784 1532 874 1584 Dei
904 1530 1180 1584 doloribus
1207 1529 1330 1583 vita:
1355 1528 1516 1598 hujus
1545 1526 1820 1592 atteritur,

218 1635 287 1680 ut
318 1623 612 1695 perfectior
657 1622 783 1676 vitae
832 1621 1026 1675 futurae
1066 1619 1287 1690 praemia
1320 1618 1580 1673 lucretur.
1609 1616 1826 1687 Nequa-

1929 537 2116 600 gratus
2144 528 2359 590 existat,
2411 527 2457 583 si
2509 528 2624 598 ipse
2671 528 2799 584 hinc
2826 528 2943 584 sine
2971 528 3182 600 flagello
3223 546 3331 586 non
3360 530 3518 600 exiit,

1929 620 2022 691 qui
2057 621 2163 676 huc
2189 621 2307 675 sine
2329 629 2554 692 peccato
2575 619 2743 675 venit.

2497 711 2726 768 CAPUT
2752 712 2945 769 XXXI.

2411 803 2486 858 De
2505 804 2817 873 inﬁrmitate
2842 805 3038 859 carnis.

1999 896 2182 967 (Isid.,
2206 895 2296 950 lib.
2329 912 2388 950 ιιι
2421 895 2596 962 Sent.,
2618 912 2737 966 cap.
2762 894 2839 968 '5.)
2863 895 3134 964 Quosdam
3164 897 3352 954 videns
3374 897 3518 956 Deus

1905 989 2070 1045 'nolle
2097 992 2317 1062 proprio
2346 1000 2472 1046 voto
2512 990 2734 1062 corrigi,
2775 992 3166 1048 adversitatnm
3211 993 3382 1062 tangit
3419 993 3518 1048 sti.

1927 1083 2122 1150 mulis;
2162 1083 2426 1156 quosdam
2476 1084 2640 1138 etiam
2687 1084 2978 1153 praesciens
3026 1083 3252 1138 multum
3291 1099 3519 1156 peccare

1925 1192 2087 1249 posse
2127 1177 2180 1230 in
2210 1176 2460 1241 salutem,
2513 1173 2747 1245 ﬂagellat
2781 1189 2876 1229 eos
2906 1174 3150 1244 corporis
3175 1173 3514 1239 infirmitate,

1925 1283 1994 1323 ne
2019 1277 2264 1338 peccent,
2301 1276 2362 1322 ut
2404 1268 2487 1323 eis
2519 1267 2704 1324 utilius
2742 1269 2814 1324 sit
2848 1269 3024 1339 frangi
3058 1269 3407 1338 languoribus
3447 1269 3518 1324 ad

1926 1359 2177 1424 salutem,
2207 1374 2369 1429 quam
2407 1373 2630 1414 manere
2657 1358 2957 1414 incolumes
2984 1359 3053 1414 ad
3086 1359 3511 1413 damnationem.

1918 1448 2029 1518 Qui
2049 1448 2375 1504 valentiores
2401 1457 2528 1503 sunt
2561 1456 2616 1504 et
2642 1448 2780 1515 sani,
2816 1449 2954 1523 utile,
2983 1457 3068 1504 est
3097 1447 3205 1502 illis
3245 1446 3512 1502 inﬁrmari

1924 1553 2108 1599 etnon
2129 1559 2379 1614 peccare,
2411 1559 2481 1599 ne
2511 1560 2609 1615 per
2643 1545 2885 1616 vigorem
2912 1544 3103 1600 salutis
3143 1544 3348 1600 illicitis
3389 1559 3510 1600 sor-

1923 1634 2178 1690 didentur
2203 1635 2557 1704 cupiditatum
2595 1642 2652 1689 et
2678 1635 2904 1690 luxuriae
2930 1635 3233 1691 desideriis.
3267 1635 3362 1692 Est
3382 1651 3512 1706 pcr-

217 1733 397 1788 quam
447 1716 591 1770 Deus
637 1712 971 1781 ιιθιίηίιυθιιιί
1006 1711 1180 1781 Dareit
1213 1729 1226 1764 ε
1263 1709 1519 1780 quoniam
1566 1718 1822 1779 Peccam'
1849 1790 1889 1796 _
1924 1725 2130 1781 uiciosa
2152 1724 2360 1779 sanitas
2379 1739 2500 1796 qua:
2517 1725 2586 1781 ad
2607 1724 3027 1781 inobedientiam
3048 1725 3321 1781 hominem
3340 1726 3509 1791 ducit,

220 1822 350 1860 rem
373 1813 469 1860 aut
492 1803 700 1874 ﬂagello
722 1803 1006 1872 temporali
1045 1803 1111 1857 ad
1142 1801 1519 1872 purgationem
1545 1799 1694 1866 ferit,
1726 1807 1822 1856 aut
1847 1790 1896 1849 B
1923 1824 2008 1873 εει
2031 1823 2088 1871 ει
2105 1815 2336 1872 salubris
2357 1790 2667 1882 ίπίῃηηίωε,
2691 1832 2812 1888 qua,
2833 1833 2931 1888 per
2951 1817 3188 1872 divinam
3213 1820 3509 1888 ωηεριίο,

218 1898 432 1966 iudicio
465 1909 670 1953 aeterno
711 1897 1042 1967 puniendum
1072 1895 1348 1965 relinquit,
1381 1902 1484 1972 aut
1503 1894 1626 1963 ipse
1671 1893 1726 1948 in
1763 1908 1814 1949 se

1922 1921 2048 1963 nem
2068 1915 2305 1964 mentem
2331 1923 2362 1962 a
2388 1906 2586 1964 duritia
2615 1907 2834 1977 frangit.
2880 1909 3026 1963 Dixit
3073 1916 3256 1964 sancta
3287 1908 3508 1980 Synclc-

219 1992 396 2045 homo
438 1989 752 2060 pmniteudo
786 1988 944 2058 punit
975 1987 1116 2058 quod
1154 1985 1292 2042 male
1331 1985 1577 2050 admisit;
1610 1999 1674 2040 ac
1694 1999 1824 2055 pro-

220 2080 357 2136 inde
384 2079 633 2150 estquod
664 2079 805 2134 Deus
841 2077 1175 2148 delinqneuti
1198 2092 1304 2132 non
1331 2076 1529 2147 parcit.
1555 2074 1695 2131 Justi
1723 2090 1823 2146 per

221 2171 548 2241 temporalia
599 2171 810 2242 ﬂagella
863 2171 934 2225 ad
991 2179 1194 2226 aeterna
1262 2169 1554 2240 proficiunt
1602 2170 1817 2242 gaudia.

219 2264 463 2334 Ideoque
487 2272 544 2318 et
555 2262 736 2332 justus
762 2263 815 2318 in
835 2264 1012 2334 ptenis
1031 2263 1290 2334 gaudere,
1318 2271 1374 2318 et
1396 2263 1592 2332 impius
1617 2262 1672 2317 in
1696 2277 1822 2333 pro-

182 2390 188 2394 -
220 2356 583 2424 speritatibus
601 2356 792 2411 timere
819 2355 999 2411 debet.
1025 2354 1209 2425 Neque
1222 2354 1372 2423 justo
1390 2370 1565 2425 neque
1588 2355 1820 2424 reprobo

222 2450 373 2505 Deus
409 2449 840 2504 misericordiam
873 2457 931 2504 et
970 2448 1239 2519 justitiam
1275 2447 1561 2504 abstrahit.
1604 2446 1738 2502 Nam
1764 2455 1820 2504 et

217 2544 399 2599 bonos
428 2542 515 2596 hic
542 2557 639 2610 per
660 2541 1004 2596 aﬂlictionem
1026 2539 1255 2609 indicat,
1279 2550 1336 2597 et
1369 2541 1478 2598 illic
1506 2551 1818 2598 remunerat

218 2649 326 2704 per
347 2633 747 2686 miserationem
771 2648 787 2697 ;
819 2640 874 2687 et
900 2632 1071 2687 malos
1098 2633 1186 2687 hic
1214 2641 1530 2689 remunerat
1553 2649 1652 2704 per
1675 2641 1816 2688 tem-

221 2725 468 2797 poralem
497 2725 860 2791 clementiam,
892 2732 947 2780 et
972 2723 1080 2779 illic
1115 2724 1268 2795 punit
1312 2739 1410 2794 per
1433 2735 1693 2780 aeternam
1726 2726 1815 2797 ju-

220 2820 454 2876 stitiam.
487 2818 543 2873 lu
574 2818 675 2873 hac
703 2818 847 2872 enim
878 2817 982 2871 vita
1015 2817 1158 2872 Deus
1199 2817 1376 2886 parcit
1407 2816 1608 2886 impiis,
1637 2825 1694 2872 et
1735 2829 1815 2871 ta-

219 2927 352 2966 men
383 2925 487 2964 non
521 2908 697 2979 parcit
723 2907 940 2973 electis;
993 2907 1047 2961 in
1096 2907 1183 2960 illa
1221 2915 1410 2976 parcet
1451 2907 1659 2974 electis,
1707 2923 1812 2967 nou

223 3015 410 3058 tamen
437 3009 625 3073 parcet
655 3000 872 3070 iniquis.
895 2999 1023 3054 Plus
1050 2998 1344 3068 corripitur
1370 2997 1601 3069 ﬂagello,
1631 2999 1756 3069 quia
1780 3015 1812 3053 a

223 3093 342 3147 Dco
363 3091 622 3162 diligitur,
651 3090 696 3146 si
726 3088 1050 3160 peccaverit,
1079 3088 1293 3144 dicente
1319 3089 1482 3143 Amos
1505 3088 1764 3158 propheta
1793 3103 1808 3143 :

224 3183 612 3238 Tantummodo
632 3199 718 3237 vos
739 3182 952 3252 cognovi
972 3196 1037 3235 ea:
1057 3181 1294 3235 omnibus
1318 3181 1616 3235 nationibus
1636 3191 1808 3247 teme,
1839 3153 1883 3216 Ο

220 3275 422 3329 idcirco
474 3273 691 3327 visitabo
726 3287 884 3344 super
923 3289 1012 3326 vos
1062 3288 1238 3326 omnes
1279 3273 1578 3343 iniquitates
1617 3282 1812 3327 vestras

223 3366 410 3438 (Amos
440 3365 545 3436 ιιι).
575 3364 714 3419 Nam
754 3381 907 3436 quem
937 3363 1107 3435 diligit
1149 3364 1402 3418 Dominus
1443 3365 1681 3436 corripit,
1712 3368 1814 3436 fla-

223 3456 381 3527 gellat
409 3466 580 3511 autem
635 3472 837 3510 omnem
864 3457 1034 3526 ﬁlium
1079 3473 1235 3528 quem
1271 3458 1450 3528 recipit
1497 3456 1655 3529 (Heb.
1690 3457 1810 3530 xu).

223 3546 387 3619 (Isid.
430 3539 584 3618 ibid?)
631 3547 799 3602 Valde
843 3548 1208 3603 necessarium
1245 3556 1328 3603 est
1349 3546 1556 3618 justum
1609 3549 1663 3603 in
1713 3549 1815 3604 hac

221 3641 336 3695 vita
374 3649 429 3694 et
456 3641 600 3695 vitiis
646 3642 867 3707 tentari,
910 3649 965 3697 et
1009 3641 1283 3698 verberari
1322 3641 1555 3714 ﬂagello,
1597 3651 1658 3696 ut
1687 3642 1813 3698 dum

165 3789 170 3794 _
221 3732 373 3787 vitiis
408 3731 674 3800 pulsatur,
714 3733 779 3787 de
832 3733 1122 3788 virtutibus
1171 3749 1278 3788 non
1307 3735 1640 3807 superbiat:
1685 3734 1815 3790 dum

221 3842 356 3882 vero
379 3834 473 3880 aut
496 3827 661 3881 animi
692 3835 786 3881 aut
822 3828 1001 3883 carnis
1036 3828 1222 3882 dolore
1260 3829 1532 3894 atteritur,
1562 3844 1592 3882 a
1628 3827 1814 3884 mundi

224 3933 412 3972 amore
435 3918 747 3972 retrahitur.
779 3917 1027 3989 (lsidor.,
1054 3917 1167 3972 loco
1203 3919 1408 3992 citato.)
1442 3919 1641 3973 Durius
1668 3919 1814 3972 circa

225 4025 356 4064 suos
378 4009 581 4065 electos
609 4009 662 4063 in
684 4008 789 4064 hac
814 4009 926 4064 vita
948 4009 1092 4064 Deus
1114 4008 1245 4078 agit,
1268 4016 1328 4062 ut
1349 4009 1474 4062 dum
1502 4006 1816 4062 fortioribus

223 4103 418 4173 ﬂagelli
451 4103 684 4158 stimulis
719 4102 1006 4170 feriuntur,
1060 4103 1204 4158 nullo
1243 4104 1641 4158 oblectamento
1675 4117 1816 4172 prte-

225 4195 399 4249 scutis
438 4195 561 4249 vitae
605 4195 960 4260 delectentur,
1003 4195 1096 4249 sed
1133 4193 1408 4248 cmlestem
1436 4192 1692 4263 patriam,
1721 4192 1814 4248 ubi

223 4292 376 4338 certa
416 4285 634 4354 requies
678 4292 1040 4352 exspectatur,
1071 4282 1438 4337 indesinenter
1482 4282 1811 4337 desiderent.

223 4373 558 4428 Admovendi
589 4380 718 4427 sunt
760 4373 912 4443 aegri,
944 4382 1003 4426 ut
1031 4388 1096 4428 eo
1139 4387 1201 4426 se
1231 4373 1325 4427 Dei
1369 4372 1508 4427 filios
1553 4373 1810 4438 sentiant,

224 4479 334 4533 quo
355 4463 473 4518 illos
497 4463 794 4532 disciplinae
815 4462 1019 4534 ﬂagella
1045 4463 1332 4534 castigant.
1378 4462 1490 4518 Nisi
1518 4463 1662 4518 enim
1687 4478 1810 4518 cor-

224 4555 395 4624 reptis
416 4555 539 4609 filiis
567 4553 934 4610 hereditatem
965 4554 1094 4609 dare
1121 4554 1447 4624 disponeret,
1475 4552 1692 4608 erudire
1714 4568 1808 4608 eos

222 4661 323 4716 per
349 4644 626 4701 molestias
673 4651 778 4700 non
825 4654 1061 4701 curaret.
1105 4644 1336 4715 Lapides
1380 4645 1674 4700 sanctuarii
1709 4644 1810 4700 Do-

223 4738 356 4792 mini
387 4745 537 4791 extra
585 4737 725 4792 tunsi
767 4745 914 4801 sunt,
965 4748 1025 4791 ut
1072 4737 1126 4791 in
1177 4737 1582 4792 constructione
1625 4737 1809 4807 templi

225 4827 428 4896 absque
453 4826 630 4881 mallei
662 4827 841 4881 sonitu
872 4836 1203 4898 ponerentur
1223 4826 1345 4898 (III
1375 4827 1504 4899 Reg.
1535 4827 1614 4900 vt)
1642 4846 1655 4882 :
1681 4829 1808 4898 quia

181 4927 188 4932 ‘
224 4917 476 4972 videlicet
511 4934 652 4972 nunc
683 4916 816 4973 foris
857 4934 952 4988 per
983 4917 1190 4988 ﬂagella
1234 4920 1529 4986 tundimur,
1572 4927 1632 4974 ut
1662 4920 1807 4976 intus

226 5007 427 5075 templo
449 5006 542 5062 Dei
564 5007 904 5076 postmodum
929 5007 1046 5062 sine
1066 5008 1346 5078 disciplina
1375 5017 1432 5064 et
1461 5010 1807 5078 percussione

225 5097 594 5166 disponamur,
621 5105 889 5167 quatenus
914 5097 1172 5168 quidquid
1218 5099 1271 5152 in
1317 5100 1472 5154 nobis
1499 5108 1584 5155 est
1611 5116 1804 5170 super-

223 5187 410 5254 ﬂuum,
443 5190 603 5245 modo
648 5191 927 5260 percussio
958 5199 1186 5257 resecet,
1225 5200 1281 5246 et
1319 5201 1446 5248 tunc
1476 5193 1588 5248 sola
1621 5209 1720 5250 nos
1747 5195 1804 5250 in

223 5278 452 5334 aedilicio
494 5280 781 5335 concordia
819 5280 1100 5336 charilatis
1129 5280 1276 5353 liget.
1308 5281 1643 5338 Admouendi
1678 5293 1806 5339 sunt

184 5392 190 5396 -
221 5368 353 5441 ωειιί
382 5376 648 5438 quatenus
683 5371 958 5439 patientiae
990 5372 1253 5427 virtutem
1274 5382 1509 5440 servent,
1541 5383 1610 5429 nt.
1631 5375 1803 5431 inces-

225 5466 410 5514 santer
433 5469 633 5528 quanta
659 5459 986 5532 Redemptor
1011 5471 1195 5518 noster
1219 5464 1376 5520 abiis
1416 5480 1552 5534 quos
1580 5481 1804 5523 creave-

223 5555 310 5605 rat
345 5549 567 5619 pertulit
599 5549 738 5604 mala
779 5552 1140 5608 considerent.
1188 5553 1298 5609 Cur
1325 5556 1797 5628 itaqueaSperum

222 5641 484 5707 creditur,
516 5649 577 5696 ut
605 5657 637 5696 a
673 5641 782 5697 Deo
807 5643 970 5698 homo
999 5644 1191 5700 toleret
1226 5645 1432 5717 ﬂagella
1476 5662 1574 5718 pro
1615 5650 1794 5719 malis,

191 5729 270 5789 -,si
297 5738 446 5789 tanta
490 5732 630 5789 Deus
658 5733 725 5790 ab
753 5733 1060 5793 hominibus
1083 5736 1304 5807 pertulit
1327 5737 1466 5793 mala
1492 5755 1592 5810 pro
1616 5739 1789 5800 bonis.

1915 2001 2053 2067 'tica,
2093 2002 2218 2071 quia
2245 2001 2494 2058 diabolus
2532 2001 2877 2057 infirmitates
2917 2001 3176 2071 quasdam
3206 2001 3507 2070 expetendo

1921 2092 2182 2147 adversus
2209 2106 2334 2147 eum
2363 2092 2456 2164 qui
2496 2093 2787 2148 tentandus
2815 2099 2898 2148 est
2921 2091 3162 2157 adhibet,
3195 2099 3251 2144 ut
3290 2106 3386 2160 per
3411 2105 3508 2146 eas

1919 2181 2291 2251 pusillanimes
2313 2180 2520 2238 faciens
2541 2182 2855 2247 monachos,
2876 2184 3163 2238 conturbet
3179 2181 3514 2237 charitatcm

1919 2286 2128 2337 eorum,
2159 2287 2322 2342 quam
2357 2272 2717 2342 habebautgad
2748 2271 2938 2327 Deum.
2968 2269 3073 2327 Sed
3098 2272 3347 2341 quamvis
3373 2286 3505 2326 cou-

1919 2366 2131 2421 cidatur
2152 2381 2368 2437 corpus,
2421 2374 2475 2423 et
2515 2365 2757 2422 febribus
2779 2365 2972 2421 validis
3005 2363 3390 2440 inflammetur,
3420 2364 3504 2419 in-

1917 2474 2081 2530 super
2115 2460 2328 2515 etiamsi
2374 2458 2727 2516 intolerabilis
2771 2459 2842 2515 sit
2896 2458 3134 2524 alllietio,
3183 2457 3229 2513 si
3276 2457 3496 2527 quidem

1915 2560 2168 2621 peccator
2203 2567 2261 2607 es
2285 2552 2378 2622 qui
2412 2552 2527 2607 haec
2554 2555 2812 2619 sustines,
2867 2551 3154 2607 recordare
3187 2547 3357 2604 futuri
3398 2564 3501 2605 sae-

1917 2642 2024 2698 culi
2051 2655 2255 2712 poenas,
2287 2649 2548 2697 aeternum
2587 2641 2764 2713 ignem
2805 2650 2859 2697 et
2898 2641 3176 2713 judicialia
3207 2651 3499 2709 tormenta,
3542 2677 3552 2690 ι

1915 2744 1970 2790 et
1998 2735 2069 2789 ita
2113 2751 2222 2790 non
2267 2733 2486 2790 deficies
2521 2734 2589 2789 ab
2625 2735 2705 2790 eis
2733 2749 2854 2804 qua:
2892 2735 2946 2790 in
2983 2735 3239 2805 praesenti
3291 2735 3502 2791 contin-

1915 2836 2047 2898 gnnt
2074 2846 2085 2880 :
2126 2827 2346 2895 insuper
2371 2833 2425 2880 et
2448 2824 2706 2896 gaudebis
2731 2825 2857 2894 quia
2889 2825 3129 2880 visitavit
3159 2832 3210 2880 te
3245 2825 3411 2893 Deus,
3443 2836 3502 2879 ct

1917 2920 2046 2975 illud
2086 2918 2509 2974 famosissimum
2537 2917 2738 2973 dictum
2764 2917 2818 2972 in
2848 2917 3026 2988 lingua
3063 2917 3278 2982 habeto,
3312 2916 3366 2970 id
3393 2923 3505 2982 est,

1915 3008 2192 3080 Castigans
2222 3007 2492 3079 castigavit
2521 3023 2602 3061 me
2637 3006 2916 3072 Dominus,
2941 3017 2989 3062 et
3015 3007 3171 3061 morti
3200 3023 3303 3060 non
3327 3005 3499 3060 tradi-

1915 3100 1991 3153 dit
2022 3116 2103 3154 me
2133 3097 2305 3170 (Psal.
2347 3096 2534 3171 cxvu).
2569 3096 2628 3152 Si
2659 3096 2863 3153 ferrum
2897 3113 2976 3164 es,
3009 3111 3165 3168 spera
3195 3097 3499 3152 adhibitum

1915 3193 2010 3248 tibi
2035 3192 2236 3265 ignem,
2265 3192 2392 3261 quia
2417 3190 2461 3246 si
2484 3191 2661 3262 justus
2685 3205 2766 3257 es,
2795 3199 2852 3246 et
2895 3191 3011 3247 hate
3037 3191 3264 3261 pateris,
3291 3191 3357 3246 de
3384 3205 3500 3245 ma-

1914 3286 2035 3356 gnis
2081 3284 2147 3339 ad
2187 3283 2394 3354 majora
2441 3283 2797 3355 promoveris.
2851 3281 3058 3337 Aurum
3113 3296 3196 3347 es,
3253 3282 3348 3336 sed
3399 3295 3501 3351 per

1915 3376 2094 3448 ignem
2134 3375 2416 3446 probatior
2444 3375 2574 3430 eris.
2614 3372 2673 3429 Si
2709 3372 2971 3436 febribus,
3000 3373 3046 3428 si
3077 3371 3254 3444 rigore
3279 3371 3500 3444 frigoris

1913 3467 2218 3539 castigaris,
2246 3476 2455 3522 memor
2480 3473 2597 3522 esto
2629 3463 2773 3536 quod
2795 3461 3075 3534 Scriptura
3095 3462 3226 3518 dicit
3254 3481 3267 3516 :
3305 3461 3502 3518 Trans-

1914 3561 2099 3615 irimus
2121 3576 2214 3630 per
2250 3559 2422 3631 ignem
2458 3568 2507 3613 et
2535 3573 2748 3629 aquam,
2784 3565 2833 3612 et
2873 3556 3026 3610 duait
3065 3572 3159 3611 nos
3201 3555 3256 3610 in
3291 3555 3503 3626 refrige-

1913 3654 2050 3707 rium
2081 3651 2254 3723 (Psal.
2281 3649 2428 3724 va).
2458 3648 2517 3705 Si
2544 3647 2832 3706 infirmitas
2863 3648 3091 3704 molesta
3131 3647 3287 3704 nobis
3311 3646 3498 3713 fuerit,

1913 3758 2021 3798 non
2061 3742 2472 3808 contristemur,
2519 3749 2776 3810 tanquam
2812 3740 2905 3811 qui
2949 3755 3050 3811 pro
3089 3738 3502 3796 infirmitate-et

1886 3833 2136 3887 vulnere
2164 3832 2409 3903 corporis
2455 3847 2563 3887 non
2603 3847 2890 3902 possumus
2931 3841 3081 3887 stare
3125 3831 3193 3887 ad
3235 3832 3501 3888 orandum

1913 3930 2008 3976 aut
2032 3921 2369 3991 psallendum
2412 3921 2482 3976 ad
2523 3936 2728 3977 vocem.
2763 3920 2898 3976 l-lzec-
2923 3929 3102 3976 autem
3130 3921 3313 3976 omnia
3344 3921 3502 3980 nobis

1913 4013 2200 4083 proficient
2246 4013 2314 4068 ad
2359 4013 2686 4067 destruenda
2739 4012 2983 4082 corporis
3035 4012 3321 4076 desideria,
3367 4027 3501 4084 quo-

1915 4104 2059 4158 niam
2083 4101 2288 4173 jejunia
2309 4110 2364 4157 et
2391 4101 2605 4158 labores
2631 4111 2852 4173 propter
2893 4111 3074 4172 turpes
3113 4101 3500 4158 delectationes

1913 4196 2071 4250 nobis
2091 4195 2385 4250 constituta
2415 4202 2560 4250 sunt.
2602 4193 2661 4248 Si
2689 4195 2852 4265 igitur
2893 4194 3157 4266 aegritudo
3185 4194 3290 4249 ista
3318 4202 3499 4249 retun-

1914 4286 1993 4342 dit
2012 4284 2301 4355 superﬂua,
2323 4284 2392 4340 de
2411 4284 2496 4339 his
2516 4284 2871 4340 observandis
2891 4285 3028 4339 ratio
3048 4294 3150 4340 est.
3174 4283 3327 4340 Sicut
3349 4285 3495 4340 enim

1913 4391 2112 4447 magno
2139 4387 2195 4431 et
2225 4375 2359 4430 forti-
2384 4374 2740 4430 medicamine
2783 4373 3024 4429 exitialia
3071 4373 3140 4429 ab
3172 4374 3498 4446 aegritudine

1914 4467 2158 4537 corporis
2185 4467 2315 4522 vitia
2362 4464 2699 4532 reciduntur,
2745 4473 2801 4520 et
2826 4465 2943 4521 hzec
2969 4473 3054 4520 est
3076 4481 3271 4537 magna
3295 4465 3495 4533 virtus,

1909 4558 2124 4629 quando
2159 4557 2564 4612 infirmitatibus
2610 4557 2894 4613 tolerantia
2922 4557 3182 4625 adhibita,
3210 4566 3265 4614 et
3291 4560 3497 4630 gratia-

1912 4664 2030 4702 rum
2073 4649 2218 4703 actio
2262 4649 2386 4703 Deo‘
2409 4646 2572 4702 fuerit
2605 4649 2792 4704 missa.
2836 4647 2896 4703 Si
2941 4649 3241 4704 amittimus
3283 4648 3494 4721 oculos,

1883 4753 2018 4792 non
2039 4737 2276 4792 feramus
2309 4737 2568 4809 graviter.
2597 4738 2935 4794 Extollemiie
2972 4739 3131 4794 enitu-
3163 4740 3496 4798 instrumen-

1911 4835 2024 4880 tum
2051 4827 2334 4882 amisimus
2356 4836 2410 4882 et
2438 4828 2783 4884 interioribus
2823 4830 2993 4886 oculis
3032 4830 3257 4903 gloriam
3279 4834 3494 4891 Domini

1911 4916 2273 4987 speculamur.
2314 4915 2474 4972 Surdi
2503 4915 2632 4973 facti
2673 4935 2879 4986 sumus,
2909 4936 3015 4976 non
3059 4937 3332 4991 curemus,
3363 4926 3492 4994 quia

1907 5008 2151 5063 auditum
2178 5023 2373 5062 vanum
2413 5009 2711 5065 amisimus.
2742 5010 2931 5067 Manus
2968 5020 3167 5068 nostrae
3203 5029 3271 5070 ex
3309 5013 3491 5085 aliqua

1905 5099 2156 5168 passione
2174 5097 2468 5155 debilitata:
2495 5109 2640 5165 sunt,
2686 5102 2782 5157 sed
2825 5103 3110 5160 interiores
3148 5115 3364 5176 paratas
3401 5109 3493 5164 ha-

1905 5186 2094 5242 bemus
2119 5187 2377 5243 adversus
2403 5188 2607 5245 inimici
2634 5193 2975 5249 tentationes.
3008 5195 3298 5253 lnllrmitas
3315 5205 3488 5253 totum

1875 5292 2105 5348 corpus
2133 5287 2378 5333 nostrum
2427 5288 2594 5349 tenet,
2641 5283 2735 5338 sed
2771 5285 3013 5343 interiori
3059 5288 3263 5345 homini
3300 5298 3489 5347 nostro

1905 5375 2350 5430 sanitascreseit.

2453 5469 2681 5528 CAPUT
2718 5472 2935 5531 XXXII.

2322 5561 2400 5616 De
2420 5563 2753 5619 tribulatione
2769 5565 3056 5635 justorum.

1969 5650 2150 5723 (Isid.,
2194 5651 2284 5706 lib.
2331 5670 2393 5709 nt
2429 5653 2599 5720 Sent.,
2647 5672 2694 5709 c.
2739 5656 2854 5728 58.)
2899 5656 3083 5712 Justus
3126 5656 3181 5712 iu
3215 5653 3478 5714 adversas

1895 5743 2110 5814 probari
2153 5756 2212 5800 se
2251 5755 2618 5816 recognoscat,
2649 5761 2755 5802 non
2782 5746 2956 5819 dejici.
2987 5745 3102 5804 Viri
3141 5747 3315 5804 sancti
3347 5747 3486 5818 plus:
