3940 6418
451 5015 461 5051 i

486 313 593 370 627

1775 303 2130 359 SMARAGDI
2170 303 2461 359 ABBATIS

3659 309 3772 366 638

485 425 784 480 [οηηῑαιιηι
804 436 1064 492 prospera
1112 420 1296 474 mundi
1345 434 1506 490 quam
1545 419 1796 484 adversa,
1821 419 1947 488 quia
1977 418 2074 472 Dei
2105 420 2153 478 A
2179 417 2273 472 sed
2299 417 2478 486 potius
2498 417 2694 473 erudit.
2725 417 2966 474 Sollicite
3005 419 3178 475 hostis
3205 420 3427 476 insidias
3464 422 3779 493 intelligere

485 533 678 574 servos
711 531 968 586 prospera
1001 512 1185 567 mundi
1213 511 1494 580 dejiciunt,
1525 512 1749 566 adversa
1794 527 1922 567 vero
1948 527 2071 566 eru-

483 609 656 662 diunt.
683 605 915 673 Ideoque
941 603 1114 658 sancti
1155 603 1256 656 viri
1293 601 1597 659 constantia
1625 601 1700 656 ita
1730 610 1949 672 portare
1977 601 2070 656 de-

483 701 574 753 bet
609 698 852 760 adversa,
879 703 939 750 ut
968 693 1142 764 frangi
1179 710 1286 752 non
1328 703 1514 764 queat.
1563 693 1714 748 Tunc
1744 692 1918 762 magis
1945 701 2070 747 sunt

483 789 578 843 Dei
609 788 752 844 oculi
780 803 942 858 super
974 785 1165 856 iustos,
1193 785 1409 856 quando
1447 800 1540 840 eos
1575 768 1738 854 aflligi
1771 783 1839 838 ab
1870 783 2071 854 iniquis

483 879 820 950 providentia
849 860 1084 949 superna
1113 877 1394 948 permittit.
1438 875 1574 931 Nam
1617 884 1745 930 tunc
1765 875 1846 929 eis
1878 876 2070 946 gaudia

483 971 850 1042 disponuntur
889 979 1122 1034 mterna,
1168 969 1383 1038 quando
1421 967 1674 1036 praesenti
1725 966 2072 1022 tribulatione

484 1064 807 1133 probantur.
855 1061 1056 1116 Omnes
1111 1059 1237 1114 vice
1289 1056 1446 1126 huius
1494 1055 1871 1114 tribulationcs
1917 1057 2075 1128 aquis

487 1161 878 1224 comparantur
907 1150 1376 1222 praetereuntibus.
1404 1150 1699 1221 Propterea
1721 1149 1847 1219 quia
1869 1149 1916 1204 si
1945 1150 2074 1219 quid

489 1246 543 1300 in
574 1245 678 1300 hac
707 1245 814 1298 vita
841 1240 1205 1298 tribulationis
1231 1239 1508 1304 acciderit,
1537 1254 1645 1295 non
1671 1247 1779 1294 stat
1806 1239 1901 1296 sed
1936 1239 2075 1296 cele-

488 1338 625 1392 riter
653 1336 870 1392 transit.
902 1334 1004 1402 Qui
1026 1335 1151 1390 vitae
1179 1331 1375 1388 tutum
1417 1331 1640 1402 praemia
1669 1331 1955 1403 diligenter
1982 1347 2078 1387 ex-

489 1429 725 1500 cogitat,
786 1426 931 1482 mala
972 1425 1154 1482 omnia
1201 1425 1324 1479 vita:
1366 1423 1652 1493 praesentis
1704 1422 2080 1493 wquanimiter

488 1527 708 1588 portat:
745 1518 1003 1589 quoniam
1034 1533 1101 1572 ex
1132 1515 1276 1570 illius
1306 1514 1588 1570 dulcedine
1630 1513 1790 1583 hujus
1819 1514 2080 1568 amaritu-

491 1611 674 1664 dinem
718 1617 1004 1688 temperat,
1047 1615 1104 1662 et
1145 1622 1211 1662 ex
1255 1607 1560 1662 attemitate
1590 1605 1733 1662 illius
1757 1605 2079 1661 brevitatem

465 1753 468 1756 .
494 1698 655 1768 hujus
683 1699 912 1770 despicit
937 1697 1325 1754 transitoriam.
1357 1695 1494 1763 Quia
1522 1710 1653 1750 vero
1687 1695 1781 1765 qui
1809 1694 1864 1750 in
1895 1693 2081 1750 dolore

2170 507 2380 577 pariter
2421 515 2476 563 et
2523 522 2718 563 cavere
2744 508 2838 563 Dei
2871 524 3089 564 servum
3121 517 3356 578 oportet,
3393 511 3584 581 sicque
3613 513 3778 569 inuo-

2171 599 2349 654 eentia
2385 599 2514 654 vitae
2555 601 2793 656 existere
2836 601 3157 672 simplicem,
3201 610 3262 656 ut
3303 610 3481 658 tamen
3521 611 3780 674 oporteat

2171 707 2295 745 cum
2330 691 2678 762 simplicitate
2716 708 2838 749 esse
2881 695 3228 765 prudentem.
3276 693 3378 761 Qui
3423 698 3774 766 prudentiam

2171 780 2504 851 simplicitati
2532 797 2638 837 non
2669 783 2882 850 miscet,
2930 783 3085 854 juxta
3129 784 3470 854 prophetam,
3511 785 3776 843 Columba

2171 883 2249 927 est
2273 873 2510 940 seducta,
2541 891 2645 929 non
2679 875 2873 930 habens
2913 892 3006 929 cor
3035 873 3210 946 (Osew
3245 876 3365 946 vn).
3389 877 3498 933 Sed
3535 879 3660 934 ideo
3682 893 3778 934 co-

2174 965 2378 1031 lumba,
2419 967 2546 1038 quia
2585 967 2844 1038 simplex;
2878 967 3000 1023 ideo
3041 977 3220 1023 autem
3258 983 3354 1024 cor
3391 986 3500 1026 non
3539 970 3774 1032 habens.

2174 1057 2300 1126 quia
2325 1057 2510 1128 ignara
2537 1058 2840 1127 prudentia:
2859 1067 2964 1113 est.
2988 1057 3047 1114 ln
3072 1059 3245 1114 oculis
3274 1060 3569 1116 electorum
3594 1072 3778 1115 terror

2175 1148 2293 1218 ejus
2312 1149 2436 1203 vilis
2456 1157 2559 1204 est.
2589 1149 2672 1203 Ab
2695 1149 2989 1206 incredulis
3009 1160 3071 1206 ut
3089 1149 3173 1205 leo
3199 1151 3450 1217 timetur;
3485 1167 3516 1204 a
3538 1151 3779 1206 fortibus

2178 1239 2234 1294 in
2263 1238 2369 1296 fide
2393 1247 2454 1294 ut
2475 1239 2680 1295 vermis
2723 1240 3112 1305 contemnitur,
3155 1250 3318 1310 atque
3345 1241 3412 1295 ad
3436 1249 3777 1295 momentum

2178 1329 2417 1386 offensus
2448 1330 2750 1402 repellitur.
2784 1329 3042 1388 Diabolus
3063 1332 3206 1386 enim
3229 1347 3451 1402 serpens
3479 1341 3564 1386 est
3605 1331 3780 1386 lubri-

2180 1437 2296 1487 cus,
2313 1421 2467 1492 cuius
2491 1422 2538 1477 si
2562 1421 2748 1491 capiti,
2763 1421 2816 1476 id
2835 1422 3126 1492 estprimtc
3143 1422 3493 1494 suggestioni,
3509 1437 3618 1476 non
3639 1421 3781 1476 resi-

2182 1513 2363 1577 stitur,
2381 1521 2526 1567 totus
2549 1511 2605 1566 in
2634 1512 2846 1566 interna
2867 1512 3052 1568 cordis
3071 1512 3223 1583 (dum
3241 1526 3350 1566 non
3377 1511 3633 1580 sentitur)
3654 1509 3780 1566 illa-

2181 1606 2347 1662 bitur.
2373 1605 2757 1660 Tentationum
2787 1605 3174 1660 diabolicarum
3198 1603 3351 1658 initia
3381 1602 3592 1674 fragilia
3622 1611 3777 1666 sunt,

2183 1712 2304 1768 quae
2332 1697 2377 1752 si
2416 1711 2523 1751 non
2543 1704 2875 1760 caveantur,
2897 1696 2991 1751 sed
3017 1709 3116 1766 per
3142 1709 3302 1750 usum
3337 1696 3392 1749 in
3429 1693 3781 1748 consuetudi-

493 1799 788 1862 gravantur
821 1789 1023 1855 carnis,
1051 1787 1365 1859 cupiditatis
1389 1795 1446 1843 et
1481 1786 1708 1841 luxuriae
1747 1793 1803 1840 et
1825 1784 2082 1842 vitiorum
2111 1773 2158 1831 B
2187 1805 2310 1844 nem
2345 1796 2643 1855 transeant,
2692 1789 2747 1843 in
2792 1788 3100 1844 novissimis
3123 1786 3338 1843 fortiter
3364 1785 3777 1849 convalescunt,

494 1893 816 1939 czetcrorum
860 1880 1002 1938 mala
1037 1897 1147 1937 non
1194 1887 1472 1950 appetunt,
1513 1877 1635 1948 plus
1663 1875 1884 1947 prodest
1923 1873 2085 1930 saluti

495 1973 722 2029 tentatio
751 1971 932 2027 saeculi
961 1986 1123 2041 quam
1151 1969 1504 2042 prosperitas.
1539 1968 1672 2022 Nam
1717 1983 1782 2022 ex
1815 1966 2088 2038 prosperi-

497 2073 609 2119 tate
638 2065 692 2118 in
723 2063 964 2118 deterius
991 2063 1121 2126 itur,
1150 2077 1217 2116 ex
1251 2061 1565 2117 tcntationis
1598 2059 1780 2116 dolore
1811 2059 1864 2113 in
1893 2058 2086 2113 melius

495 2153 794 2224 proficitur.
863 2151 1243 2222 Unusquisque
1300 2151 1366 2207 ad
1429 2151 1784 2206 tentationem
1843 2151 2084 2204 animum

495 2255 804 2314 praeparare
845 2243 1024 2298 debet.
1051 2241 1226 2298 Minus
1262 2242 1408 2298 enim
1457 2242 1584 2297 dum
1612 2248 1880 2310 speratur,
1914 2246 2085 2294 tenta-

497 2337 575 2391 tio
603 2343 823 2405 gravat;
857 2333 990 2388 dure
1033 2339 1212 2388 autem
1252 2317 1471 2404 prémit,
1521 2331 1564 2387 si
1599 2346 1704 2386 non
1747 2338 1962 2400 sperata
1991 2328 2086 2384 ad-

497 2426 726 2482 venerit.
765 2423 1042 2495 Sapientis
1093 2431 1179 2480 est
1230 2431 1419 2478 contra
1461 2421 1640 2476 omnia
1694 2421 1919 2475 adversa
1960 2427 2085 2472 ante

499 2515 749 2570 meditari
773 2531 789 2581 ;
837 2528 936 2570 nec
965 2513 1183 2569 evenire
1213 2528 1374 2568 casus
1401 2512 1580 2577 debet,
1621 2525 1780 2581 quem
1825 2525 1931 2565 non
1958 2524 2086 2564 con-

497 2608 616 2663 silia
643 2607 763 2678 ejus
793 2606 1145 2678 przeveniant.
1198 2603 1352 2676 (Παῖς
1397 2603 1533 2658 Isid.
1581 2602 1681 2657 loc.
1724 2601 1928 2671 citato.)
1958 2600 2086 2655 Haec

499 2713 665 2753 causa
694 2705 778 2752 est
817 2696 960 2766 quod
989 2695 1058 2751 ab
1107 2693 1320 2764 iniustis
1345 2691 1477 2761 justi
1527 2692 1782 2748 sinuntur
1821 2687 2086 2758 afliigi,'at

498 2789 707 2845 scilicet
741 2789 869 2843 dum
897 2787 1079 2842 futura
1127 2785 1356 2841 audiunt
1380 2784 1521 2840 bona
1552 2798 1674 2854 qua:
1703 2781 1951 2853 cupiunt,
1988 2794 2084 2850 pa-

497 2881 706 2935 tiantur
737 2879 901 2935 etiam
944 2877 1087 2933 mala
1128 2875 1416 2948 praesentia
1462 2889 1582 2945 qum
1630 2873 2080 2943 perhorrescunt;

496 2979 661 3039 atque
711 2968 779 3023 ad
823 2966 1121 3023 faciliorem
1171 2966 1380 3021 exitum
1434 2963 1563 3020 dum
1608 2976 1761 3016 amor
1801 2967 2081 3030 provocat,

495 3061 771 3117 cruciatus
811 3059 1072 3130 impellat.
1103 3057 1272 3113 David
1299 3055 1582 3112 Psalmista
1614 3053 1730 3107 ait:
1766 3051 1842 3105 Tu
1871 3068 1930 3106 es
1955 3051 2084 3105 mihi

495 3153 752 3223 refugium
782 3168 815 3204 a
841 3167 1088 3222 pressura
1121 3165 1239 3221 qum
1280 3145 1620 3202 circumdedit
1660 3160 1762 3208 me,
1800 3141 2081 3198 exsultatio
2111 3131 2154 3194 C

494 3262 630 3309 mea,
661 3244 856 3300 redime
881 3259 962 3298 me
1002 3260 1036 3295 a
1079 3239 1525 3296 circumdantibus
1567 3253 1648 3291 me
1689 3234 1864 3305 (Psal.
1905 3233 2079 3304 xxxi).

493 3335 634 3389 Ecce
661 3333 818 3404 quasi
851 3334 907 3388 in
939 3342 1099 3388 nocte
1135 3343 1443 3402 pressuram
1490 3328 1754 3391 nominat,
1801 3335 1857 3381 et
1902 3334 2084 3380 tamen

493 3427 842 3481 liberatorem
866 3439 1022 3479 suum
1057 3424 1198 3478 inter
1230 3421 1510 3493 angustias
1542 3419 1961 3476 exsultationem
1989 3434 2086 3474 vo-

496 3527 607 3574 cat.
642 3517 800 3573 Foris
843 3517 1062 3586 quidem
1105 3532 1208 3570 nox
1239 3523 1360 3572 erat
1399 3516 1454 3570 in
1485 3513 1907 3570 circumdatione
1935 3527 2085 3583 pres-

497 3630 656 3678 surze,
687 3614 782 3669 sed
809 3614 957 3668 intus
994 3611 1238 3667 carmina
1260 3609 1590 3666 resonabant
1629 3609 1695 3663 de
1721 3606 2086 3663 consolatione

497 3703 718 3758 ltetitiae.
744 3702 962 3758 Electus
983 3699 1209 3770 quisque
1233 3700 1357 3754 dum
1385 3697 1712 3754 circumdari
1740 3712 1797 3752 se
1818 3697 2086 3768 prcssuris

499 3802 709 3858 narrat,
739 3801 795 3848 et
825 3801 1003 3847 tamen
1047 3793 1216 3847 Deum
1247 3791 1348 3846 sibi
1375 3791 1791 3845 exsultationem
1821 3790 2082 3855 nominat,

498 3887 684 3960 procul
728 3887 889 3942 dubio
924 3885 1078 3955 quasi
1121 3898 1338 3940 carmen
1390 3885 1444 3940 in
1494 3892 1653 3939 nocte
1688 3890 1890 3948 cantat,
1927 3889 1988 3936 ut
2017 3881 2085 3936 ad

467 3978 876 4050 .subsequentis
905 3979 1026 4032 vita:
1063 3977 1202 4032 diem
1248 3975 1373 4032 felix
1413 3975 1716 4048 perveniat.
1767 3975 1915 4030 Dixit
1960 3975 2084 4045 qui-

498 4075 623 4128 dam
661 4088 876 4130 senex:
930 4070 988 4126 Si
1039 4070 1249 4125 venerit
1293 4070 1496 4125 homini
1550 4067 1776 4123 tentatio
1825 4066 2087 4138 (undique

499 4164 641 4220 cnim
669 4161 1096 4232 multiplicantur
1122 4159 1517 4231 tribulationes)
1541 4166 1600 4213 ut
1617 4157 1972 4229 pusillanimis
1993 4157 2088 4209 fiat

497 4265 554 4311 et
576 4261 898 4318 murmuret,
939 4260 995 4308 tu
1035 4260 1215 4308 tamen
1261 4252 1303 4306 si
1336 4261 1384 4306 te
1409 4250 1760 4322 occupaverit
1801 4250 2087 4304 infirmitas

499 4349 764 4419 corporis,
787 4347 895 4404 noli
917 4343 1276 4417 pusillanimis
1302 4343 1442 4407 ﬁeri,
1475 4355 1648 4411 neque
1673 4340 1894 4395 moleste
1923 4339 2090 4396 susci-

496 4443 634 4512 pias,
666 4441 791 4513 quia
835 4439 952 4512 ipse
994 4439 1254 4494 Dominus
1280 4450 1376 4506 pro
1407 4445 1458 4491 te
1486 4435 1689 4504 cogitat
1712 4434 1778 4488 de
1809 4433 2080 4488 omnibus.

501 4533 751 4604 Nunquid
777 4531 894 4590 sine
917 4532 1036 4602 ipso
1063 4529 1234 4585 vivis?
1259 4528 1534 4582 Patienter
1571 4541 1700 4596 ergo
1728 4523 1870 4579 ferre
1897 4524 2081 4589 debes,

472 4632 556 4684 ,et
577 4639 771 4694 rogare
801 4639 924 4678 eum
953 4630 1014 4678 ut
1038 4622 1200 4676 donet
1226 4619 1320 4673 tibi
1350 4634 1471 4688 qua:
1500 4617 1811 4685 expediunt,
1845 4617 1948 4670 hoc
1978 4625 2082 4681 est,

500 4723 561 4767 nt
584 4714 726 4782 quod
757 4713 1002 4766 voluntas
1032 4711 1199 4779 ipsius
1243 4716 1326 4764 est
1369 4707 1556 4770 facias,
1603 4713 1652 4760 et
1684 4705 1810 4759 sede
1837 4720 1960 4760 cum
1985 4721 2084 4775 pa-

500 4807 689 4861 tientia
715 4804 1047 4860 manducans
1066 4801 1213 4870 quod
1235 4800 1402 4854 habes
1433 4799 1485 4852 in
1514 4799 1799 4853 charitate.

1032 4891 1260 4948 CAPUT
1319 4888 1556 4944 XXXIII.

957 4983 1045 5038 De
1107 4981 1634 5037 tcntalionibus.

577 5077 759 5148 (Isid.,
785 5077 874 5132 lib.
903 5095 965 5133 ιιι
1003 5078 1174 5142 Sent.,
1219 5093 1335 5146 cap.
1381 5075 1459 5149 5.)
1507 5075 1689 5131 Multis
1719 5075 2088 5133 calamitatum

505 5167 893 5223 tentationibus
921 5183 1075 5222 mens
1097 5167 1226 5236 justi
1261 5166 1314 5220 in
1358 5167 1461 5221 hac
1497 5166 1606 5220 vita
1653 5165 1919 5235 pulsatur,
1947 5167 2090 5223 unde

503 5268 560 5314 et
587 5266 738 5329 optat
763 5257 831 5312 ab
862 5259 965 5316 hoc
984 5258 1181 5314 sceculo
1208 5255 1448 5312 funditus
1475 5257 1650 5322 evelli,
1677 5272 1788 5326 quo
1823 5266 1879 5313 et
1899 5273 2091 5313 atrum-

503 5353 588 5407 nis
614 5359 820 5417 careat,
854 5360 906 5406 ct
939 5351 1101 5406 fixam
1131 5349 1240 5404 illic
1288 5349 1634 5408 securitatem
1678 5349 1932 5404 inveniat.
1968 5348 2084 5404 Non

507 5444 738 5514 amplius
766 5450 940 5496 tentat
982 5441 1182 5496 electos
1209 5440 1472 5505 diabolus,
1516 5455 1677 5509 quam
1710 5439 1803 5493 Dei
1838 5439 2084 5496 voluntas

503 5532 784 5600 permittit.
841 5530 1119 5586 Tentando
1165 5540 1344 5584 autem
1398 5537 1706 5584 sanctorum
1756 5527 2088 5596 profectibus

506 5623 693 5676 servit.
732 5622 842 5676 Etsi
891 5622 1098 5685 nolens,
1127 5621 1342 5674 utilitati
1374 5627 1550 5672 tamen
1582 5626 1892 5672 sanctorum
1921 5622 2086 5675 servit

509 5711 770 5780 diabolus,
804 5715 1016 5784 quando
1056 5729 1150 5768 cos
1181 5708 1568 5767 tentationibus
1598 5707 1710 5764 suis
1736 5725 1842 5765 non
1867 5711 2077 5782 decipit,

2186 1880 2262 1932 ita
2290 1887 2350 1932 ut
2376 1887 2471 1932 aut
2515 1893 2788 1948 nunquam
2837 1887 2932 1933 aut
2957 1894 3083 1934 cum
3115 1876 3427 1933 difﬁcultate
3465 1877 3776 1933 vincantur.

2185 1970 2320 2027 Cum
2343 1971 2398 2026 in
2436 1980 2548 2026 tota
2579 1973 2687 2028 vita
2717 1973 2964 2028 diabolus
3006 1973 3352 2043 praevaricari
3383 1971 3658 2046 hominem
3681 1988 3782 2027 cu-

2183 2061 2316 2131 piat,
2362 2061 2593 2131 amplius
2637 2071 2816 2116 tamen
2845 2063 3069 2118 molitur
3097 2062 3151 2117 in
3185 2061 3293 2118 fine
3325 2062 3596 2133 decipere.
3639 2061 3782 2116 llinc

2183 2161 2270 2208 est
2303 2151 2448 2221 quod
2476 2153 2530 2207 in
2573 2153 2841 2224 principio
2882 2161 3068 2209 contra
3112 2151 3502 2223 protoplastum
3537 2153 3780 2223 serpenti

2183 2251 2268 2300 est
2311 2244 2512 2299 dictum
2567 2243 2721 2316 (Gen.
2767 2245 2849 2317 ιιι)
2882 2244 2994 2299 :Et
3039 2255 3098 2299 tu
3148 2245 3482 2299 insidiaberis
3527 2245 3782 2300 calcmo

2183 2334 2330 2403 ejus;
2351 2334 2476 2404 quia
2498 2335 2756 2390 nimirum
2784 2335 3058 2391 hominem
3080 2351 3242 2405 quem
3267 2335 3513 2391 diabolus
3537 2335 3590 2390 in
3611 2350 3780 2392 cursu

2184 2424 2471 2494 przeteritre
2500 2424 2624 2479 vita:
2648 2440 2754 2480 non
2790 2425 3009 2496 decipit,
3058 2425 3113 2480 in
3167 2425 3475 2480 novissimis
3521 2425 3783 2496 supplan-

2185 2527 2302 2574 tare
2349 2518 2603 2588 disponit.
2636 2517 2868 2573 Proinde
2893 2519 3144 2589 quamvis
3190 2518 3421 2587 qnisqne
3462 2518 3535 2574 sit
3573 2515 3780 2586 justus,

2183 2624 2459 2678 nunquam
2492 2617 2671 2664 tamen
2706 2617 2879 2663 tutum
2908 2616 3068 2664 estut
3091 2609 3163 2664 sit
3192 2608 3247 2663 in
3271 2609 3371 2663 hac
3392 2609 3498 2663 vita
3522 2623 3777 2673 securus,

2183 2700 2278 2756 sed
2311 2715 2526 2770 semper
2569 2700 2789 2756 humilis
2816 2708 3027 2765 caveat,
3083 2715 3404 2769 semperque
3452 2714 3523 2755 ne
3564 2699 3618 2754 in
3669 2698 3781 2752 fine

2184 2800 2308 2846 ruat
2334 2791 2596 2845 sollicitus
2621 2791 2988 2860 pertimescat.
3017 2790 3272 2846 Diabolus
3294 2797 3509 2844 sanctos
3532 2789 3784 2844 homines

2183 2898 2289 2937 non
2338 2883 2570 2938 tenendo
2623 2883 2893 2952 possidet,
2944 2883 3038 2938 sed
3098 2880 3356 2937 tentando
3413 2881 3779 2951 persequitur.

2184 2971 2319 3026 Nam
2344 2972 2468 3042 quia
2495 2987 2601 3026 non
2645 2972 2698 3026 in
2730 2972 2811 3027 eis
2851 2972 3179 3027 intrinsecus
3211 2980 3426 3042 regnat,
3465 2979 3656 3026 contra
3684 2985 3784 3026 eos

2186 3061 2526 3117 extrinsecus
2551 3070 2855 3132 pugnat;et
2875 3063 2965 3132 qui
2990 3063 3218 3116 interius
3239 3061 3421 3116 amisit
3454 3061 3779 3124 dominium,

2186 3153 2428 3209 exterius
2447 3161 2750 3208 commovet
2780 3153 2995 3208 bellum.
3021 3152 3274 3208 Dia-bolus
3293 3152 3508 3222 quando
3531 3151 3786 3221 decipere

2185 3259 2513 3314 quemquam
2557 3245 2792 3314 quaerit,
2854 3243 3006 3314 prius
3053 3252 3302 3297 naturam
3359 3242 3786 3312 uniuscujusque

2187 3335 2438 3400 intendit,
2471 3344 2526 3391 et.
2547 3337 2670 3391 inde
2708 3352 2767 3391 se
2815 3335 3070 3405 applicat,
3104 3333 3248 3390 unde
3289 3341 3474 3404 aptum
3503 3333 3786 3388 hominem

2185 3428 2251 3482 ad
2283 3431 2616 3498 peccandum
2649 3428 2965 3498 inspexerit.
2996 3428 3073 3482 Ex
3100 3441 3163 3483 ea
3189 3436 3342 3496 parte
3381 3427 3627 3482 homines
3663 3427 3786 3482 dia-

2185 3520 2342 3577 bolus
2371 3529 2565 3585 tentat,
2591 3537 2698 3592 qua
2723 3535 2818 3576 eos
2839 3536 2936 3590 per
2960 3528 3363 3575 excrescentem
3387 3519 3676 3573 humorem
3699 3519 3787 3572 fa-

2185 3611 2291 3666 cile
2314 3610 2560 3665 inclinari
2585 3612 2652 3666 ad
2675 3611 2804 3666 vitia
2825 3610 3112 3680 conspicit,
3136 3618 3197 3664 ut
3218 3609 3511 3664 secundum
3536 3608 3786 3663 humoris

2185 3704 2624 3772 conspersionem
2639 3692 2894 3759 adhibeat
2908 3710 2963 3758 et
2985 3703 3356 3758 tentationem.
3374 3701 3515 3772 Lege
3533 3699 3785 3767 Balaam,

2185 3794 2278 3865 qui
2312 3795 2366 3849 in
2406 3796 2576 3866 figura
2625 3794 2825 3851 diaboli
2862 3804 3051 3851 contra
3089 3793 3344 3865 populum
3377 3793 3589 3848 Domini
3621 3807 3691 3847 ex
3717 3808 3786 3848 ea

2185 3896 2341 3956 parte
2366 3889 2610 3958 prmcipit
2631 3888 2964 3959 perniciosos
2977 3887 3314 3958 prmtendere
3334 3886 3580 3956 laqueos,
3593 3901 3659 3940 ex
3675 3901 3786 3956 qua

2186 3979 2355 4036 sensit
2387 3995 2481 4034 eos
2509 3980 2719 4035 facilius
2759 3994 2881 4034 esse
2911 3979 3162 4048 lapsuros
3213 3975 3407 4049 (Num.
3449 3975 3618 4048 xxiv).
3645 3974 3786 4031 Nam

2186 4080 2240 4125 et
2266 4071 2357 4142 qui
2409 4087 2606 4141 aquam
2650 4071 2847 4126 alicubi
2892 4071 3128 4135 deducit,
3173 4085 3281 4125 non
3332 4085 3452 4125 eam
3493 4085 3590 4140 per
3616 4070 3787 4124 aliam

2187 4175 2394 4236 partem
2436 4166 2624 4231 mittit,
2657 4164 2761 4219 nisi
2790 4164 2880 4218 ubi
2912 4164 3168 4232 impetum
3203 4163 3320 4233 ejus
3341 4161 3590 4216 intendit.
3620 4161 3787 4216 Aliud

2187 4266 2270 4312 est
2307 4258 2512 4313 intrare
2549 4259 2603 4312 in
2652 4266 2889 4312 mentem
2933 4257 3250 4327 cujusquam
3294 4256 3600 4322 diabolum,
3633 4255 3787 4311 aliud

2187 4365 2317 4406 vero
2358 4349 2682 4404 inhabitare.
2726 4348 2861 4404 Nam
2890 4356 2944 4403 et
2974 4349 3028 4403 in
3061 4349 3224 4404 corda
3256 4357 3568 4404 sanctorum
3595 4347 3785 4418 ingre-

2188 4441 2352 4506 ditur,
2394 4440 2519 4495 dum
2566 4439 2738 4496 malas
2791 4439 3161 4510 suggestiones
3211 4438 3479 4503 insinuat;
3531 4436 3628 4494 sed
3672 4452 3786 4492 non

2189 4532 2398 4587 habitat
2433 4531 2486 4585 in
2510 4531 2610 4595 eis,
2639 4531 2766 4600 quia
2796 4531 2850 4585 in
2881 4546 3038 4586 suum
3065 4545 3264 4599 corpus
3283 4545 3391 4584 non
3419 4543 3514 4585 eos
3545 4528 3788 4583 traducit

2189 4621 2320 4694 [AI.,
2347 4619 2690 4692 transducit].
2723 4619 2824 4686 Qui
2854 4635 2982 4676 vero
3011 4620 3064 4674 in
3083 4633 3312 4689 corpore
3340 4619 3457 4688 eius
3483 4627 3610 4673 sunt
3631 4617 3788 4687 ipsos

2188 4713 2476 4778 inhabitat,
2500 4713 2627 4782 quia
2654 4713 2754 4783 ipsi
2776 4720 2904 4766 sunt
2928 4711 3187 4782 templum
3213 4710 3351 4779 eius.
3377 4709 3493 4764 Etsi
3519 4709 3787 4778 subrepat

2187 4802 2460 4858 mentibus
2487 4802 2783 4858 electorum
2829 4801 3096 4865 diabolus,
3143 4817 3249 4855 non
3288 4809 3469 4855 autem
3497 4799 3550 4854 in
3579 4798 3663 4853 eis
3701 4815 3787 4854 re.

2188 4891 2440 4961 quiescit,
2469 4892 2607 4947 sicut
2634 4891 2687 4946 in
2721 4892 2976 4948 cordibus
3005 4892 3380 4961 reproborum,
3425 4889 3551 4945 nam
3597 4889 3785 4945 calore

2191 4982 2316 5037 fidei
2360 4998 2485 5036 mox
2529 4980 2818 5048 excitatur,
2867 4990 2929 5035 ut
2960 4989 3118 5036 exeat
3161 4981 3231 5036 ab
3270 4980 3480 5036 electis.
3527 4979 3781 5036 Nonnulli

2183 5073 2298 5143 iam
2330 5075 2488 5130 avido
2531 5091 2626 5131 ore
2663 5075 2908 5131 diabolus
2941 5076 3316 5140 devoraverat,
3368 5089 3560 5130 rursus
3609 5073 3779 5130 divini

2183 5165 2374 5236 iudicii
2401 5167 2612 5223 occulta
2645 5167 2992 5222 miseratione
3021 5169 3088 5224 ab
3122 5165 3240 5234 eius
3265 5182 3366 5222 ore
3389 5165 3696 5237 eripiuntur
3723 5177 3784 5220 et

2191 5259 2348 5316 saluti
2395 5260 2772 5314 restituuntur.
2804 5257 2942 5314 Nam
2971 5273 3112 5328 smpe
3140 5257 3338 5313 multos
3365 5272 3501 5327 quos
3527 5257 3784 5326 antiquus

2190 5351 2362 5405 hostis
2390 5349 2615 5404 luxuria
2642 5349 2898 5419 voragine
2929 5363 3139 5402 mersos
3186 5348 3377 5413 tenuit,
3423 5346 3664 5416 potentia
3699 5346 3783 5400 di—

2192 5443 2314 5496 vina
2343 5458 2438 5512 per
2466 5440 2840 5511 pmnitentiam
2871 5439 2940 5494 ab
2977 5436 3094 5506 ejus
3122 5437 3369 5494 faucibus
3394 5439 3578 5492 traxit.
3613 5436 3782 5491 Multa

2185 5534 2364 5602 justus
2403 5532 2628 5587 adversa
2670 5531 2723 5588 in
2759 5530 2938 5584 anima
2981 5529 3184 5600 patitur
3210 5527 3559 5598 instigatione
3581 5526 3786 5582 daemo-

2191 5640 2341 5689 num,
2365 5624 2458 5678 sed
2488 5622 2687 5677 talibus
2707 5620 3056 5676 tentamentis
3085 5618 3263 5689 perire
3289 5618 3413 5673 vitae
3433 5625 3650 5674 temnite
3675 5633 3784 5674 non

2192 5722 2388 5786 potest,
2427 5715 2550 5788 quia
2595 5715 2714 5786 pius
2764 5713 3023 5769 Dominus
3065 5711 3134 5765 ad
3175 5710 3578 5766 damnationem
3611 5710 3786 5781 culpa:
