3940 6442
257 296 360 353 ($29

1500 296 1803 353 DlADEMA
1838 297 2347 360 MONACHOBUM.

3427 314 3532 370 €30

254 427 361 467 non
397 420 633 483 reputat,
655 413 797 484 quod
826 412 892 468 de
929 429 1041 469 suae
1088 414 1387 485 majestatis
1429 414 1697 483 permissu
1732 431 1835 472 no-
1862 423 1915 483 Α
1943 416 2209 473 mittatur.
2247 416 2352 484 Qui
2398 434 2528 475 vero
2574 419 2689 476 sola
2727 436 2889 492 poma
2928 423 3174 494 supplicii
3206 426 3265 482 in
3304 441 3365 483 se
3401 429 3534 486 vitia

253 506 375 565 lens
403 507 495 576 qui
540 507 743 577 patitur
769 515 968 577 portat.
1002 504 1138 563 Nam
1184 507 1259 562 ibi
1307 521 1597 576 peccamus
1627 505 1717 561 ubi
1745 520 1843 577 per

250 597 602 667 cupiditatem
649 598 733 652 vel
786 597 1120 653 voluntatem
1169 597 1528 655 deflectimus.
1573 597 1675 656 Ubi
1716 612 1846 654 vero

253 690 519 745 violenter
544 690 866 754 addicimur.
917 691 1023 746 etsi
1056 688 1266 745 facinus
1296 696 1393 745 aut
1424 687 1691 759 ﬂagitium
1734 703 1845 744 non

244 792 355 845 est,
384 780 606 839 miseria
641 788 822 837 tamen
856 795 957 852 pro
993 779 1197 852 flagitio
1240 788 1299 836 et
1325 778 1570 835 facinore
1592 786 1698 836 est.
1736 777 1846 834 Sed

250 873 347 942 qui
362 873 529 928 Deum
549 887 649 944 pro
668 872 907 940 irrogata
928 871 1112 927 laudat
1135 870 1378 937 miseria,
1399 870 1692 927 commisso
1720 882 1846 941 pro-

248 966 337 1023 cul
368 966 535 1025 dubio
565 974 719 1023 caret
746 964 1010 1022 facinore.

776 1057 1005 1114 CAPUT
1046 1057 1289 1119 XXXIV.

686 1148 766 1205 De
798 1148 1127 1204 multimodis
1146 1147 1400 1219 peccatis.

320 1240 525 1313 (σι-ομ
546 1237 639 1295 lib.
669 1255 746 1306 tv,
772 1256 821 1294 e.
850 1238 945 1305 26,
968 1239 1023 1295 in
1047 1256 1164 1310 cap.
1195 1254 1257 1297 ιιι
1284 1235 1699 1305 Job.)Quatuor
1727 1251 1844 1293 mo-

226 1334 335 1397 .dis
378 1334 738 1391 committitur
776 1339 1059 1403 peccatum
1087 1331 1141 1387 in
1164 1331 1349 1396 corde,
1387 1337 1624 1401 quatuor
1649 1342 1843 1400 perpe-

248 1437 426 1483 tratar
473 1436 529 1485 et
568 1443 756 1500 opere.
795 1427 1113 1484 Admittitur
1156 1427 1213 1482 in
1259 1425 1449 1493 corde,
1497 1424 1842 1496 suggestione

245 1520 576 1584 dtemonum,
609 1518 968 1575 delectatione
991 1518 1195 1583 carnis,
1227 1516 1587 1574 consensione
1613 1514 1836 1582 mentis,

244 1609 561 1666 delensione
571 1608 841 1665 elationis.
853 1607 1222 1666 Committitur
1230 1621 1415 1678 opere,
1430 1621 1573 1663 nunc
1586 1604 1841 1671 latenter,

160 1766 165 1772 ,
247 1718 394 1758 nunc
422 1701 620 1771 palam,
654 1717 800 1757 nunc
825 1700 1235 1766 consuetudine,
1267 1714 1415 1755 nunc
1436 1695 1836 1769 desperatione.

1950 507 2213 578 reprimit,
2260 510 2510 580 quamvis
2549 526 2657 567 non
2698 512 2915 583 expleat
2958 529 3094 584 opus
3137 517 3368 589 peccati,
3404 520 3543 576 vivit

1946 603 2128 653 tamen
2172 596 2231 652 in
2257 613 2326 654 eo
2364 599 2613 656 voluntas
2641 603 2923 672 peccandi,
2953 605 3206 677 doletque
3241 608 3346 664 sibi
3381 609 3540 667 illici-

1948 695 2081 753 tum,
2116 691 2259 763 quod
2288 691 2372 747 les
2405 694 2694 762 prohibere
2723 695 3076 768 dignoscitur.
3104 697 3198 755 Ille
3238 715 3368 772 ergo
3394 715 3539 757 mer-

1946 777 2135 834 cedem
2181 778 2309 837 boui
2350 782 2538 863 operis
2576 784 2827 855 percipit,
2871 786 2963 857 qui
3002 789 3234 845 amando
3265 788 3533 858 justitiam

1946 864 2100 934 facit,
2140 883 2246 925 non
2292 870 2341 928 is
2383 872 2476 941 qui
2516 887 2639 929 eam
2675 874 2792 931 solo
2830 885 2977 932 metu
3019 892 3304 950 pmnarum
3336 880 3536 939 invitus

1820 1014 1830 1026 ,
1943 959 2207 1016 custodit.
2263 960 2437 1019 Omne
2493 973 2777 1034 peccatum
2842 976 3135 1040 antequam
3192 972 3535 1042 admittatur,

1920 1047 2176 1130 amplius
2217 1052 2643 1122 pertimescitur.
2704 1056 2963 1125 Quamvis
3005 1069 3187 1117 autem
3233 1078 3399 1134 grave
3441 1063 3533 1131 sit,

1926 1139 2073 1198 dum
2098 1143 2154 1197 in
2182 1158 2339 1200 usum
2375 1146 2608 1214 venerit,
2647 1147 2765 1205 leve
2793 1152 3158 1221 existimatur,
3192 1162 3250 1210 et
3276 1154 3394 1212 sine
3427 1156 3538 1212 ullo

1944 1243 2093 1290 metu
2120 1235 2500 1292 committitur.
2540 1236 2664 1294 Istis
2706 1237 2983 1298 fomitibus
3026 1244 3183 1313 quasi
3212 1244 3537 1314 quihusdam

1943 1324 2201 1396 gradibus
2219 1325 2478 1384 coalescit
2503 1343 2664 1385 omne
2685 1339 2989 1400 peccatum.
3012 1332 3281 1404 Cogitatio
3300 1350 3537 1406 namque

1941 1428 2109 1489 prava
2143 1412 2556 1474 delectationem
2587 1420 2752 1490 parit,
2779 1422 3069 1480 delectatio
3097 1425 3534 1494 consensionem,

1942 1507 2232 1569 consensio
2252 1507 2546 1577 actionem,
2562 1511 2704 1567 actio
2715 1513 3184 1584 consuetudinem,
3202 1518 3538 1577 consuetudo

1924 1598 2343 1663 necessitatem.
2373 1599 2573 1672 Sicque
2618 1601 2705 1659 his
2741 1603 2976 1661 vinculis
3021 1605 3184 1663 homo
3228 1605 3537 1678 implicatus

1942 1689 2176 1758 quadam
2203 1697 2394 1745 catena
2422 1691 2682 1749 vitiorum
2712 1701 2928 1750 tenetur
2958 1694 3236 1764 astrictus,
3267 1695 3344 1752 ita
3372 1704 3434 1752 ut
3467 1698 3541 1753 ab

246 1794 372 1849 istis
387 1809 517 1864 ergo
538 1792 797 1864 gradibus
817 1800 874 1848 et
896 1791 1064 1849 corde
1085 1791 1507 1862 delinquitur,et
1525 1802 1692 1860 opere
1717 1802 1841 1858 ρει-
1868 1776 1919 1836 Β
1941 1796 2006 1837 ea
2031 1781 2190 1839 evelli
2218 1797 2563 1854 nequaquam
2602 1784 2804 1852 valeat,
2846 1785 2952 1843 nisi
2996 1787 3177 1843 divina
3213 1787 3389 1860 gratia
3420 1804 3536 1844 ma-

242 1892 509 1956 patratur.
544 1883 726 1956 (ΒΜ,
748 1883 839 1939 lib.
862 1899 907 1938 ιι
935 1881 1110 1948 Sent.,
1127 1898 1247 1953 cap.
1280 1880 1368 1947 ιι,
1399 1880 1486 1945 ts,
1503 1876 1831 1949 19,2133.)

246 1976 446 2033 Tribus
476 1975 651 2032 modis
679 1982 961 2045 peccatum
987 1974 1215 2044 geritur,
1246 1972 1352 2029 hoc
1373 1979 1482 2038 est,
1508 1970 1836 2041 ignorantia,

247 2067 582 2134 inﬁrmitate,
615 2066 902 2122 industria.
928 2065 1161 2122 Gravitm
1200 2071 1285 2123 est
1328 2062 1646 2119 infirmitate
1669 2075 1841 2133 quam

247 2157 550 2230 igtmrantia
572 2157 883 2227 delinquere
907 2175 922 2211 :
953 2156 1175 2229 gravius
1199 2154 1468 2211 industria
1491 2168 1656 2225 quam
1685 2150 1840 2208 infir-

242 2250 431 2305 mitate
462 2263 708 2318 peccare.
748 2246 1020 2303 lndustria
1045 2260 1282 2317 namque
1308 2251 1501 2316 peccat
1532 2243 1624 2313 qui
1649 2240 1837 2301 studio

245 2356 311 2395 ac
335 2337 722 2398 deliberatione
758 2336 958 2393 mentis
997 2334 1203 2391 malum
1225 2334 1359 2406 agit.
1386 2331 1712 2388 lnﬁrmitate
1738 2344 1838 2385 au-

226 2440 379 2495 tem,
409 2427 502 2498 qui
529 2442 658 2484 casu
687 2426 771 2484 vel
802 2423 1232 2496 praecipitatione
1272 2421 1560 2492 delinquit.
1594 2418 1836 2490 Nequius

238 2528 426 2577 autem
442 2528 507 2576 et
531 2518 600 2575 de
628 2517 893 2575 industria
922 2524 1175 2587 peccant,
1220 2514 1315 2585 qui
1346 2528 1459 2571 nou
1498 2510 1679 2568 solum
1723 2524 1837 2566 non

247 2613 384 2666 bene
416 2608 622 2673 vivunt,
652 2606 749 2665 sed
772 2607 938 2662 etiam
976 2613 1032 2661 et
1056 2605 1197 2663 bene
1219 2605 1469 2661 viventes
1495 2600 1565 2676 (si
1587 2597 1836 2672 possunt)

244 2718 277 2754 a
318 2699 546 2755 veritate
569 2699 863 2754 divortunt.
909 2695 1050 2755 Sunt
1077 2703 1300 2766 peccata
1334 2693 1473 2751 levia
1495 2707 1618 2764 qua:
1643 2691 1714 2747 ab
1752 2689 1838 2748 in-

244 2792 564 2869 cipientibus
598 2789 911 2861 quotidiana
956 2787 1329 2845 satisfactione
1359 2792 1685 2858 purgantur,
1714 2796 1835 2854 quae

248 2893 426 2938 tamen
455 2896 486 2935 a
509 2879 767 2950 perfectis
796 2879 930 2934 viris
954 2878 1103 2934 velut
1142 2891 1340 2949 magna
1364 2876 1594 2933 crimina
1632 2874 1838 2932 evitan-

247 2984 351 3028 tur.
378 2972 518 3040 Quid
541 2982 722 3028 autem
755 2970 1001 3028 homines
1026 2970 1097 3026 de
1116 2969 1326 3040 magnis
1349 2966 1650 3024 sceleribus
1671 2978 1835 3036 agere

1943 1886 2075 1926 num
2115 1870 2353 1940 jacentis
2403 1875 2792 1944 apprehendat.
2857 1875 3150 1934 Peccatum
3210 1877 3535 1946 admittere,

1945 1960 2143 2019 cadere
2169 1969 2255 2020 est
2278 1962 2335 2019 in
2362 1973 2604 2034 puteum.
2632 1966 3092 2024 Consuetudinem
3117 1983 3248 2025 vero
3260 1956 3535 2041 peccandi

1944 2052 2147 2124 facere,
2179 2068 2244 2113 os
2262 2059 2411 2127 putei
2448 2065 2533 2114 est
2559 2066 2940 2130 coangustare,
2982 2076 3054 2116 ne
3080 2061 3130 2116 is
3153 2059 3246 2131 qui
3274 2059 3536 2117 ceciderit

1941 2143 2122 2205 valeat
2153 2145 2326 2203 exire.
2351 2146 2460 2204 Sed
2486 2147 2760 2205 interdum
2785 2149 2951 2207 etiam
2982 2149 3118 2207 tales
3140 2149 3283 2207 Deus
3315 2149 3533 2218 liberat,

1918 2235 2072 2293 .dum
2095 2250 2286 2295 eorum
2314 2238 2750 2310 desperationem
2775 2241 2843 2297 ad
2874 2241 3286 2313 conversionem
3313 2240 3535 2298 liberta-

1943 2326 2017 2383 tis
2055 2336 2373 2397 comnmtat.
2408 2329 2528 2401 ipso
2553 2331 2699 2387 enim
2746 2331 3064 2399 miserante,
3095 2341 3320 2404 peccata
3343 2333 3532 2388 dimit-

1942 2426 2153 2486 tuntur,
2178 2435 2288 2489 quo
2321 2430 2641 2495 protegente
2675 2420 2738 2480 ﬁt
2772 2438 2842 2479 ne
2878 2424 2937 2481 lu
2976 2424 3220 2481 deterius
3256 2421 3535 2495 peccando

1939 2518 2119 2569 eatur.
2165 2511 2461 2584 Propterea
2498 2516 2850 2572 metuendum
2894 2525 2980 2573 est
3017 2515 3418 2576 conlidentibus
3452 2514 3533 2572 ita

1936 2617 2102 2674 posse
2125 2602 2348 2671 salvari,
2368 2620 2439 2662 ne
2463 2604 2606 2663 forte
2633 2607 2762 2665 dum
2790 2616 3172 2678 exspectamus
3201 2624 3236 2663 a
3266 2607 3415 2665 vitiis
3442 2622 3530 2664 sa-

1937 2696 2079 2763 nari,
2110 2704 2168 2754 et
2189 2698 2318 2757 vitia
2360 2698 2804 2771 multiplicemus,
2843 2708 2902 2756 et
2944 2700 3179 2759 salutem
3208 2715 3315 2758 non
3358 2699 3533 2770 adipi-

1936 2802 2176 2847 scamur.
2201 2788 2347 2861 Ergo
2379 2790 2695 2848 studeamus
2732 2800 2830 2847 aut
2866 2807 2977 2849 non
3018 2792 3241 2860 cadere,
3280 2800 3377 2848 aut
3420 2792 3536 2850 cito

1936 2879 2188 2937 conversi
2215 2895 2248 2936 a
2273 2879 2430 2952 lapsu
2458 2896 2807 2953 consurgere.
2840 2883 2990 2941 Mora
3034 2884 3299 2955 peccandi
3338 2885 3531 2942 imma-

1935 2969 2163 3031 nitatem
2184 2969 2314 3033 facit
2331 2971 2573 3029 sceleris.
2596 2971 2753 3030 Unde
2772 2982 2827 3030 et
2845 2974 3150 3044 propheta:
3186 2972 3299 3041 Vae,
3329 2974 3532 3046 inquit,

245 3068 463 3132 debent,
484 3064 700 3136 quando
725 3064 891 3120 etiam
932 3061 1157 3135 perfecti
1191 3061 1332 3118 levia
1369 3073 1596 3131 quaeque
1636 3056 1832 3114 delicta
1865 3125 1903 3140 Α
1933 3062 2025 3132 qui
2047 3063 2257 3119 trahitis
2281 3064 2609 3135 iniquitatem
2650 3066 2709 3121 in
2736 3065 2989 3136 funiculis
3008 3067 3278 3134 uanitatis,
3300 3077 3350 3124 et
3371 3067 3533 3140 quasi

245 3158 401 3227 quasi
424 3125 741 3228 gravissima
765 3125 985 3227 lugent?
1004 3125 1684 3226 Experimento-minorum
1703 3162 1832 3218 pee-
1859 3125 1904 3190 Ο
1938 3125 2202 3208 uinculum
2243 3125 2471 3232 plaustri
2502 3125 2778 3227 peccatum
2822 3155 2971 3227 (Isa.
3016 3155 3106 3230 v).
3147 3125 3338 3213 Trahit
3380 3125 3528 3214 enim

246 3259 492 3307 catorum
534 3248 743 3320 majora
782 3246 1047 3309 committi
1089 3262 1196 3303 non
1239 3245 1438 3302 debent
1474 3249 1720 3314 peccata,
1763 3253 1832 3296 ne
1935 3242 2279 3314 iniquitatem
2338 3252 2400 3300 ut
2438 3243 2760 3315 funiculum,
2805 3248 2899 3318 qui
2946 3248 3126 3304 tardat
3163 3250 3406 3306 converti
3458 3251 3529 3306 ad

249 3342 438 3400 durius
462 3340 731 3397 feriantur
749 3354 849 3410 pro
872 3338 1086 3410 magnis
1104 3336 1421 3401 sceleribus,
1443 3334 1537 3405 qui
1556 3333 1627 3389 de
1651 3331 1836 3403 parvis

246 3432 446 3505 corrigi
475 3447 580 3487 non
604 3438 889 3486 noverunt.
925 3426 1138 3485 Iudicio
1159 3436 1343 3505 autem
1384 3426 1565 3482 divino
1610 3425 1667 3480 in
1707 3435 1835 3480 rea-

249 3535 367 3581 tum
391 3523 709 3595 nequiorem
732 3521 1010 3586 labuntur,
1038 3520 1131 3592 qui
1153 3518 1477 3590 distringere
1495 3517 1708 3574 minora
1737 3530 1837 3572 sua

249 3617 393 3674 facta
440 3623 812 3695 contemnunt.
852 3614 1003 3670 Multi
1027 3628 1061 3668 a
1088 3612 1315 3668 crimine
1344 3616 1607 3667 corruunt
1647 3608 1705 3664 in
1729 3606 1838 3695 cri-

248 3725 394 3774 men,
432 3694 654 3779 quiDei
689 3700 1051 3778 cognitionem
1087 3703 1372 3770 habentes,
1421 3703 1674 3758 timorem
1716 3694 1838 3767 ejus

248 3802 547 3873 negligant,
600 3808 657 3856 et
702 3813 863 3870 quem
907 3803 1181 3854 noverunt
1223 3810 1323 3866 per
1368 3793 1649 3851 scientiam
1672 3830 1689 3857 ,
1736 3802 1838 3862 per

224 3894 517 3950 actionem
557 3905 666 3946 non
705 3894 1057 3945 venerantur.
1096 3885 1329 3956 Ideoque
1371 3885 1625 3943 sinuntur
1653 3883 1838 3942 divino

226 4036 231 4039 .
243 3984 447 4055 judicio
466 3982 736 4054 punienda
767 3979 1130 4045 committere,
1158 3987 1215 4033 et
1234 3977 1290 4033 in
1308 3990 1529 4048 poenam
1544 3977 1837 4033 commisso

248 4076 476 4132 facinori
527 4073 738 4129 facinus
784 4071 1026 4129 deterius
1078 4070 1300 4129 addere.
1349 4068 1505 4140 Saepe
1551 4077 1835 4138 peccatum

222 4167 470 4227 mllerius
498 4163 707 4235 peccati
749 4176 913 4218 causa
955 4169 1062 4225 est,
1107 4159 1254 4229 quod
1296 4159 1423 4214 dum
1451 4157 1831 4224 couunittitur,

246 4256 397 4313 aliud
434 4271 504 4315 es.
543 4255 659 4323 ipso
698 4252 853 4323 quasi
895 4266 994 4306 sua
1022 4249 1235 4305 soboles
1268 4248 1446 4303 oritur
1472 4265 1487 4302 :
1516 4247 1659 4303 sicut
1684 4248 1837 4307 nasci

248 4348 386 4404 solet
433 4346 597 4403 libido
642 4360 706 4400 ex
750 4343 916 4398 nimia
954 4341 1161 4396 ventris
1201 4338 1459 4410 ingluvie.
1499 4338 1667 4394 Pinna
1706 4352 1838 4395 vero

1937 3333 2130 3391 Deum.
2166 3333 2408 3391 Trahere
2442 3336 2588 3391 enim
2613 3336 2956 3408 iniquitatem
2995 3345 3080 3394 est
3105 3354 3316 3396 moram
3348 3338 3532 3397 facere

1938 3423 2234 3496 iniquitati.
2283 3424 2438 3482 Unde
2483 3435 2538 3482 et
2556 3424 2845 3489 Psalmista
2891 3446 2907 3484 :
2943 3427 3395 3502 Prolongamunt
3431 3431 3531 3486 ini-

1936 3513 2163 3586 quitates
2200 3528 2367 3570 suas:
2401 3514 2660 3571 Dominus
2691 3516 2875 3588 justus
2904 3518 3132 3577 concidit
3165 3520 3389 3577 services
3412 3537 3549 3593 pec-

1920 3614 2177 3681 catorum
2210 3602 2385 3677 (Psal.
2417 3608 2666 3679 cxxvm).

2482 3698 2712 3757 CAPUT
2769 3700 2989 3758 XXXV.

2226 3787 2292 3847 Ut
2320 3800 2435 3862 post
2459 3791 2665 3847 ruinam
2686 3793 2805 3863 quis
2823 3810 3037 3865 surgere
3059 3806 3251 3867 queat..

2014 3880 2221 3954 (Greg.,
2250 3880 2403 3937 Post.
2437 3882 2592 3939 Curru
2631 3894 2771 3955 part.
2812 3901 2910 3954 ιιι,
2948 3886 3092 3942 adut.
3146 3888 3261 3962 29,.)
3297 3889 3547 3948 Peccata.

1939 3975 2120 4031 carnis
2162 3974 2407 4043 experti,
2471 3974 2661 4030 saltem
2726 3986 2852 4046 post
2900 3977 3245 4051 naufragium
3299 3997 3530 4052 peccare

1938 4071 2231 4130 metuant,
2304 4070 2360 4118 et
2403 4064 2725 4134 perditionis
2780 4080 2892 4121 sua:
2947 4066 3261 4123 discrimina
3306 4071 3391 4127 vel
3442 4087 3531 4130 co-

1937 4155 2086 4224 gnita
2138 4155 2579 4225 perhorrescant.
2620 4155 2917 4212 Dicendum
2967 4166 3055 4227 est
3089 4159 3260 4230 lapsis
3287 4171 3346 4218 ut
3386 4178 3529 4234 prat-

1938 4248 2099 4302 tcrita
2146 4254 2373 4319 peccata
2406 4246 2772 4315 considerent,
2799 4257 2961 4318 atque
3012 4250 3352 4310 imminentia
3377 4256 3530 4313 devi-

1928 4326 2071 4402 tcnt,
2102 4345 2371 4408 quatenus
2393 4346 2696 4395 transactus
2725 4338 2910 4409 culpas
2934 4340 3004 4396 ad
3024 4344 3342 4400 memoriam
3374 4361 3524 4404 revo-

247 4437 455 4510 peccati
512 4443 793 4506 peccatum
851 4432 1176 4497 admittitur,
1224 4431 1439 4500 quando
1485 4446 1586 4502 pro
1638 4432 1834 4488 merito
1857 4472 1912 4533 Β
1939 4441 2087 4498 cent,
2122 4440 2178 4488 et
2225 4431 2390 4504 pollui
2437 4432 2494 4487 in
2545 4431 2743 4490 futuris
2787 4435 3133 4492 erubescant.
3180 4438 3540 4501 Admonendi.

247 4531 510 4601 cujusque
542 4528 744 4598 peccati
786 4528 895 4581 Deo
940 4525 1223 4581 deserente
1258 4526 1314 4582 in
1356 4524 1503 4581 aliud
1550 4534 1829 4596 peccatum
1857 4523 1905 4533 "
1938 4531 2067 4579 sunt
2089 4531 2310 4594 peccata
2338 4523 2520 4581 carnis
2540 4525 2773 4595 experti,
2800 4534 2858 4580 ut
2880 4526 3121 4598 vigilanti
3148 4544 3278 4585 cura
3307 4535 3531 4604 conspi-

248 4621 490 4677 deterius
511 4620 638 4683 itur,
666 4617 735 4674 de
762 4631 870 4687 quo
894 4615 1127 4685 amplius
1159 4615 1254 4687 qui
1278 4615 1557 4673 admiserit
1581 4617 1829 4675 sordile-

249 4723 356 4765 tur.
383 4710 526 4778 Ergo
549 4708 857 4779 praecedens
894 4715 1177 4777 peccatum
1214 4721 1379 4763 causa
1422 4715 1510 4763 est
1555 4710 1832 4779 sequentis

249 4800 477 4869 peccati,
503 4814 736 4869 sequens
763 4812 890 4853 vero
917 4804 1199 4867 peccatum
1225 4810 1386 4867 poma
1408 4806 1494 4853 est
1523 4798 1831 4868 praeceden~

252 4896 323 4948 tis
345 4893 544 4948 delicti.
590 4891 956 4959 Praei-edenda
1002 4890 1184 4960 itaque
1222 4901 1444 4963 peccata
1489 4894 1829 4963 sequentium

249 4994 377 5039 sunt
420 4984 706 5039 criminum
753 4986 940 5050 eausa,
989 4992 1049 5039 ut
1094 4983 1185 5040 illa
1229 5001 1350 5055 qua:
1384 4994 1686 5056 sequuntur
1721 4986 1833 5043 sint

250 5074 664 5147 praecedentium
689 5090 868 5145 pteua.
896 5073 1320 5130 Prmcedentium
1344 5083 1690 5145 peccatorum
1715 5092 1831 5148 pa:-

253 5182 318 5221 na
350 5166 465 5236 ipsa
506 5173 723 5222 vocatur
773 5164 1063 5230 induratio,
1100 5164 1325 5220 veniens
1354 5164 1421 5218 de
1463 5164 1641 5219 divina
1668 5163 1831 5235 justi-

252 5260 343 5313 tia.
382 5257 515 5314 llinc
559 5264 643 5314 est
680 5258 824 5327 quod
849 5257 926 5312 ait
955 5256 1214 5328 propheta
1248 5274 1261 5311 :
1296 5254 1573 5312 Indurasti
1612 5273 1704 5311 cor
1736 5274 1831 5311 no-

249 5360 436 5414 strum,
476 5365 540 5402 ne
586 5349 880 5402 timeremus
923 5345 1133 5422 te'(Isa.
1176 5346 1352 5419 unt).
1391 5346 1551 5402 Aliud
1592 5355 1677 5402 est
1720 5363 1827 5402 non

250 5454 475 5510 peccare
491 5454 674 5494 amore
699 5438 1002 5494 dilectionis
1019 5438 1136 5504 Dei,
1166 5436 1311 5494 aliud
1336 5438 1530 5494 timore
1558 5437 1824 5509 supplicii.

236 5529 350 5607 Qui
379 5528 524 5583 enim
555 5541 739 5583 amore
760 5527 1044 5583 cbaritatis
1064 5528 1161 5583 Dei
1186 5545 1292 5583 non
1318 5539 1527 5601 peccat,
1559 5528 1830 5584 horrescit

248 5633 408 5676 omne
438 5618 657 5683 malum,
686 5617 1057 5690 amplectende
1073 5617 1298 5688 justitite
1318 5620 1549 5687 bonum;
1576 5635 1676 5675 nec
1701 5636 1826 5676 eum

236 5709 479 5773 delectat
515 5720 814 5783 peccatum,
863 5710 1075 5785 etiamsi
1112 5712 1332 5770 sceleris
1364 5713 1657 5786 impunitas
1702 5729 1825 5785 pro-

1938 4616 2084 4672 ciant
2126 4624 2249 4688 post
2294 4614 2489 4672 delicta
2537 4618 2693 4673 nobis
2741 4618 2812 4675 ad
2863 4634 2925 4675 se
2981 4621 3331 4680 rtaleuntihus
3378 4624 3527 4684 Deus

1937 4709 2207 4779 quomodo
2228 4711 2407 4764 sinum
2433 4724 2545 4765 sua:
2586 4709 2807 4780 pietatis
2835 4711 3123 4781 expandat,
3152 4712 3339 4770 dicens
3365 4716 3541 4773 nobis.

1935 4814 2033 4870 per
2052 4800 2373 4871 prophetam
2397 4816 2411 4852 :
2441 4798 2611 4853 Erunt
2636 4799 2775 4854 oculi
2803 4800 2881 4854 tui
2902 4799 3127 4857 uident“
3149 4814 3525 4875 pra’ccptorent

1935 4898 2108 4955 tuum,
2137 4899 2185 4944 et
2212 4904 2365 4944 aures
2390 4897 2496 4943 tua:
2524 4888 2737 4943 audient
2769 4890 2977 4945 verbum
3015 4901 3131 4963 post
3157 4902 3356 4964 tergum
3406 4913 3520 4952 nio-

1933 4983 2122 5038 nantis.
2147 4980 2278 5037 Hth
2323 4990 2398 5036 est
2421 4981 2534 5047 uia,
2588 4981 2854 5038 ambulate
2904 5001 2997 5056 per
3035 5003 3183 5053 eam,
3236 4997 3345 5046 etc.
3377 4991 3529 5063 (lana

1933 5072 2087 5144 xxx).
2120 5070 2473 5142 Omnipotens
2494 5070 2638 5128 Deus
2666 5073 2820 5143 quasi
2857 5083 2983 5144 post
3008 5085 3216 5149 tergum
3248 5094 3347 5136 nos
3389 5083 3519 5139 sub-

1932 5178 2166 5232 sequens
2193 5170 2395 5228 monet,
2423 5162 2549 5233 quia
2573 5162 2737 5217 etiam
2762 5172 2885 5234 post
2911 5165 3121 5237 culpam
3151 5168 3220 5224 ad
3247 5184 3308 5225 se
3335 5171 3518 5230 redire

1932 5252 2244 5325 persuadet.
2276 5252 2541 5306 Aversum
2558 5262 2797 5319 revocat,
2820 5256 3108 5313 commissa
3133 5273 3237 5313 non
3268 5259 3524 5329 respicit,

1931 5344 2223 5402 revertenti
2254 5344 2429 5400 sinum
2451 5343 2670 5415 pietatis
2690 5347 2973 5416 expandit.
2999 5347 3195 5405 Vocem
3230 5364 3358 5422 ergo
3390 5361 3519 5421 post

1930 5444 2140 5508 tergum
2169 5434 2442 5491 monentis
2481 5435 2756 5502 audimus,
2782 5438 2826 5493 si
2848 5448 2968 5510 post
2995 5450 3215 5513 peccata
3242 5444 3432 5501 humili
3453 5454 3514 5502 et

1929 5527 2161 5583 contrito
2202 5526 2365 5582 corde
2394 5526 2737 5582 revertimur.
2767 5527 3034 5589 Debemus
3059 5532 3224 5604 igitur
3249 5532 3507 5603 pietatem

1928 5617 2170 5674 vocantis
2190 5619 2536 5683 erubescere,
2561 5616 2890 5688 sijustitiam
2914 5624 3166 5679 roltmms
3189 5623 3518 5696 formidare,

1927 5710 2055 5783 quia
2076 5717 2228 5767 tanto
2256 5707 2491 5783 graviori
2516 5708 2859 5781 improbitate
2888 5712 3269 5780 contemnitur,
3295 5724 3498 5783 quanto
