3940 6428
507 287 605 343 (ὶῦι
1791 283 2144 342 SMARAGDI
2183 288 2476 346 ABBATIS
3683 301 3801 356 632

506 413 560 459 et
583 411 926 473 contemptus
954 403 1126 458 adhuc
1153 416 1349 456 vocare
1377 415 1485 456 non
1511 399 1849 470 dedignatur.
1878 398 2083 472 (στερη
2114 416 2164 475 Α
2190 417 2417 474 rumque
2456 419 2523 460 ex
2567 405 2722 463 bonis
2749 410 3004 480 operibus
3041 411 3301 469 discimus
3341 427 3602 485 quantam
3659 417 3798 474 vita:

505 497 646 549 hom.
680 495 766 558 l0,
793 493 882 548 lib.
933 509 973 559 ι,
997 510 1153 564 super
1179 492 1468 559 Ezechiel.)
1514 491 1618 545 Per
1646 491 1924 547 Michmam
1955 506 2084 560 pro-
2187 493 2506 549 munditiam
2534 495 2588 550 in
2619 497 2949 568 cogitatione
2971 510 3370 558 constrnamus.
3415 505 3558 561 Penc
3585 517 3791 563 cuncta

501 586 720 656 pbetam
747 584 1007 640 Dominus
1027 585 1158 640 dicit
1189 602 1201 638 :
1246 584 1315 638 Et
1345 585 1516 638 venies
1551 600 1714 654 usque
1760 583 1829 636 ad
1859 582 2086 654 Babylo—
2183 582 2324 637 bona
2351 599 2515 654 opera
2559 602 2623 641 ex
2651 589 2976 659 cogitatione
3013 593 3298 661 prodeunt,
3321 595 3416 651 sed
3457 607 3590 653 sunt
3639 614 3791 655 non-

2183 673 2330 728 nulla
2377 677 2718 746 cogitationis
2747 681 2994 736 acumina
3013 722 3028 747 ,
3060 699 3181 754 qua:
3232 700 3300 740 ex
3334 689 3661 756 operatione
3686 705 3791 744 na-

2183 774 2424 821 scuntur.
2455 768 2589 823 Nam
2631 770 2774 826 sicut
2811 772 2879 826 ab
2904 773 3088 828 animo
3108 789 3244 846 opus
3264 778 3514 844 sumitur,
3543 780 3620 835 ita
3661 797 3788 838 rur-

2182 868 2277 910 sus
2304 855 2373 910 ab
2387 871 2552 926 opere
2579 860 2792 916 animus
2829 861 3098 918 eruditur.
3137 865 3306 920 Valde
3333 881 3558 924 necesse
3580 879 3670 926 est
3720 879 3785 928 ut

2170 959 2305 1007 ,cum
2333 947 2587 1017 cogitatio
2607 959 2762 1004 extra
2793 967 2951 1007 usum
2982 954 3198 1010 ducitur
3220 997 3236 1023 ,
3286 961 3535 1028 protinus
3573 964 3783 1020 mentis

2178 1035 2368 1092 oculus
2389 1040 2454 1092 ad
2469 1054 2634 1109 opera
2660 1050 2935 1099 transacta
2965 1056 3270 1104 revocetur.
3301 1049 3358 1104 ιιι
3386 1051 3499 1108 sola
3523 1070 3783 1111 nonnun-

2180 1139 2343 1194 quam
2373 1129 2699 1200 cogitatione
2728 1133 3080 1204 delinquitur,
3111 1150 3168 1194 et
3192 1141 3321 1210 quia
3348 1158 3517 1214 usque
3543 1147 3612 1202 ad
3637 1163 3784 1219 opus

502 690 642 742 nem,
675 674 746 727 ibi
779 673 1082 728 liberaberis
1114 673 1298 745 (Mich.
1326 673 1422 746 tv).
1447 673 1688 745 Babylon
1715 674 1911 745 quippe
1955 689 2086 729 con-

499 761 640 818 fusio
695 763 1103 834 interpretatur.
1165 762 1318 832 Saepe
1366 763 1513 818 enim
1563 762 1656 834 qui
1693 770 1979 833 postquam
2029 762 2083 816 in

497 854 815 910 confusione
843 854 1102 910 vitiorum
1125 854 1403 921 ceciderit,
1423 855 1752 910 erubescens
1791 854 1932 908 mala
1962 869 2084 924 qua:

501 945 854 1014 perpetravit,
873 945 942 999 ad
972 945 1347 1015 paenitentiam
1379 945 1541 1008 redit,
1576 959 1743 1013 seque
1771 958 1802 997 a
1823 943 1938 998 suis
1963 941 2083 1012 lap-

495 1035 648 1089 sibus
674 1035 813 1090 bene
836 1035 1088 1101 vivendo,
1110 1035 1288 1106 erigit.
1320 1034 1457 1102 Quid
1477 1049 1608 1105 ergo
1634 1034 1758 1100 iste,
1780 1034 1882 1089 nisi
1913 1049 2084 1104 usque

497 1127 566 1182 ad
598 1127 931 1199 Babylonem
965 1128 1130 1195 venit,
1157 1135 1213 1184 et
1259 1128 1332 1183 ibi
1359 1127 1620 1183 liberatus
1657 1128 1778 1182 est?
1824 1126 2074 1182 Nonnun-

495 1233 663 1288 quam
682 1220 967 1289 quisquam
989 1219 1316 1274 erubescens
1344 1218 1486 1273 mala
1513 1233 1634 1289 quae
1665 1217 1796 1274 fecit
1822 1258 1838 1281 ,
1889 1227 2080 1274 contra

495 1323 555 1364 se
580 1309 755 1380 erigit,
785 1318 841 1364 et
886 1310 1025 1364 bene
1071 1309 1344 1379 operando
1395 1311 1464 1364 ad
1498 1319 1700 1365 statum
1742 1310 2081 1369 rectitudinis

496 1401 654 1456 redit.
684 1400 742 1456 lu
772 1401 1043 1472 Babylone
1072 1402 1254 1473 itaque
1281 1401 1540 1458 liberatus
1560 1412 1664 1470 est,
1692 1404 1786 1474 qui
1817 1419 1917 1475 per
1943 1405 2078 1461 divi-

493 1507 618 1546 nam
648 1492 877 1562 gratiam
911 1493 1215 1549 ostenditur
1257 1495 1421 1550 etiam
1449 1496 1516 1551 de
1548 1495 1864 1552 confusione
1895 1497 2075 1553 salva-

495 1589 600 1637 tus.
628 1581 895 1652 Propheta
923 1598 1051 1656 ergo
1091 1583 1161 1638 ad
1214 1586 1747 1656 transmigrationem
1793 1586 2030 1658 loquitur
2056 1629 2074 1656 ,

492 1687 616 1726 cum
647 1671 768 1726 illos
796 1672 1058 1742 increpat,
1085 1673 1179 1743 qui
1206 1689 1236 1729 a
1264 1683 1407 1730 statu
1451 1676 1794 1732 rectitudinis
1826 1680 1894 1735 ad
1925 1694 2076 1735 erro-

2158 1234 2284 1274 vnon
2309 1223 2555 1290 pervenit
2589 1225 2778 1296 culpa,
2830 1243 3006 1297 neque
3058 1230 3126 1285 ad
3175 1233 3478 1290 cruciatum
3525 1242 3782 1307 pervenit

2176 1311 2513 1378 pamitentia.
2572 1312 2784 1386 (στερη
2828 1317 2967 1374 Mor.
3016 1319 3108 1375 lib.
3161 1339 3228 1388 ι,
3279 1341 3328 1378 c.
3359 1325 3460 1392 39;
3502 1327 3595 1383 lib.
3645 1347 3781 1398 va,

2176 1417 2224 1454 c.
2258 1401 2356 1468 20;
2385 1403 2477 1458 lib.
2507 1421 2584 1472 tv,
2619 1424 2666 1461 c.
2697 1409 2799 1475 55;
2835 1409 2928 1463 lib.
2970 1427 3032 1477 ιι,
3056 1429 3104 1467 c.
3130 1412 3207 1485 v.)
3233 1412 3340 1471 Sed
3367 1418 3601 1488 cogitata
3631 1419 3778 1476 allii-

2175 1493 2286 1548 ctio
2310 1504 2546 1551 mentem
2574 1498 2740 1555 citius
2759 1501 2941 1572 erigit,
2957 1503 3084 1572 quia
3111 1505 3367 1562 nimirum
3397 1514 3785 1570 tantummodo

2175 1585 2408 1657 cogitata
2438 1589 2696 1660 iniquitas
2722 1593 2931 1662 polluit.
2963 1594 3118 1667 Saepe
3147 1613 3382 1669 namque
3415 1601 3518 1658 hoc
3559 1607 3711 1674 quod
3743 1623 3776 1660 a

2173 1689 2464 1748 conspectu
2488 1678 2688 1750 iudicis
2706 1682 2818 1753 jam
2838 1685 2966 1742 ﬂetu
2991 1687 3388 1747 interveniente
3405 1692 3642 1750 deletum
3663 1705 3777 1756 est.

492 1763 569 1817 ris
593 1763 718 1817 vitia
749 1763 804 1817 in
834 1765 1309 1835 transmigratione
1337 1765 1668 1822 ceciderunt.
1697 1767 1889 1824 Frater
1915 1770 2079 1825 inter-
2105 1777 2152 1838 Β
2179 1767 2247 1822 ad
2275 1769 2516 1825 animum
2556 1787 2654 1843 per
2677 1775 3061 1847 cogitationem
3090 1781 3249 1848 redit,
3278 1789 3336 1837 et
3369 1783 3578 1841 devicta
3611 1787 3780 1858 culpa

489 1853 703 1923 rogavit
724 1868 908 1909 senem
927 1853 1141 1910 dicens:
1160 1854 1218 1910 Si
1246 1856 1536 1912 incurrerit
1554 1859 1855 1920 monachus
1881 1859 1934 1914 in
1949 1874 2078 1929 pec-

489 1952 695 2009 catum,
725 1952 782 1998 et
805 1943 1072 2015 allligatur
1098 1961 1197 2016 pro
1222 1960 1286 2002 eo
1312 1947 1440 2016 quia
1472 1949 1538 2004 de
1567 1949 1811 2020 profectu
1839 1951 1894 2006 in
1923 1951 2075 2008 dete-

491 2033 691 2088 riorem
718 2041 918 2089 statum
948 2037 1277 2105 pervenerit,
1293 2045 1348 2091 et
1369 2037 1578 2094 laboret
1596 2040 1769 2112 donec
1793 2043 2078 2113 resurgat?

489 2127 844 2198 Respondeas
872 2137 1053 2185 autem
1083 2145 1246 2186 senex
1276 2131 1449 2186 dixit:
1484 2132 1780 2190 Monachus
1804 2135 1860 2190 in
1897 2144 2077 2191 tenta-

488 2219 693 2274 tionem
719 2219 1022 2286 incurrens,
1050 2221 1130 2276 sic
1153 2230 1238 2277 est
1272 2231 1528 2293 tanquam
1573 2227 1767 2282 domus
1790 2242 1913 2298 quae
1936 2229 2078 2284 ceci-

486 2309 588 2364 dit.
618 2311 751 2366 Etsi
781 2311 995 2368 sobrius
1020 2311 1187 2368 fuerit
1207 2313 1262 2368 in
1284 2315 1610 2384 cogitatione
1639 2332 1758 2383 sua,
1783 2318 2078 2376 readiﬁcat

485 2415 608 2456 eam
659 2401 942 2458 inveniens
991 2405 1246 2459 materias
1284 2406 1351 2460 ad
1391 2406 1678 2463 aediﬁcium
1723 2408 2033 2479 profuturas
2058 2451 2075 2478 ,

488 2490 697 2547 habens
722 2493 900 2564 posita
929 2492 1300 2561 fundamenta,
1339 2503 1395 2552 et
1429 2496 1638 2566 lapides
1672 2506 1729 2554 et
1755 2514 1997 2566 arenam,
2022 2507 2078 2556 et

486 2594 682 2641 caetera
708 2603 831 2658 qum
859 2597 990 2644 sunt
1015 2589 1359 2647 aediﬁcationi
1389 2595 1718 2661 necessaria,
1739 2602 1796 2650 et
1824 2595 1900 2651 ita
1930 2595 2077 2652 velo-

487 2677 627 2732 citer
645 2677 765 2748 ejus
801 2678 1007 2737 fabrica
1036 2681 1269 2752 proﬁcit.
1297 2683 1378 2738 ita
1418 2693 1504 2740 est
1533 2687 1833 2744 monachus
1854 2728 1871 2753 ,
1914 2688 1961 2744 si
2018 2689 2076 2744 in

485 2769 840 2825 tentationent
870 2772 1147 2838 ceciderit,
1174 2784 1228 2829 et
1247 2789 1544 2832 conversus
1575 2774 1739 2832 fuerit
1776 2779 1845 2834 ad
1893 2778 2076 2834 Domi-

465 2875 637 2924 ~num,
668 2861 830 2916 habet
873 2863 1162 2941 piurimum
1188 2876 1530 2937 apparatum,
1553 2869 1960 2926 meditationem
1993 2872 2076 2927 di-

483 2950 624 3004 vinae
668 2950 823 3023 legis,
845 2954 1209 3023 psalmodiam
1239 2995 1256 3023 ,
1301 2971 1439 3028 opus
1477 2973 1758 3027 manuum,
1787 2976 1910 3032 qua:
1947 2969 2076 3018 sunt

483 3039 833 3100 fundamenta
861 3043 1075 3102 aadiﬁeii
1102 3046 1438 3116 spiritualis.-

1009 3156 1240 3215 CAPUT
1253 3177 1274 3185 -
1300 3158 1546 3216 XXXVI.

1064 3250 1143 3306 De
1168 3252 1504 3322 cogitatione.

549 3336 731 3410 (Isid.,
766 3338 805 3394 Ι.
851 3357 890 3396 ιι
936 3339 1197 3406 Sentent.,
1227 3358 1276 3396 c.
1310 3342 1428 3414 25.)
1466 3342 1732 3415 Bipartita
1789 3355 1876 3403 est
1907 3362 2069 3404 causa

479 3429 762 3499 peccandi,
795 3430 849 3486 id
869 3439 974 3498 est,
998 3447 1163 3500 opere
1197 3440 1253 3487 et
1275 3434 1622 3503 cogitatione,
1648 3451 1878 3506 quorum
1903 3455 2070 3496 unum

475 3519 733 3590 iniquitas
754 3521 972 3588 dicitur,
990 3522 1134 3592 quod
1148 3537 1314 3593 opere
1339 3524 1577 3596 geritur;
1605 3527 1751 3583 aliud
1771 3527 2032 3598 injustitia
2048 3573 2064 3600 ,

476 3610 622 3680 quod
651 3612 980 3683 cogitatione
1015 3613 1340 3670 admittitur.
1395 3615 1554 3673 Prius
1605 3625 1787 3674 autem
1809 3620 1952 3676 actio
1984 3637 2070 3678 re-

473 3701 711 3756 secanda
761 3711 866 3768 est,
897 3711 1086 3772 postea
1134 3705 1418 3776 cogitatio;
1469 3708 1621 3779 prius
1655 3726 1821 3782 prava
1867 3729 2064 3783 opera,

474 3791 820 3860 postmodum
848 3792 1134 3849 desideria.
1165 3795 1415 3852 Vicissim
1441 3808 1624 3855 autem
1679 3818 1710 3856 a
1737 3804 2098 3875 cogitatione'

473 3897 642 3951 opera
690 3884 1026 3952 procedunt,
1083 3895 1140 3943 et
1181 3889 1251 3944 ab
1285 3904 1447 3960 opere
1492 3893 1749 3964 cogitatio
1797 3897 2062 3954 nascitur.

474 3975 735 4041 Quamvis
758 3985 814 4032 et
831 3978 875 4032 si
903 3978 972 4033 ab
1001 3994 1166 4049 opere
1184 3981 1326 4037 malo
1350 3984 1577 4053 quisque
1602 3996 1757 4042 vacet
1784 4030 1799 4054 ,
1845 4001 1944 4060 pro
1971 4007 2063 4046 so-

476 4066 584 4122 lius
613 4076 793 4122 tamen
818 4085 996 4139 prava:
1015 4072 1360 4142 cogitationis
1389 4075 1592 4131 malitia
1623 4093 1728 4133 non
1751 4080 1859 4135 erit
1904 4082 2063 4137 inno-

473 4173 623 4214 cens.
648 4158 802 4216 Uude
827 4169 882 4216 et
903 4161 1160 4220 Dominus
1185 4179 1285 4236 per
1314 4163 1512 4222 Isaiam
1537 4185 1552 4222 :
1583 4169 1817 4239 Auferte,
1846 4171 2020 4244 inquit
2044 4213 2060 4240 ,

455 4248 674 4305 malum
701 4253 1073 4322 cogitationum
1108 4264 1399 4312 vestrarum
1434 4259 1501 4313 ab
1533 4261 1700 4316 oculis
1734 4262 1861 4317 meis
1903 4263 2058 4335 (Isai.

471 4355 492 4394 ι
517 4339 560 4411 ).
585 4339 704 4396 Non
728 4343 873 4397 enim
914 4343 1087 4400 solum
1113 4345 1292 4414 factis,
1335 4349 1430 4406 sed
1454 4359 1510 4406 et
1535 4352 1948 4423 cogitationibus
1971 4357 2063 4412 de-

474 4429 791 4501 linquimus,
812 4433 858 4488 si
913 4433 992 4489 eis
1020 4435 1206 4492 illicite
1250 4441 1663 4503 occurrentibus
1709 4442 2056 4499 delectemur.

475 4519 630 4576 Sicut
655 4521 837 4592 vipera
875 4538 906 4577 a
938 4524 1063 4580 ﬁliis
1088 4525 1144 4580 in
1181 4534 1337 4582 utero
1362 4529 1557 4598 positis
1585 4530 1819 4586 lacerata
1839 4533 2058 4602 perimi-

376 4664 380 4667 .
469 4625 584 4676 (ar,
612 4610 684 4666 ita
710 4627 808 4668 nos
833 4613 1190 4684 cogitationes
1232 4625 1432 4671 nostra:
1469 4618 1610 4673 intra
1659 4635 1760 4675 nos
1801 4622 2058 4678 enutritae

469 4705 740 4769 occidunt,
772 4716 826 4763 et
853 4720 1128 4780 concepta:
1157 4711 1386 4767 interius
1415 4714 1632 4784 vipereo
1677 4732 1885 4774 veneno
1931 4735 2058 4776 con-

472 4804 723 4863 sumunt,
757 4799 1100 4870 animamque
1121 4808 1362 4856 nostram
1390 4805 1596 4858 crudeli
1644 4807 1866 4865 vulnere
1909 4813 2058 4881 peri-

472 4893 647 4940 munt.
676 4885 813 4942 Dum
848 4890 1221 4959 unusquisque
1275 4892 1454 4949 divina
1495 4894 1887 4958 illuminatione
1935 4920 2059 4975 per-

471 4977 706 5042 venitur,
735 4979 918 5032 statim
947 4980 1211 5037 molestiis
1260 4985 1494 5053 turpium
1526 4990 1907 5060 cogitationum
1933 4997 2056 5066 pul-

473 5078 646 5124 satur.
678 5069 786 5126 Sed
813 5071 906 5127 Dei
929 5073 1333 5144 servusjudicio
1355 5079 1564 5139 timoris
1587 5086 1680 5142 Dei
1719 5098 2055 5148 tentamenta

473 5176 505 5214 a
539 5161 832 5230 semetipso
877 5162 1072 5231 rejicit,
1095 5165 1354 5238 bonisque
1382 5172 1678 5246 introjectis
1717 5184 2057 5252 cogitationi-

473 5250 576 5307 bus
597 5259 781 5322 turpes
809 5268 839 5308 a
867 5269 925 5309 se
949 5257 1175 5326 repellit.
1210 5260 1399 5332 Magna
1423 5267 1738 5326 observatio
1755 5250 1900 5328 circa
1929 5291 2052 5330 cor-

474 5344 556 5398 dis
589 5350 675 5398 est
711 5344 1010 5400 custodiam
1047 5349 1344 5407 adhibenda
1372 5393 1388 5418 ,
1439 5357 1565 5424 quia
1619 5369 1713 5412 aut
1757 5359 1911 5416 bona:
1963 5373 2058 5418 aut

473 5435 630 5491 mala:
669 5437 745 5491 rei
778 5436 849 5491 ibi
878 5439 1126 5496 consistit
1146 5443 1316 5514 origo.
1362 5445 1496 5500 Nam
1528 5488 1542 5511 ,
1595 5449 1735 5504 sicut
1796 5456 2057 5523 scriptum

473 5535 575 5591 est,
606 5544 671 5582 ea:
703 5529 858 5584 corde
899 5543 1088 5586 exeunt
1123 5536 1458 5604 cogitationes
1486 5537 1640 5592 malm
1689 5540 1901 5611 (Matth.
1931 5547 2054 5617 xv),

472 5619 615 5671 unde
655 5618 697 5672 si
722 5619 876 5686 prius
930 5637 1108 5690 prava:
1162 5623 1473 5693 cogitationi
1506 5627 1825 5697 resistimus,
1865 5634 1917 5688 in
1944 5636 2057 5706 lap-

478 5721 596 5760 sum
625 5711 804 5780 operis
844 5729 948 5769 non
981 5715 1325 5770 incurrimus.
1363 5715 1506 5790 (Huc
1559 5737 1718 5795 usque
1743 5725 1901 5802 Isid.)
1932 5729 2053 5788 Ple-

2177 1863 2245 1916 ad
2266 1861 2684 1920 delectationem
2711 1883 2904 1925 rursus
2934 1870 3213 1942 inserpere
3250 1874 3474 1943 nititur,
3518 1887 3685 1949 atque
3717 1880 3776 1935 in

2177 1952 2404 2022 antiquo
2423 1957 2723 2014 certamine
2751 1958 2959 2015 diutina
2987 1961 3292 2032 pulsatione
3319 1977 3605 2037 reparatur
3625 2011 3642 2037 ,
3697 1971 3779 2026 ita

2176 2051 2237 2097 ut
2261 2045 2405 2114 quod
2431 2048 2582 2117 prius
2603 2059 2724 2105 erat
2750 2051 2804 2106 in
2853 2067 3100 2123 corpore,
3131 2056 3237 2112 hoc
3284 2058 3590 2128 importuna
3620 2063 3779 2134 cogi-

2177 2133 2384 2190 tatione
2406 2141 2751 2208 postmodum
2780 2151 3028 2198 versetur
3049 2145 3102 2199 in
3127 2156 3326 2203 mente.
3355 2149 3490 2204 Cum
3521 2152 3658 2207 nihil
3690 2133 3779 2210 fo-

2175 2221 2254 2278 ris
2286 2237 2450 2294 opere
2484 2229 2684 2300 agitur,
2709 2232 2804 2288 sed
2826 2232 2941 2288 sola
2964 2234 3108 2292 intus
3131 2238 3458 2308 cogitatione
3489 2252 3776 2311 peccatur,

2175 2315 2421 2375 districto
2446 2336 2506 2376 se
2530 2331 2683 2378 reatu
2714 2340 2869 2382 mens
2896 2327 3116 2400 obligat,
3147 2331 3252 2386 nisi
3281 2331 3386 2387 hoc
3415 2333 3666 2391 sollicitis
3691 2337 3778 2392 la-

2175 2410 2376 2467 mentis
2402 2419 2598 2484 tergat.
2629 2414 2955 2490 Plerumque
2991 2437 3180 2478 aurem
3219 2424 3402 2479 cordis
3430 2434 3773 2485 terrenarum

2177 2501 2568 2590 cogitationum
2608 2508 2764 2563 turba
2804 2507 2933 2564 dum
2983 2514 3293 2583 perstrepit,
3319 2511 3551 2582 claudit;
3603 2526 3778 2590 atque

2175 2587 2319 2645 intra
2346 2595 2699 2651 secretarium
2728 2600 2927 2655 mentis
2971 2610 3177 2671 quanto
3202 2605 3384 2661 minus
3409 2621 3662 2663 curarum
3679 2587 3775 2664 tu-

2175 2681 2558 2741 multuantium
2595 2702 2760 2744 sonus
2788 2693 3170 2762 compescitur,
3204 2701 3356 2751 tanto
3381 2697 3615 2769 amplius
3657 2714 3770 2757 vox

2173 2772 2513 2841 pnesidentis
2533 2777 2733 2847 judicis
2751 2795 2857 2836 non
2880 2783 3117 2839 auditur.
3141 2784 3536 2858 Nonnunquam
3565 2791 3620 2847 in
3649 2792 3773 2863 ipso

2172 2864 2440 2922 orationis
2459 2876 2660 2924 nostra:
2695 2872 2966 2929 sacriﬁcio
2998 2875 3320 2946 importuna:
3341 2881 3774 2952 secogitationes

2173 2953 2448 3025 ingemat,
2477 2973 2597 3028 quae
2623 2961 2726 3018 hoc
2753 2978 2943 3033 rapere
2960 2965 3047 3021 vel
3077 2968 3354 3024 maculare
3377 2970 3591 3027 valeant
3617 2975 3768 3043 quod

2173 3045 2228 3100 in
2252 3048 2409 3104 nobis
2432 3050 2542 3106 Deo
2592 3051 2783 3110 ﬁentes
2830 3055 3192 3114 immolamus.
3223 3060 3424 3121 Omnes
3459 3065 3550 3135 qui
3579 3065 3664 3118 vel
3705 3065 3775 3121 il~

2098 3139 2144 3204 C
2175 3139 2324 3229 licita
2352 3151 2625 3213 appetunt,
2651 3147 2735 3202 vel
2764 3148 2818 3202 in
2849 3150 2953 3206 hoc
2979 3154 3178 3210 mundo
3210 3156 3384 3214 videri
3415 3152 3632 3229 aliquid
3669 3175 3772 3216 vo-

2173 3226 2310 3296 lunt,
2333 3231 2519 3289 densis
2564 3235 2953 3306 cogitationum
2979 3243 3301 3302 tumultibus
3327 3246 3383 3302 in
3413 3226 3576 3305 corde
3614 3266 3774 3307 com-

2171 3318 2501 3387 primuntur.
2527 3323 2674 3380 Mare
2702 3325 2972 3399 signiﬁcat
2996 3342 3230 3390 mentem
3253 3337 3508 3406 hominis,
3531 3350 3587 3396 et
3603 3346 3770 3413 quasi

2171 3410 2368 3470 fluctus
2386 3416 2555 3472 maris
2575 3425 2702 3473 sunt
2718 3421 3072 3491 cogitationes
3101 3429 3323 3496 mentis,
3339 3447 3461 3502 quae
3475 3410 3772 3504 aliquando

2168 3517 2269 3594 per
2293 3505 2430 3560 iram
2473 3515 2825 3579 tumescunt,
2883 3527 2982 3585 per
3026 3517 3120 3572 Dei
3168 3521 3400 3590 gratiam
3457 3525 3769 3594 tranquilla:

2152 3592 2326 3660 ﬁunt,
2356 3611 2456 3666 per
2503 3599 2687 3654 odium
2723 3615 2846 3657 cum
2902 3606 3265 3663 amaritudine
3289 3608 3546 3666 deﬂuunt.
3598 3592 3770 3670 biens

2165 3690 2364 3760 quippe
2396 3693 2635 3750 humana
2677 3706 2812 3766 quot
2860 3687 3189 3758 tentationes
3234 3705 3457 3774 patitur,
3484 3709 3640 3778 quasi
3685 3719 3771 3767 tot

2165 3779 2382 3838 ﬂatibus
2415 3791 2681 3840 movetur.
2737 3787 3063 3862 Plerumque
3117 3803 3353 3852 mentem
3398 3798 3634 3856 hominis
3677 3809 3768 3856 tu-

2164 3873 2367 3930 multus
2396 3877 2783 3947 cogitationum
2807 3882 3080 3953 deprimit,
3110 3887 3190 3941 ira
3228 3890 3532 3958 perturbat,
3554 3901 3610 3947 et
3633 3907 3765 3952 cum

2165 3966 2370 4020 recedit
2398 3967 2510 4034 ira,
2541 3971 2784 4026 succedit
2827 3972 3006 4044 inepta
3051 3975 3257 4032 laetitia.
3306 3978 3500 4036 Frater
3539 3982 3766 4052 quidam

2165 4055 2523 4128 interrogavit
2539 4061 2802 4130 quosdam
2838 4063 3061 4122 Patrum
3090 4076 3274 4125 utrum
3311 4071 3570 4142 polluitur
3597 4075 3768 4132 homo

2163 4149 2378 4216 quando
2399 4163 2488 4205 res
2515 4152 2764 4209 sordidas
2790 4157 3028 4227 cogitat?
3047 4157 3115 4214 Et
3142 4159 3233 4215 alii
3259 4162 3512 4218 dicebant
3537 4181 3552 4218 :
3579 4163 3765 4222 Etiam

2159 4238 2420 4310 polluitur
2434 4257 2449 4308 ;
2467 4257 2574 4298 non
2588 4257 2877 4313 possumus
2892 4248 3091 4304 salvari
3113 4265 3232 4318 nos,
3248 4252 3339 4322 qui
3358 4253 3536 4310 idiotas
3549 4270 3762 4313 sumus.

2163 4331 2270 4388 Sed
2299 4333 2403 4390 hoc
2427 4337 2667 4404 pertinet
2717 4340 2786 4396 ad
2835 4342 3083 4406 salutem,
3115 4346 3162 4400 si
3185 4361 3248 4401 ea
3305 4361 3428 4417 qua:
3453 4349 3764 4420 cogitamus

2161 4427 2516 4494 corporaliter
2536 4445 2643 4484 non
2659 4429 2970 4489 fecerimus.
2988 4435 3132 4491 Dixit
3165 4438 3385 4508 quidam
3399 4455 3563 4497 senex
3593 4459 3607 4495 :
3640 4442 3762 4499 Non

2083 4502 2137 4562 D
2161 4517 2287 4586 quia
2315 4519 2519 4576 intrant
2546 4523 2900 4594 cogitationes
2931 4528 3088 4583 make
3111 4529 3165 4583 in
3182 4502 3308 4596 nos,
3337 4533 3767 4590 condemnamur

2159 4621 2226 4662 ex
2246 4624 2312 4663 eo
2335 4628 2347 4663 :
2373 4611 2466 4665 sed
2491 4612 2535 4666 si
2553 4613 2690 4668 male
2709 4615 2912 4670 utimur
2933 4617 3416 4688 cogitationibuset
3441 4621 3550 4677 illis
3570 4637 3765 4678 assen-

2157 4709 2276 4753 sum
2307 4701 2627 4769 praebemus.
2654 4703 2741 4758 Fit
2776 4705 2919 4759 enim
2945 4714 3006 4760 ut
3029 4714 3084 4761 et
3104 4722 3200 4777 per
3245 4709 3601 4780 cogitationes
3620 4728 3761 4767 nau-

2160 4786 2388 4860 fragium
2412 4791 2702 4860 patiamur,
2733 4802 2789 4848 et
2812 4809 2911 4865 pro
2941 4796 3362 4867 cogitationibus
3406 4813 3757 4858 coronemur.

2679 4924 2908 4982 CAPUT
2949 4927 3211 4983 XXXVII.

2785 5015 2863 5070 De
2891 5034 3150 5077 sermone.

2234 5104 2414 5172 (Isid.,
2439 5105 2529 5162 lib.
2562 5124 2599 5163 ιι
2626 5108 2795 5176 Sent.,
2825 5128 2941 5182 cap.
2989 5113 3106 5184 29.)
3145 5113 3279 5170 Cum
3309 5115 3555 5186 qumdam
3584 5133 3756 5188 parva

2158 5194 2411 5250 vitiorum
2427 5199 2588 5253 verba
2622 5215 2727 5254 non
2753 5203 3042 5268 evitamus,
3075 5221 3272 5276 magno
3295 5206 3491 5278 linguae
3516 5209 3755 5278 prolabi-

2159 5300 2283 5338 mur
2304 5286 2547 5354 crimine,
2564 5298 2620 5344 ct
2640 5291 2766 5344 dum
2799 5291 2939 5350 facta
2962 5297 3206 5362 quantam
3233 5312 3338 5350 non
3361 5297 3546 5367 gravia
3581 5299 3756 5355 libere

2157 5389 2221 5429 ac
2244 5375 2360 5430 sine
2390 5377 2536 5430 metu
2563 5380 2956 5440 committimus
2984 5423 2998 5446 ,
3039 5383 3105 5437 ad
3149 5383 3335 5457 pejora
3383 5385 3588 5440 scelera
3627 5388 3754 5442 hor.

2157 5465 2321 5519 renda
2339 5469 2594 5535 peccandi
2623 5472 3012 5528 consuetudine
3041 5473 3293 5528 labimur.
3318 5475 3450 5528 Vani
3468 5491 3754 5532 sermones

2157 5554 2210 5608 in
2241 5570 2335 5609 ore
2363 5555 2655 5612 Christiani
2686 5576 2806 5615 esse
2852 5577 2958 5617 non
2982 5564 3196 5617 debent.
3229 5563 3371 5617 Nam
3398 5566 3533 5619 sicut
3583 5569 3753 5624 malas

2156 5660 2323 5698 mores
2362 5647 2495 5698 bona
2553 5648 2812 5720 colloquia
2846 5654 3137 5721 corrigunt,
3167 5654 3241 5706 ita
3296 5672 3460 5725 praua
3485 5655 3754 5728 colloquia

2155 5733 2316 5789 bonos
2363 5753 2530 5791 mores
2561 5752 2899 5812 corrumpunt
2952 5742 3004 5817 (1
3033 5741 3156 5798 Cor.
3205 5743 3317 5819 xv).
3368 5744 3622 5802 Custodia
3668 5754 3751 5807 ori
