3940 6440
191 302 299 358 653

1391 297 1703 355 DIADEMA
1740 297 2228 358 MONACHORUM
2239 342 2252 355 .

3360 311 3464 367 εδδ
3490 368 3494 372 ,

189 415 405 488 ponitur
439 409 610 484 (Psal.
647 409 798 480 ext),
835 409 963 466 dum
1001 409 1229 481 quisque
1279 425 1387 465 non
1443 427 1502 466 se
1541 409 1776 480 justum,
1806 415 1856 474 Α
1881 414 2036 483 petit,
2070 415 2216 484 quod
2247 415 2498 472 videlicet
2536 417 2778 487 aperitur
2805 428 2858 474 et
2893 418 3184 476 clauditur.
3229 421 3384 479 Unde
3411 433 3468 480 et

195 507 288 563 sed
315 505 478 577 (quod
506 503 676 576 magis
698 517 884 558 verum
909 501 1012 573 est)
1038 511 1379 572 peccatomm
1408 502 1625 558 fatetur.
1657 501 1778 558 Μα-

195 615 320 653 num
361 613 518 668 super
551 613 607 650 os
659 594 805 666 ponit
833 594 974 666 (Job.
1009 595 1222 665 χχχιχ),
1255 595 1348 664 qui
1399 594 1554 650 bonis
1595 595 1778 665 operi-

195 690 295 744 bus
323 688 517 759 lingua:
542 701 827 742 excessum
849 686 1044 757 Operit.
1079 685 1299 740 Manum
1337 702 1494 756 super
1520 703 1577 740 os
1611 685 1776 756 ponit,

195 781 290 852 qui
317 780 473 836 mala:
502 779 792 834 locutionis
819 778 1006 848 culpas
1041 779 1194 834 bona:
1233 778 1464 833 actionis
1515 777 1781 832 velamine

198 871 348 944 tegit.
381 869 743 938 Quadrimoda
770 879 847 926 est
879 869 1095 926 dicendi
1123 869 1294 935 ratio,
1349 884 1455 939 qua
1481 869 1782 938 praeviden-

197 962 325 1016 dutn
339 970 440 1024 est,
459 963 610 1032 quid,
632 962 865 1032 quando,
891 961 979 1018 cui
1003 961 1086 1018 vel
1109 963 1400 1032 quomodo,
1429 961 1632 1031 aliquid
1656 977 1782 1031 pro-

199 1053 425 1109 feratur.
451 1053 656 1109 Bonum
680 1053 877 1124 quippe
911 1052 1047 1109 bene
1085 1053 1324 1123 loquitur
1353 1093 1369 1118 ,
1412 1051 1504 1122 qui
1555 1067 1619 1107 ea
1662 1067 1783 1121 qua:

199 1153 347 1199 recta
373 1152 499 1198 sunt
521 1143 799 1199 humiliter
831 1143 1139 1198 annuntiat.
1169 1142 1344 1198 Corde
1363 1143 1501 1198 bene
1523 1140 1780 1211 loquitur,

199 1238 292 1308 qui
320 1237 640 1293 cbaritatem
662 1252 770 1292 non
801 1236 1040 1292 simulat.
1069 1235 1176 1292 Ore
1197 1234 1336 1293 bene
1365 1236 1605 1306 loquitur
1627 1275 1644 1302 ,
1689 1235 1784 1305 qui

200 1329 485 1385 veritatem
509 1329 811 1383 annuntiat.
843 1329 1024 1383 Factis
1051 1328 1188 1382 bene
1213 1327 1480 1396 loquitur,
1529 1327 1623 1397 qui
1650 1327 1785 1383 alios

200 1422 358 1478 bonis
401 1420 662 1490 exemplis
689 1419 938 1475 :edilieat.
985 1419 1104 1474 Mali
1152 1419 1291 1474 mala
1321 1421 1647 1489 respondent
1688 1434 1787 1490 pro

201 1512 378 1577 bonis,
403 1519 457 1564 et
481 1510 708 1565 adversa
754 1524 850 1579 pro
887 1507 1181 1578 prosperis.
1223 1507 1354 1563 Boni
1400 1508 1539 1563 bona
1568 1522 1789 1579 respon-

202 1603 332 1657 dent
352 1616 450 1670 pro
478 1600 658 1665 malis,
683 1607 738 1654 et
777 1613 1034 1670 prospera
1081 1613 1182 1668 pro
1218 1596 1481 1653 adversis.
1514 1597 1790 1653 Adversus

202 1693 508 1749 convicium
539 1692 734 1763 lingua:
766 1692 1020 1749 fortitudo
1051 1693 1354 1749 adhibenda
1373 1701 1459 1748 est
1483 1692 1782 1762 patientia,

1879 505 2034 560 nobis
2053 513 2212 559 caute
2237 504 2521 562 dicendum
2566 517 2680 572 est,
2735 519 3004 579 quatenus
3049 528 3112 568 os
3139 513 3468 579 discreteet

1879 610 2117 664 congruo
2140 602 2385 664 tempore
2411 611 2515 651 vox
2539 598 2770 667 aperiat,
2794 608 2848 654 et
2877 616 3089 656 rursum
3109 619 3350 672 congruo
3384 613 3466 659 ta-

1879 688 2165 743 citurnitas
2201 689 2442 744 claudat.
2471 690 2808 748 Admonendi
2838 704 2964 750 sunt
2991 698 3136 751 enim
3170 699 3365 769 singuli
3410 709 3468 754 ut

1879 778 1924 834 si
1952 780 2228 848 proximos
2257 780 2402 835 sicut
2429 795 2489 836 se
2527 782 2758 853 diligunt
2790 825 2806 850 ,
2858 786 3080 842 minime
3111 789 3214 844 illis
3254 798 3472 846 taceant

1880 871 2021 926 unde
2075 885 2170 926 eos
2223 871 2370 941 jnste
2427 873 2845 943 reprehendunt.
2906 878 3066 934 Vocis
3111 879 3472 937 medicamine

1881 959 2236 1033 utrorumque
2257 963 2418 1018 saluti
2443 966 2808 1032 concurritur,
2840 967 2969 1022 dum
3015 970 3084 1023 ab
3129 970 3219 1024 illo
3251 970 3343 1040 qui
3390 971 3474 1026 in-

1881 1053 1990 1110 fert
2013 1055 2156 1110 actio
2181 1069 2348 1125 prava
2389 1057 2771 1126 compescitur,
2800 1066 2855 1113 et
2881 1059 2950 1114 ab
2979 1059 3082 1115 hoc
3109 1061 3201 1130 qui
3244 1061 3476 1116 sustinet

1883 1143 2083 1199 doloris
2106 1142 2287 1199 fervor
2313 1145 2534 1200 vulnere
2564 1154 2754 1214 aperto
2786 1155 3145 1217 temperatur.
3193 1150 3283 1220 (ι).
3312 1149 3354 1206 (ἶ
3364 1166 3471 1221 reg.

1885 1233 2100 1288 Pastor.
2118 1231 2273 1288 Cum:
2284 1250 2338 1304 p.
2356 1249 2439 1300 ιιι,
2461 1234 2674 1290 admon.
2695 1235 2806 1306 l5.)
2822 1236 2924 1302 Qui
2946 1239 3314 1308 proximorum
3331 1240 3472 1295 mala

1885 1324 2202 1396 respiciunt,
2227 1333 2285 1379 et
2311 1333 2493 1381 tamen
2521 1327 2576 1380 in
2625 1327 2842 1383 silentio
2894 1329 3132 1400 linguam
3189 1343 3476 1400 premunt,

1886 1419 2044 1490 quasi
2071 1419 2374 1488 conspectis
2412 1420 2725 1476 vulneribus
2769 1437 2928 1476 usum
2976 1421 3321 1478 medicamini
3349 1424 3477 1479 sub-

1888 1511 2132 1576 trahunt,
2162 1519 2219 1566 et
2239 1526 2306 1566 eo
2329 1511 2521 1566 mortis
2546 1519 2796 1568 auelnres
2825 1512 2983 1580 ﬁunt,
3009 1529 3118 1584 quo
3150 1515 3298 1569 virus
3332 1517 3478 1584 quod

1887 1611 2140 1674 poterant
2161 1616 2354 1658 curare
2409 1602 2716 1658 noluerunt.
2773 1603 2964 1660 Frater
2999 1606 3218 1675 quidam
3244 1606 3480 1660 interro-

1889 1695 2036 1766 gavit
2059 1693 2340 1764 parvulum
2370 1695 2698 1749 monachum
2730 1694 2918 1750 dicens
2942 1713 2956 1750 :
2983 1696 3192 1751 Bonum
3205 1705 3290 1752 est
3305 1696 3474 1767 loqui,

202 1793 263 1838 ut
291 1783 516 1838 tentatio
543 1783 692 1838 verbi
722 1799 842 1853 qua:
865 1782 999 1840 foris
1021 1783 1316 1854 impugnat,
1351 1783 1650 1839 tolerantiae
1671 1783 1784 1838 vir—
1815 1800 1863 1860 Β
1890 1802 1962 1844 an
1985 1786 2203 1842 tacere?
2228 1785 2368 1840 Dicit
2409 1787 2460 1840 ei
2510 1800 2644 1855 puer
2671 1785 2760 1841 ille
2784 1806 2798 1841 :
2823 1786 2884 1843 Si
2910 1795 3036 1842 sunt
3061 1789 3224 1842 verba
3253 1788 3429 1843 otiosa
3459 1827 3475 1852 ,

205 1883 318 1930 tute
356 1875 566 1931 devicta
597 1875 856 1930 discedat.
887 1874 1109 1931 Dicebat
1129 1876 1350 1945 quidam
1396 1875 1620 1931 Patrum
1657 1875 1787 1946 quia

203 1966 331 2019 dum
371 1966 626 2022 sederent
659 1966 950 2035 aliquando
996 1967 1275 2031 seniores,
1327 1975 1384 2022 et
1437 1967 1790 2036 loquerentur

204 2071 510 2111 sermonem
551 2056 619 2112 de
645 2057 1114 2122 aediﬁcationibus,
1137 2066 1255 2112 erat
1317 2058 1458 2114 inter
1509 2072 1607 2114 eos
1651 2073 1790 2114 unus

203 2147 479 2216 providus,
508 2155 564 2202 et
593 2147 722 2203 vidit
748 2148 968 2217 angelos
993 2163 1188 2204 manus
1223 2149 1495 2220 agitantes
1525 2159 1578 2204 et
1606 2149 1791 2204 lavan-

205 2248 286 2292 tes
323 2254 436 2294 eos.
471 2239 543 2296 Ut
583 2247 761 2296 autem
791 2240 991 2297 locutio
1015 2240 1256 2296 venisset
1284 2240 1581 2306 saecularis,
1618 2242 1791 2297 disce-

205 2331 404 2386 debant
429 2331 625 2404 angeli,
653 2341 708 2409 et
735 2332 1117 2388 volutabantur
1139 2333 1290 2404 porci
1313 2332 1367 2387 in
1390 2332 1571 2388 medio
1599 2347 1789 2388 eorum

203 2420 351 2493 pleni
377 2421 657 2489 fetoribus,
682 2432 738 2480 et
781 2423 1091 2495 polluerunt
1118 2438 1232 2480 eos.
1273 2422 1408 2480 Cum
1454 2433 1636 2480 autem
1675 2441 1794 2480 rur-

205 2529 303 2570 sus
343 2512 691 2583 loquerentur
746 2515 814 2570 de
849 2514 1230 2580 :edilicatione,
1265 2515 1544 2572 venientes
1592 2515 1791 2571 iterum

204 2604 380 2674 angeli
406 2604 658 2660 lavabant
702 2621 816 2660 eos.
843 2604 1121 2661 Venerunt
1143 2619 1276 2676 ergo
1301 2605 1591 2676 aliquando
1632 2620 1792 2662 senes

203 2692 274 2745 ad
298 2691 546 2748 abbatem
589 2692 906 2760 Antonium,
936 2702 994 2749 et
1029 2703 1298 2750 eratcum
1323 2694 1404 2751 eis
1427 2695 1594 2751 etiam
1623 2695 1792 2751 abbas

203 2787 423 2858 .losepb.
458 2787 655 2845 Volens
681 2798 863 2846 autem
891 2789 1059 2846 abbas
1094 2790 1362 2846 Antonius
1387 2792 1621 2861 probare
1660 2805 1790 2858 eos,

206 2882 375 2937 movit
396 2897 700 2937 sermonem
729 2883 797 2939 de
846 2881 1147 2954 Scripturis
1177 2883 1402 2950 sanctis,
1427 2893 1485 2940 et
1516 2884 1684 2954 capit
1707 2884 1794 2939 in-

203 2981 484 3045 terrogare
513 2989 542 3028 a
568 2970 876 3040 junioribus
895 2974 1026 3043 quid
1065 2982 1212 3030 esset
1249 2974 1353 3031 hoc
1394 2983 1488 3029 aut
1514 2973 1643 3030 illud
1670 2988 1792 3030 ver-

204 3063 370 3117 bum?
395 3063 460 3116 Et
486 3063 680 3133 singuli
704 3078 894 3119 eorum
921 3063 1195 3129 dicebant,
1217 3074 1379 3136 prout
1397 3072 1669 3135 poterant.
1698 3063 1792 3120 [lle

1890 1878 2100 1935 dimitte
2123 1892 2187 1932 ea
2213 1895 2227 1932 :
2259 1877 2304 1933 si
2336 1885 2518 1932 autem
2565 1878 2709 1934 bona
2736 1887 2862 1934 sunt
2887 1881 3079 1946 verba,
3103 1895 3210 1935 non
3235 1880 3326 1935 diu
3359 1895 3480 1951 per-

1890 1968 2098 2032 trabas,
2273 1968 2384 2023 cito
2430 1967 2606 2023 incide
2655 1969 2798 2039 quod
2845 1969 3119 2041 loqueris,
3169 1978 3224 2026 et
3259 1970 3480 2041 quiesce

1889 2067 1966 2114 tu.
1993 2058 2140 2113 Dixit
2167 2073 2332 2113 senex
2356 2058 2576 2130 quidam
2601 2075 2616 2114 :
2645 2059 3026 2116 Taeiturnitati
3053 2077 3277 2133 operam
3313 2064 3398 2126 da,
3426 2072 3482 2120 et

1887 2147 2022 2203 nihil
2046 2147 2268 2219 cogites,
2307 2157 2362 2205 et
2389 2148 2609 2204 intende
2648 2149 2960 2219 cogitationi
3003 2159 3143 2215 tum,
3185 2152 3299 2206 sive
3327 2153 3481 2222 quie-

1888 2255 2048 2296 scens
2075 2240 2314 2306 in‘leeto,
2345 2241 2458 2296 sive
2486 2257 2712 2312 surgens
2742 2257 2864 2298 cum
2893 2241 3090 2298 timore
3129 2241 3248 2308 Dei,
3276 2252 3332 2296 et
3366 2243 3482 2297 base

1888 2331 2117 2398 faciens,
2144 2332 2504 2402 malignorum
2534 2332 2770 2402 impetus
2815 2348 2924 2391 non
2954 2330 3189 2386 timebis.
3221 2331 3365 2386 Dixit
3387 2331 3482 2386 ab—

1888 2422 1988 2478 bas
2022 2429 2248 2494 paStor:
2277 2422 2413 2490 Quia
2439 2423 2796 2494 interrogavit
2831 2423 2998 2478 abbas
3022 2421 3232 2494 Moyses
3255 2421 3482 2478 fratrem

1889 2513 2210 2570 Zachariam
2265 2523 2506 2586 tempore
2553 2530 2660 2585 quo
2696 2515 3048 2579 moriebatur,
3082 2514 3268 2569 dicens
3298 2529 3313 2569 :
3341 2512 3483 2580 Quid

1891 2606 2076 2662 vides?
2101 2605 2169 2660 Et
2191 2606 2281 2662 ille
2307 2607 2419 2661 dixi
2448 2607 2499 2662 ei
2528 2625 2542 2661 :
2581 2605 2726 2662 Nihil
2745 2605 2936 2662 melius
2963 2620 3127 2675 quam
3158 2613 3358 2670 tacere,
3379 2602 3484 2658 Pa-

1891 2707 1993 2754 ter.
2022 2697 2168 2752 Dixit
2185 2697 2237 2753 ei
2263 2716 2278 2752 :
2315 2698 2520 2754 Verum
2541 2707 2644 2764 est,
2676 2697 2772 2763 (ili,
2803 2707 2942 2752 tace.
2972 2695 3114 2752 Dixit
3144 2696 3364 2766 quidam
3383 2696 3483 2751 ab-

1889 2793 2002 2850 bati
2028 2791 2279 2848 Ammoni
2301 2810 2315 2847 :
2339 2791 2398 2847 Si
2421 2792 2491 2848 sit
2511 2792 2813 2847 necessitas
2835 2806 2959 2847 cum
2985 2790 3165 2845 vicino
3193 2787 3482 2859 loquendi,

1888 2883 2104 2939 videtur
2133 2881 2230 2938 tibi
2257 2889 2316 2936 ut
2337 2880 2406 2936 de
2435 2879 2735 2950 Scripturis
2784 2894 2910 2935 cum
2935 2894 3000 2935 eo
3031 2879 3223 2950 loquar
3247 2918 3262 2944 ,
3309 2893 3379 2932 an
3416 2877 3486 2933 de

1889 2972 2068 3028 verbis
2095 2980 2150 3028 et
2173 2970 2456 3026 sententiis
2483 2969 2794 3026 seniorum?
2822 2969 3072 3039 Dixitque
3102 2968 3152 3022 ei
3182 2979 3345 3022 senex
3380 2983 3395 3020 :
3424 2963 3484 3022 Si

1890 3078 1995 3117 non
2028 3069 2184 3133 potes
2213 3070 2429 3128 tacere,
2478 3061 2679 3116 bonum
2707 3068 2794 3116 est
2840 3059 3016 3129 magis
3068 3065 3129 3112 ut
3185 3057 3252 3113 de
3303 3055 3487 3112 verbis

206 3163 388 3210 autem
411 3157 660 3211 dicebat:
691 3155 931 3212 Necdum
962 3157 1262 3214 invenistis.
1294 3158 1426 3213 Post
1444 3171 1633 3214 omnes
1657 3171 1791 3213 vero
1817 3147 1863 3210 C
1893 3153 2169 3210 seniorum
2193 3152 2452 3223 loquaris,
2483 3167 2646 3222 quam
2692 3151 2761 3206 de
2814 3149 3118 3220 Scriptura.
3177 3145 3484 3204 Periculum

205 3247 342 3320 dixit
368 3247 548 3302 abbati
574 3245 807 3318 Josepb:
841 3249 920 3304 Tu
957 3251 1228 3319 quomodo
1245 3250 1382 3307 dicis
1407 3252 1630 3306 verbum
1653 3251 1790 3306 hoc?

207 3339 277 3394 Et
328 3339 414 3395 ille
471 3341 796 3411 respondit:
838 3342 1050 3398 Nescio.
1103 3343 1174 3398 Et
1234 3343 1374 3398 dixit
1419 3342 1590 3399 abbas
1623 3342 1792 3398 Anto-

206 3433 370 3488 nius:
410 3432 548 3489 Vere
582 3434 750 3491 abbas
790 3432 991 3505 Ioseph
1036 3434 1183 3492 solus
1227 3435 1431 3492 invenit
1477 3435 1654 3501 viam,
1697 3431 1789 3506 qui

207 3522 418 3578 nescire
444 3538 502 3578 se
529 3524 824 3594 respondit.
857 3523 1047 3580 Frater
1093 3521 1310 3596 quidam
1339 3525 1794 3596 interrogavitse-

207 3626 332 3666 nem
354 3612 576 3692 dicens:
611 3613 669 3668 Si
695 3613 818 3684 quis
843 3613 1074 3671 fratrum
1117 3616 1298 3671 attulit
1331 3615 1399 3672 ad
1421 3631 1508 3672 me
1551 3617 1618 3672 de
1659 3615 1794 3673 foris

207 3719 505 3770 sermones,
529 3704 630 3769 vis,
657 3705 822 3770 abba,
873 3707 1050 3762 dicam
1086 3707 1136 3764 ei
1167 3716 1225 3762 ut
1255 3723 1362 3764 non
1391 3721 1486 3764 eos
1507 3707 1702 3765 aﬂ‘erat
1724 3709 1794 3764 ad

207 3794 334 3848 me?
372 3793 440 3848 Et
475 3795 752 3865 respondit
797 3795 848 3851 ei
877 3812 1082 3853 senex:
1115 3797 1254 3855 Noli.
1300 3799 1369 3854 Et
1407 3800 1540 3856 dicit
1583 3799 1794 3856 frater:

208 3881 424 3948 Quare?
464 3885 762 3955 Respondit
784 3902 950 3942 senex
975 3905 988 3942 :
1023 3886 1158 3954 Quia
1185 3903 1284 3945 nec
1307 3905 1410 3946 nos
1434 3890 1712 3961 potuimus
1742 3891 1796 3946 id

208 3974 501 4030 custodire.
533 3974 598 4030 Et
625 3976 761 4031 dixit
798 3977 969 4034 frater
993 3996 1007 4032 :
1041 3979 1181 4046 Quid
1203 3993 1335 4051 ergo
1362 3979 1524 4036 debet
1551 3978 1702 4034 ﬁeri?
1729 3978 1798 4034 Et

210 4064 489 4132 respondit
515 4065 564 4119 ei
601 4081 762 4121 senex
795 4081 810 4121 :
841 4065 898 4122 Si
935 4067 1181 4124 volumus
1215 4067 1644 4126 taciturnitatem
1681 4082 1799 4123 ser-

210 4168 359 4218 vare,
385 4153 580 4210 suﬂicit
608 4158 852 4230 proximo
878 4159 1069 4214 modus
1090 4159 1225 4228 ipse.

717 4242 944 4304 CAPUT
1001 4247 1286 4303 ιιιιχνιιι.

769 4337 847 4391 De
873 4339 1251 4393 taciturnitate.

227 4419 230 4498 ξ
284 4423 492 4498 Lingua
536 4425 772 4481 diserete
807 4425 1069 4482 frenanda
1117 4436 1201 4482 est
1229 4466 1245 4492 ,
1294 4442 1403 4483 non
1442 4425 1802 4483 insolubiliter

1888 3244 2035 3300 enim
2061 3251 2149 3300 est
2180 3259 2289 3299 non
2327 3258 2578 3314 parvum.
2608 3242 2756 3298 Dixit
2803 3256 3012 3297 senex:
3045 3241 3180 3309 Quia
3229 3241 3393 3296 homo
3437 3240 3486 3294 si

1887 3336 2114 3392 verbum
2137 3336 2356 3405 quidem
2386 3335 2602 3400 habeat,
2627 3347 2790 3404 opera
2819 3342 3002 3389 autem
3025 3349 3132 3389 non
3157 3332 3375 3398 habeat,
3401 3346 3487 3386 as-

1890 3425 2215 3482 similabitur
2243 3424 2424 3481 arbori
2455 3424 2674 3481 habenti
2701 3423 2850 3490 folia,
2882 3422 3119 3478 fructum
3147 3430 3328 3477 autem
3349 3437 3482 3477 non.

1893 3515 2048 3572 Sicut
2058 3515 2203 3572 enim
2216 3517 2380 3572 arbor
2396 3515 2660 3571 fructibus
2672 3514 2829 3586 plena
2843 3515 3009 3570 etiam
3023 3513 3167 3570 foliis
3180 3513 3392 3578 viridis,
3410 3513 3487 3568 ita

1893 3613 1950 3662 et
1966 3620 2146 3661 sermo
2161 3604 2514 3676 consequitur
2538 3605 2814 3660 hominem
2831 3604 2924 3674 qui
2955 3603 3121 3660 habet
3132 3618 3300 3675 opera
3320 3602 3485 3658 bona.

2436 3693 2666 3751 CAPUT
2704 3693 2952 3750 XXXIX.

2469 3787 2544 3843 De
2566 3786 2923 3860 multiloquio.

1968 3877 2238 3949 Scriptum
2263 3886 2348 3935 est
2371 3879 2467 3933 :In
2487 3877 2818 3948 multiloquio
2845 3894 2947 3932 non
2975 3877 3192 3948 effugies
3219 3886 3490 3948 peccatum

1899 3967 2083 4042 (Prov.
2109 3968 2186 4039 ι).
2212 3969 2280 4023 Et
2304 3987 2318 4023 :
2353 3967 2458 4032 Qui
2483 3968 2659 4021 multis
2685 3968 2854 4021 utitur
2875 3967 3067 4033 verbis,
3090 3967 3234 4023 (redit
3254 3968 3490 4021 animam

1897 4077 2048 4115 suam
2067 4059 2259 4131 (Ercli.
2286 4058 2400 4130 xx).
2418 4057 2504 4121 Et,
2519 4059 2612 4113 Vir
2627 4057 2900 4128 linguosus
2922 4073 3026 4110 non
3048 4057 3306 4126 dirigetur
3331 4073 3488 4126 super

1899 4161 2096 4206 terram
2125 4149 2297 4221 (Psal.
2333 4147 2578 4218 cxxxtx).
2613 4148 2679 4202 Et
2719 4148 2765 4203 si
2794 4147 2849 4201 in
2890 4147 3230 4215 multiloquio
3262 4145 3491 4201 extolla-

1902 4255 2043 4307 mur,
2084 4255 2268 4296 coram
2301 4239 2528 4294 Domino
2558 4253 2665 4292 non
2709 4236 3062 4292 absolvimur.
3103 4236 3257 4291 Unde
3298 4235 3492 4291 melius

1902 4341 1986 4389 est
2008 4340 2069 4387 ut
2093 4331 2222 4386 illud
2255 4330 2539 4386 Dominum
2580 4336 2833 4399 rogantes
2863 4327 3147 4382 dicamus:
3177 4324 3347 4392 Pone,
3373 4325 3489 4381 Do-

1903 4425 2060 4489 mine,
2090 4421 2384 4478 custodiam
2409 4421 2488 4475 ori
2517 4435 2652 4485 meo,
2676 4427 2724 4473 et
2753 4419 2946 4473 ostium
2968 4417 3381 4472 circumstantia:
3402 4415 3490 4472 la-

209 4496 523 4585 obliganda.
577 4513 848 4584 Scriptum
903 4531 1138 4588 namque
1169 4525 1254 4572 est
1283 4533 1298 4571 :
1341 4515 1560 4588 Sapiens
1611 4517 1798 4580 tacebit
1823 4506 1878 4568 D
1902 4517 2000 4572 biis
2026 4516 2154 4571 meis
2186 4513 2360 4585 (Psal.
2383 4511 2530 4584 οη).
2560 4511 2629 4567 Et
2663 4528 2678 4567 :
2729 4510 2853 4566 Non
2875 4509 3103 4564 declines
3125 4525 3217 4564 cor
3234 4524 3408 4563 meum
3432 4508 3492 4564 in

214 4623 379 4678 usque
397 4607 466 4661 ad
492 4616 692 4676 tempus
718 4605 910 4679 (Eccli.
932 4607 1049 4680 xx),
1081 4618 1140 4665 ut
1167 4609 1426 4666 nimirum
1456 4625 1579 4666 eum
1601 4624 1800 4681 oppor-

218 4708 408 4754 tunum
455 4685 784 4763 considerat,
828 4700 1123 4770 postposita
1164 4715 1394 4756 censura
1423 4699 1667 4767 silentii,
1720 4701 1801 4756 lo-

216 4790 431 4861 quendo
457 4806 576 4861 qua:
608 4799 909 4863 congruunt
939 4791 996 4846 in
1024 4809 1182 4848 usum
1223 4807 1281 4849 se
1308 4793 1560 4848 utilitatis
1588 4793 1798 4863 impen-

217 4883 328 4936 dat.
367 4882 441 4937 De
469 4883 675 4938 tacendi
700 4892 862 4954 atque
895 4883 1148 4955 loquendi
1175 4899 1407 4942 censura
1435 4901 1535 4956 per
1555 4885 1802 4942 Salomo-

219 4990 344 5032 ncm
373 4974 606 5032 dicitur:
641 4973 864 5046 Tempus
913 4976 1156 5042 tacendi,
1215 4986 1263 5030 et
1311 4985 1512 5048 tempus
1555 4975 1801 5047 loquendi

221 5063 411 5138 (Eccli.
428 5065 531 5136 ιιι).
564 5066 803 5120 Discrete
828 5066 1026 5137 quippe
1056 5067 1486 5122 vicissitudinum
1526 5066 1804 5138 pensanda

220 5168 350 5215 sunt
370 5170 634 5230 tempora,
666 5175 734 5215 ne
777 5169 870 5214 aut
916 5175 1037 5214 eum
1090 5159 1343 5230 restringi
1395 5158 1574 5228 lingua
1603 5159 1803 5225 debet,

219 5263 318 5319 per
346 5250 508 5304 verba
538 5250 796 5304 inutiliter
835 5249 1034 5304 delluat
1057 5289 1071 5313 ,
1127 5257 1222 5303 aut
1244 5263 1368 5303 eum
1409 5245 1555 5318 loqui
1603 5247 1808 5302 utiliter

220 5354 421 5413 potest,
449 5345 790 5414 semetipsam
843 5345 994 5416 pigre
1044 5343 1356 5414 restringat.
1385 5340 1626 5415 (Gregor.
1649 5382 1665 5408 ,
1709 5341 1802 5397 lib.

223 5455 295 5492 vn
329 5437 626 5508 Mor.,cap.
661 5436 774 5509 26.)
815 5436 1025 5503 Quanta
1075 5437 1146 5492 sit
1172 5437 1376 5491 utilitas
1423 5434 1806 5490 taciturnitatis

224 5528 507 5585 Psalmista
537 5528 884 5584 considerans
913 5527 989 5581 ait
1013 5545 1025 5580 :
1064 5526 1229 5591 Pone,
1254 5525 1490 5589 Domine,
1509 5525 1803 5579 custodiam

227 5622 308 5676 ori
341 5639 477 5684 meo,
501 5631 547 5674 et
577 5620 766 5674 ostium
797 5618 1203 5672 circumstantia:
1257 5616 1410 5671 labiis
1459 5617 1587 5670 meis
1627 5614 1801 5686 (Psal.

233 5714 376 5785 ext).
405 5713 520 5771 Non
551 5713 694 5773 enim
730 5710 852 5785 poni
882 5709 964 5769 ori
1008 5725 1106 5766 suo
1133 5709 1430 5784 parietem,
1471 5708 1563 5768 sed
1603 5706 1802 5766 ostium

1903 4607 2054 4664 verba
2076 4605 2292 4661 malitia:
2313 4603 2525 4677 (lbid.).
2550 4601 2814 4675 [Gregor.,
2841 4600 2930 4654 lib.
2955 4615 3054 4666 vn,
3081 4617 3128 4655 c.
3153 4599 3248 4664 25,
3272 4601 3328 4653 in
3353 4613 3402 4653 θ.
3432 4613 3489 4655 vr

1904 4697 2052 4772 100.]
2093 4695 2430 4754 Admonendi
2458 4703 2584 4750 sunt
2613 4691 2949 4762 multiloquio
2962 4700 3240 4756 vacantes,
3272 4698 3334 4745 ut
3356 4689 3494 4761 vigi-

1906 4789 2080 4844 lantes
2092 4787 2375 4859 aspiciant,
2391 4795 2595 4856 quanto
2607 4799 2637 4839 a
2652 4781 2995 4840 rectitudinis
3010 4789 3154 4837 statu
3169 4781 3490 4852 depereunt,

1905 4881 2032 4937 dum
2046 4895 2145 4952 per
2157 4877 2471 4948 multiplicia
2490 4879 2653 4934 verba
2667 4876 2993 4932 dilabuntur.
3019 4874 3267 4930 Humana
3286 4873 3490 4930 etenim

1906 4988 2060 5030 mens
2080 4987 2235 5044 aqua:
2246 4985 2396 5028 more
2410 4969 2788 5035 circumclusa,
2809 4968 2878 5022 ad
2894 4966 3174 5037 superiora
3196 4965 3491 5036 colligitur,

1905 5063 2031 5135 quia
2069 5062 2199 5118 illud
2228 5061 2422 5131 repetit
2460 5059 2606 5116 unde
2648 5057 2947 5122 descendit,
2975 5063 3032 5111 et
3059 5056 3300 5110 relaxata
3332 5057 3494 5124 depe-

1907 5153 2002 5217 rit,
2032 5151 2159 5221 quia
2188 5165 2248 5206 se
2270 5165 2370 5220 per
2402 5148 2588 5204 inﬁma
2618 5146 2882 5204 inutiliter
2908 5146 3133 5217 spargit.
3175 5144 3276 5211 Qui
3303 5158 3494 5212 snper-

1908 5243 2096 5298 vacuis
2122 5242 2300 5296 verbis
2323 5256 2353 5294 a
2383 5239 2584 5296 silentii
2616 5239 2698 5294 sui
2727 5252 2956 5293 censura
2987 5237 3302 5305 dissipatur,
3333 5235 3491 5303 quasi

1908 5347 1990 5396 tot
2017 5337 2148 5392 rivis
2191 5345 2342 5391 extra
2389 5349 2448 5390 se
2494 5334 2731 5397 ducitur,
2760 5332 2904 5386 unde
2947 5339 3003 5386 et
3045 5329 3224 5386 redire
3263 5326 3494 5382 interius

1911 5443 2068 5484 mens
2094 5427 2162 5482 ad
2194 5426 2275 5481 sui
2306 5424 2669 5495 cognitionem
2699 5437 2805 5476 non
2831 5419 3046 5484 sufﬁcit,
3076 5419 3201 5489 quia
3231 5430 3330 5486 per
3354 5415 3492 5468 mul-

1909 5519 2191 5590 tiloquium
2221 5531 2408 5587 sparsa
2431 5531 2462 5569 a
2490 5521 2698 5571 secreto
2726 5528 2785 5568 se
2814 5512 3016 5567 intima:
3043 5505 3493 5565 considerationis

1911 5611 2166 5669 excludit.
2196 5610 2386 5666 Totam
2416 5623 2545 5664 vero
2569 5623 2627 5662 se
2651 5605 2956 5662 insidiantis
2984 5601 3156 5658 hostis
3179 5595 3491 5651 vulneribus

1909 5704 2136 5777 detegit,
2161 5703 2285 5776 quia
2305 5717 2361 5758 se
2383 5700 2679 5757 munitione
2693 5695 2948 5755 custodia:
2961 5709 3068 5748 non
3092 5685 3486 5746 circumcludit.
