3940 6440
511 307 621 365 655
718 338 721 341 ι

1812 284 2165 354 summm)!
2201 292 2493 350 ΑΒΜ-[ιδ
2534 282 2543 283 “

3694 291 3815 347 056

511 421 571 476 In
583 419 894 477 Proverbiis
907 418 1165 488 scriptum
1188 423 1272 473 est
1292 416 1447 488 (Cap.
1474 414 1604 485 xxv)
1629 427 1644 468 :
1675 412 1827 468 Sicut
1848 412 1972 465 urbs
1994 423 2090 480 pa—
2115 411 2166 469 Α
2191 421 2476 476 possumus
2500 407 2776 461 custodire
2790 419 2890 460 cor
2908 411 3174 468 nostrum,
3212 403 3258 460 si
3284 403 3469 474 lingua
3495 412 3693 458 nostra
3709 404 3809 473 ja-

482 522 626 566 -tens
652 520 701 565 et
736 510 927 581 absque
946 524 1218 563 murorum
1248 507 1469 572 ambitu,
1497 507 1571 559 ita
1595 506 1672 561 vir
1688 504 1779 576 qui
1805 519 1909 557 non
1924 510 2089 572 potest

511 602 567 654 in
594 599 848 669 loqaeudo
882 599 1119 653 cohibere
1151 598 1392 667 spiritum
1429 611 1606 650 suum.
1646 593 1782 660 Quia
1803 591 1950 646 enim
1975 605 2093 645 mu-

512 705 694 746 rorum
728 691 1001 747 silentium
1043 705 1150 746 non
1176 689 1358 755 habet,
1393 696 1542 758 patet
1572 686 1776 741 inimici
1795 683 1993 754 iaculis
2016 681 2093 737 ci-

509 780 652 835 vitas
676 781 902 847 mentis,
932 791 992 837 et
1014 797 1138 838 cum
1164 795 1224 836 se
1251 795 1348 851 per
1366 780 1531 834 verba
1558 786 1713 832 extra
1744 776 2092 846 semetipsam

507 870 677 937 ejicit,
706 881 954 943 apertam
975 887 1035 928 se
1066 871 1378 927 adversario
1402 870 1658 926 ostendit.
1691 865 1957 939 (ϐησαν-η
1983 864 2093 919 Pa-

507 972 639 1016 stor.
670 962 827 1018 Cum:
856 981 910 1034 p.
939 979 1025 1027 Ill,
1045 963 1262 1017 udmon.
1300 960 1412 1033 l5.)
1448 959 1771 1030 Plerumque
1807 972 1906 1029 per
1929 970 2094 1027 quos-

509 1056 635 1109 dam
657 1055 876 1124 gradus,
887 1054 1151 1110 desidiosa
1178 1068 1332 1109 mens
1363 1053 1417 1107 in
1442 1051 1653 1108 foveam
1679 1052 1828 1121 lapsa
1858 1048 2092 1119 impelli—

510 1157 623 1211 tur,
650 1154 706 1200 et
724 1146 852 1200 dum
871 1146 1044 1201 otiosa
1070 1145 1230 1199 verba
1253 1159 1448 1199 cavere
1469 1144 1810 1215 negligimus,
1841 1142 1909 1196 ad
1931 1139 2094 1196 noxia

513 1233 888 1303 pervenimus,
919 1240 979 1287 ut
1002 1233 1155 1302 prius
1178 1232 1327 1302 loqui
1353 1232 1527 1288 aliena
1558 1231 1742 1296 libeat,
1768 1239 1825 1285 et
1851 1238 2094 1300 postmo-

512 1325 640 1380 dum
663 1322 1090 1379 detractionibus
1108 1323 1275 1377 vitam
1296 1337 1486 1377 eorum
1511 1322 1579 1377 de
1602 1322 1800 1392 quibus
1823 1320 2097 1393 loquimur

508 1415 779 1479 mordeat,
805 1413 875 1471 ad
900 1422 1204 1470 extremum
1231 1428 1364 1469 vero
1387 1426 1559 1484 usque
1579 1415 1648 1469 ad
1668 1424 1887 1484 apertas
1912 1413 2095 1485 lingua

504 1492 867 1563 contumelias
901 1513 1169 1575 erumpat.
1208 1506 1313 1561 Per
1341 1504 1749 1561 en‘renationem
1786 1506 1985 1576 linguae
2010 1518 2097 1560 se-

386 1636 391 1639 -
510 1598 791 1653 minantur
827 1597 1051 1663 stimuli,
1095 1597 1348 1652 oriuntur
1370 1597 1522 1659 rixae,
1554 1595 1923 1651 accendqu
1949 1595 2097 1655 taces

488 1689 782 1756 _odiorum,
812 1704 917 1759 pax
957 1688 1321 1759 exstinguitur
1358 1688 1626 1743 cordium.
1657 1686 1864 1759 (Greg.,
1896 1686 2092 1743 Horat.

2194 512 2356 551 nuaio
2377 508 2618 567 apertam
2641 496 2923 553 habuerit?
2943 495 3134 551 Frater
3153 495 3514 566 interrogavit
3535 495 3802 552 abbatem

2191 586 2471 649 Pastorem
2500 592 2689 649 dicens
2724 610 2740 646 :
2783 591 3066 660 Quomodo
3093 600 3308 661 oportet
3341 591 3685 646 monachum
3711 607 3803 648 se-

2193 682 2323 738 dere
2348 683 2402 736 in
2432 682 2607 738 cella?
2634 683 2701 740 Et
2722 683 3034 754 respondit:
3063 682 3336 750 Quantum
3371 684 3443 740 ad
3466 685 3524 741 id
3560 686 3716 755 quod
3744 686 3798 740 in

2192 774 2483 832 manifesto
2527 783 2634 841 est,
2677 776 2781 832 hoc
2812 785 2919 844 est,
2951 786 3013 831 ut
3044 777 3211 833 faciat
3247 793 3386 848 opus
3411 793 3707 843 manuum,
3743 786 3799 835 et

2193 866 2360 922 semel
2405 867 2684 932 comedat,
2732 875 2788 922 et
2826 876 3037 934 taceat,
3084 875 3142 923 et
3189 866 3506 923 meditetur.
3567 867 3799 924 Occulte

2194 958 2339 1013 enim
2368 958 2632 1029 prolicere
2659 968 2840 1029 potest
2863 960 2918 1016 in
2937 959 3097 1026 cella,
3136 961 3241 1015 hoc
3271 968 3375 1025 est,
3402 967 3467 1014 ut
3493 960 3797 1028 redarguat

2193 1050 2545 1119 semetipsum
2587 1051 2655 1106 de
2694 1052 2928 1122 propriis
2972 1051 3287 1108 excessibus
3323 1050 3714 1122 unusquisque
3741 1050 3795 1106 in

2193 1140 2344 1196 enini
2370 1140 2490 1198 loco
2508 1143 2577 1197 ad
2595 1155 2756 1213 quem
2781 1143 3104 1213 perrexerit.

2806 1259 3038 1331 CAPUT
3075 1272 3188 1329 XL.

2777 1384 2854 1441 De
2903 1385 3203 1441 collatione.

2266 1494 2450 1566 (Isid..
2478 1496 2573 1550 lib.
2612 1511 2676 1551 tu
2705 1494 2880 1561 Sent,
2920 1512 3037 1566 cap.
3076 1495 3191 1568 l4.)
3224 1495 3358 1551 Cum
3403 1497 3477 1551 sit
3519 1497 3677 1553 utilis
3718 1498 3790 1553 ad

2194 1585 2571 1641 instruendum
2631 1586 2795 1642 lectio
2825 1627 2841 1652 ,
2904 1588 3142 1643 adhibita
3209 1596 3390 1645 tamen
3454 1588 3793 1655 collatione,

2197 1676 2458 1746 majorem
2508 1676 2923 1748 intelligentiam
2975 1678 3199 1748 prabet.
3256 1675 3446 1733 Melius
3505 1688 3595 1734 est
3642 1681 3795 1733 enim

505 1780 546 1835 ι.
569 1795 669 1847 vn,
698 1797 749 1835 ο.
781 1780 896 1853 57.)
926 1778 1063 1848 Quia
1104 1779 1449 1850 nmitiloquio
1488 1779 1719 1850 quisque
1758 1777 2089 1844 deserviens,
2118 1785 2168 1845 Β
2196 1768 2446 1824 conferre
2492 1784 2656 1839 quam
2696 1768 2897 1840 legere.
2933 1768 3162 1826 Collatia
3197 1768 3589 1825 docibilitatem
3633 1770 3790 1825 facit.

506 1871 881 1928 rectitudinem
897 1871 1124 1943 iustitia
1145 1880 1332 1928 tenere
1356 1885 1697 1942 nequaquam
1715 1872 1906 1942 possit,
1930 1876 2097 1926 testa-

477 1975 596 2033 -tur
639 1963 906 2034 Propheta
950 1963 1043 2034 qui
1087 1967 1167 2018 ait
1208 1981 1224 2017 :
1278 1960 1369 2016 Vir
1404 1962 1679 2033 linguosus
1710 1978 1812 2017 non
1841 1962 2099 2033 dirigetur

504 2070 663 2123 super
708 2063 905 2108 terram
934 2051 1110 2123 (Psal.
1141 2054 1391 2125 cxxxlx).
1442 2052 1581 2109 Hinc
1605 2052 1861 2109 Salomon
1897 2054 2094 2109 iterum

505 2145 624 2199 ait:
672 2143 743 2198 In
775 2143 1105 2216 multiloquio
1134 2152 1404 2215 peccatum
1433 2159 1538 2198 non
1576 2143 1742 2199 deerit
1784 2142 1968 2213 (Prov.
2011 2144 2091 2215 x).

505 2236 674 2290 Isaias
708 2237 970 2308 propheta
1009 2236 1088 2291 ait
1117 2251 1134 2291 :
1163 2234 1350 2291 Cultus
1381 2237 1610 2307 justitiat
1650 2235 1917 2292 silenti-tm
1954 2235 2091 2308 (ιω.

507 2329 704 2399 xxxii).
734 2327 999 2383 Videlicet
1023 2328 1269 2383 iudicans
1292 2327 1421 2397 quia
1461 2327 1661 2384 mentis
1694 2325 1913 2396 iustitia
1937 2328 2095 2384 deso—

504 2418 664 2482 latur,
688 2419 906 2489 quando
921 2419 992 2474 ab
1019 2419 1375 2475 immoderata
1397 2419 1668 2476 locutione
1688 2435 1798 2475 non
1825 2420 2089 2491 parcitur.

504 2508 643 2564 Ilinc
684 2508 919 2565 Iacobus
960 2512 1040 2565 ait
1066 2529 1080 2565 :
1113 2509 1172 2566 Si
1194 2512 1313 2582 quis
1343 2520 1495 2580 putat
1527 2526 1583 2565 se
1624 2508 1925 2581 religiosum
1957 2526 2090 2576 esse,

504 2616 608 2655 non
628 2592 908 2670 refrenatus
934 2601 1169 2673 linguam
1197 2618 1371 2667 suam,
1395 2601 1487 2657 sed
1517 2601 1773 2657 διάκειται
1801 2617 1893 2656 cor
1912 2616 2088 2668 suum,

428 2748 431 2753 ν
502 2690 663 2760 hujus
690 2708 824 2746 vana
845 2702 923 2747 est
958 2693 1138 2763 religio
1157 2693 1368 2767 (Iacob.
1393 2693 1454 2765 ι).
1489 2692 1646 2748 Pravi
1669 2694 1886 2763 quidem
1915 2693 2093 2748 homi-

506 2796 622 2845 nes,
654 2782 796 2837 sicut
818 2784 872 2838 in
901 2798 1064 2839 sensu
1100 2784 1246 2840 lcvcs
1283 2793 1430 2850 sunt,
1466 2784 1540 2838 ita
1573 2784 1629 2839 in
1658 2784 1931 2840 locutione
1953 2800 2090 2856 prte-

503 2872 732 2942 cipitrs,
767 2883 823 2928 et
863 2875 1093 2930 reticere
1129 2876 1516 2945 pertractanda
1555 2876 1833 2948 negligunt
1853 2890 1976 2947 qua:
2011 2876 2089 2931 lo-

499 2971 763 3030 quuntur,
796 2965 889 3019 sed
917 2964 1063 3035 quod
1102 2965 1238 3021 levis
1266 2966 1602 3022 conscientia
1629 2967 1889 3037 concipit,
1917 2967 2091 3023 levior

497 3054 747 3121 protinus
774 3055 952 3127 lingua
981 3055 1249 3127 producit.
1280 3057 1386 3112 Per
1426 3059 1775 3127 semetipsam
1805 3073 1905 3114 nos
1932 3060 2088 3114 Veri-

2194 1856 2331 1911 Nam
2383 1858 2679 1929 propositis
2733 1858 3249 1929 interrogationibus
3285 1861 3564 1917 cunctatio
3602 1878 3793 1917 rerum

2172 1948 2523 2015 excluditur,
2552 1960 2609 2006 et
2661 1965 2806 2021 saepe
2836 1950 3234 2022 objectiouibus
3260 1950 3432 2006 latens
3458 1954 3664 2009 veritas
3694 1970 3793 2024 ap-

2192 2039 2473 2109 probatur.
2528 2039 2687 2107 Quod
2737 2040 2884 2097 enim
2927 2040 3221 2096 obscurum
3261 2048 3344 2096 est
3395 2050 3490 2097 aut
3534 2042 3789 2109 dubium,

2192 2130 2524 2188 conferendo
2563 2132 2673 2188 cito
2722 2132 3071 2203 perspicitur.
3129 2131 3282 2188 Sicut
3329 2133 3600 2189 instruere
3643 2134 3790 2189 solet

2192 2225 2449 2291 collatio,
2490 2224 2566 2279 ita
2603 2224 2879 2281 contentio
2917 2225 3166 2282 destruit.
3221 2224 3349 2281 limo
3390 2226 3535 2282 enim
3592 2227 3789 2283 relicto

2192 2329 2355 2370 sensu
2396 2314 2661 2380 veritatis,
2700 2314 2826 2372 lites
2865 2323 3110 2385 generat,
3146 2323 3204 2372 et
3248 2316 3538 2386 pugnando
3566 2317 3776 2384 verbis,

2190 2406 2357 2461 etiam
2387 2406 2442 2460 in
2476 2406 2645 2462 Deum
2669 2405 3027 2478 blasphemat.
3054 2406 3241 2465 laxatio
3263 2407 3539 2463 memoria:
3565 2408 3780 2462 auxilio

2191 2504 2338 2569 eget.
2372 2496 2528 2564 Quod
2571 2498 2619 2553 si
2659 2498 2827 2555 fuerit
2867 2499 3193 2555 naturaliter
3227 2499 3463 2565 tardior,
3494 2498 3781 2571 frequenti

2190 2595 2374 2644 tamen
2414 2588 2764 2645 meditatione
2798 2588 3032 2656 acuitur,
3080 2605 3144 2647 ac
3197 2589 3409 2662 legendi
3458 2590 3783 2646 assiduitate

2182 2678 2480 2750 colligitur.
2514 2678 2669 2750 Stepe
2691 2679 2898 2750 pmlixa
2918 2681 3081 2737 lectio
3101 2680 3456 2753 longitudinis
3479 2696 3643 2737 causa
3662 2696 3781 2737 me-

2184 2771 2421 2829 muriam
2440 2771 2667 2843 legentis
2688 2772 2985 2829 oblitterat.
3004 2773 3158 2842 Quod
3172 2775 3217 2830 si
3241 2775 3422 2831 brevis
3446 2775 3537 2837 sit.
3560 2774 3781 2831 submo-

2188 2869 2355 2934 toque
2403 2864 2544 2921 libro
2596 2868 2867 2923 sententia
2905 2875 3241 2925 retractatur
3273 2868 3331 2923 in
3374 2868 3592 2935 animo,
3638 2878 3773 2924 tunc

2186 2956 2308 3012 sine
2340 2956 2525 3014 labore
2544 2957 2743 3030 legitur
2768 2973 2786 3013 :
2812 2967 2868 3016 ct
2888 2975 2953 3016 ea
2976 2975 3098 3030 quae
3124 2959 3264 3016 lecta
3289 2968 3418 3016 sunt
3442 2960 3737 3018 recolendo
3756 3002 3774 3029 ,

2191 3050 2454 3105 memoria
2489 3051 2713 3108 minime
2739 3052 3020 3109 excidunt.
3059 3052 3458 3124 Acceptabilior
3478 3062 3563 3110 est
3594 3055 3779 3111 sensi-

498 3153 582 3199 tas
594 3145 847 3201 admonet
862 3148 1048 3203 dicens
1072 3165 1086 3201 :
1115 3146 1283 3203 Omne
1299 3148 1510 3204 verbum
1531 3151 1756 3204 otiosum
1769 3150 2085 3221 quodlocuti
2111 3137 2155 3199 C
2187 3141 2288 3196 bus
2313 3142 2472 3198 lectio
2500 3144 2663 3198 tacita
2681 3185 2697 3209 ,
2734 3159 2897 3215 quam
2925 3152 3132 3214 aperta.
3162 3144 3408 3215 Amplius
3437 3144 3580 3201 enim
3613 3145 3779 3203 intel-

495 3237 688 3305 fueriut
710 3238 969 3305 homines,
992 3240 1205 3295 reddent
1236 3240 1302 3294 de
1323 3259 1383 3296 eo
1408 3244 1667 3301 rationem
1689 3244 1745 3297 in
1774 3244 1861 3298 die
1885 3244 2085 3314 judicii

496 3325 713 3395 (Matth.
751 3329 870 3399 xu).
921 3329 1168 3386 Ot’osum
1206 3334 1407 3404 quippe
1424 3334 1650 3388 verbum
1670 3340 1777 3400 est,
1822 3335 1969 3404 quod
1989 3340 2084 3390 aut

497 3416 640 3472 ratio
663 3432 708 3472 .e
727 3417 891 3486 just-.e
914 3423 1273 3489 necessitatis,
1305 3431 1399 3479 aut
1424 3425 1723 3481 intentione
1747 3426 1852 3496 piae
1879 3426 2083 3483 utilita-

500 3506 574 3561 tis
600 3516 769 3562 caret.
815 3508 876 3564 εἰ
915 3526 1046 3582 ergo
1070 3514 1212 3568 ratio
1237 3513 1305 3569 de
1338 3514 1517 3571 otioso
1549 3529 1799 3572 somnne
1825 3517 2078 3588 exigitur,

497 3613 942 3671 pensemusqua:
985 3618 1145 3673 poena
1190 3605 1530 3674 multiloquio
1577 3614 1818 3675 maneat,
1863 3608 1919 3663 in
1971 3622 2082 3680 quo

425 3733 429 3736 .
496 3689 662 3743 etiam
708 3706 805 3760 per
847 3693 1007 3748 noxia
1034 3696 1216 3751 .verba
1269 3705 1544 3767 peccatur.
1597 3698 1744 3755 Dixit
1792 3700 2080 3771 aliquando

424 3790 431 3796 '
495 3779 660 3833 etiam
692 3781 860 3837 abbas
904 3781 1093 3854 Sysois
1130 3803 1143 3839 :
1181 3785 1377 3853 Crede,
1417 3789 1599 3857 crede,
1640 3789 1767 3861 quia
1810 3806 1939 3848 ecce
1984 3794 2083 3848 tri-

495 3872 643 3944 ginta
672 3876 1063 3943 annos'habco,
1086 3880 1227 3948 quod
1250 3896 1357 3935 non
1380 3882 1641 3952 deprecor
1664 3885 1833 3939 Deum
1858 3894 2081 3955 propter

494 3974 773 4035 peccatum
799 4005 816 4031 ,
883 3967 980 4024 sed
1045 3984 1211 4026 orans
1270 3971 1373 4027 hoc
1428 3972 1553 4028 dico
1597 3991 1613 4028 :
1672 3974 1901 4030 Domine
1928 3974 2076 4031 ‘Jesu

493 4056 729 4123 Christe,
763 4067 985 4130 protege
1012 4076 1148 4118 mea
1180 4063 1361 4134 lingua
1387 4078 1509 4119 mea
1557 4083 1572 4118 :
1620 4072 1677 4121 et
1720 4080 1893 4136 usque
1932 4080 2078 4122 nunc

492 4161 590 4218 per
629 4149 867 4221 singulos
911 4151 1028 4207 dies
1071 4168 1270 4209 corruo
1319 4170 1419 4225 per
1460 4155 1635 4226 ipsam
1690 4164 1748 4211 et
1795 4156 2071 4228 delinquo.

491 4239 677 4296 Abhas
704 4240 1008 4298 Macharius
1034 4242 1205 4314 major
1228 4244 1281 4299 in
1309 4244 1498 4316 Scythi
1528 4247 1743 4303 dicebat
1766 4246 2029 4305 fratribus
2056 4264 2073 4302 :

494 4332 625 4387 Post
646 4334 843 4389 missas
870 4334 1128 4392 Ecclesiae
1161 4337 1328 4409 fugite
1347 4338 1565 4395 fratres.
1603 4340 1672 4395 Et
1691 4340 1829 4395 dixit
1853 4342 1904 4397 ei
1933 4356 2075 4397 unus

494 4423 699 4478 frater:
737 4424 916 4489 Pater,
948 4442 1058 4496 quo
1080 4430 1344 4484 habemus
1372 4428 1558 4501 fugere
1578 4432 1811 4502 amplius
1830 4447 1862 4485 a
1886 4433 2076 4488 solitu-

2187 3232 2359 3289 lcetus
2395 3234 2700 3300 instruitur,
2750 3237 2969 3307 quando
3008 3252 3114 3293 vox
3163 3236 3395 3308 legentis
3420 3238 3671 3309 quiescit,
3711 3245 3776 3295 et

2184 3326 2287 3381 sub
2315 3327 2534 3383 silentio
2574 3328 2757 3401 lingua
2792 3336 3063 3385 movetur.
3098 3328 3237 3386 Nam
3260 3331 3410 3387 clare
3436 3331 3684 3403 legendo,
3712 3341 3777 3388 et

2183 3433 2383 3489 corpus
2410 3420 2664 3486 lassatur,
2692 3430 2748 3477 et
2788 3423 2940 3480 vocis
2977 3436 3204 3478 acumen
3241 3422 3579 3480 obtunditur.
3623 3423 3778 3496 (Huc

2182 3529 2345 3585 usque
2370 3512 2533 3587 Isid.)
2575 3512 2721 3570 Dixit
2752 3496 2921 3571 abbas
2946 3514 3199 3588 Pelagius
3230 3534 3245 3571 :
3277 3515 3506 3588 Oportet
3530 3518 3776 3575 animam

2181 3606 2479 3661 secundum
2532 3604 2735 3661 Christi
2783 3606 3118 3662 voluntatem
3165 3615 3575 3664 conversantem
3599 3650 3616 3674 ,
3670 3617 3773 3665 aut

2181 3696 2394 3753 discere
2428 3696 2661 3753 lideliter
2694 3712 2819 3768 quae
2861 3698 3057 3763 nescit,
3105 3704 3201 3752 aut
3244 3697 3442 3754 docere
3480 3697 3775 3757 manifeste

2177 3790 2323 3861 quod
2342 3790 2516 3845 novit.
2545 3789 2605 3846 Si
2630 3799 2811 3847 autem
2830 3798 3125 3862 utrumque
3146 3804 3270 3847 cum
3292 3792 3466 3863 possit
3499 3809 3605 3849 non
3629 3793 3772 3861 vult,

2180 3879 2406 3937 insania:
2449 3881 2639 3937 morbo
2668 3881 2899 3938 laborat.
2949 3882 3165 3939 Initium
3202 3881 3348 3938 enim
3401 3883 3690 3939 recedendi
3732 3900 3769 3940 a

2178 3971 2314 4037 Deo,
2362 3969 2637 4026 fastidium
2686 3972 2946 4029 doctrinm
2982 3982 3086 4029 est.
3129 3971 3277 4027 Dixit
3316 3973 3486 4029 abbas
3524 3972 3721 4029 Pastor
3753 3992 3769 4029 :

2176 4060 2315 4128 Quia
2337 4061 2432 4131 qui
2455 4060 2715 4131 querulus
2733 4072 2836 4126 est,
2880 4062 3182 4118 monachus
3204 4078 3310 4118 non
3341 4071 3457 4129 est;
3487 4063 3578 4134 qui
3606 4062 3771 4120 fratri

2177 4168 2277 4208 suo
2300 4153 2559 4220 detrahit,
2592 4154 2893 4210 monachus
2920 4169 3028 4210 non
3067 4163 3182 4219 est;
3210 4154 3307 4226 qui
3340 4154 3630 4219 iracundus
3656 4164 3771 4221 est,

2174 4246 2478 4301 monachus
2505 4261 2613 4302 non
2645 4253 2774 4311 est;
2813 4247 2907 4316 qui
2939 4255 3123 4301 autem
3163 4263 3294 4303 vere
3329 4249 3626 4304 monachus
3654 4258 3769 4316 est,

2174 4350 2389 4405 semper
2415 4343 2502 4391 est
2542 4336 2762 4392 humilis
2790 4344 2849 4392 et
2872 4338 3108 4407 quietus,
3138 4348 3195 4393 et
3243 4340 3510 4395 charitate
3546 4340 3768 4409 plenus,

2173 4436 2231 4483 et
2269 4429 2519 4483 timorem
2558 4427 2654 4483 Dei
2682 4442 2799 4498 prae
2819 4429 2993 4485 oculis
3022 4428 3209 4495 habet,
3245 4438 3303 4485 et
3331 4446 3427 4488 cor
3463 4446 3621 4487 suum
3660 4445 3767 4486 cu-

493 4515 621 4571 dine
641 4515 777 4571 ista?
816 4517 883 4571 Et
900 4517 990 4572 ille
1014 4519 1378 4589 respondebat
1396 4519 1622 4591 digitum
1645 4538 1800 4577 suum
1825 4524 2076 4592 ponendo
2099 4518 2154 4578 D
2178 4518 2363 4576 studit.
2395 4520 2764 4591 Interrogatus
2792 4535 2957 4577 senex
2988 4520 3119 4591 quid
3143 4529 3231 4577 est
3255 4523 3399 4591 quod
3426 4521 3645 4593 legitur,
3676 4522 3766 4576 via

494 4606 547 4661 in
570 4623 688 4673 ore,
717 4608 904 4664 dicens
928 4627 942 4663 :
966 4609 1115 4664 Istud
1134 4619 1220 4666 est
1243 4611 1386 4679 quod
1408 4610 1719 4681 fugiendum
1742 4612 1884 4668 dico.
1912 4613 1979 4668 Et
1999 4616 2079 4669 sic

493 4699 712 4753 intravit
743 4701 795 4755 in
822 4700 1014 4755 cellam
1038 4714 1216 4766 suam,
1245 4709 1300 4755 et
1322 4701 1577 4756 claudens
1598 4701 1818 4766 ostium,
1855 4704 2078 4760 sedebat

493 4792 660 4847 solus.
697 4792 846 4847 Dixit
869 4792 1039 4846 abbas
1073 4788 1297 4861 Sysois:
1328 4789 1467 4857 Quia
1492 4790 1854 4860 peregrinatio
1890 4801 2078 4849 nostra

494 4886 548 4936 in
574 4884 677 4937 hoc
702 4890 788 4937 est
809 4890 873 4936 ut
898 4889 1078 4936 teneat
1102 4883 1266 4936 homo
1285 4896 1349 4936 os
1381 4895 1557 4935 suum.
1595 4881 1743 4937 Dixit
1772 4883 1942 4940 abbas
1969 4883 2077 4957 Hy-

494 4974 723 5044 pcritius
754 4990 770 5027 :
802 4973 1099 5028 Monachus
1138 4972 1230 5042 qui
1272 4988 1378 5029 non
1417 4973 1615 5029 retinet
1648 4973 1886 5045 linguam
1916 4991 2069 5033 suam

475 5066 549 5126 .in
577 5073 819 5132 tempore
842 5061 1061 5130 furoris,
1099 5079 1276 5133 neque
1316 5064 1597 5135 passiones
1618 5077 1845 5123 cancros
1871 5070 2072 5138 poterit

492 5153 783 5222 aliquando
826 5154 1136 5223 prohibere.
1182 5153 1328 5208 Dixit
1365 5154 1532 5210 abbas
1571 5154 1845 5228 Longinus
1886 5158 2081 5215 abbati-

494 5245 658 5300 l.ucio
682 5259 697 5297 :
725 5244 909 5300 Habeo
941 5251 1050 5300 tres
1075 5245 1471 5316 cogitationes:
1502 5260 1662 5300 unam
1681 5287 1697 5312 ,
1732 5253 1794 5300 ut
1814 5248 1881 5303 ad
1907 5261 2069 5316 pere-

492 5338 643 5407 grina
664 5350 902 5406 pergam.
931 5335 997 5390 Et
1014 5336 1356 5405 responditei
1381 5351 1544 5392 senex
1571 5354 1585 5390 :
1615 5337 1672 5391 Si
1698 5352 1804 5392 non
1830 5336 2070 5393 tenueris

493 5428 748 5498 linguam,
772 5441 1092 5497 quocunque
1120 5427 1444 5496 porrexeris,
1475 5443 1580 5483 non
1602 5428 1712 5483 eris
1726 5427 2065 5498 peregrinus.

493 5520 598 5573 Sed
627 5518 836 5574 refrena
860 5517 949 5573 hic
969 5517 1201 5587 linguam
1232 5526 1398 5583 tuam,
1425 5525 1481 5574 et
1493 5518 1603 5573 eris
1623 5519 1785 5572 etiam
1806 5518 1893 5573 hic
1911 5532 2068 5587 perc-

492 5613 694 5677 grinus.
714 5610 904 5667 Frater
924 5611 1273 5683 interrogavit
1285 5611 1534 5665 abbatem
1549 5608 1728 5679 Sysoi,
1743 5608 1925 5662 dicens
1942 5626 1957 5661 :
1973 5608 2070 5662 De-

495 5699 668 5756 sidere
681 5702 952 5758 custodire
964 5717 1057 5758 cor
1069 5717 1245 5758 meum
1254 5741 1266 5755 .
1283 5699 1422 5756 Dicit
1440 5698 1491 5755 ei
1510 5713 1675 5754 senex
1692 5716 1704 5753 :
1724 5697 1790 5754 Et
1802 5700 2068 5770 quomodo

2176 4619 2402 4682 angusta
2426 4619 2475 4665 et
2506 4617 2675 4675 arcta,
2704 4611 3044 4681 respondens
3067 4625 3258 4677 senex,
3286 4610 3364 4665 ait
3394 4628 3408 4665 :
3438 4609 3680 4681 Angusta
3707 4620 3763 4666 et

2173 4711 2323 4755 arcta
2350 4702 2435 4755 uia
2465 4710 2565 4768 est,
2592 4705 2657 4754 ut
2672 4700 3088 4770 cogitationibus
3115 4701 3230 4757 suis
3253 4700 3418 4756 homo
3441 4701 3762 4758 violentiam

2173 4790 2359 4855 faciat,
2409 4801 2468 4846 et
2506 4789 2753 4844 abscidat
2792 4797 3016 4860 propter
3058 4790 3228 4844 Deum
3261 4789 3562 4846 voluntates
3602 4805 3760 4846 suas.

2172 4880 2288 4936 Hoc
2313 4888 2398 4936 est
2422 4881 2586 4936 etiam
2615 4880 2761 4950 quod
2800 4880 3063 4949 scriptum
3090 4886 3178 4935 est
3200 4898 3215 4934 :
3249 4877 3386 4935 Ecce
3408 4896 3501 4936 nos
3540 4878 3761 4951 reliqui-

2173 4988 2291 5027 mus
2320 4972 2520 5035 omnia,
2569 4980 2620 5025 et
2654 4971 2819 5026 secuti
2859 4987 3041 5026 sumas
3085 4980 3135 5026 te
3179 4970 3396 5043 (Matth.
3424 4972 3561 5044 xIx).
3606 4971 3759 5028 Dixit

2173 5078 2339 5120 senex
2364 5079 2378 5116 :
2413 5061 2582 5118 Debet
2603 5062 2902 5117 monachus
2928 5061 3165 5132 quotidie
3186 5076 3347 5117 mane
3371 5070 3429 5118 et
3450 5076 3576 5117 sero
3604 5062 3758 5134 cogi-

2173 5164 2290 5211 tare
2316 5156 2371 5209 in
2401 5154 2708 5224 semetipso,
2741 5153 2872 5223 quid
2902 5152 3031 5209 fecit
3067 5167 3257 5208 eorum
3283 5167 3405 5223 quae
3441 5151 3556 5207 vult
3582 5152 3756 5219 Deus,

2170 5256 2227 5302 et
2251 5260 2372 5317 quae
2396 5260 2506 5300 non
2530 5244 2694 5299 fecit:
2727 5251 2784 5298 et
2812 5242 2888 5297 ita
2911 5250 3148 5298 tractans
3166 5258 3381 5298 omnem
3403 5241 3571 5297 vitam
3593 5256 3750 5298 suam

2169 5335 2546 5408 pmuitentiam
2586 5332 2815 5404 agendo,
2866 5332 3166 5388 monachus
3208 5347 3331 5387 esse
3372 5340 3568 5402 potest.
3601 5331 3751 5388 Dixit

2172 5439 2380 5481 senex:
2419 5422 2731 5480 Dormiente
2761 5430 2834 5488 te,
2866 5430 2960 5476 aut
2998 5429 3287 5492 surgente.
3317 5420 3401 5476 vel
3426 5420 3573 5474 aliud
3616 5420 3751 5489 quid

2172 5514 2429 5582 faciente,
2455 5514 2499 5569 si
2528 5512 2695 5568 fuerit
2726 5511 2871 5568 Deus
2894 5519 3021 5566 ante
3043 5510 3232 5567 oculos
3255 5519 3397 5575 tuos,
3434 5509 3488 5564 in
3520 5509 3669 5564 nullo
3696 5515 3752 5566 te

2174 5606 2427 5662 inimicus
2454 5603 2652 5675 poterit
2680 5604 2977 5665 deterrere,
3005 5608 3062 5656 ct
3091 5601 3136 5657 si
3163 5600 3287 5656 talis
3314 5600 3577 5671 cogitatio
3599 5616 3749 5657 mau-

2173 5698 2306 5755 serit
2330 5698 2385 5754 in
2410 5695 2648 5763 homine,
2675 5697 2838 5752 etiam
2856 5692 2955 5755 Dei
2986 5693 3158 5749 virtus
3185 5699 3367 5754 manet
3388 5691 3442 5745 in
3468 5707 3558 5747 eo.
3645 5743 3650 5747 .
