3940 6422
172 301 284 360 63"

770 411 996 469 CAPUT
1034 411 1167 468 XLI.

282 509 359 563 De
384 506 660 565 dilectione
683 504 935 574 proximi,
957 512 1006 557 et
1042 502 1367 559 correctione
1394 503 1656 574 fraterna.

250 622 369 677 Duo
388 627 531 675 sunt
553 632 682 688 erga
712 615 1060 672 dilectionem
1092 614 1327 686 proximi
1355 615 1758 681 conservanda;

173 732 346 773 unum
372 728 439 769 ne
467 711 670 767 malum
689 711 815 781 quis
842 707 1063 774 inferat,
1090 708 1322 764 alterum
1346 714 1409 763 ut
1428 709 1631 764 bonum
1662 708 1766 762 im-

173 807 397 878 pendat.
426 805 666 860 Primum
693 811 755 859 ut
774 809 967 858 caveat
993 801 1213 866 laedere,
1243 816 1479 871 sequens
1503 808 1564 855 ut
1589 800 1766 856 discat

166 905 354 955 totum
415 903 658 965 patrare.
705 892 961 949 Amicitia
1008 899 1095 948 est
1143 890 1446 947 animorum
1484 891 1761 946 'societas.

158 987 309 1044 .llaac
358 987 556 1056 quippe
604 1000 637 1040 a
687 981 900 1041 duobus
933 982 1147 1053 incipit.
1201 981 1338 1038 Nam
1378 981 1559 1038 minus
1599 996 1763 1052 quam

174 1080 324 1136 inter
346 1080 482 1135 duos
509 1076 728 1134 dilectio
754 1090 878 1133 esse
900 1090 1009 1132 non
1041 1074 1262 1146 poterit.
1288 1074 1441 1130 Tune
1461 1088 1593 1130 vere
1630 1073 1766 1129 ami-

173 1186 279 1226 cus
321 1177 557 1233 amatur,
587 1168 634 1224 si
676 1182 786 1225 non
813 1181 916 1236 pro
965 1181 1049 1231 se,
1101 1166 1199 1222 sed
1233 1180 1335 1237 pro
1385 1164 1498 1221 Deo
1524 1173 1760 1220 ametur.

172 1264 284 1331 Qui
308 1278 438 1319 vero
461 1277 564 1334 pro
584 1278 646 1319 se
676 1263 915 1319 amicum
933 1261 1128 1332 diligit,
1157 1261 1479 1332 insipienter
1500 1276 1635 1317 eum
1649 1275 1767 1316 am-

174 1354 454 1424 plectitur.
487 1351 713 1409 Multum
743 1353 798 1408 in
829 1361 977 1408 terra
1008 1347 1289 1409 demersus
1315 1360 1418 1417 est,
1452 1352 1545 1423 qui
1567 1367 1765 1408 carna-

171 1444 305 1501 liter
332 1445 609 1502 hominem
635 1443 962 1517 moriturum
992 1443 1115 1513 plus
1138 1442 1314 1515 diligit
1337 1458 1500 1512 quam
1523 1449 1761 1513 oportet.

174 1538 364 1610 (tam,
402 1536 493 1590 lib.
527 1552 588 1592 ιιι
622 1534 793 1602 Sent.,
823 1552 942 1607 cap.
968 1534 1084 1606 se.)
1108 1532 1226 1590 Non
1250 1534 1414 1590 debet
1431 1534 1562 1588 vitia
1588 1533 1763 1589 aliena

173 1632 484 1701 corripere,
509 1629 603 1699 qui
633 1628 811 1684 adhuc
849 1627 1106 1683 vitiorum
1135 1625 1550 1699 contagionibus
1574 1624 1761 1681 servit.

172 1721 489 1790 Improbum
536 1725 622 1774 est
666 1718 815 1774 enim
868 1731 1101 1788 arguere
1143 1731 1471 1786 quemquam
1517 1716 1575 1771 in
1631 1715 1762 1777 alio,

171 1810 324 1880 quod
359 1810 538 1866 adhuc
561 1808 914 1879 reprehendit
940 1809 997 1864 in
1019 1809 1328 1879 semetipso.
1359 1807 1463 1876 Qui
1492 1808 1765 1863 v'eraeiter

175 1902 297 1956 vult
353 1915 551 1957 sanare
596 1908 664 1957 ac
704 1901 982 1970 corripere
1022 1900 1322 1955 fraternam
1369 1898 1762 1964 infirmitatem,

170 1992 345 2049 talem
372 2005 433 2047 se
457 1998 720 2060 praestare
745 1990 1001 2047 fraterna:
1035 1992 1259 2048 utilitati
1288 1991 1525 2057 studeat,
1552 1999 1613 2046 ut
1638 2006 1766 2047 eum

174 2097 341 2150 quem
370 2080 648 2153 corripere
678 2082 849 2151 cupit,
880 2082 1073 2139 humili
1100 2083 1266 2139 corde
1296 2083 1619 2148 admoneat;
1663 2083 1769 2138 hoc

173 2171 390 2245 faciens
410 2186 477 2226 ex
505 2171 889 2243 compassione
906 2172 1061 2243 quasi
1088 2172 1395 2228 communis
1419 2171 1670 2241 periculi,
1701 2186 1769 2227 ne

174 2262 322 2319 forte
344 2272 399 2320 et
443 2265 560 2335 ipse
593 2262 913 2332 subjiciatur
944 2262 1251 2321 tentationi.
1284 2260 1439 2318 Sicut
1473 2261 1577 2316 viri
1604 2260 1767 2331 spiri-

174 2356 356 2415 tuali-s
385 2355 543 2413 alieni
579 2354 790 2424 peccati
833 2354 1271 2410 emendationem
1316 2359 1660 2423 exspectant,
1691 2350 1769 2406 ita

175 2445 421 2516 protervi
479 2445 920 2515 delinquentibus
983 2443 1280 2499 deridendo
1353 2440 1636 2498 insultant.
1701 2439 1771 2496 Et

76 2564 85 2571 η
176 2543 444 2605 quantum
483 2535 537 2589 in
561 2534 693 2604 ipSis
716 2541 820 2599 est,
844 2547 939 2589 eos
962 2532 1293 2588 insanabiles
1310 2538 1527 2602 putant,
1551 2544 1654 2585 nec
1676 2528 1771 2584 de-

178 2626 396 2679 clinant
430 2639 526 2679 eor
552 2623 621 2678 ad
649 2622 1013 2693 compatiendi
1050 2621 1514 2686 misericordiam,
1546 2620 1645 2676 sed
1669 2633 1766 2675 su-

179 2716 561 2786 pervenientes
589 2715 929 2770 detestantur
956 2722 1121 2784 atque
1150 2712 1552 2784 blasphemant.
1595 2709 1769 2766 Pleri—

178 2822 291 2878 que
319 2793 719 2878 correptionem
764 2822 919 2863 suam
970 2805 1205 2861 oliicium
1258 2805 1544 2862 charitatis
1581 2803 1771 2861 existi-

180 2909 355 2957 mant.
403 2901 658 2971 Plerique
693 2915 825 2955 vero
866 2901 972 2957 hoc
1017 2900 1193 2970 ipsum
1227 2899 1372 2970 quod
1408 2914 1476 2954 ex
1502 2898 1770 2954 charitate

180 2996 551 3065 corripiuntur
576 2995 645 3050 ad
675 2993 885 3063 injuriae
917 2992 1304 3049 contumeliam
1342 2990 1583 3046 trahunt.
1614 2990 1769 3046 Unde

178 3088 367 3144 evenit
413 3095 475 3144 ut
525 3103 592 3143 ex
647 3103 714 3143 eo
769 3086 1069 3143 deteriores
1121 3086 1441 3150 ellieiantur,
1484 3099 1581 3155 per
1624 3084 1768 3154 quod

182 3179 462 3238 emendari
492 3179 792 3235 obcdiendo
819 3186 1130 3249 potuerunt.
1168 3178 1474 3233 Salubriter
1497 3176 1773 3247 accipiunt

177 3267 314 3340 justi
349 3268 564 3338 quoties
591 3268 658 3325 de
687 3268 801 3323 suis
837 3265 1153 3324 excessibus
1195 3274 1515 3338 arguuntur.
1563 3265 1772 3336 lniquis

182 3357 415 3415 molesta
454 3365 538 3414 est
579 3359 805 3424 veritas,
842 3365 898 3412 et
939 3371 1125 3412 amara
1176 3356 1463 3427 disciplina
1505 3354 1770 3424 justitize;

180 3462 290 3503 nec
313 3434 649 3504 delectantur
683 3447 787 3504 nisi
817 3447 1087 3518 placentia
1106 3446 1338 3517 propriae
1361 3445 1771 3502 imbecillitatis.

180 3537 363 3594 Corda
387 3539 739 3610 reproborum
785 3537 995 3594 lubrica
1032 3546 1160 3593 sunt
1203 3537 1273 3593 ad
1313 3535 1517 3592 malum
1545 3550 1777 3593 consen-

188 3629 433 3685 tiendum
461 3637 518 3685 et
534 3629 704 3695 ﬂuxa,
730 3630 797 3685 ad
817 3629 1018 3685 bonum
1048 3644 1180 3685 vero
1201 3628 1649 3685 consentiendum
1680 3628 1776 3684 du-

188 3721 426 3779 rissima.
459 3721 535 3775 De
562 3720 761 3775 talibus
791 3719 1047 3777 Salomon
1069 3720 1149 3777 ait
1179 3719 1324 3786 ιριιὶ
1359 3720 1535 3775 erudit
1575 3719 1777 3775 deriso-

184 3827 321 3876 rem,
348 3810 458 3880 ipse
486 3809 585 3864 sibi
615 3809 749 3879 facit
770 3809 1025 3878 iniuriam
1050 3807 1233 3881 (Prov.
1264 3825 1344 3875 ix,
1379 3809 1415 3863 7
1441 3808 1480 3879 ).
1517 3809 1595 3865 De
1631 3810 1776 3866 bono

185 3909 411 3957 autem:
445 3899 586 3954 Doce
620 3900 833 3969 justum
870 3899 1091 3970 (inquit)
1120 3911 1169 3953 ct
1192 3899 1475 3970 {attinebit
1516 3899 1773 3970 accipere.

188 3992 257 4047 In
282 3992 462 4048 odium
486 3992 625 4047 enim
648 4001 827 4046 contra
856 3991 1217 4062 corripientem
1240 4008 1317 4057 se,
1342 3991 1562 4046 vertitur
1578 3988 1772 4045 malus.

189 4079 368 4153 (σι-εει.
386 4081 477 4136 lib.
493 4098 585 4147 x-x,
602 4082 756 4146 c.21,
776 4080 975 4153 Expos.
999 4097 1158 4146 mon,
1176 4080 1344 4137 iulob
1367 4098 1486 4151 cap.
1514 4079 1650 4150 xix).
1667 4077 1776 4135 Sed

186 4171 236 4226 si
250 4173 317 4233 ab
331 4172 700 4243 increpatione
722 4172 865 4228 illius
883 4172 1086 4227 idcirco
1103 4172 1414 4235 reticcmus,
1431 4170 1559 4239 quia
1584 4178 1774 4225 contra

186 4247 291 4340 nos
306 4266 588 4336 insurgere
597 4266 718 4319 odia
738 4264 1109 4328 formidamus,
1125 4279 1232 4319 non
1248 4261 1364 4331 jam
1378 4263 1525 4316 lucra
1546 4261 1661 4326 Dei,
1677 4261 1775 4317 sed

187 4366 376 4431 nostra
394 4356 764 4427 proculdubio
785 4356 1100 4427 quaerimus.
1129 4352 1421 4409 Sciendum
1445 4367 1775 4424 magnopere

1383 299 1688 359 DlADEllA
1728 301 2238 362 MONACIIORUM.

1787 426 1833 482 Α
1863 416 2057 470 stultus
2102 426 2177 470 est
2203 414 2387 485 (Prov.
2414 431 2494 480 ix,
2536 415 2658 489 xu).
2708 415 2818 475 Sed
2859 416 2986 489 quia
3017 416 3308 488 Apostolus
3335 420 3451 475 ait:

3348 306 3454 363 638

1863 502 2125 572 Corripite
2158 505 2436 576 inquietos,
2476 505 2824 562 consolamini
2863 506 3248 577 pusillanimes,
3279 511 3455 565 susci-

1860 595 1967 665 pite
2006 594 2266 663 inﬁmos,
2307 597 2564 666 patientes
2591 606 2756 653 estote
2779 598 2850 652 ad
2878 615 3054 655 omnes
3086 598 3140 670 (Ι
3168 599 3348 656 Thess.
3373 610 3454 669 vl,

1865 699 2091 741 necesse
2114 694 2199 743 est
2221 693 2282 739 ut
2313 685 2406 741 hic
2428 687 2514 756 pia
2550 686 2773 743 Patrum
2808 690 3163 760 correptionis
3189 706 3457 761 ponamus

1862 773 2133 844 exempla.
2160 772 2394 829 Oll'endit
2425 774 2715 844 aliquando
2743 773 2911 832 frater
2937 778 2990 831 in
3010 779 3454 851 congregatione.

1861 873 1915 920 et
1928 864 2184 935 expulsus
2193 873 2278 921 est
2289 863 2731 935 forasExpulsus
2743 874 2925 921 autem
2936 865 3006 921 de
3016 868 3452 940 congregatione.

1863 955 2013 1012 misit
2039 972 2101 1013 se
2124 958 2180 1012 in
2204 968 2504 1023 carectum,
2531 966 2588 1013 et
2615 956 2779 1014 ﬂebat
2798 957 2894 1014 ibi.
2921 957 3158 1031 Contigit
3183 969 3366 1017 autem
3393 971 3456 1018 ut

1862 1047 1955 1103 alii
2003 1046 2202 1103 fratres
2228 1057 2421 1104 euntes
2471 1048 2542 1104 ad
2578 1048 2834 1104 abbatem
2877 1057 3176 1120 pastorem,
3203 1052 3458 1107 audirent

1862 1154 1988 1196 eum
2032 1139 2362 1209 plorantem.
2402 1137 2506 1206 Qui
2535 1138 2930 1196 descendentes
2963 1141 3034 1196 ad
3056 1155 3204 1207 eum,
3236 1141 3455 1197 iuvenco

1863 1237 1992 1285 runt
2016 1243 2141 1287 eum
2169 1244 2367 1299 magno
2408 1229 2595 1284 labore
2633 1228 3014 1294 constrictum,
3044 1238 3102 1285 et
3124 1241 3457 1302 regaveruut

1863 1334 1989 1378 eum
2022 1327 2083 1376 ut
2128 1319 2237 1377 iret
2272 1319 2344 1377 ad
2383 1333 2572 1375 senem
2612 1318 2764 1375 illum
2791 1318 3116 1383 solitarium.
3146 1328 3329 1376 etnon
3357 1337 3455 1377 ac-

1863 1414 2091 1487 quievit,
2127 1414 2315 1471 dicens
2356 1432 2371 1470 :
2412 1413 2471 1470 ln
2498 1414 2604 1470 hoc
2629 1413 2752 1470 loco
2781 1413 2986 1470 moriar
3026 1428 3149 1484 ego.
3179 1415 3459 1473 Venerunt

1864 1514 2048 1561 autem
2074 1505 2273 1561 fratres
2302 1505 2371 1561 ad
2393 1504 2645 1565 abbatem
2679 1502 2980 1569 Pastorem,
3012 1513 3071 1561 et
3093 1516 3457 1561 narraverunt

1864 1595 1915 1652 ei
1949 1595 2017 1651 de
2041 1611 2128 1651 eo.
2156 1595 2226 1651 Et
2254 1595 2462 1666 rogavit
2486 1609 2605 1661 eos,
2650 1603 2711 1649 ut
2739 1595 2880 1651 irent
2905 1594 2976 1649 ad
3015 1610 3139 1651 eum
3173 1595 3455 1651 dicentes:

1863 1682 2046 1739 Abbas
2071 1683 2265 1740 Pastor
2287 1693 2446 1739 vocat
2468 1691 2525 1738 te
2547 1683 2617 1738 ad
2643 1668 2724 1740 se.
2749 1683 2904 1752 Quod
2930 1699 3056 1739 cum
3082 1684 3132 1739 ei
3160 1684 3450 1749 dixissent,

1790 1781 1839 1840 Β
1864 1773 2109 1844 perrexit
2131 1773 2199 1829 ad
2221 1788 2366 1830 eum.
2388 1773 2661 1829 Etvidens
2680 1788 2807 1829 eum
2831 1788 3000 1830 senex
3026 1771 3310 1839 alllictum,
3336 1789 3460 1829 sur-

1867 1866 2010 1920 rexit
2030 1873 2087 1922 et
2109 1865 2385 1922 osculatus
2415 1871 2501 1921 est
2533 1880 2680 1921 eum.
2725 1865 2794 1921 Et
2820 1865 3131 1937 adgaudens
3150 1865 3203 1921 ei
3232 1864 3462 1938 rogabat

1868 1962 1930 2009 ut
1975 1962 2218 2010 sumeret
2243 1954 2447 2010 cibum.
2481 1953 2584 2021 Qui
2613 1962 2668 2010 et
2697 1955 2773 2011 ita
2811 1954 2960 2012 fecit.
2998 1954 3194 2010 Frater
3223 1954 3459 2011 interro-
3484 2028 3489 2029 ν

1866 2045 2013 2118 gavit
2070 2045 2323 2109 abbatem
2365 2046 2647 2103 Pastorem
2701 2046 2891 2103 dicens
2939 2061 2957 2100 :
3003 2045 3133 2103 Feci
3177 2054 3461 2117 peccatum

1868 2138 2094 2209 grande,
2122 2145 2179 2192 et
2206 2136 2326 2192 volo
2359 2136 2654 2195 triennium
2693 2137 2981 2207 pmuitere.
3018 2135 3171 2191 Dixit
3196 2143 3378 2191 autem
3409 2135 3461 2190 ei

1869 2230 2041 2284 abbas
2062 2228 2257 2285 Pastor
2282 2248 2296 2285 :
2329 2229 2556 2284 Multum
2580 2239 2684 2285 est.
2717 2230 2787 2285 Et
2808 2229 2949 2287 dixit
2968 2228 3019 2286 ei
3049 2226 3220 2284 frater
3250 2246 3263 2285 :
3292 2226 3462 2286 anes

1870 2335 2038 2375 unum
2066 2336 2288 2375 annum.
2320 2320 2388 2375 Et
2422 2320 2559 2377 dixit
2603 2320 2801 2376 iterum
2839 2334 3005 2376 senex
3038 2337 3052 2374 :
3087 2314 3313 2375 Multum
3356 2328 3462 2376 est.

1873 2410 1976 2480 Qui
2002 2420 2180 2469 autem
2202 2420 2501 2482 praesentes
2522 2422 2713 2478 erant,
2751 2412 3003 2469 dicebant
3031 2427 3204 2483 usque
3227 2410 3297 2467 ad
3327 2428 3458 2483 qua-

1873 2503 2122 2575 draginta
2162 2504 2299 2561 dies.
2334 2505 2514 2562 Senex
2557 2507 2755 2562 iterum
2782 2505 2923 2561 dixit
2951 2524 2963 2559 :
2998 2505 3222 2569 Multum
3262 2516 3369 2562 est.
3398 2505 3469 2561 Et

1873 2596 2070 2666 adjecit
2084 2596 2270 2653 dicens
2287 2616 2301 2653 :
2324 2598 2436 2669 Ego
2448 2609 2581 2668 puto
2593 2600 2718 2669 quia
2737 2598 2782 2656 si
2804 2606 2918 2655 toto
2930 2599 3094 2655 corde
3106 2598 3271 2655 homo
3290 2595 3465 2668 patui-

1874 2689 2097 2743 tentiam
2119 2697 2264 2760 agat,
2285 2689 2451 2745 etiam
2479 2691 2786 2746 triduanam
2805 2689 3179 2761 pmuitcntiam
3203 2687 3469 2760 suscipiat

1874 2777 2038 2832 Deus.
2061 2777 2423 2850 Interrogavit
2448 2780 2620 2850 abbas
2644 2778 2846 2851 Ioseph
2878 2780 3130 2836 abbatem
3157 2779 3463 2837 Pastorem.

1873 2869 2060 2927 dicens
2084 2888 2098 2925 :
2147 2869 2428 2938 Quomodo
2447 2886 2585 2942 opus
2609 2879 2694 2926 est
2723 2870 3008 2940 jejunare?
3031 2870 3100 2926 Et
3126 2870 3266 2927 dixit
3291 2869 3464 2927 abbas

1871 2962 2065 3018 Pastor
2089 2978 2102 3015 :
2130 2960 2243 3031 Ego
2269 2961 2392 3023 volo
2426 2968 2487 3017 ut
2512 2961 2752 3031 quotidie
2782 2962 2906 3032 quis
2932 2960 3293 3026 manducans,
3321 2975 3461 3031 pau-

1873 3051 2042 3106 lulum
2073 3051 2359 3107 subtrahat
2398 3051 2501 3107 sibi
2530 3067 2600 3109 ne
2626 3051 2878 3107 satietur.
2922 3052 2991 3107 Et
3025 3051 3166 3108 dixit
3205 3052 3258 3108 ei
3292 3052 3469 3107 abbas

1795 3137 1842 3201 C
1871 3143 2072 3211 Joseph
2090 3160 2102 3195 :
2120 3141 2262 3212 Ergo
2288 3143 2505 3212 quando
2530 3158 2655 3199 eras
2672 3143 2910 3215 juvenis,
2945 3160 3053 3200 non
3075 3142 3362 3213 jejuuabas
3387 3143 3469 3203 bi-

1875 3234 2120 3291 duanas?
2161 3235 2310 3290 Dixit
2351 3249 2517 3292 senex
2563 3254 2577 3291 :
2626 3234 2801 3292 Crede
2832 3236 2986 3301 mihi,
3035 3235 3229 3301 frater,
3260 3235 3387 3306 quia
3412 3242 3471 3290 et

1877 3325 2177 3389 triduanas,
2211 3333 2270 3381 et
2296 3324 2713 3381 hebdomadam.
2766 3323 2874 3381 Sed
2917 3326 3032 3381 haec
3055 3325 3237 3380 omnia
3276 3326 3472 3396 proba-

1875 3424 2071 3472 verunt
2113 3431 2272 3473 senes
2310 3416 2514 3489 magni,
2552 3424 2610 3474 et
2636 3416 2964 3473 invenerunt
2991 3418 3119 3488 quia
3149 3417 3353 3474 bonum
3382 3426 3472 3473 est

1875 3505 2119 3578 quotidie
2166 3506 2517 3574 manducare,
2560 3523 2756 3580 parum
2808 3508 2915 3565 sibi
2966 3508 3361 3576 subtrahendo,
3411 3516 3473 3564 et

1875 3597 2232 3653 ostenderunt
2280 3596 2443 3655 nobis
2483 3598 2629 3657 viam
2668 3599 2810 3656 hanc
2854 3599 3114 3673 regalem,
3143 3600 3271 3671 quia
3301 3599 3475 3659 levior
3572 3674 3583 3679 Α

1876 3697 1961 3744 est
1986 3696 2043 3744 et
2069 3688 2266 3747 facilis.

2461 3758 2692 3816 CAPUT
2728 3760 2889 3818 XLII.

2338 3829 2419 3884 De
2448 3830 2559 3884 zelo
2586 3833 2813 3900 pastoris
2843 3831 3016 3900 oﬁicii.

1946 3895 2152 3970 (Greg.,
2175 3899 2230 3954 in
2253 3899 2446 3954 Esccli.
2474 3900 2568 3955 lib.
2587 3895 2632 3965 ἰ,
2655 3903 2796 3957 hom.
2827 3895 2938 3973 19'.)
2962 3902 3153 3959 Omnis
3172 3903 3475 3976 spiritualis

1875 3990 2026 4046 zelus
2053 3990 2291 4046 doctoris
2330 3991 2573 4046 animum
2624 3991 2794 4059 frigit,
2829 3994 2958 4062 quia
2997 3993 3155 4049 valde
3192 3996 3476 4052 cruciatur

1876 4080 2004 4136 dum
2033 4079 2279 4134 infirmos
2316 4092 2562 4150 quosque
2584 4089 2793 4135 mterna
2821 4082 3110 4148 deserere,
3138 4086 3305 4140 rebus
3333 4094 3473 4141 tem-

1873 4168 2152 4239 poralibus
2175 4167 2433 4223 delectari
2480 4170 2767 4239 conspicit.
2808 4168 3022 4225 Nullum
3065 4172 3263 4243 quippe
3290 4174 3469 4230 omnis

1873 4258 2079 4329 potenti
2110 4256 2221 4312 Deo
2246 4257 2351 4313 tale
2383 4265 2467 4313 est
2493 4259 2840 4322 sacriﬁcium,
2870 4261 3031 4332 quale
3059 4271 3146 4317 est
3170 4263 3319 4320 zelus
3348 4265 3469 4320 ani.

1874 4364 2110 4413 marum,
2139 4349 2282 4405 sicut
2303 4349 2590 4406 Psalmista
2616 4351 2693 4407 ait
2725 4367 2740 4405 :
2769 4350 2928 4407 Zelus
2949 4352 3136 4408 domus
3161 4363 3268 4409 tua:
3295 4370 3473 4412 come-

188 4450 442 4518 estquod
468 4464 853 4520 nonnunquam
878 4465 1002 4506 cum
1029 4449 1429 4519 redarguuntur
1457 4448 1633 4519 pravi,
1673 4449 1773 4504 de-
1800 4483 1852 4543 Β
1876 4438 1953 4494 dit
1980 4437 2274 4543 mc.(i’snl‘.'
2310 4442 2523 4543 ωεξηελ
2553 4441 2844 4543 .Qllanlum
2881 4442 3090 4499 {fixura
3135 4445 3316 4502 cordis
3342 4462 3470 4518 qua:

192 4541 422 4596 teriores
457 4539 717 4605 existunt,
750 4554 956 4610 nosque
987 4540 1199 4610 magnis
1224 4539 1365 4595 odiis
1391 4539 1772 4607 insequuntur.

189 4632 327 4702 ipsis
354 4647 485 4703 ergo
511 4640 566 4687 et
603 4647 712 4686 non
755 4631 912 4686 nobis
955 4631 1254 4701 parcimus,
1284 4630 1329 4685 si
1358 4630 1428 4685 ab
1463 4645 1655 4686 eorum
1691 4644 1780 4686 re-

190 4723 511 4793 dargutiouc
560 4737 659 4792 pro
705 4737 894 4777 eorum
935 4737 1120 4777 amore
1166 4736 1465 4777 cessamus.
1502 4721 1655 4777 Unde
1685 4736 1778 4777 ne-

192 4831 342 4870 cesse
363 4823 446 4871 est
475 4815 630 4871 nobis
649 4821 708 4869 ut
729 4812 1019 4883 aliquando
1043 4812 1336 4869 toleremus
1364 4813 1604 4869 tacendo
1631 4812 1778 4884 quod

193 4915 350 4972 sunt,
393 4914 659 4976 quatenus
685 4906 739 4960 in
769 4904 928 4960 nobis
960 4905 1175 4960 discant
1217 4903 1448 4960 videndo
1477 4904 1622 4973 quod
1660 4919 1774 4959 non

193 5004 339 5052 sunt.
372 4996 489 5052 Non
508 5004 596 5053 est
618 4996 838 5053 omnino
853 4994 1005 5065 justo
1030 4994 1352 5062 timendum,
1377 5009 1448 5051 ne
1471 4995 1598 5051 dum
1629 4995 1779 5065 quis-

192 5106 300 5163 que
323 5092 633 5162 corripitur,
680 5091 1036 5148 contumelias
1072 5089 1293 5156 inferat,
1336 5090 1432 5146 sed
1471 5104 1541 5153 ne
1571 5097 1779 5146 tractus

193 5186 262 5247 ad
288 5185 469 5239 odium
490 5225 505 5250 ,
536 5184 690 5255 pejor
717 5184 839 5238 ﬁat.
878 5181 1192 5238 Cavendum
1220 5193 1565 5251 summopere
1598 5187 1684 5235 est
1707 5194 1780 5235 ne

194 5277 549 5341 immoderate
590 5275 826 5346 linguam
870 5273 1175 5345 loquacitas
1209 5271 1514 5342 pertrahat,
1544 5285 1777 5341 eamque

195 5371 263 5427 ad
295 5369 573 5424 lasciviam
600 5367 1015 5425 obtrectationis
1042 5365 1319 5430 extendat,
1350 5378 1419 5419 ne
1444 5363 1629 5418 odium
1658 5376 1775 5417 ma-

195 5460 311 5514 litia
341 5459 554 5520 excitet,
588 5464 644 5512 et
672 5469 842 5526 usque
875 5457 942 5512 ad
976 5455 1156 5527 jacula
1186 5453 1583 5510 maledictionis
1609 5452 1770 5510 incli-

195 5560 306 5607 net.
337 5551 471 5607 Hinc
512 5548 767 5606 Salomon
810 5547 1118 5618 ait:Argue
1145 5546 1453 5617 sapientem,
1483 5553 1532 5599 et
1573 5543 1770 5598 amabit

198 5653 267 5706 te.
294 5644 643 5714 insipientem,
666 5651 715 5696 et
739 5640 951 5711 adﬁciet
978 5639 1148 5695 odisse
1168 5648 1236 5693 tc.
1278 5640 1381 5705 Qui
1406 5638 1578 5707 diligit
1602 5636 1767 5690 disci-

201 5736 413 5801 piiucm,
458 5734 626 5806 diligit
649 5748 877 5789 scutum.
924 5728 1061 5785 Nam
1097 5730 1184 5801 qui
1216 5728 1321 5782 odit
1357 5738 1657 5798 arguentem
1687 5741 1762 5793 sc,

1876 4544 1979 4602 pro
2006 4530 2278 4601 spirituali
2310 4531 2442 4587 .zelo
2482 4532 2682 4603 agitur.
2713 4534 3069 4606 omnipotenti
3098 4535 3331 4592 Domino
3357 4537 3473 4608 pla-

1878 4630 1986 4689 cet,
2013 4631 2199 4693 aperte
2228 4621 2553 4689 ostenditur,
2585 4640 2709 4680 cum
2738 4623 2924 4681 offerri
2953 4640 3051 4696 per
3076 4626 3252 4698 legem
3287 4628 3468 4684 simila

1880 4717 1939 4777 in
1973 4718 2242 4775 sacriﬁcio
2265 4716 2509 4787 jubetur.
2558 4717 2835 4790 Scriptum
2862 4719 3063 4789 quippe
3087 4727 3172 4776 est
3205 4739 3219 4774 :
3254 4719 3326 4775 In
3355 4736 3470 4776 sar.

1879 4811 2053 4881 tagine
2078 4809 2192 4865 oleo
2210 4826 2489 4881 comperce
2510 4810 2757 4882 (rigatur,
2786 4811 3071 4883 afferatque
3090 4829 3206 4867 eam
3235 4812 3467 4869 calidam

1878 4903 1932 4957 in
1955 4902 2168 4957 odorem
2201 4902 2569 4958 suavissimum
2614 4903 2840 4957 Domino
2889 4905 3154 4970 sacerdos,
3193 4906 3284 4977 qui
3326 4908 3469 4977 patri

1870 4991 1996 5061 jure
2021 4992 2407 5059 successerit,et
2427 5003 2537 5049 tota
2557 4994 2944 5049 cremabituriu
2970 4996 3132 5051 altari
3153 4998 3340 5069 (Leuit.
3363 4999 3472 5068 VI).

1880 5085 2033 5141 Tunc
2068 5085 2247 5141 simila
2275 5086 2330 5142 iu
2360 5086 2641 5158 sartagine
2665 5087 2902 5157 frigitur,
2931 5105 3055 5145 cum
3087 5092 3285 5145 mnu-3a
3314 5105 3478 5149 mena

1873 5175 2004 5246 justi
2032 5192 2129 5247 per
2156 5176 2258 5232 zeli
2301 5177 2478 5233 sancti
2511 5179 2762 5235 ardorem
2800 5188 3096 5234 crematur.
3135 5181 3267 5247 Qua:
3305 5195 3467 5237 cons-

1876 5269 2027 5341 pergi
2057 5269 2178 5327 oleo
2207 5270 2538 5340 precipitur,
2586 5271 2638 5326 id
2681 5281 2788 5335 est,
2827 5287 2951 5327 cum
2978 5288 3079 5344 per
3105 5274 3392 5329 charitatis
3412 5283 3472 5332 et

1882 5361 2271 5419 misericordia:
2308 5362 2519 5418 viscera
2546 5364 2601 5418 in
2625 5372 2921 5434 conspectu
2947 5365 3337 5436 omnipotentis
3366 5365 3472 5423 Dcl'

1878 5453 2034 5510 ardet
2054 5462 2111 5509 et
2148 5453 2310 5510 lucet.
2345 5454 2498 5511 Unde
2534 5463 2591 5510 et
2624 5455 2800 5511 calida
2847 5456 2901 5511 in
2941 5458 3164 5513 odorem
3206 5457 3466 5513 suame

1878 5559 2024 5600 mum
2073 5545 2301 5602 Domino
2347 5546 2529 5602 oll‘erri
2575 5548 2910 5618 prmcipitur,
2953 5549 3081 5619 quia
3125 5548 3170 5603 si
3221 5562 3466 5606 amorem

1878 5636 2026 5693 zelus
2052 5653 2159 5693 non
2187 5638 2369 5701 habet,
2401 5653 2462 5693 ea
2490 5655 2611 5709 quae
2644 5637 2710 5694 de
2739 5638 3014 5707 sartagine
3036 5637 3281 5700 oﬂ'ertur,
3307 5638 3456 5693 calo-

1875 5742 1988 5783 rem
2010 5727 2182 5809 simila
2206 5729 2402 5784 amisit.
2441 5728 2745 5805 Notandum
2780 5727 3042 5803 valdccst
3072 5728 3194 5801 quis
3220 5728 3459 5788 similam
