3940 6434
484 324 593 381 659

1771 310 2124 370 SMARAGDI
2163 311 2454 368 ABBATIS

3665 319 3781 375 630

485 438 682 495 offerre
714 433 1042 506 przecipitur,
1067 430 1317 488 videlicet
1343 430 1597 487 sacerdos
1616 429 1761 486 Patri
1783 430 1905 500 jure
1934 445 2050 486 suc-
2089 434 2139 492 Α
2164 428 2260 483 tim
2285 428 2561 499 corrigere
2603 438 2943 498 nequaquam
2968 428 3265 484 existimat.
3315 429 3458 485 Nam
3502 429 3551 485 si
3592 431 3781 487 corri-

485 528 730 586 cesscrit.
770 526 863 580 llle
902 525 1045 579 enim
1076 524 1331 580 sacerdos
1361 521 1509 578 Patri
1524 512 1664 592 'jure
1701 522 1945 578 succedit
1968 524 2061 593 qui

484 634 608 677 esse
628 633 687 673 se
712 616 1099 687 omnipotentis
1117 615 1410 671 DeiFilium
1435 616 1679 671 moribus
1705 615 2062 681 demonstrat,

482 716 541 764 et
569 707 660 778 qui
689 722 719 761 a
750 705 1032 761 nobilitate
1059 704 1272 769 intima,
1309 717 1533 774 operum
1562 718 1782 759 suon
1814 703 2064 774 ignobili-

487 806 597 854 tate
621 814 728 854 non
753 797 1044 868 discrepat.
1070 796 1199 864 Qum
1230 796 1285 851 in
1323 795 1482 850 altari
1518 803 1630 850 tota
1670 795 1900 850 cremari
1931 810 2067 866 pra:-

484 892 706 962 cipitur,
745 898 807 945 ut
831 890 1081 945 videlicet
1111 888 1485 945 holocaustum
1515 887 1627 942 flat.
1655 886 1845 943 Simila
1882 888 2067 958 itaque

487 984 541 1038 in
569 983 842 1055 sartagine
867 989 953 1037 est
984 982 1183 1036 munda
1219 996 1373 1035 mens
1389 978 1523 1048 justi
1548 978 1603 1034 in
1634 977 1735 1034 zeli
1770 977 2069 1047 spiritualis

489 1074 798 1137 atllictione,
816 1088 935 1142 qua:
954 1086 1054 1142 per
1072 1069 1489 1127 sollicitudinem
1503 1069 1805 1124 animarum
1829 1066 2067 1138 frigitur,

489 1172 545 1219 et
585 1180 689 1219 non
728 1164 902 1219 solum
950 1161 1301 1225 sacriﬁcium,
1351 1160 1447 1217 sed
1483 1160 1650 1216 etiam
1691 1159 2067 1214 holocaustum

491 1254 719 1308 Domino
746 1268 863 1309 esse
894 1252 1205 1322 deputatur.
1256 1250 1542 1306 Sumamus
1586 1266 1708 1321 ergo
1747 1250 2067 1320 sartagincm

490 1346 735 1415 ferream,
765 1353 813 1399 et
839 1361 1094 1415 ponamus
1117 1360 1232 1398 eam
1257 1360 1467 1398 murum
1499 1344 1727 1414 ferreum
1750 1343 1887 1397 inter
1912 1352 2069 1397 noset

489 1437 751 1491 civitatem
780 1424 997 1507 (Ezech.
1030 1435 1129 1509 tv),
1168 1436 1222 1491 id
1251 1445 1355 1501 est,
1386 1450 1727 1490 assumamus
1758 1435 1932 1489 zelum
1961 1434 2071 1491 for-

493 1536 601 1582 tem
626 1568 643 1593 ,
689 1534 751 1582 ut
785 1527 927 1581 inter
972 1541 1071 1582 nos
1098 1535 1154 1580 et
1189 1526 1454 1581 auditoris
1492 1526 1665 1581 nostri
1706 1526 1943 1580 animam
1988 1525 2070 1580 iu-

489 1619 773 1673 veniamus
833 1618 972 1672 banc
1032 1617 1373 1688 postmodum
1427 1616 1623 1671 fortem
1690 1616 2064 1671 munitionem.

490 1706 645 1764 Tunc
668 1708 814 1763 enim
856 1709 1001 1764 hunc
1027 1723 1241 1762 murum
1282 1706 1521 1763 ferreum
1558 1706 1825 1761 inventuri
1855 1720 2065 1770 sumus,

2166 536 2294 593 gere
2330 531 2509 591 potest
2535 528 2591 576 et
2618 520 2953 585 dissimulat,
3002 536 3191 576 verum
3228 530 3315 577 est
3352 523 3503 593 quod
3530 537 3782 578 consen-

2163 628 2283 669 sum
2310 612 2515 668 erroris
2535 612 2695 667 alieni
2719 611 2934 666 habeat.
2954 610 3281 682 Plerumque
3305 612 3483 667 sancti
3507 612 3779 671 doctores

2163 719 2264 775 pro
2283 702 2409 758 mali
2430 702 2751 773 pertinacia,
2770 701 2898 771 quia
2912 701 3129 772 iniquos
3139 703 3435 756 emendare
3454 712 3771 772 nequeunt,

2165 794 2253 850 bis
2305 802 2489 849 tacere
2540 793 2835 865 disponunt
2885 786 2922 847 τ’
2954 793 3051 847 sed
3102 792 3343 848 calorem
3379 793 3615 864 spiritus
3657 808 3776 864 quo

2166 882 2400 955 aguntur
2426 885 2572 938 ferre
2597 898 2707 938 non
2738 882 3092 948 sustinentes,
3122 883 3318 938 iterum
3349 883 3406 938 in
3432 884 3778 954 increpatio-

2166 991 2292 1032 nem
2313 973 2607 1047 prosiliunt
2642 974 2974 1045 iniquorum.
3006 974 3110 1043 Qui
3138 982 3400 1044 prmsunt,
3438 989 3543 1045 pro
3573 976 3772 1031 subdi-

2166 1078 2345 1125 torum
2389 1066 2676 1137 iniquitate
2717 1067 3065 1130 damnantur,
3096 1065 3144 1120 si
3177 1080 3272 1121 eos
3307 1073 3401 1121 aut
3441 1066 3772 1137 ignorantes

2168 1173 2276 1215 non
2306 1157 2599 1222 erudiant;
2647 1163 2742 1211 aut
2773 1164 3064 1227 peccantes
3091 1171 3199 1211 non
3223 1164 3459 1226 arguant
3486 1173 3502 1210 :
3543 1156 3772 1211 dicente

2169 1250 2399 1306 Domino
2428 1248 2494 1303 ad
2520 1249 2841 1319 prophetam
2874 1264 2890 1302 :
2920 1245 3314 1318 Speculatorent
3351 1257 3399 1301 te
3424 1247 3551 1302 dedi
3578 1247 3773 1301 domui

2162 1342 2360 1413 Israel.
2392 1341 2454 1398 Si
2488 1359 2592 1398 non
2614 1342 2777 1412 {acris
2798 1340 3025 1407 locutus,
3053 1349 3110 1395 sit
3140 1357 3194 1394 se
3216 1332 3479 1395 custodiat
3503 1341 3707 1409 impius
3734 1357 3770 1393 α

2170 1434 2254 1489 via
2282 1450 2405 1499 sua,
2452 1433 2543 1487 ille
2574 1435 2631 1489 in
2669 1433 2946 1504 iniquitate
2977 1449 3074 1487 sua
3117 1433 3392 1497 morietur,
3442 1432 3769 1502 sanguineus

2170 1534 2344 1580 autem
2387 1526 2501 1596 ejus
2528 1526 2594 1580 dc
2629 1542 2787 1579 manu
2818 1535 2913 1580 tua
2937 1525 3199 1596 requiram
3230 1522 3453 1591 (Emit.
3495 1522 3609 1595 ιιι).
3660 1522 3773 1591 Qui

2170 1627 2369 1688 praeest
2397 1633 2584 1673 curam
2613 1617 2775 1672 debet
2819 1616 3022 1671 habere
3057 1616 3126 1671 de
3164 1615 3233 1670 iis
3257 1615 3350 1686 qui
3397 1623 3656 1684 pereunt,
3707 1622 3775 1669 ut

2173 1710 2293 1780 ejus
2320 1709 2701 1779 redargutione
2727 1717 2820 1763 aut
2850 1707 3198 1779 corrigantur
3230 1721 3260 1761 a
3290 1705 3561 1776 peccatis,
3593 1714 3696 1758 aut
3723 1706 3774 1759 si

490 1798 537 1854 si
583 1812 727 1853 nunc
763 1813 887 1853 eum
925 1797 1138 1854 fortiter
1183 1804 1467 1863 tenemus,
1507 1797 1759 1852 videlicet
1798 1796 2063 1862 docendo,
2096 1783 2143 1845 B
2172 1800 2567 1872 incorrigibiles
2600 1800 2875 1866 εκίειιιηι,
2922 1799 2991 1854 ab
3015 1797 3255 1853 Ecclesia
3284 1806 3627 1867 separemur.
3662 1794 3774 1862 Qui

489 1889 861 1956 custodiendo,
903 1889 1197 1955 suadendo,
1244 1888 1594 1959 increpando,
1624 1887 1929 1954 muleendo,
1959 1896 2068 1943 ter-

489 1981 692 2046 rendo,
728 1980 1016 2050 aliquando
1046 1980 1261 2046 leniter,
1307 1978 1595 2049 aliquando
1622 1979 1784 2033 etiam
1828 1978 2070 2035 severius

490 2072 717 2143 agendo.
761 2070 905 2143 (Huc
946 2087 1105 2141 usque
1129 2067 1309 2143 Greg.)
1336 2067 1568 2126 Necesse
1591 2076 1677 2123 est
1708 2077 1766 2124 ut
1801 2067 1906 2125 hoc
1944 2077 2071 2125 ante

488 2162 670 2218 etnnia
696 2160 787 2234 qui
806 2161 931 2217 zelo
951 2161 1288 2218 rectitudinis
1314 2168 1577 2226 movetur,
1601 2161 1862 2225 attendat,
1898 2173 1964 2215 ne
1988 2158 2070 2214 ira

488 2262 644 2308 extra
673 2252 871 2308 mentis
916 2251 1213 2308 dominium
1262 2258 1507 2325 transeat
1537 2269 1551 2305 :
1589 2250 1686 2306 sed
1724 2249 1780 2304 in
1806 2248 2070 2303 ultionem

488 2344 697 2414 peccati
747 2353 957 2413 tempus
1013 2344 1338 2413 modumque
1379 2342 1751 2405 considerans,
1800 2339 2071 2413 surgentis

487 2433 655 2488 animi
700 2434 1160 2504 perturbationem
1191 2432 1443 2489 subtilius
1471 2431 1817 2489 retractando
1844 2432 2072 2487 restrin-

489 2534 604 2596 gat,
635 2526 1039 2581 animositatem
1080 2527 1361 2597 reprimat,
1405 2534 1462 2581 et
1496 2534 1676 2581 motus
1710 2525 1944 2581 fervidos
1970 2525 2071 2581 sub

488 2615 1037 2686 :equitate-disponat,
1066 2624 1128 2672 ut
1169 2630 1236 2671 eo
1277 2616 1371 2671 fiat
1395 2614 1597 2685 iustior
1639 2616 1784 2671 ultor
1833 2615 2068 2681 alienus,

478 2704 600 2778 'quo
629 2706 781 2778 prius
805 2707 1014 2763 exstitit
1050 2708 1227 2763 vietor
1248 2723 1399 2763 suus.
1429 2707 1533 2776 Qui
1566 2708 1686 2764 zelo
1729 2708 2071 2764 rectitudinis

490 2805 768 2863 movetur,
799 2797 878 2853 sic
903 2797 1087 2869 culpas
1105 2798 1531 2869 delinquentium
1555 2801 1824 2873 corrigat,
1864 2809 1923 2855 ut
1945 2808 2072 2856 ante

490 2890 606 2959 ipse
629 2890 724 2960 qui
751 2891 997 2961 corrigit,
1044 2907 1141 2962 per
1167 2892 1487 2962 patientiam
1525 2902 1759 2958 crescat,
1794 2901 1856 2947 ut
1894 2893 2072 2950 fervo-

489 2995 604 3037 rem
645 2996 799 3036 suum
827 2970 1256 3037 transcendendo
1281 2982 1539 3053 dijudicet
1560 3025 1575 3050 ,
1612 2998 1681 3039 nc
1707 2984 2072 3054 intemperan-

489 3082 574 3128 ter
591 3073 859 3129 excitatus
888 3074 1004 3144 ipso
1037 3073 1153 3128 zelo
1175 3075 1541 3141 rectitudinis,
1616 3075 1775 3146 longe
1798 3090 1831 3130 a
1852 3077 2069 3131 rectitu-

487 3165 614 3222 dine
641 3166 909 3223 suberrct.

1061 3259 1289 3316 CAPUT
1328 3258 1506 3314 XLIII.

917 3352 994 3408 De
1024 3353 1277 3407 doctrina:
1302 3354 1641 3407 discretione.

558 3444 741 3517 (Isid.,
765 3442 855 3499 lib.
880 3460 943 3500 ιιι
971 3444 1144 3509 Sent.,
1168 3462 1284 3516 cap.
1310 3445 1398 3510 4'5,
1423 3445 1512 3510 44,
1537 3445 1652 3518 46.)
1683 3443 1796 3500 Non
1820 3446 2071 3503 omnibus

485 3551 594 3592 una
616 3535 914 3605 eademque
953 3535 1199 3589 doctrina
1234 3536 1671 3601 est-adhibenda,
1703 3537 1797 3590 sed
1822 3551 1920 3606 pro
1944 3551 2072 3607 qua-

486 3626 641 3682 litate
670 3640 879 3681 morum
908 3625 1135 3680 diversae
1168 3625 1278 3679 sint
1315 3624 1721 3680 exhortationes
1764 3625 2065 3680 doctorum.

419 3734 421 3737 '
488 3716 623 3771 Nam
646 3718 907 3787 quosdam
934 3717 1231 3786 increpatio
1261 3717 1416 3782 dura,
1443 3717 1705 3786 quosdam
1729 3731 1855 3772 vero
1874 3716 2072 3772 exhor-

487 3807 622 3862 tatio
646 3807 871 3878 corrigit
908 3806 1123 3862 blanda.
1176 3806 1330 3864 Sicut
1368 3809 1526 3879 periti
1557 3806 1748 3864 medici
1782 3809 1847 3863 ad
1885 3809 2072 3865 varios

488 3902 734 3971 corporis
775 3903 991 3957 morbos
1034 3902 1246 3959 diverso
1296 3904 1650 3961 medicamine
1692 3905 1953 3969 serviunt,
1997 3904 2071 3960 ita

486 4000 550 4048 ut
568 3990 724 4061 juxta
748 3992 1032 4048 vulnerum
1060 3993 1378 4051 varietatem
1408 3996 1678 4051 medicina
1709 3997 1922 4052 diversa
1953 3995 2066 4050 sit:

484 4084 571 4140 sic
597 4092 653 4139 et
679 4083 870 4140 doctor
899 4084 1156 4140 Ecclesia:
1195 4086 1423 4156 singulis
1449 4089 1750 4157 quibusque
1771 4100 2071 4157 congruum

484 4176 748 4233 doctrinm
788 4177 1084 4233 remedium
1118 4178 1418 4245 adhibebit,
1445 4189 1501 4235 et
1521 4178 1654 4250 quid
1691 4179 1888 4249 cuique
1911 4192 2072 4248 opor-

486 4276 599 4322 teat
632 4282 733 4337 pro
758 4276 938 4332 actate,
969 4284 1069 4339 pro
1091 4283 1224 4325 sexu
1247 4285 1312 4325 ac
1337 4271 1678 4341 professione
1700 4269 2068 4325 annuntiabit.

484 4357 665 4413 Prima
710 4359 909 4430 quippe
940 4360 1239 4430 prudentiae
1268 4362 1440 4417 virtus
1476 4371 1589 4427 est,
1633 4375 1756 4416 eam
1787 4376 1950 4432 quam
1976 4361 2074 4417 do-

2168 1890 2368 1947 blando
2391 1892 2559 1947 verbo
2592 1892 2889 1962 castigatus
2929 1905 3035 1945 non
3084 1889 3395 1960 corrigitur,
3440 1887 3637 1942 acrius
3670 1901 3774 1941 ne-

2168 1996 2322 2037 cesse
2346 1989 2434 2037 est
2452 1990 2515 2037 ut
2542 1990 2822 2053 arguatur.
2846 1981 2982 2037 Cum
3009 1979 3191 2036 dolore
3218 1979 3363 2036 enim
3387 1977 3773 2034 abscindenda

2168 2080 2318 2139 sunt,
2347 2088 2470 2144 qua:
2499 2073 2696 2129 leniter
2722 2074 2906 2129 sanari
2942 2087 3050 2128 non
3092 2078 3339 2144 possunt.
3381 2070 3486 2138 Qui
3515 2069 3776 2125 admoni-

2164 2174 2259 2222 tus
2286 2173 2496 2223 secrete
2541 2166 2739 2238 corrigi
2766 2166 2835 2221 de
2861 2173 3086 2237 peccato
3128 2164 3374 2236 negligit,
3416 2161 3640 2232 publice
3667 2176 3765 2216 ar-

2171 2258 2416 2329 guendus
2442 2265 2548 2323 est,
2584 2252 2645 2313 nt
2688 2257 2885 2313 vulnus
2923 2256 3065 2327 quod
3108 2256 3319 2311 occulte
3345 2254 3526 2310 sanari
3554 2254 3762 2318 nescit,

2170 2348 2459 2407 manifeste
2487 2350 2681 2406 debeat
2705 2348 3005 2405 emendari.
3057 2346 3338 2403 Manifesta
3376 2353 3604 2417 peccata
3650 2361 3764 2399 non

2171 2449 2299 2498 sunt
2317 2441 2535 2497 occulta
2564 2441 2906 2497 correctione
2929 2440 3229 2512 purganda.
3255 2437 3440 2495 Palam
3465 2438 3614 2494 enim
3637 2446 3773 2493 sunt

2171 2536 2431 2607 arguendi
2457 2535 2547 2605 qui
2575 2535 2753 2606 palam
2793 2542 3008 2601 nocent,
3041 2542 3101 2589 ut
3131 2534 3257 2590 dum
3287 2541 3477 2604 aperta
3507 2530 3770 2602 objurga-

2171 2626 2318 2682 tione
2340 2635 2621 2692 sanantur,
2657 2626 2694 2681 ii
2727 2627 2819 2697 qui
2847 2641 2942 2683 eos
2967 2626 3227 2682 imitando
3249 2625 3617 2696 deliquerant,
3640 2640 3767 2679 cor-

2171 2718 2438 2789 rigantur.
2470 2716 2609 2772 Dum
2638 2733 2779 2773 unus
2804 2717 3114 2789 corripitur,
3140 2716 3356 2788 plurimi
3379 2717 3765 2772 emendantur.

2174 2808 2364 2865 Melius
2400 2817 2486 2864 est
2524 2810 2671 2863 enim
2716 2818 2777 2864 ut
2821 2824 2924 2880 pro
2961 2808 3257 2864 multorum
3289 2808 3593 2865 Salvationc
3620 2824 3766 2865 unus

2173 2900 2582 2967 condemnetur,
2611 2915 2773 2970 quam
2803 2914 2900 2970 pro
2927 2899 3086 2955 unius
3117 2899 3333 2954 licentia
3359 2899 3513 2954 multi
3535 2898 3763 2969 pericli-

2174 2998 2377 3046 tentur.
2423 2990 2501 3046 lta
2530 3006 2660 3061 ergo
2686 2991 3019 3061 delinquenti
3050 3005 3230 3046 sermo
3268 2998 3351 3047 est
3383 2986 3770 3060 proferendus.

2173 3083 2315 3137 sicut
2360 3080 2477 3151 ejus
2519 3083 2611 3153 qui
2639 3082 2933 3152 corripitur
2974 3080 3284 3151 espostulat
3312 3082 3480 3136 salus.
3532 3078 3691 3146 Quo-.I
3719 3079 3768 3134 si

2121 3176 2140 3200 ‘
2170 3186 2306 3244 Opus
2329 3184 2414 3230 est
2442 3174 2677 3244 aliquam
2703 3174 3083 3229 medicamenti
3123 3173 3351 3228 salutem
3382 3175 3549 3227 verbo
3584 3172 3769 3227 incre-

2168 3264 2405 3335 pationis
2432 3279 2722 3336 aspergere
2740 3307 2755 3332 ,
2787 3264 3067 3320 lenitatem
3097 3273 3278 3319 tamen
3322 3263 3487 3319 corde
3502 3265 3654 3337 ;opns
3681 3271 3770 3319 est

2171 3359 2429 3413 retinere.
2457 3357 2719 3413 Doctores
2745 3358 3133 3429 nonnunquam
3162 3358 3315 3413 duris
3343 3356 3544 3412 feriunt
3586 3356 3768 3412 incre-

2168 3447 2478 3518 pationibus
2521 3448 2787 3514 subditos,
2830 3448 2920 3518 qui
2966 3456 3147 3502 tamen
3193 3463 3222 3502 a
3259 3446 3527 3501 cbaritate
3565 3462 3761 3502 eorum

2169 3552 2307 3611 quos
2339 3538 2659 3609 corripiunt,
2709 3553 2815 3594 non
2862 3537 3143 3594 recedunt.
3189 3535 3336 3610 (Huc
3382 3553 3546 3608 usque
3596 3535 3767 3609 Isid.)

2170 3630 2362 3700 Magna
2387 3639 2472 3686 est
2494 3630 2795 3701 disciplina:
2818 3629 3118 3701 magisterii
3161 3629 3434 3685 subtilitas
3467 3628 3762 3684 discretio-

2168 3722 2275 3787 nis,
2304 3729 2572 3792 quatenus
2617 3722 2848 3793 quisque
2891 3730 3074 3777 rector
3102 3721 3288 3790 culpas
3323 3718 3761 3789 delinquentium

2170 3814 2403 3871 discrete
2436 3815 2649 3869 noverit
2672 3828 2915 3885 parcere,
2947 3821 3000 3868 et
3036 3812 3124 3885 pie
3153 3825 3420 3867 resecare.
3450 3809 3553 3877 Qui
3580 3816 3769 3864 autem

2170 3906 2250 3963 sic
2270 3904 2552 3961 dimittunt
2570 3912 2795 3975 peccata
2826 3911 2888 3959 ut
2913 3919 3020 3958 non
3053 3903 3352 3974 corrigunt,
3379 3910 3474 3955 aut
3500 3900 3582 3954 sic
3606 3897 3767 3968 quasi

2171 3998 2498 4068 corrigendo
2529 3996 2771 4062 feriunt,
2822 4003 3021 4052 utnon
3059 3995 3374 4057 dimittant,
3418 3992 3768 4047 discretionis

2171 4089 2422 4158 spiritum
2452 4087 2673 4143 habent.
2710 4085 2985 4157 Scriptum
3013 4096 3092 4142 est
3118 4085 3173 4140 in
3212 4085 3352 4140 libro
3399 4082 3629 4138 Genesis
3659 4101 3674 4136 :
3706 4080 3768 4137 Si

2171 4188 2308 4234 recte
2327 4179 2543 4248 offeras,
2577 4188 2622 4232 cf
2654 4186 2789 4232 recte
2827 4193 2932 4231 non
2961 4175 3189 4241 dividas,
3224 4174 3454 4247 peccasti
3485 4171 3641 4244 (Gen.
3680 4188 3763 4236 tv,

2164 4269 2326 4341 juxta
2355 4267 2546 4341 LXX).
2567 4267 2833 4341 [Gregor.,
2858 4267 2948 4322 lib.
2974 4282 3035 4322 ιιι
3065 4266 3264 4338 Expos.
3290 4281 3449 4330 mon,
3476 4281 3524 4319 ε.
3546 4264 3581 4319 9
3600 4272 3650 4318 et
3678 4264 3766 4325 10,

2171 4369 2220 4416 ct
2249 4360 2289 4416 I.
2313 4377 2331 4416 ι
2359 4377 2516 4432 super
2544 4360 2765 4425 Ezech.,
2794 4359 2935 4414 hom.
2963 4356 3079 4431 ιιι
3104 4357 3300 4414 Oblata
3327 4364 3473 4411 recte
3495 4354 3767 4419 dividere,

486 4465 610 4505 cere
637 4458 886 4520 oporteat
919 4450 1190 4506 atstimare
1220 4466 1531 4522 personam.
1578 4451 1753 4506 Aliter
1778 4460 1863 4508 est
1905 4465 2071 4522 agen-
2094 4483 2149 4543 Β
2174 4461 2260 4508 est
2295 4452 2552 4523 quzelibet
2595 4452 2739 4507 bona
2779 4460 2964 4506 nostra
3006 4449 3186 4505 studia
3214 4447 3574 4505 discernenda
3627 4459 3765 4515 pen-

487 4543 615 4599 dum
644 4557 772 4613 erga
796 4557 892 4598 eos
927 4543 1021 4614 qui
1057 4552 1246 4598 nostro
1273 4544 1693 4598 committuntur
1718 4542 1992 4613 regimini,
2022 4541 2070 4597 si
2094 4537 2140 4543 ”
2173 4554 2315 4600 sare.
2354 4544 2509 4610 Quod
2554 4543 2811 4597 nimirum
2842 4540 2955 4612 ‘qui
3008 4556 3175 4612 agere
3220 4539 3557 4604 dissimulat,
3593 4537 3767 4593 etiam

486 4633 783 4698 offendunt,
820 4640 985 4703 atque
1028 4632 1189 4687 aliter
1215 4647 1340 4687 cum
1375 4632 1442 4687 iis
1463 4632 1555 4701 qui
1596 4631 1753 4687 nobis
1789 4630 2071 4687 commissi

486 4740 594 4779 non
622 4732 766 4781 sunt.
803 4723 908 4791 Qui
933 4723 982 4780 si
1004 4723 1138 4794 justi
1168 4728 1318 4787 sunt,
1344 4721 1637 4777 venerandi
1674 4730 1830 4789 sunt;
1864 4722 1911 4776 si
1934 4736 2068 4778 vero

487 4817 835 4884 delinquunt,
875 4832 974 4888 pro
1000 4816 1116 4872 sola
1141 4814 1429 4879 charitate,
1457 4822 1518 4868 ut
1552 4813 1708 4869 locus
1735 4821 1822 4869 est
1844 4854 1858 4880 ,
1894 4813 2069 4869 corri-

486 4909 668 4980 piendi
697 4916 844 4973 sunt,
887 4922 994 4962 non
1025 4915 1207 4961 tamen
1234 4920 1357 4960 cum
1394 4905 1708 4971 severitate,
1742 4905 1886 4959 sicut
1910 4904 1947 4959 ii
1976 4904 2070 4974 qui

442 5076 447 5081 1
485 5002 643 5060 nobis
672 4999 893 5070 regendi
927 4999 1203 5055 commissi
1241 5006 1385 5053 sunt.
1421 4997 1528 5054 Pro
1556 4997 1698 5054 malo
1728 4999 1923 5054 merito
1951 4997 2071 5069 ple-

484 5097 571 5154 bis
590 5094 836 5152 aufertur
856 5094 1099 5149 doctrina
1129 5092 1547 5164 prmdicationis.
1574 5092 1678 5149 Pro
1702 5094 1846 5149 bono
1874 5091 2070 5148 merito

486 5184 779 5249 audientis,
815 5183 1071 5238 tribuitur
1092 5197 1275 5239 sermo
1300 5184 1531 5240 doctori.
1577 5184 1636 5240 In
1679 5190 1947 5255 potestate
1981 5182 2069 5237 di-

486 5278 613 5333 vina
634 5275 904 5339 consistit,
933 5275 1022 5331 cui
1044 5274 1175 5331 velit
1199 5274 1344 5333 Deus
1372 5276 1632 5333 doctrina:
1658 5276 1886 5332 verbum
1914 5275 2066 5340 dare,

486 5369 571 5425 vel
601 5368 688 5424 cui
714 5367 948 5424 auferre.
995 5368 1062 5423 Et
1095 5370 1200 5426 hoc
1224 5379 1317 5426 aut
1345 5385 1445 5442 pro
1473 5370 1702 5427 dicentis
1726 5378 1821 5425 aut
1845 5382 1944 5441 pro
1968 5382 2065 5422 au-

487 5459 688 5515 dientis
710 5458 771 5514 fit
793 5459 1007 5526 merito,
1032 5468 1094 5515 ut
1120 5460 1279 5517 modo
1298 5477 1397 5533 pro
1417 5460 1572 5532 culpa
1594 5459 1767 5531 plebis
1786 5457 2065 5514 auferatur

387 5610 413 5638 Ι,
488 5563 667 5606 sermo
693 5550 901 5607 doctori
918 5591 933 5617 ,
966 5551 1125 5608 modo
1154 5569 1286 5610 vero
1324 5569 1423 5623 pro
1443 5552 1726 5621 utriusque
1755 5549 1889 5623 [Αι.,
1918 5549 2064 5604 utili-

489 5640 612 5713 bus]
644 5643 852 5698 meritis
877 5642 1162 5699 tribuatur.
1193 5644 1294 5712 Qui
1328 5642 1551 5698 docendi
1588 5641 1783 5710 accipit
1805 5638 2061 5704 cilicium,

493 5734 761 5792 interdum
802 5739 868 5805 ad
898 5745 1111 5811 tempus
1134 5738 1278 5796 facta
1308 5735 1540 5808 proximi
1575 5741 1768 5801 taceat,
1804 5749 1931 5805 qua:
1955 5741 2064 5789 sta—

2173 4645 2321 4691 reete
2347 4635 2581 4690 offerens
2605 4643 2812 4705 peccat.
2859 4633 3014 4703 Saepe
3056 4631 3199 4703 quod
3229 4632 3369 4686 bono
3396 4628 3581 4685 studio
3611 4628 3761 4699 geri-

2173 4743 2316 4793 mus,
2337 4727 2466 4782 dum
2488 4727 2799 4782 discernere
2820 4737 2978 4781 caute
3007 4724 3346 4795 negligimus,
3369 4732 3478 4791 quo
3488 4717 3766 4787 iudicetur

2176 4820 2303 4886 fine,
2343 4817 2646 4885 nescimus;
2675 4826 2731 4874 et
2753 4831 3138 4888 nonnunquam
3166 4817 3269 4871 hoc
3292 4813 3352 4868 tit
3372 4820 3556 4867 reatus
3579 4810 3765 4865 crimi-

2175 4913 2281 4977 nis,
2312 4912 2456 4982 quod
2494 4919 2718 4980 putatur
2745 4926 2907 4966 causa
2933 4910 3169 4965 virtutis.
3207 4909 3374 4962 Recte
3410 4921 3541 4977 ergo
3579 4903 3764 4959 offeri-

2172 5016 2317 5068 mus,
2340 5016 2465 5057 cum
2488 5002 2629 5057 bono
2648 5001 2827 5056 studio
2849 5001 3050 5055 bonum
3070 5012 3206 5070 opus
3229 4997 3468 5068 agimus;
3492 4993 3587 5050 sed
3616 5002 3766 5049 recte

2172 5108 2279 5148 non
2324 5091 2612 5149 dividimus
2641 5133 2657 5159 ,
2690 5090 2749 5149 ‘si
2805 5091 3003 5149 habere
3066 5090 3475 5146 discretionem’
3508 5086 3564 5141 in
3618 5087 3768 5140 bono

2170 5197 2332 5255 opere
2387 5191 2794 5255 pastponamus.
2853 5183 3001 5239 Dixit
3044 5182 3211 5238 abbas
3252 5180 3567 5236 Antonius:
3620 5177 3763 5233 Sunt

2171 5275 2389 5345 quidam
2437 5283 2778 5331 conterentes
2803 5288 3028 5344 corpora
3069 5288 3171 5339 sua,
3214 5272 3271 5328 in
3310 5270 3658 5335 abstinentia,
3698 5276 3761 5325 et

2169 5366 2297 5436 quia
2346 5380 2451 5422 non
2511 5367 2714 5421 habent
2763 5364 3180 5429 discretionem,
3238 5362 3397 5434 longe
3445 5360 3573 5414 facti
3634 5367 3764 5416 sunt

2170 5472 2202 5511 a
2252 5455 2385 5511 Deo.
2443 5455 2666 5511 Dicebat
2696 5455 2880 5511 abbas
2926 5454 3114 5509 Daniel
3158 5453 3287 5523 quia
3332 5460 3597 5523 quantum
3645 5464 3764 5505 cor-

2169 5562 2272 5618 pus
2308 5546 2562 5612 virescit,
2604 5555 2814 5602 tantum
2843 5546 3041 5601 anima
3093 5546 3440 5612 exsiccatur;
3481 5550 3538 5598 et
3590 5556 3765 5613 quan-

2172 5646 2286 5693 tum
2322 5638 2583 5694 siccatum
2613 5638 2775 5695 fuerit
2799 5638 3023 5709 corpus,
3048 5646 3259 5694 tantum
3294 5637 3477 5693 anima
3515 5635 3761 5692 virescit.

2160 5729 2317 5788 Dixit
2336 5731 2505 5789 abbas
2530 5731 2722 5790 Pastor
2748 5752 2760 5790 :
2788 5733 2987 5790 Malitia
3017 5747 3358 5805 nequaquam
3388 5731 3617 5805 expellit
3648 5745 3770 5787 mas
