3940 6446
132 326 257 381 641

1371 322 1679 380 DIADEMA
1717 320 2225 378 MONACIIORUM.

3335 322 3444 377 (ἶίὲ

136 440 355 504 titiam,
384 434 479 491 sed
499 433 544 489 si
578 439 701 509 quis
722 437 817 493 tibi
841 435 1189 501 malefccerit,
1210 438 1350 494 bene
1374 438 1457 495 fac
1485 439 1558 503 ei,
1582 444 1641 493 ut
1659 452 1757 508 per
1782 438 1835 501 Α
1858 451 2066 500 somno,
2122 436 2279 501 Veni,
2337 448 2495 493 serve
2543 437 2704 493 male.
2762 438 2830 494 Et
2871 438 3206 510 subripiebat
3249 453 3443 509 parum

139 534 366 587 bonum
392 543 532 599 opus
557 540 711 586 tuum
748 531 1000 588 destntas
1036 530 1299 586 malitiam
1335 531 1497 585 illius.
1531 530 1759 584 lnterro-
1859 530 2032 585 somni
2072 528 2329 595 sedendo,
2362 538 2417 584 et
2445 530 2631 585 statim
2667 532 2944 601 surgebat.

140 629 325 691 gntus
353 627 438 674 est
473 620 700 691 quidam
739 636 905 676 senex
944 636 976 675 a
1016 621 1250 691 quodam
1292 619 1461 675 fratre
1502 620 1757 675 dicente:

142 710 447 778 Quomodo
470 727 688 783 possum
712 712 956 769 invenire
975 712 1178 767 Deum?
1215 711 1409 769 Utrum
1438 712 1494 766 in
1516 710 1758 781 jejuniis,

145 818 227 857 an
253 803 326 873 .in
364 800 667 866 laboribus,
710 816 780 856 an
818 801 873 855 in
903 800 1121 871 vigiliis,
1154 815 1224 855 an
1256 800 1313 855 in
1352 797 1758 855 misericordia?

150 893 227 948 Et
251 892 542 964 respondit
572 910 587 947 :
636 892 695 946 lu
732 891 821 946 his
860 905 980 961 qum
1002 890 1361 955 enumerasti,
1389 898 1447 944 et
1473 888 1528 943 in
1554 887 1760 943 discre-

150 986 341 1041 tione.
372 985 503 1040 Dico
526 984 673 1040 enim
708 983 808 1045 tibi
846 982 974 1053 quia
1013 981 1167 1036 multi
1203 979 1511 1037 atllixerunt
1533 991 1756 1034 carnem

151 1090 351 1141 sitam,
371 1083 429 1130 et
456 1074 584 1144 quia
620 1075 740 1130 sine
771 1072 1099 1129 discretione
1131 1069 1404 1127 faciebant
1436 1070 1562 1135 hoc,
1602 1067 1757 1125 abie-

154 1175 301 1225 runt
326 1166 483 1224 vacui
508 1164 643 1221 nihil
667 1164 948 1220 habentes.

745 1273 973 1330 CAPUT
1009 1272 1194 1329 XLIV.

291 1400 297 1407 ,
726 1343 806 1398 De
839 1345 992 1403 donis
1024 1343 1240 1398 divinis.
1602 1414 1605 1417 Α

235 1435 599 1508 Omnipotens
629 1435 774 1491 Deus
812 1434 1013 1490 interni
1047 1433 1237 1502 iudicii
1272 1432 1483 1489 secreto
1512 1432 1759 1489 modera-

153 1526 321 1590 mine
351 1544 365 1593 ς
396 1526 502 1579 Alii
548 1539 838 1578 sermonem
872 1524 1167 1594 sapientior,
1198 1523 1291 1577 alii
1335 1523 1543 1593 plenam
1574 1524 1757 1592 ﬁdem,

2433 620 2663 677 CAPUT
2701 619 2863 676 XLV.

2433 710 2509 766 De
2534 713 2710 782 gratia
2738 711 2857 766 Dei.

1929 802 2132 878 (στερη
2167 802 2207 858 l.
2234 820 2251 860 ι
2279 821 2438 875 super
2475 801 2696 870 Haecin,
2724 804 2866 858 hom.
2892 802 2971 875 9.)
2997 801 3077 861 Es
3105 801 3446 874 omnipoten-

1858 895 1929 953 tis
1945 896 2038 950 Dei
2063 895 2233 967 gratia
2258 896 2327 949 ad
2347 896 2489 951 bona
2501 909 2666 964 opera
2691 894 2876 949 conari
2898 893 3112 965 quidem
3132 909 3443 965 possumus.

1857 986 1951 1041 sed
1979 986 2093 1040 haec
2138 984 2361 1055 implere
2388 1000 2493 1039 non
2528 999 2838 1054 possumus,
2867 984 2913 1039 si
2951 984 3067 1055 ipse
3095 999 3201 1039 non
3229 983 3448 1054 adjuvat

1856 1077 1948 1147 qui
1968 1074 2144 1145 jubet.
2180 1076 2468 1131 Sciendum
2496 1077 2729 1146 estquia
2774 1075 2915 1131 mala
2942 1084 3128 1132 nostra
3154 1077 3449 1134 solummo—

1856 1172 1926 1226 do
1953 1178 2139 1225 nostra
2161 1180 2307 1225 sunt.
2330 1169 2477 1225 Bona
2524 1178 2705 1226 autem
2731 1179 2940 1234 nostra,
2969 1178 3026 1226 et
3052 1169 3447 1240 omnipotentis

1855 1263 1949 1319 Dei
1989 1270 2135 1327 sunt,
2170 1270 2227 1317 et
2269 1269 2473 1315 nostra.
2504 1260 2640 1328 Quia
2684 1260 2801 1330 ipse
2842 1259 3133 1330 aspirando
3164 1276 3262 1315 nos
3305 1276 3444 1331 ιιι-πυ

1857 1355 2006 1410 venit
2031 1360 2091 1408 ut
2122 1352 2366 1418 velimus,
2394 1353 2487 1423 qui
2512 1350 2815 1420 adiuvando
2843 1351 3212 1421 subsequitur,
3237 1367 3307 1406 ne
3329 1352 3451 1406 ina-

1855 1447 1999 1501 niter
2023 1446 2278 1507 velimus,
2316 1444 2411 1499 sed
2443 1444 2712 1515 possimus
2740 1443 2967 1514 implere
2997 1442 3142 1513 quod
3174 1442 3444 1498 volumus.

1856 1538 2224 1593 vaeniente
2251 1538 2444 1609 gratia,
2486 1544 2541 1590 ct
2574 1534 2715 1590 bona
2751 1536 3027 1590 voluntate
3056 1535 3445 1604 subsequente,

156 1620 269 1676 alii
296 1619 523 1691 gratiam
548 1618 860 1682 sanitatum,
881 1616 973 1670 alii
998 1616 1348 1687 operationem
1377 1617 1758 1683 virtutum,.alii
1858 1629 1961 1684 hoc
2007 1628 2150 1700 quod
2193 1626 2583 1697 omnipotentis
2627 1625 2726 1680 Dei
2757 1627 2955 1682 donum
2983 1634 3067 1682 εει
3096 1625 3159 1681 ﬁt
3187 1627 3443 1683 mel-imm

155 1711 521 1782 prophetiam,
569 1706 663 1763 alii
707 1708 1069 1762 discretionem
1111 1705 1416 1775 spirituum,
1443 1705 1537 1760 alii
1567 1723 1759 1776 genera

1863 1727 2122 1775 nostrum.
2158 1717 2311 1786 Quod
2343 1717 2481 1773 bene
2505 1716 2705 1771 Paulus
2729 1715 2879 1772 brevi
2908 1717 3177 1772 sententia
3211 1717 3450 1787 exp'icat

158 1802 512 1872 linguarum,
557 1798 651 1853 alii
702 1797 1176 1867 interpretationem
1234 1811 1533 1851 sermonum
1571 1797 1757 1851 tribuit

1863 1812 2043 1866 dicens
2068 1828 2081 1863 :
2110 1807 2241 1863 Plus
2270 1807 2376 1863 illis
2415 1806 2652 1862 omnibus
2686 1805 2920 1860 laboravi
2945 1804 3009 1876 (I
3032 1805 3156 1861 Cor.
3184 1804 3311 1876 xv).
3342 1805 3449 1872 Qui

158 1893 216 1959 (Ι
249 1890 379 1945 Cor.
407 1887 527 1961 su).
551 1887 729 1961 (στῶς.
761 1887 801 1941 Ι.
828 1903 900 1941 xx
935 1885 1130 1941 Morel.
1159 1886 1215 1940 in
1237 1884 1362 1941 Job.
1390 1903 1440 1941 ο.
1469 1887 1537 1942 18
1557 1898 1607 1942 et
1641 1886 1754 1957 ll.)

1863 1921 1924 1962 ne
1950 1904 2226 1959 videretur
2249 1918 2360 1958 sure
2401 1900 2586 1956 virtuti
2621 1899 2877 1955 tribuisse
2911 1898 3055 1969 quod
3082 1896 3306 1963 fecerat,
3342 1897 3441 1951 nd-

156 1983 401 2041 Creator
445 1990 631 2038 uoster
667 1994 734 2036 ac
775 1980 1069 2050 dispositor
1096 1980 1176 2035 sic
1199 1979 1512 2037 nunleratur
1535 1989 1752 2045 cuncta,

1863 1996 2059 2065 iunxit:
2082 1993 2402 2049 Nonautem
2427 2008 2552 2062 εσυ..
2566 1990 2659 2045 sed
2683 1990 2855 2062 gratia
2871 1988 2967 2044 Dei
2994 2004 3195 2043 mecum
3223 1987 3438 2060 (Ibid.).

158 2085 228 2138 ut
252 2076 349 2146 qui
376 2074 565 2142 extolli
582 2082 794 2145 poterat
811 2088 879 2129 ex
901 2073 1043 2131 dono
1063 2072 1207 2143 quod
1233 2072 1415 2137 habet,
1441 2072 1758 2129 humilietur

158 2184 236 2223 ex
273 2169 474 2223 virtute
495 2183 660 2237 quam
687 2182 793 2222 non
821 2165 1003 2222 habet.
1028 2160 1207 2236 Atque
1231 2166 1307 2221 ita
1338 2165 1401 2221 tit
1427 2174 1489 2221 ut
1508 2182 1631 2221 cunt
1660 2182 1769 2236 per

159 2264 475 2334 impensam
531 2262 760 2333 gratiam
808 2273 1248 2331 unumquemque
1290 2257 1554 2324 sublevat,
1588 2258 1757 2314 etiam

161 2371 274 2425 per
298 2354 571 2425 disparem
597 2352 754 2408 alteri
779 2350 1009 2417 alterum
1036 2350 1250 2407 sobdat.
1275 2349 1629 2420 Omnipotens
1654 2349 1761 2405 Do-

161 2446 355 2500 minus
401 2445 480 2499 sic
513 2451 706 2499 cuncta
736 2444 1069 2509 moderatur,
1099 2451 1161 2497 ut
1195 2441 1323 2497 dum
1361 2441 1569 2512 singula
1606 2456 1759 2510 qua:-

160 2549 280 2604 que
307 2540 436 2589 sunt
459 2533 722 2597 omnium,
748 2532 1064 2601 interposita
1094 2533 1329 2602 quadam
1358 2531 1643 2588 charitatis
1665 2546 1760 2586 ne-

161 2621 529 2687 cessitudine,
551 2620 685 2675 fiant
704 2620 886 2674 omnia
909 2620 1249 2691 singulorum
1273 2634 1290 2674 :
1311 2628 1368 2675 et
1391 2619 1759 2690 unusquisque

162 2714 253 2770 sic
298 2713 444 2784 quod
485 2727 596 2768 non
643 2711 853 2781 accepit
903 2712 958 2766 in
1010 2710 1184 2767 altero
1228 2710 1520 2781 possideat,
1548 2718 1608 2765 ut
1642 2710 1759 2781 ipse

164 2805 332 2859 alteri
360 2802 742 2874 possidendum
762 2802 908 2873 quod
933 2802 1144 2880 accepit
1156 2801 1438 2857 humiliter
1458 2801 1757 2872 impendat.

166 2893 379 2949 Sancta
413 2892 653 2950 Ecclesia
702 2893 921 2963 superni
969 2893 1053 2948 sui
1089 2892 1284 2963 capitis
1320 2907 1520 2963 corpus
1555 2899 1660 2957 est,
1702 2891 1759 2947 in

167 3004 284 3060 qua
308 2987 446 3043 alius
474 2986 583 3045 alta
610 2986 863 3049 videndo,
885 2987 1095 3051 oculus,
1126 2985 1266 3042 alius
1290 2994 1438 3041 recta
1459 2984 1757 3055 operando,

168 3095 390 3145 manus,
429 3066 582 3134 alius.
595 3077 663 3134 ad
688 3085 886 3134 cuncta
919 3076 1290 3150 discurrendo,
1320 3092 1440 3147 pes,
1463 3075 1601 3133 alios
1620 3090 1759 3145 pra:-

166 3180 455 3244 ceptorum
492 3185 677 3244 vocem
715 3169 1082 3240 intelligendo,
1123 3170 1295 3236 auris,
1325 3169 1464 3225 alius
1490 3168 1756 3226 malorum

170 3262 428 3329 fetorem,
444 3262 816 3331 bonorumque
836 3260 1188 3332 fragrantiam
1208 3260 1587 3327 discernenda,
1610 3259 1760 3317 uaris

166 3361 280 3409 est.
312 3351 415 3420 Qui
441 3352 587 3408 enim
621 3350 985 3421 corporalium
1022 3365 1174 3409 more
1213 3347 1599 3415 membrorum,
1628 3347 1760 3409 dum

170 3444 416 3500 vicissim
465 3443 566 3499 sibi
610 3451 830 3512 accepta
879 3440 1054 3498 cilicia
1105 3440 1443 3511 impendunt,
1490 3455 1655 3496 unum
1692 3440 1761 3497 de

171 3536 483 3607 semetipsis
528 3536 780 3592 omnibus
831 3549 1028 3606 corpus
1067 3534 1318 3589 reddunt.
1370 3533 1505 3588 Miro
1532 3532 1762 3589 consilio

173 3636 371 3684 auctor
418 3642 483 3682 ac
526 3627 817 3697 dispositor
849 3636 1035 3683 noster
1072 3628 1201 3684 huic
1240 3628 1330 3683 illa
1371 3627 1600 3696 largitur
1641 3643 1763 3699 quae

173 3722 272 3778 alii
319 3722 570 3796 denegat,
621 3722 713 3777 alii
762 3723 882 3778 hanc
919 3721 1153 3793 denegat.
1207 3737 1328 3799 quae
1370 3723 1463 3779 isti
1511 3722 1759 3792 largitur.

176 3812 462 3869 Mensuras
490 3813 675 3883 itaque
701 3812 803 3868 sibi
824 3813 1032 3883 positas
1062 3814 1248 3885 egredi
1280 3814 1488 3881 nititur,
1515 3812 1764 3884 quisquis

171 3921 339 3976 posse
382 3906 504 3978 plus
557 3920 720 3976 quam
768 3906 1042 3976 acceperit
1088 3915 1333 3962 conatur.
1381 3906 1764 3978 Unusquisque

176 3998 419 4055 tideliom
449 3998 573 4071 (cui
614 3996 846 4054 fortasse
892 3998 1264 4054 tantummodo
1290 3998 1474 4054 datum
1507 4006 1594 4053 est
1620 4012 1763 4067 prm-

173 4097 457 4159 ceptorum
481 4088 690 4144 occulta
714 4086 1006 4158 disserere)
1034 4088 1082 4143 si
1106 4095 1281 4145 tentat
1298 4088 1465 4145 etiam
1485 4085 1766 4142 miraculis

173 4197 465 4238 coruscare
499 4190 632 4237 :aut
655 4181 702 4238 is
729 4196 891 4250 quem
916 4194 1164 4249 superna:
1202 4179 1421 4233 virtutis
1456 4178 1656 4234 donum
1690 4176 1765 4232 ad

173 4271 292 4326 sola
333 4271 594 4329 miracula
632 4272 890 4335 roborat,
933 4268 1100 4335 etiam
1139 4268 1335 4323 divinze
1365 4268 1499 4338 legis
1525 4267 1766 4337 pandere

172 4362 389 4419 occulta
414 4361 728 4424 contendat,
752 4359 811 4414 in
844 4357 1147 4429 praecipitio
1172 4358 1365 4429 pedem
1392 4357 1640 4428 porrigit,
1668 4357 1763 4428 qui

174 4468 556 4521 miserarum
583 4466 806 4507 suarum
832 4451 1056 4509 limitem
1080 4465 1190 4507 non
1222 4450 1473 4506 attendit.
1502 4450 1765 4507 Dicebant

174 4545 246 4599 de
291 4543 486 4599 abbate
534 4541 646 4597 Hor
683 4541 828 4612 quod
874 4556 1061 4610 neque.
1098 4541 1357 4603 mentitus
1392 4549 1476 4597 est
1499 4556 1759 4612 unquam,

176 4649 355 4704 neque
372 4633 597 4703 iuravit,
628 4646 805 4704 neque
829 4632 1111 4689 maledixit
1141 4631 1436 4698 hominem,
1478 4647 1657 4703 neque
1681 4633 1761 4705 (si

175 4745 402 4787 necesse
428 4746 534 4785 non
560 4728 693 4803 fuit)
723 4728 937 4785 locutus
960 4736 1045 4784 est
1069 4727 1253 4783 alicui.
1285 4727 1448 4783 Venit
1471 4726 1762 4797 aliquando

180 4823 354 4878 abbas
384 4822 649 4886 Hilarion,
678 4820 747 4877 de
778 4819 1061 4877 Palaestina
1094 4820 1164 4875 ad
1193 4819 1440 4876 abbatem
1467 4820 1763 4877 Antonium

181 4915 237 4968 in
263 4923 519 4980 montem,
550 4923 608 4969 et
628 4913 764 4971 dixit
783 4913 835 4968 ei
861 4913 1027 4969 abbas
1047 4911 1315 4969 Antonius
1341 4930 1357 4966 :
1379 4911 1526 4969 Bene
1541 4912 1762 4981 venisti,

180 5004 395 5071 lucifer,
418 5006 512 5076 qui
535 5020 695 5062 mane
729 5004 910 5062 oriris.
940 5005 1009 5060 Et
1028 5005 1168 5062 dixit
1197 5005 1250 5061 ei
1284 5004 1453 5061 abbas
1476 5005 1759 5062 Hilarion:

178 5093 295 5150 Pax
326 5096 443 5163 tibi,
478 5096 731 5153 columna
766 5096 923 5162 lucis,
960 5111 1082 5167 quae
1108 5096 1347 5155 sustines
1367 5097 1557 5153 orbem
1583 5105 1762 5153 terra-

168 5168 324 5240 'rum.
347 5186 493 5241 Dixit
518 5186 737 5255 quidam
760 5185 931 5242 abbas
957 5185 1104 5257 quod
1141 5185 1468 5241 habitaverit
1494 5185 1550 5239 in
1574 5200 1762 5241 eremo

178 5277 538 5350 quadraginta
556 5279 716 5334 annis
749 5279 1025 5335 solitarius
1050 5278 1301 5350 quidam;
1331 5278 1424 5348 qui
1454 5278 1760 5348 interroga-

181 5377 271 5424 tus
318 5383 350 5423 a
393 5366 600 5424 Joanne
626 5368 841 5435 abbate,
871 5368 1152 5440 respondit
1186 5385 1201 5427 :
1230 5367 1367 5437 Quia
1390 5381 1458 5422 ex
1488 5381 1595 5437 quo
1619 5368 1761 5437 cmpi

179 5461 454 5517 solitarius
472 5476 613 5526 esse,
639 5477 915 5533 nunquam
942 5476 1030 5518 me
1052 5461 1187 5518 vidit
1212 5460 1293 5516 sol
1319 5460 1757 5516 manducantem.

183 5551 476 5623 Respondit
517 5552 569 5608 ei
606 5537 775 5608 abbas
813 5552 1049 5610 Joannes
1079 5570 1092 5607 :
1121 5551 1232 5608 Nec
1281 5566 1371 5608 me
1413 5553 1759 5608 irascentem.

186 5639 443 5697 D.cebant
467 5641 533 5697 de
574 5642 773 5698 abbate
806 5641 1036 5697 Arsenio
1065 5643 1208 5713 quod
1248 5649 1363 5698 tota
1395 5651 1555 5699 nocte
1580 5643 1765 5713 vigila-

187 5725 295 5798 bat,
321 5740 377 5788 et
404 5733 621 5806 quando
656 5732 867 5791 volebat
903 5734 1049 5793 circa
1073 5748 1231 5790 mane
1267 5733 1525 5801 dormire,
1551 5733 1764 5791 dicebat

1784 3147 1830 3210 C

1790 4498 1842 4559 D

1856 2087 2016 2161 [Isid.
2046 2086 2084 2141 ι.
2115 2103 2154 2142 ιι
2190 2084 2362 2151 Sent.,
2390 2103 2436 2140 c.
2461 2083 2541 2153 5.)
2587 2082 2866 2138 Interdum
2909 2082 3261 2153 peccantibus
3294 2082 3450 2137 nobis

1855 2196 2007 2237 suam
2034 2179 2176 2235 Deus
2200 2178 2431 2250 gratiam
2457 2192 2566 2231 non
2600 2175 2852 2241 retrahit,
2883 2183 2943 2229 ut
2985 2175 3051 2231 ad
3076 2188 3227 2244 spem
3252 2173 3450 2229 divina:

1854 2269 2256 2343 propitiationis
2280 2268 2517 2324 humana
2544 2280 2698 2321 mens
2724 2272 3040 2336 consurgat.
3077 2264 3161 2319 Ab
3186 2263 3278 2319 illo
3303 2264 3448 2318 enim

1856 2362 2012 2419 nobis
2047 2362 2232 2423 omnia
2270 2359 2428 2424 bona,
2478 2358 2654 2431 gratia
2704 2356 3103 2429 pneveniente,
3151 2355 3443 2410 donantur.

1854 2445 2136 2509 Profectus
2179 2453 2416 2508 hominis
2463 2451 2662 2507 donum
2708 2448 2806 2504 Dei
2850 2458 2954 2513 est,
2986 2462 3088 2503 nec
3126 2462 3156 2501 a
3187 2462 3247 2502 se
3274 2455 3452 2518 potest

1856 2546 2166 2618 quisquam,
2197 2544 2289 2600 sed
2319 2559 2353 2598 a
2392 2543 2504 2599 Deo
2530 2541 2753 2612 corrigi,
2780 2547 3012 2607 testante
3039 2539 3324 2609 propheta,
3352 2539 3449 2608 qui

1859 2637 1937 2692 ait
1961 2654 1975 2692 :
1996 2636 2144 2702 Scio,
2174 2634 2421 2699 Domine,
2442 2634 2568 2705 quia
2599 2649 2705 2686 non
2732 2641 2807 2686 est
2830 2629 3058 2685 hominis
3088 2629 3168 2684 ria
3194 2629 3331 2699 ejus,
3357 2645 3449 2684 nec

1855 2729 1954 2785 viri
1994 2737 2069 2783 est
2106 2737 2160 2780 ut
2190 2724 2418 2780 ambulet
2462 2734 2511 2778 et
2550 2724 2745 2793 dirigat
2793 2738 3001 2792 gressus
3045 2737 3170 2776 suos
3198 2719 3335 2793 (Jer.
3366 2721 3446 2791 ιε).

1858 2818 2171 2891 Spiritualis
2196 2816 2368 2887 gratia
2399 2831 2505 2870 non
2530 2813 2785 2870 omnibus
2805 2810 3168 2875 distribuitur,
3202 2811 3298 2866 sed
3330 2820 3452 2866 tan-

1858 2907 2135 2966 tummodo
2178 2905 2366 2960 electis
2409 2906 2661 2960 donatur.
2718 2902 2939 2958 Munera
2982 2901 3305 2973 gratiarum,
3353 2901 3446 2957 alii

1858 3002 1983 3067 ista,
2012 2999 2104 3054 alii
2129 3011 2260 3052 vero
2287 2999 2558 3052 (limantur
2578 2993 2691 3059 illa,
2719 3008 2820 3049 nec
2847 2993 3008 3048 datur
3033 2994 3232 3048 habere
3256 2992 3331 3047 ita
3353 2992 3448 3047 uni

1859 3103 1921 3149 ut
1942 3109 2048 3149 non
2075 3101 2235 3164 egeat
2262 3091 2453 3147 altero.
2479 3087 2646 3143 Posse
2674 3086 2792 3142 ﬁeri
2815 3101 2924 3141 non
2946 3093 3034 3164 est
3055 3085 3298 3151 dubium,
3323 3094 3383 3139 ut
3411 3086 3450 3140 ii

1862 3201 2000 3257 quos
2048 3160 2270 3255 quidam
2314 3182 2577 3236 virtutum
2614 3160 3310 3244 excellentia’antecedunt,
3347 3176 3445 3232 Dei

1863 3276 2144 3348 repentina
2172 3272 2556 3344 praeveniente
2601 3271 2796 3343 gratia,
2836 3268 3099 3340 quosdam
3125 3268 3449 3339 compendio

1863 3367 2169 3424 sanctitatis
2214 3364 2582 3437 praveniant,
2637 3371 2698 3417 ut
2752 3362 2880 3417 dum
2926 3366 3053 3416 sunt
3097 3358 3457 3415 conversione

1862 3459 2152 3532 postremi,
2184 3456 2364 3515 subito
2408 3452 2709 3512 efﬁciantur
2737 3452 2955 3509 virtutis
2999 3451 3234 3508 culmine
3262 3451 3447 3521 primi.

1863 3550 2002 3606 Dum
2046 3550 2277 3621 quisque
2326 3547 2543 3617 aliquod
2581 3548 2783 3605 bonum
2828 3545 3045 3616 accipit,
3096 3560 3204 3600 non
3234 3552 3455 3615 appetat

1864 3642 2096 3713 amplius
2125 3656 2286 3711 quam
2311 3637 2458 3710 quod
2485 3638 2707 3707 meruit,
2738 3652 2805 3693 ne
2824 3635 2953 3692 dum
2974 3635 3198 3692 alterius
3220 3636 3451 3691 membri

1862 3734 2097 3791 cilicium
2123 3732 2365 3803 arripere
2390 3737 2584 3796 tentat,
2607 3730 2662 3785 id
2681 3727 2827 3800 quod
2855 3726 3056 3783 meruit
3082 3726 3291 3797 perdat.
3314 3724 3456 3781 Con-

1864 3825 2048 3880 turbat
2093 3823 2240 3878 enim
2283 3818 2528 3892 corporis
2562 3817 2809 3873 ordinem
2849 3824 3042 3884 totum,
3088 3816 3182 3886 qui
3208 3831 3317 3870 non
3354 3827 3457 3870 suo

1864 3921 2151 3968 contentus
2192 3909 2387 3975 ofﬁcio,
2427 3908 2661 3980 subripit
2704 3907 2959 3963 alienum.
2993 3905 3187 3962 Frater
3215 3906 3455 3961 interro-

1863 4003 2012 4075 gavit
2037 4000 2324 4073 quemdam
2351 4014 2536 4055 senem
2558 3998 2745 4053 dicens
2776 4014 2792 4051 :
2823 3997 2881 4052 Si
2909 3996 3065 4052 fuero
3100 3995 3155 4050 in
3196 3995 3317 4051 loco
3350 3995 3451 4051 ali-

1864 4111 1995 4166 quo,
2023 4102 2079 4149 et
2105 4101 2234 4148 nata
2280 4091 2415 4146 mihi
2445 4090 2610 4145 fuerit
2648 4088 2954 4155 tribulatio,
2986 4096 3041 4143 et
3065 4103 3173 4143 nou
3213 4088 3455 4147 habuero

1864 4185 1955 4241 cui
1990 4198 2077 4239 me
2098 4181 2460 4247 committam,
2481 4188 2536 4234 et
2562 4179 2795 4235 indicem
2818 4178 2894 4234 illi
2920 4178 3228 4249 passionem
3258 4178 3455 4234 animae

1865 4290 2019 4340 meae,
2056 4273 2186 4344 quid
2214 4272 2397 4328 facio?
2432 4271 2574 4326 Dicit
2603 4271 2680 4326 illi
2709 4286 2873 4327 senex
2900 4286 2915 4324 :
2941 4269 3114 4326 Crede
3161 4268 3216 4324 in
3260 4269 3451 4338 Deum,

1863 4368 1989 4439 quia
2022 4367 2137 4436 ipse
2173 4344 2364 4421 mittet,
2388 4364 2619 4436 gratiam
2649 4378 2825 4430 suam,
2852 4371 2909 4420 et
2933 4362 3232 4419 satisfaciet
3256 4363 3373 4431 tibi,
3405 4365 3452 4420 si

1866 4458 1923 4513 in
1945 4456 2174 4511 veritate
2198 4454 2476 4527 rogaveris
2505 4469 2649 4511 cum.
2680 4453 2747 4509 Et
2767 4453 2973 4511 addidit
2999 4453 3185 4509 dicens
3211 4471 3224 4507 :
3254 4453 3455 4521 Audivi

1865 4547 2011 4603 enim
2035 4546 2161 4617 quia
2183 4546 2237 4601 in
2264 4544 2450 4617 Scythi
2490 4544 2598 4601 tale
2618 4544 2823 4615 aliquid
2848 4542 3049 4600 factum
3072 4554 3175 4600 est.
3207 4545 3338 4601 Erat
3374 4546 3450 4602 ibi

1865 4638 2087 4710 quidam
2134 4636 2227 4707 qui
2274 4636 2576 4693 sustinebat
2622 4637 2969 4703 tentationes,
3009 4645 3066 4691 et
3104 4651 3210 4691 non
3241 4635 3452 4693 habens

1866 4727 2121 4784 ﬁduciam
2151 4726 2205 4783 in
2228 4726 2409 4796 aliquo
2433 4725 2521 4781 cui
2563 4724 2936 4792 confiteretur,
2962 4727 3179 4797 paravit
3206 4741 3328 4782 sero
3356 4741 3453 4798 pe-

1867 4834 1985 4875 ram
2012 4833 2168 4874 suam
2205 4825 2265 4873 ut
2306 4816 2628 4874 discederet.
2666 4817 2733 4873 Et
2756 4831 2886 4874 ecce
2924 4829 3083 4875 nocte
3120 4820 3370 4890 apparuit
3399 4822 3453 4878 ei

1866 4909 2040 4982 gratia
2085 4908 2299 4965 Domini
2343 4908 2399 4965 in
2444 4909 2626 4979 specie
2670 4909 2915 4981 virginis,
2954 4918 3011 4966 et
3063 4911 3286 4981 rogabat
3324 4926 3453 4968 eum

1865 4998 2052 5057 dicens
2082 5018 2096 5055 :
2128 4997 2405 5070 Nusquam
2430 5000 2619 5067 vadas,
2647 4999 2743 5056 sed
2770 5000 2900 5057 sede
2922 5000 3010 5058 hic
3036 5017 3286 5069 meeum;
3315 5003 3452 5059 nihil

1863 5091 2011 5146 enim
2039 5090 2241 5146 malum
2268 5091 2366 5146 tibi
2391 5090 2482 5148 flet
2509 5091 2668 5147 exiis
2695 5107 2815 5163 quae
2841 5094 3060 5149 audisti.
3098 5093 3202 5167 Qui
3222 5095 3455 5153 credens

1862 5181 2045 5239 verbis
2072 5178 2190 5251 ejus
2209 5181 2368 5249 sedit,
2394 5190 2451 5237 et
2472 5190 2725 5237 sanatum
2748 5190 2833 5238 est
2860 5184 3045 5238 sta-tim
3067 5199 3164 5240 cor
3185 5183 3378 5256 ipsius.

2427 5273 2655 5330 CAPUT
2688 5272 2871 5329 XLVI.

2379 5362 2459 5418 De
2489 5363 2635 5419 bonis
2664 5362 2936 5434 subjectis.

1934 5457 2028 5530 (D.
2079 5454 2262 5529 Creg.,
2307 5466 2505 5528 pastor.
2557 5454 2713 5512 Cura:
2747 5473 2803 5527 p.
2847 5472 2941 5521 Ill,
2975 5455 3189 5511 admon.
3242 5453 3299 5522 5,
3329 5453 3446 5526 il.)

1863 5549 2203 5606 Admonendi
2250 5556 2375 5605 sunt
2419 5548 2619 5604 subditi
2666 5562 2735 5602 ne
2779 5548 3191 5619 przepositorom
3221 5560 3449 5603 suorum

1863 5642 2033 5697 vitam
2059 5651 2283 5706 temere,
2309 5639 2355 5695 si
2383 5640 2513 5711 quid
2533 5654 2628 5695 eos
2649 5637 2878 5695 fortasse
2914 5642 3075 5710 agere
3102 5636 3448 5707 reprehensi-

1863 5732 2045 5791 biliter
2069 5733 2272 5800 vident,
2299 5731 2718 5803 reprehendant,
2744 5745 2813 5787 ue
2851 5730 2991 5787 unde
3018 5738 3165 5787 recte
3187 5727 3329 5785 mala
3357 5744 3445 5788 ro-
