3940 6450
527 346 636 401 643

1815 339 2165 397 SMARAGDI
2203 336 2494 398 ABBATIS

3714 359 3821 419 644

524 465 812 534 darguunt,
863 458 985 514 inde
1026 470 1122 527 per
1163 455 1412 510 elationis
1460 453 1748 525 impulsum
1797 454 1848 508 in
1883 455 2107 525 profun-
2134 464 2184 522 Α
2211 455 2335 508 dum
2375 455 2573 510 inlirmi
2603 459 2802 529 quique
2848 461 3068 519 fortium
3099 464 3238 523 facta
3270 470 3608 545 corripiunt,
3642 472 3748 547 ipsi
3780 490 3810 532 a

522 555 676 609 diora
724 558 1053 619 mergantur.
1084 544 1424 600 Admonendi
1452 556 1580 599 sunt
1623 545 1844 609 subditi,
1876 562 1942 598 ne
1983 560 2106 598 cum

520 645 708 714 culpas
751 641 1163 711 praepositorum
1206 636 1571 702 considerant,
1597 648 1785 691 contra
1816 652 1909 691 eos
1943 637 2108 690 auda-

520 739 695 793 ciores
720 737 853 791 liant
881 755 893 789 :
921 737 1016 790 sed
1045 734 1124 789 sic
1146 734 1338 805 (siqua
1371 731 1522 787 valde
1548 739 1670 786 sunt
1698 745 1883 785 eorum
1913 728 2103 800 prava)

519 830 661 902 apud
703 828 1022 897 semetipsos
1062 824 1376 895 diiudicent,
1408 833 1464 878 ut
1494 831 1671 877 tamen
1705 821 1887 876 divino
1913 821 2105 877 timore

514 923 819 989 constricti,
858 921 1001 976 ferre
1022 920 1123 975 sub
1157 920 1236 974 eis
1258 918 1445 989 iugum
1471 918 1784 971 reverentia:
1813 931 1917 969 non
1948 930 2103 970 recu-

516 1021 657 1067 sent.
687 1012 1022 1067 Admoncndi
1053 1020 1178 1067 sunt
1199 1008 1441 1065 benevoli
1467 1008 1688 1073 subditi,
1715 1016 1774 1061 ut
1802 1006 1881 1061 sic
1909 1004 2101 1061 alienis

515 1105 675 1160 bonis
699 1104 1092 1176 congaudeant,
1125 1110 1390 1173 quatenus
1428 1100 1629 1154 habere
1649 1106 1703 1152 et
1724 1098 1942 1168 propria
1973 1113 2102 1153 con-

513 1197 813 1268 cupiscant,
846 1196 925 1249 sic
968 1195 1333 1264 proximorum
1363 1191 1504 1246 facta
1552 1190 1823 1262 diligendo
1854 1189 2096 1257 laudent,

512 1297 573 1343 ut
607 1287 769 1344 etiam
808 1287 1069 1341 imitando
1095 1285 1473 1356 multiplicent,
1515 1300 1583 1339 ne
1614 1283 1680 1353 (si
1725 1283 1778 1337 in
1818 1284 1921 1339 hoc
1956 1300 2097 1354 pra:—

510 1381 680 1435 scntis
706 1380 828 1434 vita!
857 1379 1030 1435 stadio
1069 1378 1135 1432 ad
1160 1386 1433 1432 certamen
1457 1374 1690 1431 alienum
1725 1372 1902 1430 devoti
1928 1374 2101 1428 fauto-

512 1486 624 1534 res,
642 1470 735 1525 sed
763 1470 897 1541 pigri
927 1478 1257 1539 spectatores
1280 1468 1563 1540 assistunt)
1590 1484 1654 1523 eo
1678 1476 1797 1538 post
1820 1474 2096 1521 certamen

509 1558 628 1613 sine
674 1559 864 1613 bravio
909 1567 1246 1622 remaneant,
1275 1572 1383 1628 quo
1413 1575 1556 1613 nunc
1585 1558 1636 1613 in
1664 1558 1959 1613 certamine
1988 1572 2094 1610 non

510 1647 778 1712 laborant,
829 1656 883 1703 et
928 1656 1055 1702 tunc
1098 1662 1287 1703 eorum
1330 1647 1538 1717 palmas
1570 1647 1750 1701 amicti
1779 1646 2090 1717 respiciant,

509 1738 563 1792 in
589 1753 817 1808 quorum
845 1755 989 1795 nunc
1020 1738 1203 1793 labore
1228 1736 1387 1793 otiosi
1419 1738 1732 1807 perdurant.
1775 1738 1940 1793 Valde
1970 1753 2094 1807 pec-

506 1844 728 1896 camus;
761 1831 805 1885 si
833 1831 1006 1885 aliena
1033 1830 1169 1885 bene
1196 1838 1346 1901 gesta
1393 1844 1499 1882 non
1534 1824 1824 1898 diligimus,
1875 1827 1968 1881 sed
2014 1826 2089 1880 nil
2121 1816 2165 1874 B

506 1923 771 1979 mercedis
803 1923 1046 1993 agimus;
1076 1921 1122 1976 si
1161 1935 1223 1974 ea
1269 1936 1389 1990 qua:
1419 1918 1712 1991 diligimus,
1741 1918 1795 1972 in
1829 1924 2088 1987 quantum

504 2026 815 2081 possumus,
845 2026 950 2065 non
972 2010 1267 2064 imitamur.
1296 2007 1487 2063 Nostra
1520 2009 1776 2062 nimirum
1799 2014 1924 2062 sunt
1949 2007 2088 2060 bona

504 2101 755 2166 aliorum,
806 2118 927 2173 qum
956 2100 1105 2171 (etsi
1146 2099 1343 2155 imitari
1392 2116 1498 2155 non
1544 2099 1853 2172 possumus)
1888 2102 1941 2155 in
1969 2100 2089 2157 aliis

504 2206 773 2257 amamus,
800 2192 1095 2245 amantium
1125 2190 1274 2252 liunt,
1308 2206 1535 2260 quchne
1563 2199 1815 2245 amantur
1837 2193 1890 2245 in
1910 2191 2084 2247 nobis.

502 2278 695 2353 (Greg.
740 2282 829 2336 lib.
867 2298 971 2337 xxv
1005 2282 1200 2353 Expos.
1229 2299 1384 2346 mon,
1411 2299 1458 2335 c.
1488 2280 1612 2355 29..)
1640 2280 1744 2350 Qui
1780 2283 1942 2354 igitur
1966 2300 2087 2339 ma-

501 2372 622 2442 gnis
647 2372 936 2428 virtutibus
977 2374 1029 2426 in
1083 2382 1291 2438 sancta},
1324 2368 1575 2428 Ecclesia:
1623 2373 1742 2428 sinu
1772 2374 2082 2445 proficiunt,

499 2462 913 2533 praepositorum
957 2478 1181 2518 suorum
1212 2462 1378 2517 vitam
1418 2462 1694 2533 despicere
1731 2479 1835 2518 non
1867 2465 2081 2534 debent,

502 2567 625 2606 cum
647 2566 845 2607 vacare
874 2566 968 2606 eos
994 2550 1167 2606 rebus
1187 2553 1548 2608 exterioribus
1571 2554 1753 2608 vident
1780 2572 1793 2609 :
1827 2555 1953 2625 quia
1980 2557 2085 2615 hoc

499 2641 645 2710 quod
684 2641 785 2712 ipsi
818 2642 993 2697 securi
1031 2641 1218 2696 intima
1251 2650 1555 2713 penetrant,
1584 2658 1651 2698 ex
1683 2643 1898 2699 illorum
1926 2645 2082 2715 adju-

502 2738 683 2784 mento
723 2738 828 2795 est,
866 2731 957 2802 qui
1006 2739 1195 2785 contra
1229 2731 1491 2787 urocellas
1520 2732 1680 2803 lmius
1717 2734 1900 2788 saeculi
1929 2742 2080 2790 cxte-

502 2819 617 2874 rius
636 2819 903 2875 labOrant.
937 2819 1105 2888 Quam
1137 2823 1280 2875 enim
1309 2822 1560 2876 camloris
1581 2824 1664 2877 sui
1692 2823 1920 2894 gratiam
1955 2825 2084 2880 reti-

500 2920 675 2976 neret,
710 2909 756 2967 si
783 2912 1003 2983 byssum
1035 2910 1212 2982 pluvia
1242 2914 1520 2983 tangeret?
1552 2913 1659 2968 Aut
1699 2915 1828 2984 quid
1855 2913 2080 2986 fulgoris

494 3010 657 3074 atque
681 3002 942 3059 claritatis
968 3020 1161 3059 coccus
1189 3005 1271 3058 vel
1300 3004 1628 3077 hyacinthus
1672 3009 2002 3073 ostenderet,
2030 3008 2076 3064 si

492 3095 608 3150 hate
630 3106 910 3166 susceptus
936 3096 1109 3167 pulvis
1136 3080 1408 3152 ‘fmdaret?
1441 3098 1523 3153 Sit
1545 3113 1675 3170 ergo
1706 3100 1936 3171 desuper
1957 3108 2075 3156 tex-

2211 548 2504 603 vivcntium
2536 559 2683 605 sorte
2706 555 3083 622 reprobantur.

2760 662 2987 753 CAPUT
3026 670 3232 731 XLVII.

2386 747 2450 804 Ut
2478 752 2755 809 thesaurus
2795 748 3037 815 monachi
3060 763 3117 817 in
3150 764 3277 820 mlo
3305 768 3623 829 collocatur.

2273 865 2534 925 Dominus
2558 885 2660 927 nos
2687 873 2947 930 admonet
2976 877 3166 935 dicens
3199 899 3212 935 :
3245 880 3631 942 ﬂuentis-te
3663 890 3806 947 vobis

2200 958 2474 1015 thesauros
2500 962 2557 1015 in
2588 962 2738 1028 calo,
2782 964 2872 1019 ubi
2897 983 2990 1020 nec
3014 983 3192 1040 teriugo
3209 1011 3225 1037 ,
3254 987 3346 1027 nee
3373 976 3520 1031 tinea
3542 983 3795 1034 extermi-

2200 1061 2291 1104 nat
2320 1049 2541 1122 (lastis.
2569 1052 2669 1125 vn).
2699 1053 2765 1108 Et
2798 1058 3072 1125 quomodo
3106 1064 3479 1136 unusquisque
3500 1070 3577 1123 ad
3612 1074 3800 1140 perﬁ-

2199 1144 2432 1198 ctionem
2460 1147 2818 1202 monachatus
2838 1151 3142 1218 perveniat,
3168 1153 3495 1224 ipseiterum
3520 1162 3662 1218 dicit
3692 1182 3708 1218 :
3737 1166 3800 1221 Si

2197 1235 2272 1289 vis
2295 1236 2557 1305 perfectus
2585 1254 2717 1303 esse,
2742 1240 2890 1307 vade,
2918 1245 3079 1301 vende
3102 1250 3279 1303 matria
3304 1267 3422 1321 quae
3443 1254 3625 1321 habes,
3653 1269 3706 1312 et
3726 1261 3796 1313 da

2194 1327 2533 1396 pauperibus,
2575 1341 2623 1383 et
2653 1330 2864 1388 habebis
2912 1334 3187 1393 thesauros
3229 1338 3284 1395 in
3323 1343 3473 1407 caelo,
3501 1358 3552 1400 et
3584 1352 3706 1404 ueni
3745 1363 3796 1406 et

2194 1436 2410 1490 sequere
2438 1438 2520 1476 me
2542 1423 2759 1493 (Matth.
2795 1443 2908 1492 xtx,
2940 1430 3109 1488 Marc.
3136 1451 3192 1500 x,
3223 1437 3794 1512 Lur.xvm).Thesau—

2196 1524 2316 1562 rum
2356 1523 2486 1582 ergo
2526 1523 2796 1582 nostrum,
2833 1518 3050 1589 fratres,
3105 1526 3158 1580 in
3198 1530 3337 1585 co-lo
3371 1547 3662 1604 ponamus,
3697 1543 3791 1597 uti

2195 1600 2402 1657 hostem
2438 1613 2496 1659 et
2513 1617 2936 1678 expugnatorem
2963 1628 3073 1669 non
3104 1600 3409 1677 timeamus.
3442 1600 3789 1686 Thesaurum

2195 1689 2378 1760 itaque
2409 1708 2633 1764 operum
2684 1698 2769 1752 vel
2817 1702 3078 1759 virtutum
3117 1716 3426 1767 nostrarum
3454 1716 3793 1777 collocemus

2195 1780 2251 1882 in
2278 1782 2437 1882 emta,
2481 1784 2571 1838 ubi
2607 1801 2714 1842 non
2755 1791 3041 1848 timeamus
3067 1797 3336 1855 occultum
3379 1802 3574 1873 furem,
3607 1826 3790 1882 neque

2193 1868 2487 1928 violentum
2523 1886 2815 1946 raptorem.
2864 1880 3046 1938 Patria
3086 1888 3235 1942 enim
3274 1902 3459 1949 nostra
3488 1868 3789 1966 paradisus

2190 1972 2291 2017 est.
2341 1964 2399 2019 In
2444 1970 2619 2036 patria
2671 1986 2805 2027 vero
2845 1985 3033 2031 nostra
3093 1987 3434 2050 postmodum
3481 1964 3780 2064 recepturi,

2190 2058 2514 2129 multiplices
2548 2076 2693 2119 nunc
2731 2065 2993 2123 bonarum
3032 2071 3293 2130 virtutum
3337 2058 3781 2145 debemus-cons

2187 2148 2318 2205 dere
2347 2152 2648 2220 thesauros,
2677 2158 2767 2212 ubi
2808 2170 2933 2229 post
2968 2163 3131 2220 linem
3159 2166 3319 2239 huius
3364 2176 3547 2231 srecnli
3587 2191 3782 2236 centu-

2187 2240 2414 2309 plicatos
2462 2259 2772 2301 mereamur
2823 2251 3066 2323 recipere
3120 2256 3347 2316 tinctus;
3396 2262 3586 2321 Sancti
3612 2271 3777 2335 enim,

2186 2332 2330 2432 dicit.
2346 2337 2629 2406 propheta,
2657 2339 2712 2393 in
2734 2349 2875 2397 terra
2896 2360 2996 2400 sua
3015 2348 3249 2419 duplicia
3272 2357 3609 2424 possidebunt
3632 2332 3777 2432 (Isa.

2173 2425 2369 2497 ιιι),ἰά
2396 2437 2499 2491 est,
2531 2429 2585 2484 in
2619 2439 2761 2486 terra
2797 2434 3094 2494 viventium
3136 2442 3524 2505 beatitudinem
3572 2425 3780 2513 mentis

2183 2514 2344 2569 simul
2366 2517 2638 2576 habebunt
2660 2531 2716 2578 et
2737 2538 2921 2595 corpu:
2936 2527 2983 2583 is
3006 2543 3022 2582 :
3046 2531 3137 2586 ubi
3161 2532 3418 2595 Dominus
3438 2540 3595 2597 Iesus
3618 2528 3778 2602 Chri-

2181 2617 2294 2661 stus
2319 2608 2625 2678 reformbit
2663 2631 2853 2686 corpus
2887 2619 3202 2680 humilitatis
3229 2638 3441 2697 nostra,
3472 2636 3780 2708 conﬁgura-

2181 2705 2542 2797 tum_
2568 2704 2827 2765 claritatis
2858 2722 2971 2766 sua:
3002 2713 3169 2785 (Phil.
3201 2719 3310 2791 nt).
3338 2704 3634 2797 miliarium,
3673 2732 3771 2788 lib.

2180 2788 2248 2843 de
2291 2790 2552 2849 Mortam.
2582 2797 2637 2851 in
2677 2797 2828 2873 ﬁne]
2865 2802 3092 2876 Magnus
3118 2788 3536 2875 enim—nos'illic
3570 2788 3773 2880 charo-

2179 2894 2303 2938 rum
2345 2895 2626 2955 exspectat
2648 2905 2945 2960 numerus;
2990 2908 3297 2967 parentum,
3335 2903 3565 2963 fratrum
3604 2922 3775 2982 atque

492 3193 612 3241 tura
662 3185 826 3241 cilicii
874 3185 1031 3242 fortis
1082 3187 1148 3241 ad
1201 3187 1499 3259 pulverem,
1541 3189 1614 3242 sit
1651 3189 1879 3245 interius
1924 3190 2076 3247 color

2181 3157 2428 3215 sollicita.
2452 3163 2533 3218 lbi
2555 3162 2753 3259 chorus
2772 3172 3226 3243 patriarcharum,
3252 3196 3508 3240 numerus
3530 3189 3771 3259 prophe-

491 3277 911 3349 byacinthinus,
945 3286 1104 3350 aptus
1147 3279 1213 3334 ad
1242 3279 1511 3335 decorem.
1543 3278 1749 3335 Ornent
1775 3282 2071 3337 Ecclesiara

489 3369 580 3439 qui
602 3368 728 3424 solis
744 3369 906 3426 rebus
927 3369 1262 3441 spiritalibus
1278 3382 1489 3426 vacant.
1516 3372 1724 3443 Tegunt
1747 3374 2071 3443 Ecclesium,

489 3473 628 3528 quos
647 3466 700 3514 et
720 3459 875 3515 labor
899 3475 1079 3514 rerum
1101 3460 1463 3530 corporalium
1487 3473 1694 3533 gravat.
1720 3461 2071 3535 Nequaquam

487 3564 619 3621 ergo
648 3557 836 3604 contra
864 3558 1131 3605 rectorem
1161 3562 1317 3604 suum
1354 3550 1624 3605 exteriora
1650 3562 1898 3623 agentem
1927 3569 2075 3609 mur-

489 3649 668 3697 muret
695 3643 742 3696 is
786 3640 878 3711 qui
909 3641 1050 3694 intra
1078 3647 1322 3695 sanctam
1353 3640 1647 3696 Ecclesium
1673 3641 1786 3712 jam
1817 3644 2073 3716 spiritua-

408 3712 410 3715 ’
486 3730 613 3786 liter
659 3730 842 3800 fulget.
894 3728 950 3784 Si
982 3729 1128 3784 enim
1158 3737 1215 3783 tu
1248 3744 1439 3786 secure
1485 3729 1734 3798 interius,
1771 3743 1830 3789 ut
1846 3712 2070 3803 coccns,

487 3823 699 3889 rutilas,
726 3822 961 3881 cilicium
986 3838 1094 3893 quo
1136 3825 1460 3896 protegeris,
1492 3840 1592 3881 cur
1633 3829 1893 3884 accusas?
1925 3827 2071 3901 (Huc

488 3930 654 3985 usque
702 3910 892 3986 στου.)
945 3906 1301 3986 Interrogavit
1347 3914 1513 3972 abbas
1566 3914 1765 3991 Ioseph
1814 3920 2069 3976 abbatem

488 4004 765 4061 Pastorem
819 4006 1005 4063 dicens
1053 4026 1066 4062 :
1112 4006 1209 4063 Die
1266 4006 1398 4064 mihi
1451 4011 1720 4080 quomodo
1773 4012 2071 4069 monachus

487 4090 648 4154 liam?
672 4097 738 4153 Et
768 4096 903 4154 dixit
939 4110 1108 4155 senex
1142 4119 1155 4155 :
1191 4099 1249 4155 Si
1281 4101 1361 4156 vis
1388 4098 1633 4157 invenire
1656 4104 1898 4173 reqmem
1925 4113 1981 4160 et
2013 4104 2071 4160 in

485 4188 589 4244 isto
619 4187 815 4243 saeculo
866 4196 920 4244 et
960 4189 1012 4243 in
1057 4187 1263 4254 futuro,
1306 4189 1361 4245 in
1394 4189 1541 4244 omni
1566 4204 1731 4246 causa
1755 4190 1888 4247 dic:
1930 4191 2087 4260 Quid'

484 4297 605 4338 sum
632 4281 772 4352 ego?
806 4280 872 4336 Et
914 4297 1018 4336 non
1051 4280 1264 4351 iudices
1303 4297 1651 4353 quemquam.
1680 4282 1879 4339 Frater
1906 4285 2071 4340 inter-

486 4371 691 4443 rogavit
715 4370 964 4426 abbatem
984 4371 1263 4428 Pastorem
1284 4373 1473 4430 dicens
1497 4391 1513 4427 :
1542 4372 1680 4442 Quid
1701 4373 1924 4441 faciam,
1941 4375 2068 4445 quia

482 4459 837 4532 pusillanimis
872 4461 941 4515 tio
973 4458 1103 4515 dmn
1145 4461 1326 4517 sedeo.
1358 4461 1499 4517 Dicit
1528 4463 1579 4517 ei
1604 4478 1772 4520 senex
1803 4482 1817 4519 :
1848 4462 2065 4519 Nullum

2182 3253 2378 3317 tarum,
2409 3256 2796 3325 apostolorum,
2843 3263 3139 3334 virginum,
3185 3277 3240 3325 et
3271 3274 3510 3331 omnium
3531 3253 3770 3337 cernere

2176 3353 2280 3440 pos
2312 3341 2596 3440 desiderat
2638 3363 2844 3407 cuneus
2873 3364 3205 3415 sanctorum.
3236 3361 3284 3418 0
3328 3379 3488 3434 quam
3520 3375 3771 3440 grandis

2174 3430 2358 3488 laetitia
2388 3444 2493 3503 est,
2524 3439 2592 3494 ad
2619 3440 2847 3500 istorum
2868 3448 3107 3506 omnium
3136 3430 3448 3513 sanctorum
3476 3430 3770 3530 pervenire

2172 3527 2527 3595 consortium,
2548 3532 2617 3587 ad
2641 3533 2867 3591 istorum
2896 3542 3138 3598 omnium
3164 3544 3376 3604 felicem
3404 3527 3588 3610 venire
3615 3572 3771 3614 com-

2172 3617 2420 3687 plexum!
2448 3621 2497 3677 0
2528 3638 2694 3694 quam
2731 3643 2943 3687 summa
2980 3640 3037 3688 et
3075 3647 3332 3708 perpetua
3370 3641 3620 3712 felicitas,
3654 3649 3771 3707 illic

2174 3712 2537 3817 apostolorum
2581 3716 2847 3787 gloriosos
2881 3736 3109 3781 cernere
3151 3728 3367 3798 choros,
3397 3742 3455 3789 et
3476 3738 3765 3817 exsultan-

2084 3822 2087 3825 λ
2173 3799 2306 3855 tium
2334 3803 2725 3874 prophetarum
2745 3824 3032 3869 numerum
3056 3816 3242 3875 videre
3265 3800 3560 3891 sacratum:
3585 3837 3643 3883 et
3670 3831 3763 3886 in-

2172 3896 2259 3945 ter
2289 3891 2578 3963 virginum,
2608 3906 2910 3970 martyrum
2936 3911 2995 3959 et
3019 3906 3393 3967 eonfessorum
3413 3915 3763 3975 candidatum

2171 3995 2403 4077 cuneum
2427 3983 2694 4043 interesse
2717 4001 3028 4049 sanctorum
3040 3998 3059 4053 ι
3070 3996 3213 4055 Dixit
3231 4000 3399 4059 abbas
3412 4003 3763 4077 Hyperitius:

2170 4072 2483 4166 Thesaurus
2524 4081 2776 4137 monachi
2820 4092 2905 4140 est
2936 4087 3234 4147 voluntaria
3263 4072 3574 4166 paupertas.
3609 4100 3763 4156 Thc-

2167 4168 2386 4259 sauriza
2401 4164 2534 4242 ergo
2558 4172 2678 4240 tibi,
2704 4172 2895 4243 frater,
2922 4178 2977 4234 in
3000 4180 3161 4248 ctelo,
3190 4185 3315 4255 quia
3331 4164 3767 4259 adrequieseen-

2167 4256 2297 4353 dum
2319 4261 2438 4318 sine
2462 4263 2572 4319 llne
2597 4278 2723 4322 sunt
2744 4271 2966 4328 saecula.
2992 4272 3217 4331 Dicebat
3239 4277 3408 4334 abbas
3442 4256 3714 4353 Evagrins
3742 4305 3760 4342 :

2166 4348 2300 4405 Cum
2348 4354 2506 4410 sedes
2551 4356 2609 4412 in
2659 4359 2818 4425 cella,
2846 4363 3041 4435 collige
3068 4366 3135 4422 ad
3172 4372 3466 4427 asenatu:
3492 4348 3668 4441 tuum,
3703 4388 3763 4435 et

2167 4451 2377 4534 memor
2401 4451 2520 4534 esto
2548 4446 2654 4502 diei
2680 4451 2891 4518 mortis,
2927 4461 2984 4509 et
3010 4461 3151 4513 tunc
3173 4457 3380 4516 videbis
3404 4466 3654 4534 corporis
3674 4470 3760 4525 tui

475 4527 705 4620 iudices,
735 4546 935 4605 nullum
965 4562 1206 4621 spernas,
1243 4566 1418 4622 neque
1444 4552 1789 4622 condemnes,
1822 4555 2064 4626 nullique

2181 4530 2657 4626 mortiﬁcationem.
2703 4538 2893 4611 Cogita
2942 4543 3175 4612 cladem,
3224 4544 3455 4620 suscipe
3484 4527 3767 4625 dolorem,

481 4639 757 4707 detrahas,
787 4650 843 4696 et
870 4641 1015 4697 Deus
1037 4642 1132 4698 tibi
1153 4651 1378 4714 prmstat
1402 4644 1667 4714 requiem,
1692 4652 1747 4701 et
1767 4646 1874 4701 erit
1892 4647 2064 4704 sessio

483 4738 575 4784 tua
623 4731 740 4785 sine
794 4732 1219 4801 perturbatione.
1260 4730 1360 4789 Vir
1403 4734 1623 4804 quidam
1668 4745 1887 4793 sanctus
1936 4752 2079 4795 cum‘

480 4819 724 4875 audisset
747 4822 1031 4890 quemdam
1052 4829 1393 4890 peccantem,
1416 4822 1563 4880 ﬂevit
1585 4840 1787 4894 amare,
1811 4837 1863 4885 et
1885 4830 2056 4887 dixit:

480 4909 586 4965 Iste
631 4909 811 4977 hodie,
851 4925 951 4983 ego
992 4913 1248 4969 crastino.
1296 4915 1675 4974 Verumtamen
1722 4922 1956 4993 qualiter
1978 4926 2059 4982 vis

478 5012 669 5075 peccet
705 5003 900 5074 aliquis
922 5012 1047 5060 ante
1074 5012 1148 5073 te,
1184 5023 1290 5061 non
1315 5007 1525 5078 iudices
1555 5029 1568 5066 :
1601 5013 1695 5070 sed
1715 5013 1896 5084 iudica
1939 5034 2055 5073 ma-

480 5094 564 5165 gis
598 5094 937 5164 temetipsum
965 5104 1337 5165 peccatorem,
1368 5115 1529 5170 quam
1559 5102 1727 5160 illum.
1763 5104 1918 5177 Saepe
1953 5107 2056 5162 all-

480 5180 609 5252 quid
635 5197 665 5235 a
696 5179 991 5250 majoribus
1020 5187 1412 5258 dispensatorie
1437 5194 1630 5265 agitur,
1655 5196 1801 5266 quod
1828 5213 1859 5252 a
1885 5198 2059 5254 mino-

479 5269 631 5325 ribus
652 5287 812 5330 error
830 5284 1068 5346 putatur.
1102 5278 1254 5352 Saepe
1276 5284 1442 5338 multa
1471 5298 1502 5338 a
1529 5285 1760 5353 fortibus
1778 5288 2055 5360 dicuntur,

477 5378 600 5436 quae
635 5364 839 5421 idcirco
879 5365 1074 5422 inﬁrmi
1101 5368 1414 5441 diiudicant,
1445 5374 1573 5444 quia
1596 5376 1865 5445 ignorant.
1905 5377 2057 5434 Unde

476 5462 531 5509 et
557 5455 800 5511 nonnulli
831 5459 1026 5514 subditi
1053 5470 1239 5516 contra
1268 5464 1371 5519 hoc
1409 5480 1630 5519 manum
1679 5467 2056 5536 reprehensio-

478 5542 562 5598 nis
585 5544 807 5600 mittunt
835 5564 849 5601 :
881 5548 975 5602 sed
1004 5565 1034 5602 a
1055 5551 1165 5604 vita
1193 5553 1443 5621 protinus
1469 5554 1606 5625 ipsa,
1628 5569 1725 5610 sua
1746 5552 2055 5614 temeritate

478 5634 752 5692 deﬁciunt.
784 5638 996 5697 Levites
1019 5659 1147 5714 ergo
1173 5646 1327 5713 quasi
1359 5643 1619 5714 adiuvans
1642 5660 1858 5706 manum
1884 5659 2054 5707 teten-

476 5723 558 5779 dit
584 5743 596 5778 :
635 5728 728 5783 sed
756 5731 1070 5802 delinquens
1094 5733 1261 5789 vitam
1300 5735 1534 5805 perdidit
1558 5736 1644 5810 (l!
1669 5737 1793 5811 Reg.
1813 5747 1910 5813 vi),
1928 5743 2051 5813 quia

2167 4620 2348 4679 devita
2378 4628 2571 4682 mundi
2594 4628 2754 4687 istius
2778 4634 3066 4692 vanitates.
3097 4637 3230 4695 Esto
3252 4643 3531 4701 modestus
3558 4653 3616 4702 et
3645 4620 3761 4705 sol;

2166 4710 2365 4781 limuls,
2409 4723 2471 4771 ut
2497 4716 2674 4786 possis
2702 4735 2926 4793 semper
2950 4724 3006 4780 in
3030 4728 3221 4783 eodem
3247 4731 3446 4802 quietis
3472 4739 3759 4807 proposito

2164 4816 2517 4874 permanere,
2541 4815 2600 4864 et
2626 4822 2733 4865 non
2762 4812 3146 4882 inﬂrmaberis.
3178 4819 3475 4880 Meruerare
3499 4829 3665 4883 etiam
3692 4844 3755 4888 et

2163 4894 2305 4990 bona
2330 4911 2454 4990 qua
2488 4910 2619 4955 sunt
2650 4899 2814 4971 iustis
2839 4907 3097 4977 reposita.
3120 4942 3123 4947 -
3146 4911 3419 4970 Fiduciam
3456 4918 3595 4990 habe
3620 4932 3753 4981 ante

2162 4982 2331 5040 Deum
2608 5000 2665 5047 et
2688 4993 2967 5053 Christum
3012 5001 3150 5071 eius,
3197 5018 3382 5062 coram
3431 4986 3663 5082 angelis,
3691 5027 3753 5073 et

2159 5079 2537 5170 potestatibus,
2566 5092 2731 5155 atque
2779 5089 2928 5144 omni
2978 5091 3136 5160 plebe
3177 5094 3327 5167 regni
3378 5079 3751 5170 emlomm,et

2159 5168 2299 5268 dona
2332 5170 2451 5240 eius
2479 5177 2694 5268 cogita,
2727 5188 2783 5234 et
2825 5183 3090 5251 requiem,
3138 5197 3194 5242 et
3237 5193 3511 5259 gaudium.
3566 5168 3751 5268 Super

2158 5262 2299 5318 bona
2319 5280 2449 5321 vero
2469 5265 2635 5336 iustis
2660 5274 2894 5342 reposita
2915 5278 3106 5346 gaude,
3134 5287 3189 5334 et
3207 5284 3433 5349 exsulta,
3450 5296 3510 5342 et
3534 5262 3747 5359 tutare,

2158 5363 2214 5408 et
2241 5356 2325 5411 his
2349 5359 2567 5427 quidem
2595 5361 2701 5416 frui
2735 5362 2957 5419 festina.

2690 5471 2918 5531 CAPUT
2975 5476 3204 5536 XLVllL

2762 5567 2838 5623 De
2892 5572 3130 5629 consilio.

2231 5649 2306 5704 De
2346 5652 2447 5707 hac
2481 5671 2579 5711 nos
2612 5658 2811 5714 virtute
2838 5664 3047 5718 consilii
3077 5666 3330 5725 Salomon
3368 5675 3624 5735 admonet
3660 5680 3749 5734 di-

2157 5759 2289 5803 cens
2313 5766 2324 5800 :
2349 5746 2507 5813 Audi,
2543 5747 2643 5817 ﬁli,
2673 5752 2969 5821 consilium,
2997 5766 3043 5809 et
3066 5759 3268 5828 suscipe
3296 5762 3650 5837 disciplinam.
3683 5782 3740 5829 tu
