3940 6410
130 318 241 377 6.15

1350 306 1655 365 DIADEMA
1695 302 2074 364 MONACHOR
2085 304 2124 360 υ
2136 303 2181 357 Μ
2190 345 2202 359 .

3304 306 3419 367 5-46“

129 429 207 484 sis
242 428 455 497 sapiens
481 427 536 480 in
568 423 863 481 novissimis
890 421 994 477 tuis
1031 420 1217 495 (Prov.
1260 420 1393 490 xix).
1443 420 1572 485 Fili,
1609 420 1723 475 sine
1750 422 1799 481 Α
1825 433 1986 472 causa
2032 415 2250 488 (Matth.
2300 417 2374 489 ι).
2437 419 2503 475 Et
2547 421 2635 476 ille
2675 424 2992 494 respondit:
3020 424 3095 480 Ex
3147 428 3295 482 omni
3345 444 3409 484 ro

130 520 357 576 consilio
403 517 534 573 nihil
586 517 773 586 facias,
818 524 866 570 et
901 525 1017 588 post
1065 515 1264 583 factum
1312 529 1416 567 non
1456 512 1719 582 paenitebit

132 608 330 681 (Eceli.
361 606 554 680 xxxii).
608 606 824 659 Astutus
849 606 988 659 enim
1024 604 1200 657 omnia
1226 603 1333 673 agit
1360 616 1477 654 cum
1500 599 1719 655 consilio

133 695 321 768 (Prov.
353 694 493 767 xm).
552 694 621 748 Et
649 693 739 765 qui
768 705 928 763 agunt
957 702 1145 747 cuncta
1165 707 1284 745 cum
1310 689 1553 753 consilio,
1584 688 1721 742 mul-

133 797 189 843 ta
218 795 473 856 reguntur
494 786 753 856 stridentia
787 783 997 855 (ibid)
1041 782 1183 837 Nam
1218 782 1547 852 dissipantur
1572 780 1718 851 cogi-

132 877 383 941 taliones,
413 875 500 929 ubi
527 892 632 930 non
662 884 737 928 est
772 873 1050 928 consilium
1089 869 1272 941 (Prov.
1304 869 1417 941 xv).
1464 868 1565 923 Ubi
1598 885 1721 923 vero

132 967 313 1038 plures
339 977 457 1022 sunt
489 967 799 1031 consiliarii,
828 966 1230 1034 conﬁrmantur.
1261 961 1535 1033 Unguento
1556 973 1604 1016 et
1631 978 1724 1017 oa—

135 1062 231 1116 riis
262 1060 510 1116 odoribus
548 1059 834 1113 delectatur
865 1073 978 1121 cor,
1017 1065 1065 1111 et
1105 1055 1252 1110 bonis
1292 1055 1449 1108 amici
1489 1053 1722 1107 consiliis

134 1154 317 1208 animo
366 1151 675 1207 delt-aratur
718 1147 902 1220 (Prov.
952 1148 1144 1219 xxvn).
1201 1146 1334 1201 Cum
1384 1146 1723 1218 dispositione

134 1245 306 1300 initur
318 1244 530 1309 bellum,
557 1252 605 1298 et
619 1244 717 1297 erit
729 1242 875 1297 salus
888 1242 976 1296 ubi
989 1240 1155 1295 multa
1168 1239 1387 1294 consilia
1399 1250 1519 1293 sunt
1536 1236 1718 1310 (Prov.

136 1338 312 1407 xxn').
338 1334 571 1391 Scientia
589 1333 839 1404 sapientis
860 1342 1110 1403 tanquam
1122 1331 1400 1388 inundatio
1413 1330 1719 1395 abundabit,
1742 1340 1747 1347 '

132 1439 181 1481 et
198 1425 479 1483 consilium
490 1425 637 1480 illius
648 1426 785 1479 sicut
801 1424 919 1492 [ous
940 1424 1058 1477 vita!
1077 1432 1342 1494 permanet
1365 1421 1551 1493 (Eccli.
1582 1422 1718 1493 xxi).

134 1506 331 1588 Magna
358 1517 560 1572 etenim
590 1531 678 1570 res
703 1524 788 1570 est
813 1517 1011 1570 bonum
1039 1513 1344 1575 consilium,
1366 1521 1426 1575 et
1446 1512 1724 1567 monachis

134 1608 297 1663 valde
344 1606 827 1678 pernecessarium.
876 1604 1026 1661 Hanc
1081 1606 1247 1674 igitur
1286 1605 1498 1661 consilii
1551 1605 1724 1659 virtu-

136 1712 249 1759 tem
283 1701 592 1756 dilexerunt
626 1714 817 1753 omnes
845 1699 898 1755 in
929 1708 1072 1753 terra
1103 1698 1192 1767 qui
1222 1699 1288 1753 ad
1318 1697 1593 1753 cmlestem
1627 1712 1724 1751 vo-

1822 524 1928 580 qua
1958 517 2012 561 te
2045 523 2274 579 gravare
2311 510 2535 566 voluerit
2560 513 2730 568 frater
2759 523 2902 579 tuus,
2932 532 3001 571 ne.
3033 518 3289 575 irascaris
3311 521 3412 576 ad-

1822 615 2012 656 veisus
2051 616 2173 655 eum
2222 602 2393 657 donec
2436 605 2651 659 oculum
2694 614 2843 661 tuum
2884 609 3134 665 dextrum
3181 610 3408 679 eiiciat:

1823 691 2062 760 alioquin
2108 691 2227 746 sine
2264 707 2426 747 causa
2468 694 2719 750 irasceris
2761 697 2830 753 ei.
2885 698 2943 754 Si
2984 710 3166 756 autem
3213 702 3415 774 aliquis

1820 782 2019 836 value
2049 796 2307 852 separare
2337 797 2367 836 a
2400 784 2543 849 Deo,
2575 801 2675 855 pro
2705 787 2806 842 hoc
2834 789 3089 846 irascere.

2364 872 2607 929 CAPUT
2668 876 2855 930 XLIX.

2069 964 2150 1019 De
2176 965 2591 1034 sanctificatione
2623 968 2797 1023 cordis
2827 978 2873 1023 et
2907 971 3160 1041 corporis.

1894 1055 2045 1111 Inter
2071 1065 2269 1111 czctera
2299 1057 2366 1112 de
2394 1058 2827 1115 sanctiﬁcatione
2852 1061 2930 1115 sic
2967 1058 3168 1117 Paulus
3201 1064 3255 1118 in
3290 1064 3417 1134 Epi-

1822 1146 1962 1201 stula
1991 1147 2058 1203 ad
2083 1145 2596 1202 Thessalonicenses
2629 1149 2706 1202 ait
2730 1167 2743 1203 :
2772 1148 2901 1204 Hﬂ'c
2929 1156 3023 1205 est'
3046 1152 3284 1208 voluntas
3322 1154 3420 1208 Dei

1823 1240 2169 1308 sanctiﬁcatio
2209 1250 2409 1304 vestra,
2446 1249 2505 1293 ut
2549 1242 2855 1296 abstinentis
2900 1262 2934 1297 a
2976 1244 3325 1313 fornicatione
3365 1245 3419 1318 (1

1828 1327 2008 1383 Thess.
2037 1329 2133 1401 tv).
2184 1328 2314 1383 "me
2342 1340 2417 1383 est
2450 1329 2691 1384 colunfas
2731 1331 2846 1396 Dei,
2891 1333 3040 1397 dicit,
3082 1334 3135 1389 id
3170 1343 3275 1400 est,
3314 1336 3420 1391 hoc

1824 1417 2001 1488 placet
2027 1419 2155 1483 Deo,
2185 1429 2244 1474 ut
2280 1437 2378 1476 vos
2415 1422 2580 1476 corlc
2614 1424 2821 1493 pariter
2860 1426 3182 1481 sanctificati
3217 1428 3338 1484 sitis
3365 1436 3422 1483 et

1824 1523 2070 1579 corpore.
2117 1509 2227 1564 Nisi
2259 1512 2402 1566 enim
2435 1512 2485 1566 ei
2516 1512 2620 1566 hoc
2645 1514 2960 1582 placuisset,
2992 1516 3148 1572 nobis
3175 1533 3279 1573 non
3319 1518 3418 1573 im-

1826 1609 2073 1669 perasset
2105 1602 2328 1656 dicens:
2356 1601 2541 1656 Sancti
2579 1612 2759 1669 estote,
2808 1606 2933 1677 quia
2978 1616 3026 1661 et
3071 1623 3165 1677 ego
3206 1619 3422 1664 sanctus

1828 1708 1968 1758 sum,
1992 1694 2248 1748 Dominus
2280 1694 2423 1748 Deus
2446 1701 2614 1749 vester
2642 1695 2786 1767 (ιον.
2819 1712 2910 1750 xix
2932 1706 2987 1752 et
3013 1698 3129 1770 xx).
3165 1697 3272 1754 Sed
3295 1714 3422 1756 vero

136 1789 356 1843 luerunt
396 1786 762 1842 conscendere
806 1783 1059 1853 patriam.
1122 1783 1228 1838 Per
1271 1784 1413 1838 banc
1462 1782 1719 1837 virtutem
1751 1782 1796 1840 Β
1823 1795 1879 1840 et
1908 1786 2112 1855 absque
2142 1786 2248 1840 ulla
2284 1786 2641 1852 dubitatione,
2674 1789 3032 1843 sanctimonia
3069 1805 3175 1859 qua
3216 1792 3420 1845 sancti-

135 1878 352 1935 consilii
386 1888 655 1948 martyres
690 1884 749 1930 ut
786 1885 1044 1931 aiternam
1089 1892 1121 1930 τι
1157 1875 1389 1931 Domino
1420 1876 1729 1946 reciperent

135 1972 330 2035 vitam,
361 1971 522 2025 morti
551 1968 797 2025 mortalia
825 1978 921 2025 sua
954 1966 1298 2022 tradiderunt
1321 1982 1575 2037 corpora.»
1624 1967 1729 2021 Per

136 2060 282 2116 banc
341 2058 552 2115 consilii
606 2058 861 2112 virtutem
908 2058 1147 2128 virgines
1189 2064 1247 2111 et
1284 2056 1625 2114 confessores
1671 2058 1727 2112 in

137 2150 364 2205 servitio
414 2149 626 2203 Domini
678 2162 849 2218 usque
891 2148 949 2202 in
997 2147 1160 2203 ﬁnem
1214 2156 1724 2220 perseveraverant.

136 2242 318 2297 Grave
357 2250 540 2297 autent
583 2239 868 2297 consilium
909 2240 1111 2306 cordis,
1153 2254 1367 2295 omnem
1415 2241 1731 2296 inconstan-

138 2335 273 2393 tiam
296 2334 596 2405 vagationis
614 2333 853 2404 expellit.
904 2332 1044 2389 Sunt
1070 2334 1267 2389 animm
1297 2347 1418 2403 quae
1438 2334 1543 2389 levi
1574 2343 1725 2391 motu

138 2442 290 2483 nunc
335 2427 461 2491 ista,
507 2441 651 2480 nunc
692 2425 784 2481 illa
822 2425 1150 2479 desiderant.
1205 2426 1559 2498 Omnipotens
1598 2441 1730 2498 ergo

140 2516 311 2582 Deus,
343 2517 467 2586 quia
504 2516 650 2585 ipsas
692 2515 838 2570 leves
889 2514 1266 2571 ﬂuctuationes
1306 2518 1569 2572 mentium
1620 2532 1728 2573 non

141 2605 338 2662 leviter
370 2616 585 2676 pensat,
630 2606 969 2677 vagatiouem
996 2606 1176 2661 cordis
1201 2608 1561 2677 relinquendo
1586 2608 1729 2679 diju-

141 2699 291 2755 dicat
323 2717 336 2751 :
367 2698 462 2753 sed
489 2714 611 2753 cum
649 2712 746 2767 per
782 2696 1012 2768 gratiam
1053 2694 1292 2768 respicit,
1337 2712 1532 2769 vagam
1572 2708 1728 2755 men-

143 2798 257 2845 tem
297 2790 350 2845 in
386 2790 600 2847 consilii
627 2789 981 2845 stabilitatem
1019 2789 1153 2859 figit.
1202 2790 1337 2845 Cum
1381 2790 1523 2845 Deus
1560 2776 1733 2846 omni-

143 2891 339 2951 potens
366 2881 511 2957 leves
538 2890 716 2938 motus
745 2878 979 2936 hominis
1017 2880 1445 2937 misericorditer
1476 2880 1732 2951 dignatur
1758 2888 1761 2891 '

145 2971 410 3041 aspicere,
437 2971 580 3027 hunc
603 2971 851 3041 protinus
884 2972 1204 3029 constantia:
1234 2971 1598 3026 maturitatem
1625 2969 1732 3025 for-

147 3066 286 3126 mat,
324 3067 487 3128 atque
532 3075 780 3130 superna:
832 3063 1018 3134 gratim
1068 3069 1313 3132 respectu
1364 3072 1464 3116 cor
1505 3059 1624 3129 eius
1662 3060 1729 3116 ad

147 3154 467 3225 gravitatem
501 3156 710 3212 consilii
751 3132 972 3228 repente
1001 3156 1266 3227 perducit.
1304 3155 1361 3210 ln
1392 3156 1542 3215 omni
1566 3168 1733 3225 opere
1757 3132 1804 3195 Ο

147 3247 294 3316 quod
329 3248 537 3317 cogitas
574 3247 755 3304 facere
782 3289 798 3315 ,
840 3249 1078 3319 primum
1116 3247 1293 3318 cngita
1328 3246 1500 3301 Deum
1525 3286 1542 3313 ,
1578 3254 1635 3301 et
1688 3245 1736 3301 si

149 3338 445 3394 secundum
485 3338 654 3393 Deum
688 3347 775 3395 est
811 3339 958 3411 quod
993 3338 1202 3410 cogitas
1225 3378 1240 3404 ,
1276 3336 1569 3409 diligenter
1604 3352 1739 3392 exa-

150 3429 331 3485 mina.-
361 3428 428 3485 Et
463 3431 511 3485 si
547 3437 637 3486 est
670 3438 877 3486 rectum
910 3445 1094 3489 coram
1131 3429 1244 3486 Deo
1264 3468 1280 3496 ,
1319 3430 1519 3500 perfice
1552 3427 1686 3485 illud
1717 3445 1735 3495 ;

150 3521 201 3575 si
246 3535 374 3575 vero
419 3536 734 3592 perversum
772 3520 973 3588 fuerit,
1013 3529 1233 3591 amputa
1276 3520 1407 3576 illud
1445 3518 1514 3575 ab
1550 3520 1739 3575 anima

151 3620 265 3670 tua.
300 3611 370 3666 Et
400 3626 500 3667 nos
531 3626 681 3681 ergo,
718 3611 937 3677 fratres,
967 3611 1153 3667 omnia
1185 3626 1306 3681 qua:
1341 3610 1575 3681 agimus,
1609 3624 1738 3665 cum

151 3701 380 3757 consilio
412 3716 676 3772 agamus,
716 3702 842 3771 quia
891 3703 1155 3771 scriptum
1197 3711 1287 3758 est
1321 3719 1336 3755 :
1380 3700 1514 3755 Ante
1560 3703 1741 3755 omnia

151 3808 313 3861 opera
340 3790 549 3846 verbum
573 3807 731 3846 verax
752 3792 1105 3862 prwcedat—te,
1125 3801 1175 3846 et
1190 3801 1317 3847 ante
1336 3808 1541 3848 omnem
1562 3801 1741 3847 actum

153 3881 429 3937 consilium
461 3881 646 3937 stabile
663 3894 686 3934 .'
708 3892 760 3937 et
789 3882 847 3936 in
870 3883 955 3938 his
984 3882 1235 3937 omnibus
1257 3883 1539 3953 deprecare
1569 3881 1740 3937 Altis-

158 3975 374 4041 sfmuns,
404 3982 460 4029 ut
507 3974 703 4046 dirigat
739 3974 796 4028 in
839 3976 1054 4030 veritate
1090 3975 1229 4029 viam
1270 3984 1438 4030 tuam.
1495 3974 1557 4030 Si
1600 3974 1739 4028 enim

156 4062 415 4119 Damius
449 4080 670 4136 magnus
731 4065 984 4131 voluerit,
1025 4066 1215 4136 spiritu
1256 4065 1620 4135 intelligentia
1660 4079 1743 4118 re-

155 4153 310 4223 plebit
331 4164 403 4225 te,
431 4166 480 4210 et
501 4157 654 4226 quasi
684 4157 895 4220 imbres,
928 4158 1092 4210 mittet
1119 4158 1212 4211 tibi
1238 4156 1449 4226 eloquia
1469 4156 1741 4226 sapientior

155 4265 290 4313 sure,
327 4257 376 4304 et
410 4251 602 4321 aperiet
637 4267 697 4304 os
727 4261 879 4305 tuum
907 4251 962 4304 in
989 4250 1246 4314 oratione,
1275 4258 1323 4304 et
1354 4249 1539 4319 diriget
1565 4248 1741 4302 consi-

156 4338 287 4394 lium
298 4350 447 4395 tuuns
459 4343 515 4396 in
527 4342 686 4407 bono,
703 4351 923 4413 etusque
934 4341 988 4394 in
1001 4339 1251 4397 sa'culum
1264 4357 1367 4395 non
1376 4339 1633 4395 delabitur
1642 4355 1745 4394 me-

156 4433 332 4486 moria
374 4440 467 4486 tua
512 4430 703 4503 (Eecli.
744 4446 961 4497 xxxvii,
1009 4431 1223 4502 χχχιχ).
1271 4431 1433 4487 Venit
1476 4430 1534 4487 in
1587 4430 1742 4485 initio

156 4522 585 4577 conversationis
604 4537 721 4578 sua:
743 4523 913 4578 abbas
936 4522 1205 4593 Evagrius
1232 4523 1302 4576 ad
1331 4521 1620 4592 quemdam
1652 4535 1742 4576 se—

159 4629 307 4680 nem,
328 4629 577 4684 quaerens
597 4614 905 4679 milium,
932 4622 989 4670 et
1009 4613 1146 4670 dicit
1173 4615 1259 4669 ei:
1283 4613 1381 4669 Dic
1398 4614 1552 4676 uribi,
1577 4614 1737 4679 abba,

160 4720 469 4762 sermonem
496 4720 607 4776 quo
638 4706 825 4763 salvus
854 4705 1002 4761 tiam.
1054 4704 1148 4760 Ille
1183 4712 1365 4760 autem
1391 4704 1529 4760 dixit
1565 4704 1615 4759 ei
1640 4721 1655 4757 :
1680 4703 1741 4759 Si
1768 4736 1775 4743 -

162 4797 247 4852 vis
277 4797 457 4853 salvus
476 4796 618 4865 ﬁeri,
645 4797 863 4869 quando
886 4796 1042 4852 vadis
1068 4796 1137 4850 ad
1164 4794 1423 4865 aliquem,
1454 4808 1562 4849 non
1588 4793 1741 4862 prius
1768 4804 1785 4811 θ

164 4890 406 4962 loquaris
426 4899 717 4962 antequam
752 4890 841 4947 ille
869 4897 926 4947 te
950 4870 1224 4961 iaquirat.
1263 4886 1529 4959 Evagrius
1557 4896 1740 4942 autem

164 4989 517 5050 compunctus
557 4981 614 5035 in
656 4981 763 5036 hoc
805 4993 1089 5045 sermone,
1136 4978 1321 5033 dixit:
1354 4977 1527 5035 Crede
1570 4977 1741 5043 mihi,

168 5071 365 5128 multos
396 5073 610 5129 codices
641 5071 766 5144 legi,
804 5081 860 5127 et
893 5071 1057 5126 talem
1079 5070 1439 5129 eruditionem
1466 5080 1743 5138 nunquam

169 5163 369 5219 inveni.
412 5162 485 5217 Et
506 5163 733 5236 multum
759 5161 1051 5234 proﬁciens
1074 5160 1228 5215 exiit.
1276 5158 1425 5213 Dixit
1449 5157 1619 5213 abbas
1645 5158 1747 5212 Pa-

169 5265 327 5310 stor:
352 5254 454 5323 Qui
485 5255 641 5311 docet
664 5262 720 5309 et
749 5268 869 5309 non
894 5252 1026 5308 facit
1062 5266 1184 5323 qua:
1214 5252 1392 5317 docet,
1431 5249 1625 5305 similis
1660 5257 1746 5305 est

171 5347 370 5413 canali,
399 5358 521 5417 qua
542 5360 733 5402 omsies
764 5346 834 5400 ad
863 5359 926 5401 se
953 5344 1232 5399 venientes
1256 5341 1440 5406 satiat,
1469 5349 1527 5395 et
1557 5340 1749 5396 sordes

172 5452 361 5494 eorum
385 5437 545 5499 lavat,
577 5437 808 5506 seipsam
835 5443 1015 5490 autem
1042 5445 1278 5504 purgare
1302 5446 1409 5486 non
1432 5437 1630 5500 potest,
1653 5429 1750 5485 sed

174 5531 351 5585 omnis
391 5527 647 5600 spurcitia
698 5536 757 5582 et
794 5526 1134 5581 immunditia
1187 5525 1241 5579 in
1291 5537 1357 5579 ea
1404 5530 1507 5578 est.
1561 5521 1753 5577 Frater

1827 1877 2089 1933 moniales
2115 1886 2173 1932 et
2201 1878 2600 1948 magniﬁcentia
2623 1894 2729 1948 qua
2769 1879 3040 1951 magniﬁci
3074 1881 3215 1950 apud
3249 1882 3419 1936 Deum

1828 1967 2136 2023 efﬁciuntur
2168 1968 2363 2032 sancti,
2403 1969 2458 2023 in
2501 1969 2930 2025 sanctiﬁcatione
2962 1971 3202 2041 ejusdem
3244 1973 3419 2028 nostri

1828 2060 2091 2114 creatoris
2127 2060 2398 2125 consistit,
2427 2060 2568 2115 sicut
2599 2060 2863 2132 scriptum
2899 2070 2983 2118 est
3007 2077 3022 2116 :
3049 2063 3421 2120 Sanctimonia

1827 2156 1875 2201 et
1923 2148 2313 2219 magniﬁcentia
2355 2150 2411 2204 in
2449 2150 2863 2220 sanctiﬁcatione
2906 2154 3022 2224 ejus
3063 2153 3237 2225 (Psal.
3268 2156 3417 2228 xcv).

1828 2237 1968 2292 Hinc
1985 2245 2043 2293 et
2071 2238 2331 2295 Dominus
2367 2240 2480 2294 ait:
2509 2237 2779 2296 Custodite
2798 2252 3059 2312 prtecepta
3099 2261 3238 2309 mea,
3261 2255 3307 2298 et
3335 2245 3422 2315 [a-

1829 2328 1928 2381 cite
1943 2344 2028 2393 ea,
2055 2344 2150 2398 ego
2173 2328 2433 2383 Dominus
2456 2330 2547 2401 qui
2567 2332 2842 2400 sancti/ica
2861 2348 2948 2386 vos
2972 2330 3118 2404 (Leo.
3148 2335 3262 2405 xx).
3286 2334 3420 2402 Quae

1828 2416 2001 2472 virtus
2035 2418 2500 2487 sanctiﬁcationis,
2535 2418 2786 2491 quamvis
2819 2423 3075 2478 omnibus
3107 2423 3287 2478 inesse
3319 2425 3420 2480 de-

1829 2509 1957 2565 beat
1985 2509 2332 2578 Christianis,
2374 2513 2610 2569 maxime
2653 2523 2835 2570 tainen
2872 2510 3049 2571 ordini
3081 2517 3340 2572 convenit
3366 2526 3424 2572 et

1830 2603 2092 2658 condecet
2134 2604 2478 2660 sacerdotali.
2530 2605 2684 2663 Unde
2712 2615 2767 2661 et
2796 2606 3060 2663 Dominus
3095 2606 3262 2678 Moysi
3304 2608 3418 2663 ait:

1843 2693 2036 2750 Vesties
2079 2695 2259 2753 Aaron
2300 2706 2351 2751 et
2393 2697 2535 2767 filios
2573 2699 2711 2768 ejus,
2765 2708 2819 2753 et
2879 2699 3234 2770 sancti/icabis
3277 2700 3421 2767 illos,

1831 2791 1887 2838 ut
1937 2785 2232 2839 sacerdotio
2263 2784 2557 2855 fungantur
2591 2784 2720 2838 mihi
2752 2784 2962 2856 (Exod.
3006 2782 3224 2857 xxvm).
3264 2785 3330 2839 Et
3362 2802 3427 2841 ne

1830 2878 2219 2931 contaminetur
2238 2876 2554 2932 sacerdosin
2587 2876 2864 2943 mortibus,
2904 2879 3030 2944 quia
3070 2887 3425 2935 consecratus

1831 2981 1908 3026 est
1932 2968 2045 3025 Deo
2067 2986 2188 3036 suo,
2207 2981 2255 3025 et
2278 2985 2441 3041 panes
2462 2970 2833 3041 propositionis
2853 2971 3024 3041 on'ert.
3070 2970 3152 3026 Sit
3171 2982 3296 3041 ergo
3308 2987 3430 3027 san-

1834 3072 1972 3128 ctus,
1993 3063 2121 3133 quia
2147 3071 2199 3121 et
2227 3077 2325 3133 ego
2344 3071 2558 3116 sanctus
2584 3075 2700 3115 sum
2724 3059 3003 3126 Dominus,
3034 3063 3126 3133 qui
3152 3062 3427 3132 sanctiﬁco

1836 3169 1924 3207 vos
1939 3152 2083 3226 (Lee.
2109 3152 2246 3223 xxi).
2279 3153 2415 3208 Vere
2427 3153 2573 3208 enim
2589 3152 2693 3207 nisi
2717 3151 2880 3208 corde
2902 3160 2957 3206 et
2975 3166 3201 3222 corpore
3222 3153 3432 3207 sancti-

1836 3244 1997 3301 ficata
2016 3246 2128 3301 Deo
2147 3244 2474 3301 sacriﬁcium
2509 3261 2540 3300 a
2579 3245 2861 3301 sacerdote
2879 3243 3161 3311 oderatur,
3189 3259 3296 3299 non
3324 3245 3431 3300 exit

1836 3338 1889 3394 ei
1912 3345 2147 3409 gratum,
2175 3335 2271 3406 qui
2293 3350 2392 3391 cor
2422 3334 2567 3390 illius
2592 3351 2623 3389 a
2653 3334 3030 3391 fornicationis
3055 3334 3310 3405 contagio
3334 3350 3431 3391 co-

1836 3431 2050 3502 gnoseit
2071 3445 2192 3485 esse
2217 3429 2503 3499 pollutum.
2557 3428 2712 3485 Unde
2744 3436 2800 3484 ct
2836 3427 2942 3483 hoc
2975 3426 3030 3485 in
3060 3425 3181 3482 loco
3202 3440 3308 3481 non
3341 3440 3433 3481 so-

1837 3523 1948 3578 lum
1986 3520 2508 3577 'l‘bessalonicenses
2532 3518 2583 3592 (1
2629 3517 2810 3573 Thess.
2851 3517 2959 3590 iv),
3005 3518 3102 3574 sed
3145 3527 3200 3573 et
3241 3531 3435 3574 omnes

1838 3617 2089 3672 hortatur
2113 3613 2404 3686 Apostolus
2428 3613 2482 3669 in
2510 3612 2732 3668 Christo
2758 3611 3065 3675 credentes,
3091 3618 3152 3665 ut
3180 3627 3238 3666 se
3264 3611 3434 3665 absti-

1838 3716 2005 3765 neant
2043 3723 2076 3762 a
2110 3706 2473 3762 fornicatione
2517 3722 2531 3759 :
2579 3704 2705 3775 quis
2753 3704 2895 3759 sicut
2927 3701 3433 3774 per.humilitatem

1839 3798 2039 3852 mentis
2073 3796 2379 3853 custoditur
2401 3796 2625 3851 castitas
2649 3795 2855 3859 carnis,
2883 3792 2960 3849 ita
2987 3807 3088 3864 per
3122 3793 3432 3864 superbiam

1839 3889 2024 3946 cordis
2066 3882 2123 3944 in
2170 3889 2570 3944 immunditiam
2617 3886 2728 3941 itur
2768 3885 3029 3941 libidinis.
3073 3884 3259 3957 (lsid.,
3308 3884 3347 3943 Ι.
3393 3900 3432 3940 ιι

1841 3979 2101 4044 Sentent.,
2145 3997 2193 4033 c.
2227 3978 2361 4049 59.)
2394 3978 2462 4032 Et
2490 3979 2612 4032 ideo
2646 3976 2940 4031 luxuriosis
2979 3983 3144 4045 atque
3181 3976 3435 4045 superbis

1841 4068 2183 4124 familiariter
2209 4082 2270 4122 se
2297 4067 2419 4138 plus
2452 4082 2614 4136 quam
2644 4065 2857 4121 ceteris
2891 4064 3270 4134 peccatoribus
3299 4079 3435 4119 con-

1842 4158 2053 4214 sociam
2079 4156 2372 4222 eminence,
2406 4158 2534 4228 quia
2561 4170 2660 4227 per
2682 4154 2956 4210 luxuriam
2985 4154 3170 4209 carnis
3197 4154 3313 4209 suis
3340 4170 3436 4212 eos

1842 4246 2092 4303 diabolus
2124 4246 2451 4318 constringit
2485 4246 2718 4313 catenis,
2746 4254 2807 4301 ut
2843 4260 2875 4299 a
2909 4245 3021 4300 Deo
3053 4246 3286 4317 separati
3326 4246 3437 4301 (ιω-

1842 4339 2202 4408 monibusque
2246 4338 2462 4404 sociati,
2506 4354 2732 4409 regnum
2774 4338 3039 4394 caelorum
3084 4337 3285 4393 habere
3322 4352 3434 4394 non

1766 4480 1819 4541 Β
1842 4432 2052 4503 possint
2071 4445 2195 4485 cum
2226 4430 2448 4485 sanctis.
2496 4429 2575 4486 De
2613 4430 2715 4485 bac
2744 4426 3193 4485 sanctiﬁcationis
3228 4427 3437 4483 virtute

1957 4531 1996 4541 -.
2038 4521 2262 4541 ιηημ
2711 4538 2721 4541 _
2751 4519 2932 4541 n_---._
2977 4519 3060 4541 ,με
3103 4518 3251 4541 μμ.
3289 4535 3427 4541 ,μω

1841 4524 1922 4578 sic
1946 4531 2004 4577 et
2031 4521 2266 4577 Joannes
2298 4521 2574 4593 apostolus
2609 4522 2725 4577 ait:
2748 4519 2934 4576 Omnis
2968 4519 3061 4592 qui
3097 4518 3251 4574 habet
3283 4535 3433 4589 spent

1838 4615 1974 4669 hanc
1999 4614 2055 4668 in
2074 4630 2157 4679 eo,
2187 4614 2484 4683 sanctiﬁcat
2513 4630 2587 4680 se,
2628 4615 2847 4667 sicut‘et
2882 4610 2971 4667 ille
3008 4620 3226 4666 senatus
3263 4621 3340 4666 est
3375 4608 3435 4683 (Ι

1838 4704 2003 4761 Joan.
2027 4705 2135 4778 ιιι).
2182 4702 2331 4760 Multi
2356 4718 2417 4760 se
2439 4705 2625 4760 dicunt
2648 4719 2798 4774 spem
2819 4703 3021 4759 habere
3043 4702 3171 4758 vita:
3195 4701 3442 4759 caltastis

1840 4795 1899 4851 in
1914 4795 2159 4862 Christo,
2181 4797 2277 4854 sed
2291 4797 2433 4852 hanc
2447 4795 2844 4852 confessionem
2858 4794 3191 4867 negligenter
3204 4793 3440 4850 vivendo

1841 4898 2126 4944 evacuant.
2162 4886 2503 4944 Manifestum
2529 4896 2712 4942 autem
2732 4887 2801 4943 de
2818 4898 2881 4941 se
2904 4885 3166 4940 indicium
3186 4898 3441 4954 superna

1845 4979 1960 5049 spei
1989 4978 2229 5045 exhibet,
2257 4979 2352 5050 qui
2377 4976 2534 5034 bonis
2564 4992 2784 5048 operam
2822 4978 2952 5033 dare
2984 4977 3197 5033 actibus
3232 4976 3462 5041 studet;

1846 5079 2028 5127 certus
2052 5070 2178 5141 quia
2206 5084 2314 5126 non
2350 5069 2510 5124 aliter
2540 5069 2607 5125 ad
2641 5068 3049 5124 similitudinem
3093 5067 3190 5123 Dei
3226 5068 3350 5138 quis
3380 5068 3439 5124 in

1845 5159 2029 5215 futuro
2053 5159 2352 5231 perveniet,
2383 5158 2487 5213 nisi
2522 5158 2618 5215 Dei
2647 5159 2988 5214 sanctitatem
3015 5158 3071 5212 in
3093 5154 3345 5228 praesenti
3376 5169 3436 5211 se

1846 5249 2234 5308 sanctiﬁcando
2259 5248 2336 5320 (id
2363 5256 2466 5313 est,
2503 5248 2811 5318 abnegando
2852 5248 3171 5319 impietatem
3194 5255 3243 5300 et
3267 5260 3433 5299 σίτοιο

1847 5341 1984 5394 laria
2031 5339 2311 5403 desideria,
2345 5337 2516 5393 sobrie
2551 5347 2726 5391 autem
2753 5346 2801 5390 et
2819 5338 2987 5408 juste,
3023 5345 3073 5391 et
3104 5335 3186 5407 pie
3216 5333 3435 5389 vivendo

1850 5431 1981 5504 (Tit.
2029 5429 2093 5501 ιι]
2115 5430 2135 5500 )
2158 5429 2419 5484 imitetur.
2458 5428 2560 5496 Qui
2585 5428 2748 5483 habet
2777 5443 2928 5499 spem
2955 5430 3010 5482 in
3030 5427 3280 5491 Domino,
3305 5439 3435 5479 san-

1849 5521 2056 5578 ctificat
2089 5536 2148 5575 se
2172 5519 2456 5591 (quantum
2486 5519 2683 5593 potest)
2721 5520 2897 5591 ipsum
2929 5518 3207 5579 intuendo,
3235 5524 3292 5571 et
3316 5515 3437 5585 ejus

178 5619 526 5691 interrogavit
578 5618 827 5673 abbatem
880 5616 1159 5683 Pastorem
1202 5616 1391 5671 dicens
1424 5634 1437 5669 :
1477 5612 1617 5681 Quid
1670 5623 1757 5669 est
1852 5627 1950 5682 per
1976 5610 2156 5666 omnia
2179 5611 2408 5682 gratiam
2438 5608 2726 5682 flagitando
2757 5612 2848 5680 qni
2881 5611 2957 5665 ait
2989 5628 3002 5664 :
3029 5607 3153 5664 Sine
3185 5624 3268 5662 me
3303 5605 3438 5661 nihil

180 5709 307 5766 illud
331 5709 473 5778 quod
503 5708 762 5779 scriptum
786 5714 906 5763 est:
934 5703 1038 5770 Qui
1058 5704 1309 5763 irascitur
1327 5704 1483 5774 fratri
1514 5720 1611 5760 suo
1642 5703 1755 5758 sine

1853 5701 2065 5772 potestis
2106 5699 2281 5771 facere
2322 5698 2505 5774 (Joan.
2549 5708 2663 5771 xv),
2707 5702 2866 5771 eique
2899 5699 3128 5757 dicendo
3160 5716 3176 5759 :
3209 5696 3441 5770 Λάμον
