3940 6436
499 309 607 368 617

1760 337 1762 339 ›
1844 301 2196 360 διιΑιιΑαῡι
2233 301 2524 360 ABBATIS

3669 310 3786 367 6-18

499 437 646 476 meus
674 428 804 482 esto,
833 433 896 470 ne
931 414 1261 486 derelinquas
1290 431 1372 469 me
1403 412 1522 485 (Ps.
1559 414 1732 486 xxvr).
1778 415 1918 486 Ergo
1953 433 2076 470 san-
2105 421 2152 478 Α
2177 417 2396 484 quidam
2423 432 2586 472 senex
2618 416 2792 485 :Quia
2823 417 2930 472 duo
2968 417 3358 473 fratres-crant
3396 419 3583 482 vicini,
3632 438 3781 476 unus

497 511 692 580 ctiﬁcat
717 525 828 573 nos,
861 509 993 561 sicut
1018 515 1063 560 et
1087 507 1194 576 ipse
1215 515 1428 561 sanctus
1452 517 1527 560 est
1549 505 1602 578 (1
1625 505 1789 561 Joan.
1818 507 1922 576 ιιι).
1963 507 2072 562 Sed

496 601 586 656 ille
634 608 854 653 sanctus
894 597 1218 660 mternitate,
1260 612 1361 651 nos
1404 598 1578 652 sancti
1627 598 1752 653 ﬁde.
1811 599 2074 667 Tempore

493 691 637 746 enim
673 689 915 758 antiquo,
959 688 1218 758 episcopi,
1252 689 1555 759 presbyteri
1581 697 1638 743 et
1671 688 1884 743 diaconi
1913 689 2073 744 unius

490 781 677 836 uxoris
716 780 815 834 viri
855 779 1248 833 ordinabuntur
1285 777 1335 849 (Ι
1379 777 1515 831 Tim.
1551 777 1633 846 ιιι)
1658 795 1674 833 :
1699 778 1858 833 modo
1894 787 2074 832 autem

491 872 652 946 (quia
699 872 1007 928 sanctitatis
1046 886 1208 927 causa
1266 871 1436 926 crevit
1477 869 1775 942 munditia)
1816 870 1884 924 ab
1927 869 2076 925 mnni

490 963 693 1018 carnali
723 961 997 1017 consortio
1022 976 1209 1015 omnes
1235 960 1356 1015 illos
1382 976 1661 1014 sacrorum
1689 959 1871 1030 regula
1897 959 2079 1030 prohi-

490 1054 581 1108 bet
601 1068 889 1109 canonum.
939 1051 1074 1106 Nam
1107 1061 1162 1107 et
1194 1052 1247 1106 in
1287 1050 1467 1106 Veteri
1497 1051 1846 1106 Testamento
1875 1049 2072 1122 (Exod.

492 1143 688 1216 xxvm)
727 1159 793 1198 eo
839 1153 1079 1213 tempore
1122 1151 1331 1198 tantum
1372 1157 1480 1213 quo
1529 1142 1837 1197 sacerdotes
1879 1150 2076 1211 przesto

489 1245 649 1292 erant
695 1235 874 1300 altari,
931 1237 1001 1290 ab
1053 1249 1283 1289 uxorum
1338 1249 1561 1288 suarum
1618 1247 1677 1287 se
1725 1233 2078 1288 continebant

489 1326 775 1380 concubitu
805 1341 986 1379 :nunc
1038 1334 1217 1379 autem
1276 1323 1424 1394 (quia
1461 1323 1702 1393 quotidie
1742 1339 1940 1394 corpus
1973 1323 2079 1378 Do-

491 1419 621 1473 mini
673 1426 768 1472 aut
821 1417 1214 1472 conﬁciendum
1265 1417 1420 1470 nobis
1472 1425 1557 1470 est
1606 1413 1672 1468 ad
1721 1415 1892 1470 altare
1926 1455 1942 1480 ,
1984 1424 2079 1470 aut

488 1509 830 1581 sumendum)
867 1526 897 1563 a
933 1508 1134 1563 carnali
1175 1508 1464 1564 concubitu
1506 1507 1746 1576 quotidie
1794 1508 1951 1564 nobis
1993 1515 2078 1563 est

487 1601 888 1655 abstinendum.
935 1600 1069 1654 Hinc
1092 1599 1291 1653 Paulus
1325 1599 1666 1654 Timotheum
1695 1598 1968 1663 admonet,
1995 1599 2078 1653 di-

486 1705 616 1745 cens
642 1709 654 1742 :
681 1689 990 1759 Exemplum
1017 1699 1124 1742 esto
1145 1687 1382 1758 ﬁdelium
1417 1689 1470 1742 in
1497 1704 1757 1753 sermone,
1782 1689 1836 1742 in
1864 1705 2078 1742 conver-

2176 508 2517 579 peregrinus,
2555 516 2612 562 et
2648 507 2787 562 alter
2818 508 3088 578 indigena.
3141 510 3273 564 Erat
3303 521 3487 566 autem
3528 516 3767 584 peregri-

2177 611 2277 651 nus
2328 597 2417 651 ille
2467 598 2738 652 modicum
2779 599 3155 669 negligentior,
3201 601 3290 654 ille
3335 616 3466 657 vero
3514 603 3774 675 indigena

2175 687 2450 743 studiosus
2487 688 2642 743 valde
2674 707 2688 743 :
2719 691 2946 761 cont'git
2976 699 3156 746 autem
3193 702 3253 746 ut
3292 693 3558 751 dormiret
3604 712 3774 767 pere-

2175 776 2364 845 grinus
2392 777 2480 832 ille
2518 779 2572 832 in
2614 794 2765 848 pace.
2813 780 2992 834 Senex
3033 790 3214 836 autem
3252 785 3342 853 qui
3387 796 3508 840 erat
3549 788 3776 846 vicinus

2175 882 2384 932 eorum,
2417 884 2540 924 cum
2571 879 2717 926 esset
2755 871 3034 942 providus,
3069 875 3204 930 vidit
3229 877 3634 934 multitudinem
3669 895 3776 936 an-

2176 955 2419 1026 gelorum
2461 958 2842 1015 deducentium
2877 963 3114 1018 animam
3150 965 3286 1036 ejus.
3326 966 3460 1022 Cum
3502 984 3637 1040 ergo
3673 988 3773 1026 ve-

2178 1045 2346 1101 nisset
2373 1048 2440 1102 ad
2468 1048 2663 1104 coelum
2705 1058 2765 1104 ut
2804 1049 3056 1118 intraret,
3105 1054 3244 1109 facta
3292 1066 3376 1112 est
3419 1061 3655 1128 qumstio
3697 1063 3769 1117 de

2178 1135 2266 1192 illa
2299 1129 2503 1193 'anima.
2557 1139 2625 1194 Et
2668 1141 2817 1196 venit
2857 1158 2962 1199 vox
3006 1144 3238 1216 desuper
3281 1149 3509 1205 dicens:
3542 1153 3770 1210 Manife-

2177 1235 2321 1283 stum
2353 1238 2440 1283 cst
2471 1229 2595 1298 quia
2631 1231 2900 1287 modicum
2939 1235 3218 1306 negligens
3257 1235 3376 1303 fuit,
3409 1241 3502 1295 sed
3539 1253 3769 1312 propter

2175 1321 2668 1391 peregrinationem
2705 1324 2824 1394 ejus
2860 1327 3066 1394 aperite
3095 1330 3167 1384 ei.
3213 1329 3279 1385 Et
3311 1341 3434 1401 post
3469 1334 3586 1390 haec
3638 1338 3770 1392 dor-

2178 1409 2333 1466 mivit
2363 1412 2450 1466 ille
2478 1411 2746 1482 indigena,
2776 1424 2830 1468 et
2856 1417 3002 1472 venit
3025 1419 3202 1474 omnis
3227 1423 3477 1490 cognatio
3499 1425 3567 1478 ad
3589 1441 3720 1480 eum
3751 1445 3764 1480 :

2179 1503 2399 1574 angelos
2424 1521 2554 1560 vero
2577 1521 2682 1560 non
2715 1507 2851 1562 vidit
2879 1508 2965 1563 ille
2993 1523 3158 1564 senex
3193 1513 3374 1567 venire
3395 1515 3462 1568 ad
3487 1515 3768 1572 deducen-

2180 1595 2305 1650 dam
2355 1596 2594 1651 animam
2638 1597 2799 1654 illius.
2865 1598 3088 1655 Miratus
3133 1611 3312 1657 autem
3351 1618 3513 1659 senex
3575 1607 3764 1662 dixit:

2181 1686 2462 1754 Quomodo
2507 1689 2824 1760 peregrinus
2869 1689 2959 1745 ille
3003 1705 3126 1746 cum
3171 1693 3530 1764 negligentior
3571 1696 3766 1761 fuerit,

483 1782 705 1848 satione,
731 1782 784 1835 in
817 1782 1090 1848 charitate,
1126 1783 1181 1835 in
1209 1782 1337 1851 ﬁde,
1361 1783 1416 1836 in
1448 1782 1688 1836 castitate
1719 1780 1768 1852 (1
1805 1781 1940 1834 Tim.
1975 1781 2073 1852 tv).
2104 1766 2151 1825 B
2181 1778 2340 1834 talem
2371 1779 2596 1849 glon'am
2631 1781 2840 1844 habuit,
2873 1790 2929 1836 et
2971 1783 3060 1838 hic
3103 1798 3224 1838 cum
3272 1786 3547 1842 studiosus
3590 1799 3765 1844 esset.

484 1875 584 1942 Qui
607 1875 750 1929 enim
778 1875 896 1928 aliis
927 1875 979 1928 in
1008 1889 1259 1929 sermone
1287 1873 1591 1942 exemplum
1619 1873 1779 1928 debet
1810 1873 2073 1941 praebere,

485 1965 703 2019 modum
753 1964 1040 2018 locutionis
1078 1978 1185 2017 non
1221 1963 1379 2018 debet
1411 1962 1682 2031 ignorare,
1721 1961 1818 2016 sed
1853 1961 2077 2032 diligen-

484 2065 572 2112 ter
597 2057 756 2111 debet
780 2056 1081 2120 attendere,
1110 2055 1258 2124 quid,
1299 2054 1410 2119 cui,
1447 2055 1662 2123 quando
1693 2053 1776 2108 vel
1805 2055 2075 2124 quomodo

484 2148 683 2203 debeat
721 2148 886 2216 loqui,
916 2156 975 2201 ut
1005 2162 1184 2202 sermo
1222 2145 1337 2214 ejus
1361 2161 1466 2200 non
1497 2145 1699 2210 fatuus,
1741 2145 1854 2208 sed,
1893 2161 2076 2199 secun-

485 2240 610 2294 dum
652 2240 860 2294 Domini
901 2247 1236 2309 prtvceptum,
1273 2237 1385 2292 sale
1418 2237 1687 2308 sapientia:
1725 2237 1792 2290 sit
1834 2235 2073 2290 conditus

486 2329 690 2403 (Marc.
730 2329 828 2402 Ix).
867 2329 961 2385 Ille
986 2329 1040 2384 in
1066 2329 1479 2386 conversatione
1503 2329 1704 2384 bonum
1725 2327 1847 2382 aliis
1869 2327 2074 2398 praebet

483 2420 784 2489 exemplum
809 2419 897 2491 qui
922 2431 1082 2485 caste,
1111 2421 1194 2490 pie
1229 2429 1279 2474 et
1310 2419 1456 2490 juste
1493 2419 1612 2474 vivit
1648 2419 1702 2473 in
1741 2419 1838 2473 hoc
1877 2417 2071 2473 stvculo

487 2513 628 2584 (Tit.
731 2512 828 2585 tt).
889 2511 983 2567 llle
1033 2512 1085 2566 in
1135 2511 1401 2566 charitate
1445 2511 1567 2567 aliis
1615 2511 1815 2566 bonum
1869 2509 2074 2581 praabet

483 2607 788 2672 exemplum
821 2604 909 2674 qui
937 2603 1106 2656 Deum
1143 2620 1208 2657 ea:
1241 2611 1348 2656 toto
1378 2602 1553 2668 corde,
1596 2611 1706 2656 tota
1740 2611 1929 2666 mente,
1961 2610 2072 2656 tota

481 2694 670 2749 virtute
699 2692 890 2763 diligit,
929 2701 975 2746 et
1004 2692 1301 2763 proximum
1339 2693 1474 2746 sicut
1509 2693 1840 2764 semetipsum
1887 2691 2066 2762 (Deut.

482 2803 570 2852 vt;
604 2785 792 2839 Matth.
828 2800 969 2849 xxu;
1002 2784 1132 2838 Luc.
1160 2783 1236 2855 x).
1293 2783 1384 2838 Ille
1412 2784 1466 2838 in
1506 2783 1610 2839 ﬁde
1633 2783 1832 2838 bonum
1865 2784 2072 2854 praebet

479 2877 808 2947 exemplum,
839 2877 930 2947 qui
973 2884 1119 2932 recte
1157 2876 1427 2932 credendo
1461 2875 1600 2930 bene
1630 2875 1794 2942 vivit,
1839 2885 1894 2932 et
1932 2876 2070 2932 bene

481 2974 710 3028 vivendo
741 2973 897 3028 ﬁdem
924 2981 1127 3028 rectam
1170 2971 1424 3028 custodit.
1473 2970 1567 3025 Ille
1588 2969 1644 3024 in
1673 2969 1924 3026 castitate
1947 2969 2069 3026 aliis

479 3065 678 3119 bonum
723 3063 929 3134 praebet
969 3061 1298 3133 exemplum,
1333 3061 1425 3132 qui
1464 3061 1733 3118 castitatis
1769 3061 2069 3131 pulchritu-

477 3155 656 3210 dinem
687 3154 936 3225 diligens,
977 3169 1086 3208 non
1127 3153 1303 3209 solum
1333 3167 1454 3208 eam
1495 3152 1550 3207 in
1583 3167 1682 3206 suo
1719 3159 1900 3206 servat
1943 3166 2064 3207 cor-

477 3262 631 3317 pore,
658 3246 751 3300 sed
781 3245 944 3299 etiam
977 3260 1008 3298 a
1035 3243 1450 3316 cogitationibus
1475 3242 1656 3313 pravis
1687 3250 1855 3296 tutam
1883 3251 2064 3298 custo-

477 3341 556 3395 dit
591 3340 644 3394 in
680 3346 879 3401 mente,
918 3337 1044 3406 quia
1079 3335 1210 3390 nihil
1251 3333 1472 3405 prodest
1507 3332 1844 3404 incorruptio
1883 3333 2064 3390 carnis

479 3430 569 3486 ubi
600 3444 707 3484 non
733 3437 812 3482 est
836 3427 1122 3497 integritas
1148 3425 1364 3480 mentis.
1433 3414 1442 3423 ’

1103 3513 1346 3570 CAPUT
1381 3513 1445 3569 L.

853 3609 930 3665 De
952 3607 1224 3663 vocatione
1249 3605 1440 3660 divinre
1466 3604 1697 3676 pietatis.

549 3701 774 3760 Vocatio
810 3701 1005 3756 divinae
1050 3697 1265 3769 pietatis
1312 3695 1455 3768 (qua:
1507 3695 1737 3752 diversis
1783 3695 1958 3752 modis
2006 3696 2061 3752 in

481 3792 708 3852 diversis
743 3792 988 3848 aetatibus
1017 3797 1070 3844 et
1100 3789 1328 3844 diversis
1359 3788 1421 3844 ﬁt
1448 3786 1803 3860 temporibus)
1833 3803 1943 3844 non
1970 3788 2064 3844 ho-

482 3885 644 3940 minis
678 3883 874 3938 merito
897 3921 912 3947 ,
950 3880 1045 3935 sed
1082 3893 1299 3949 semper
1332 3878 1504 3950 gratis
1540 3879 1609 3934 ab
1647 3878 1765 3948 ipso
1799 3877 1913 3935 solo
1947 3878 2064 3950 pio-

482 3993 588 4046 que
636 3977 694 4031 ﬁt
741 3977 897 4031 Deo:
933 3975 1075 4031 sicut
1123 3972 1413 4044 Apostolus
1468 3973 1592 4030 ait:
1632 3972 1760 4030 Sine
1808 3974 2062 4044 perniten-

481 4071 557 4123 tia
603 4077 721 4123 sunt
769 4067 948 4132 dona,
1001 4075 1050 4122 et
1094 4065 1294 4121 vocatio
1351 4065 1448 4120 Dei
1490 4063 1672 4136 (Rom.
1715 4063 1818 4136 ιι).
1871 4063 1972 4132 Qui
2007 4072 2065 4119 et

483 4160 552 4215 ad
607 4159 948 4215 Timotheum
1009 4157 1193 4213 dicit:
1234 4156 1337 4223 Qui
1387 4155 1622 4211 liberavit
1663 4172 1757 4211 nos
1808 4164 1858 4211 et
1906 4171 2062 4211 voca-

481 4252 553 4307 vit
593 4251 858 4306 vocatione
896 4267 994 4305 sua
1032 4259 1239 4316 sancta,
1289 4264 1394 4302 non
1443 4247 1732 4302 secundum
1777 4263 1932 4318 opera
1971 4263 2064 4301 no-

481 4353 589 4398 stra
611 4382 626 4407 ,
658 4341 746 4396 sed
771 4341 1056 4396 secundum
1089 4339 1412 4410 propositae:
1451 4347 1498 4392 et
1535 4338 1760 4408 gratiam
1801 4337 1888 4407 (11
1924 4337 2059 4393 Tim.

485 4434 547 4506 l).
608 4431 875 4488 Vocantur
918 4432 1084 4495 enim,
1122 4440 1182 4486 ut
1239 4431 1440 4486 dictum
1500 4437 1622 4493 est,
1665 4429 1890 4484 diversis
1944 4445 2060 4484 mo-

484 4529 566 4582 dis
599 4545 612 4580 :
641 4526 768 4598 quia
812 4525 902 4580 alii
946 4533 1151 4580 tantum
1184 4537 1410 4593 corpore
1445 4522 1563 4578 sani
1604 4529 1897 4584 vocantur,
1930 4520 2062 4574 divi-

484 4620 630 4673 nitus
657 4617 934 4686 inspirati;
964 4615 1054 4670 alii
1079 4623 1260 4670 autem
1289 4613 1605 4668 inﬁrmitate
1633 4612 1816 4667 carnis
1844 4610 2060 4676 afﬂicti;

484 4710 570 4767 alii
611 4725 738 4764 vero
773 4707 1000 4762 diversis
1035 4707 1269 4770 damnis,
1309 4704 1396 4759 vel
1434 4703 1871 4758 tribulationibus
1900 4703 2064 4758 variis

485 4800 748 4870 oppressi.
796 4800 1074 4855 Vocantur
1098 4805 1153 4852 et
1174 4797 1405 4851 diversis
1428 4794 1695 4859 aetatibus,
1724 4794 1849 4864 quia
1887 4794 1976 4851 alii
2005 4795 2059 4851 in

483 4891 724 4954 infantia,
761 4890 853 4944 alii
895 4889 950 4944 in
991 4887 1379 4951 adolescentia,
1419 4885 1512 4940 alii
1547 4885 1602 4940 in
1635 4884 1942 4956 juventute,
1966 4885 2058 4942 alii

481 4995 610 5035 vero
645 4981 698 5036 in
735 4987 1033 5042 senectute,
1069 4976 1152 5032 vel
1190 4977 1356 5030 etiam
1391 4976 1443 5030 in
1475 4976 1748 5045 decrepita
1778 4985 1938 5034 actate
1965 4992 2059 5032 vo-

481 5080 702 5137 cantur;
738 5077 792 5125 et
817 5068 1044 5123 diversis
1066 5065 1218 5121 horis
1251 5065 1377 5130 diei,
1406 5066 1531 5136 quia
1559 5065 1647 5120 alii
1677 5067 1850 5138 primo
1875 5082 2056 5133 mane,

481 5160 570 5214 alii
601 5159 733 5213 liora
761 5157 935 5218 tertia,
965 5155 1054 5208 alii
1092 5155 1225 5208 hora
1259 5163 1433 5222 sexta,
1473 5156 1562 5210 alii
1601 5173 1764 5222 nona,
1801 5157 1889 5212 alii
1927 5173 2057 5212 vero

479 5254 744 5304 vocantur
782 5244 1080 5298 undecima.
1119 5243 1354 5310 Quorum
1388 5245 1628 5300 omnium
1661 5247 1837 5301 nullus
1872 5247 1924 5300 in
1957 5246 2058 5300 im-

481 5337 834 5402 munditiam,
871 5334 963 5390 sed
993 5351 1182 5390 omnes
1219 5346 1343 5390 sunt
1381 5338 1553 5392 vocati
1581 5353 1612 5391 a
1642 5346 1830 5392 sancto
1859 5339 1968 5392 Deo
2001 5338 2056 5392 in

481 5429 962 5488 sanctiﬁcationem
989 5429 1167 5483 cordis
1195 5437 1249 5484 et
1279 5430 1545 5498 corporis.
1571 5429 1825 5484 Sanctus
1857 5431 2056 5484 ctenim

482 5524 624 5578 Deus
647 5533 864 5578 sanctos
887 5520 999 5574 vult
1025 5535 1237 5589 semper
1265 5521 1465 5575 habere
1502 5522 1800 5585 ministros,
1831 5522 1975 5576 sicut
2004 5529 2060 5576 et

481 5613 624 5668 idem
656 5613 708 5666 iu
752 5611 1040 5680 Evangelio
1078 5612 1186 5666 ait:
1215 5610 1321 5664 Pro
1352 5611 1425 5664 eis
1467 5604 1736 5678 sanctifico
1784 5613 2056 5682 meipsum,

485 5713 538 5758 ut
563 5703 664 5762 sint
685 5714 731 5758 et
755 5704 852 5775 ipsi
871 5703 1181 5772 sanrtiﬁcati
1210 5703 1261 5758 in
1292 5702 1502 5757 veritate
1527 5701 1706 5772 (Jama.
1738 5705 1892 5779 xvn).
1917 5703 2060 5758 Dixit

2174 1869 2310 1924 nihil
2360 1870 2666 1941 huiusmodi
2710 1873 2930 1927 meruit.
2981 1873 3047 1928 Et
3092 1873 3240 1928 venit
3279 1890 3380 1930 vox
3430 1877 3621 1931 dicens
3669 1880 3763 1933 ei:

2175 1959 2274 2016 llic
2299 1961 2572 2018 studiosus
2598 1977 2724 2016 cum
2748 1963 2897 2018 venit
2929 1970 2990 2017 ut
3018 1965 3300 2030 dormiret,
3329 1968 3540 2036 aperuit
3570 1970 3769 2024 oculos

2173 2064 2302 2106 suos
2328 2059 2386 2106 et
2414 2053 2550 2108 vidit
2575 2061 2826 2122 parentes
2864 2069 2991 2110 suos
3029 2055 3242 2121 ﬁentes,
3272 2065 3327 2111 et
3357 2060 3634 2113 coasolata
3679 2075 3769 2115 es:

2171 2143 2353 2198 anima
2382 2143 2520 2214 ejus.
2567 2145 2892 2216 Peregrinus
2927 2161 3076 2212 vero,
3115 2147 3202 2203 ille
3237 2147 3362 2204 licet
3395 2149 3767 2221 negligentior

2173 2234 2295 2299 fuit,
2342 2236 2547 2291 nullum
2591 2245 2771 2292 tamen
2817 2252 3039 2293 suorum
3075 2240 3251 2306 vidit,
3295 2251 3350 2296 et
3395 2241 3767 2312 ingemiscens

2171 2324 2336 2392 ﬂevit,
2370 2336 2424 2382 et
2458 2329 2598 2383 Deus
2627 2329 2937 2385 consolatus
2961 2337 3046 2384 est
3073 2347 3219 2385 θιιιιι.
3267 2333 3534 2388 Dicebant
3558 2333 3640 2388 de
3667 2338 3767 2388 al.-

2171 2417 2299 2473 bate
2324 2418 2512 2490 Sysois
2536 2421 2679 2490 quod
2717 2421 2771 2475 in
2801 2421 2889 2476 die
2914 2421 3253 2479 dormitionis
3293 2439 3404 2480 sua:
3438 2441 3564 2480 cum
3601 2428 3764 2481 sede-

2173 2517 2295 2564 rent
2312 2508 2459 2564 circa
2483 2524 2607 2565 eum
2627 2517 2828 2579 patres,
2856 2511 3123 2582 splenduit
3148 2513 3291 2568 sicut
3316 2513 3396 2570 sol
3421 2515 3592 2571 facies
3613 2518 3758 2588 ejus,

2169 2606 2228 2654 et
2246 2599 2383 2654 dixit
2411 2601 2480 2654 ad
2507 2615 2602 2655 eos
2626 2617 2641 2654 :
2663 2600 2802 2655 Ecce
2829 2602 3028 2658 chorus
3049 2604 3431 2673 prophezarum
3459 2615 3514 2660 et
3544 2619 3763 2676 aposto—

2169 2689 2345 2744 lorum
2394 2690 2561 2745 venit.
2611 2689 2810 2746 lterum
2855 2691 3034 2747 dixit:
3068 2693 3209 2749 Ecce
3259 2696 3436 2765 angeli
3494 2709 3764 2751 venerunt

2168 2782 2413 2852 accipere
2437 2799 2544 2840 me.
2601 2784 2669 2840 Et
2702 2801 2916 2840 rursum
2952 2784 3093 2841 facta
3132 2796 3218 2842 est
3254 2787 3421 2844 facies
3457 2789 3578 2858 ejus
3615 2793 3764 2845 sicut

2169 2875 2270 2940 sol,
2306 2883 2363 2930 et
2391 2876 2687 2931 timuerunt
2713 2891 2920 2933 omnes.
2973 2879 3115 2934 Dicit
3147 2879 3344 2934 iterum
3383 2883 3464 2936 eis
3493 2896 3508 2934 :
3541 2881 3761 2947 Videte,

2167 2981 2297 3022 ecce
2326 2966 2586 3022 Dominus
2605 2967 2754 3023 venit
2777 2969 2963 3024 dicens
2987 2986 3000 3023 :
3028 2969 3228 3024 Aﬁ‘erte
3259 2971 3388 3026 mihi
3413 2986 3510 3026 vas
3535 2972 3762 3028 electio-

2169 3059 2256 3114 nis
2299 3059 2490 3117 eremi.
2537 3060 2606 3114 Et
2639 3059 2898 3114 continuo
2938 3061 3171 3116 reddidit
3215 3062 3486 3132 spiritum.
3540 3062 3608 3118 Et
3655 3063 3758 3120 ful-

2169 3165 2298 3220 gore
2329 3149 2572 3222 repletus
2602 3159 2688 3204 est
2715 3158 2859 3206 totus
2892 3151 3040 3206 locus
3071 3151 3158 3208 ille
3187 3152 3352 3208 odore
3375 3153 3686 3210 suavitatis.

2773 3240 3000 3298 CAPUT
3041 3242 3126 3297 LI.

2241 3389 2244 3394 ,
2554 3331 2633 3388 De
2662 3333 2937 3390 dilectione
2965 3345 3012 3390 et
3043 3337 3218 3407 gratia
3239 3336 3357 3392 Dei.

2236 3425 2312 3481 De
2332 3425 2435 3481 boc
2462 3425 2698 3496 capitulo
2717 3426 2795 3481 sic
2826 3426 3115 3496 Apostolus
3144 3429 3222 3482 ait
3251 3447 3263 3482 :
3294 3428 3430 3483 Deus
3459 3437 3638 3484 autem
3667 3433 3761 3502 qui

2162 3517 2304 3571 dives
2337 3525 2411 3571 est
2442 3517 2496 3571 in
2535 3517 2919 3584 misericordia,
2952 3529 3161 3590 propter
3188 3521 3404 3574 nimiam
3439 3520 3760 3576 clturitatem

2163 3624 2314 3662 suam
2327 3625 2434 3680 qua
2450 3608 2634 3664 dilexit
2651 3627 2764 3676 nos,
2782 3627 2901 3665 cum
2920 3627 3147 3666 essemus
3161 3612 3352 3666 mortui
3369 3613 3616 3683 peccatis,
3635 3631 3759 3668 con-

2164 3699 2436 3766 viriﬁcavit
2459 3717 2552 3754 nos
2577 3699 2802 3755 Christo.
2837 3699 3002 3771 Cujus
3035 3703 3208 3772 gratia
3248 3719 3428 3757 sumus
3453 3703 3650 3758 salvati
3666 3721 3688 3759 :
3709 3718 3758 3759 et

2163 3790 2609 3856 conresuscitavit,
2623 3801 2671 3845 et
2693 3791 2970 3846 consedere
2992 3791 3112 3861 fecit
3134 3792 3188 3845 in
3207 3791 3496 3846 ccclestibas
3517 3792 3574 3846 in
3594 3791 3757 3847 Chri-

2161 3891 2263 3946 sto,
2279 3881 2633 3937 utostenderet
2647 3882 2968 3938 abundantes
2980 3882 3191 3937 divitias
3209 3883 3521 3953 gratiwsute
3531 3883 3590 3937 in
3607 3885 3760 3938 boni—

2163 3981 2270 4026 tate
2281 3988 2439 4041 super
2448 3989 2542 4026 nos
2553 3972 2611 4025 in
2623 3969 2830 4027 Christo
2843 3972 2878 4027 J
2882 3989 2994 4028 esu.
3010 3971 3196 4028 Gratia
3213 3975 3349 4029 enim
3362 3989 3545 4029 sumus
3557 3975 3757 4030 saluati

2163 4076 2257 4130 per
2287 4061 2444 4130 ﬁdem
2467 4060 2629 4132 (Eph.
2661 4060 2745 4133 ιι).
2770 4099 2772 4102 -
2792 4063 2939 4118 Deus
2960 4071 3141 4118 autem
3160 4063 3311 4120 dives
3329 4079 3449 4120 esse
3467 4065 3673 4119 dicitur
3698 4067 3753 4120 in

2163 4152 2559 4219 misericordia,
2594 4155 2719 4225 quia
2762 4156 3107 4226 omnipotens
3143 4167 3228 4214 est
3271 4167 3328 4213 et
3372 4158 3751 4218 misericordia

2161 4238 2281 4310 ejus
2305 4241 2460 4312 plena
2487 4251 2571 4298 est
2601 4251 2764 4298 terra.
2804 4244 2964 4299 Dives
2986 4255 3164 4301 autem
3185 4245 3327 4302 Deus
3347 4247 3544 4302 dicitur
3567 4249 3621 4302 in
3645 4250 3753 4303 mi-

2162 4333 2457 4389 sericordia
2483 4375 2498 4399 ,
2545 4335 2673 4405 quia
2723 4345 3037 4406 peccatores
3084 4353 3274 4395 omnes
3320 4339 3752 4396 misericorditer

2165 4425 2332 4481 trahit
2356 4427 2424 4482 ad
2457 4428 2853 4497 pceniteutiam,
2884 4438 2940 4484 et
2969 4429 3020 4484 in
3055 4445 3120 4485 ea
3154 4431 3583 4486 misericorditer
3609 4447 3741 4487 con-

2162 4517 2306 4573 cedit
2347 4518 2825 4588 perseverantiam.
2869 4521 2936 4575 Et
2979 4520 3130 4577 dives
3162 4522 3361 4577 dicitur
3395 4531 3619 4592 propter
3655 4524 3746 4578 ni-

2163 4609 2328 4664 miam
2353 4611 2676 4666 cbaritatem
2701 4627 2872 4677 suam,
2889 4628 2994 4681 qua
3015 4613 3204 4668 dilexit
3226 4629 3395 4684 genus
3418 4614 3742 4669 humanum.

2162 4698 2220 4754 In
2246 4708 2453 4756 tantum
2481 4702 2626 4756 enim
2662 4718 2761 4758 nos
2790 4703 2980 4758 dilexit
3001 4704 3344 4774 omnipotens
3373 4706 3532 4768 Deus,
3561 4715 3623 4760 ut
3649 4705 3742 4761 Fi-

2159 4791 2291 4846 lium
2303 4807 2460 4846 suum
2475 4793 2635 4848 morti
2651 4794 2886 4850 traderet
2895 4810 2996 4864 pro
3009 4795 3185 4860 nobis,
3201 4795 3612 4866 sicutscriptum
3624 4807 3738 4852 est:

2161 4882 2386 4954 Propria
2397 4881 2541 4938 Filio
2554 4901 2650 4938 suo
2663 4901 2766 4940 non
2783 4887 3006 4956 pepercit
3027 4886 3168 4941 Deus
3177 4927 3191 4952 ,
3210 4887 3300 4942 sed
3313 4903 3408 4956 pro
3419 4887 3566 4942 nobis
3577 4891 3746 4944 omni-

2164 4975 2258 5030 bus
2282 4976 2499 5030 tradidit
2518 4976 2669 5031 illum
2690 4977 2864 5050 (Rom.
2889 4978 3031 5050 vm).
3066 4977 3241 5034 Nimia
3265 4979 3477 5034 enimid
3500 4988 3558 5034 et
3580 4996 3744 5050 gran-

2163 5065 2247 5120 dis
2281 5066 2520 5120 cbaritas
2561 5076 2680 5134 est,
2720 5082 2820 5138 pro
2859 5069 3234 5138 peccatoribus
3273 5069 3447 5124 servis
3492 5069 3743 5140 unigeni-

2164 5163 2276 5210 tum
2311 5155 2522 5212 tradere
2556 5157 2771 5233 Filium,
2803 5166 2859 5212 et
2887 5159 3106 5214 eosdem
3145 5158 3377 5215 rebelles
3406 5173 3594 5214 servos
3619 5160 3742 5216 dili-

2161 5261 2290 5318 gere
2324 5255 2580 5316 tanquam
2613 5248 2771 5304 ﬁlios.
2814 5247 2951 5305 Hinc
2982 5250 3202 5316 etenim,
3237 5249 3456 5317 fratres,
3497 5251 3742 5306 conside-

2161 5353 2284 5396 rare
2306 5339 2565 5396 debemus
2593 5349 2850 5410 quantum
2878 5357 2978 5397 nos
3004 5342 3264 5414 Dominus
3289 5343 3472 5414 diligat
3497 5353 3736 5407 sanctos,

2160 5430 2252 5499 qui
2299 5438 2506 5486 tantum
2547 5431 2770 5502 diligere
2812 5433 3062 5503 dignatus
3104 5445 3192 5488 est.
3239 5441 3577 5504 peccatores,
3633 5433 3737 5498 Qui

2158 5537 2276 5574 cum
2323 5537 2551 5578 essemus
2580 5523 2774 5577 mortui
2815 5533 3027 5593 propter
3073 5522 3264 5577 delicta
3303 5534 3482 5578 nostra
3509 5563 3526 5588 ,
3575 5524 3737 5592 vivi/i-

2159 5614 2294 5666 cavit
2320 5629 2412 5667 nos
2447 5613 2503 5665 in
2531 5610 2738 5666 Christo
2763 5614 2891 5668 Jesu
2945 5613 3162 5687 (Epltes.
3209 5614 3295 5686 ιι).
3351 5615 3580 5685 Propter
3631 5616 3738 5670 mi-

2159 5707 2512 5762 sericordiam
2557 5721 2734 5772 suam,
2766 5723 2928 5762 unam
2973 5717 3135 5779 atque
3167 5707 3411 5764 eamdem
3458 5706 3616 5762 nobis
3642 5709 3733 5762 tri-
