3940 6472
238 361 337 417 649

1450 350 1747 408 DIADEMA
1789 346 2294 405 MONACIIORU‘M.

3388 342 3500 399 ‘650

236 477 406 531 [mens
449 488 571 531 cum
616 486 680 527 eo
729 469 895 524 vitam
946 467 1147 521 habere
1200 473 1537 535 perpetuam.
1606 461 1814 518 Mortua
1845 463 1893 522 Λ
1923 462 2059 516 lucis
2085 460 2346 515 habentes
2375 459 2425 513 in
2456 474 2512 513 se
2543 458 2664 513 ﬁdei
2693 468 2746 513 et
2769 459 3009 515 scientiae
3038 460 3241 516 lumen.
3271 460 3426 517 Unde
3448 471 3508 518 et

238 568 379 623 enim
426 564 626 620 dicitur
664 560 878 623 anima,
919 556 1136 627 quando
1175 553 1473 609 mortiferis
1517 551 1665 607 vitiis
1697 567 1818 606 esse

238 658 433 714 dicitur
455 654 745 717 maculata,
779 651 922 706 sicut
947 657 1001 704 et
1024 646 1313 718 Apostolus
1342 645 1454 699 ait:
1485 644 1547 699 Et
1580 660 1668 698 vos
1700 659 1817 697 cum

239 748 413 802 essetis
438 744 634 799 mortui
654 743 711 796 in
738 741 944 796 delictis
967 750 1015 794 et
1036 738 1262 810 peccatis
1290 740 1493 801 vestris,
1546 736 1602 790 in
1630 734 1819 804 quibus

241 834 520 907 aliquando
535 830 844 888 ambulastis
870 829 1145 899 manifeste
1161 826 1319 899 (Eph.
1350 826 1455 897 II.).
1472 826 1615 880 Mors
1629 824 1822 879 animm

241 927 566 981 dicituresse
589 929 887 993 peccatum,
913 920 1053 974 sicut
1074 918 1334 988 prepheta
1350 917 1457 970 ait:
1481 913 1619 980 Quia
1642 914 1822 967 anima

238 1034 352 1089 qua:
380 1016 687 1087 peccaverit,
715 1014 830 1084 ipsa
861 1011 1118 1065 morietur
1140 1008 1359 1081 (Ezech.
1389 1006 1571 1077 XVIII).
1605 1004 1824 1059 Duobus

241 1109 435 1163 etenim
464 1106 638 1161 modis
666 1102 1092 1172 uniuscujusque
1124 1100 1358 1156 hominis
1393 1106 1583 1169 peccat
1616 1095 1820 1161 anima,

245 1197 291 1250 id
324 1204 426 1261 est,
462 1197 515 1250 in
544 1210 650 1250 non
676 1193 921 1248 faciendo
948 1207 1069 1262 qua:
1099 1188 1282 1244 facere
1304 1187 1457 1255 jussa
1484 1194 1629 1248 sunt,
1661 1192 1718 1239 et
1740 1184 1823 1239 fat-

243 1287 432 1342 ciendo
471 1300 589 1355 qua:
616 1285 781 1339 vetita
803 1292 947 1338 sunt.
997 1280 1162 1351 Cujus
1187 1281 1384 1350 gratia,
1416 1278 1609 1348 inquit,
1636 1275 1826 1330 saluati

242 1390 445 1442 simius,
468 1378 520 1433 id
544 1384 630 1432 est
653 1391 757 1429 non
787 1390 850 1429 ex
884 1373 1154 1443 prioribus
1174 1372 1298 1426 vita:
1324 1380 1522 1425 nostra:
1545 1369 1821 1439 operibus,

245 1469 336 1523 sed
370 1468 483 1523 sola
516 1467 620 1521 ﬁde
649 1475 704 1521 et
738 1463 991 1533 baptismi
1040 1462 1234 1533 gratia,
1266 1469 1576 1516 nostrorum
1617 1456 1827 1527 accepi-

244 1576 362 1615 mus
403 1558 778 1614 remissionem
815 1561 1182 1623 peccatorum.
1224 1551 1344 1621 Ipse
1390 1550 1536 1605 enim
1570 1548 1829 1603 Dominus

244 1661 450 1716 noster,
470 1650 560 1720 qui
582 1649 732 1703 dives
753 1655 836 1703 est
858 1646 911 1701 in
935 1644 1328 1707 misericordia,
1355 1641 1574 1704 fratres,
1608 1644 1829 1709 propter

246 1742 468 1797 nimiam
514 1739 832 1794 charitatem
876 1751 1027 1790 suam
1069 1734 1196 1807 (qua
1240 1731 1430 1788 dilexit
1474 1729 1591 1802 nos)
1643 1741 1831 1784 conre-

1923 550 2047 606 alibi
2073 548 2271 604 Paulus
2301 548 2375 602 ait
2392 567 2404 600 :
2424 548 2472 602 Ε
2476 550 2604 602 ratis
2618 548 2902 620 aliquando
2918 551 3159 610 tenebraz,
3180 565 3316 604 nunc
3329 561 3507 605 autem

1922 643 2016 697 lux
2039 643 2093 695 in
2118 640 2367 704 Domino,
2399 649 2453 693 ut
2483 640 2584 708 lilii
2607 639 2740 694 lucis
2771 638 3036 694 ambulate
3069 640 3229 712 (Eph.
3259 641 3336 713 v).
3378 639 3507 697 Sive

1924 732 2017 787 ﬁlii
2049 731 2186 785 lucis
2210 731 2481 793 dicuntur,
2508 730 2560 784 id
2589 736 2675 784 est
2694 730 2785 784 ﬁlii
2810 730 2927 793 Dei,
2946 731 3090 786 sicut
3108 731 3369 786 Dominus
3393 732 3506 787 ait:

1926 821 2039 891 Ego
2064 837 2179 873 sum
2202 818 2295 873 lux
2317 818 2520 882 mundi,
2560 821 2650 890 qui
2688 820 2923 890 sequitur
2955 838 3036 875 me
3064 838 3168 875 non
3191 820 3425 876 ambulat
3452 821 3513 876 in

1925 909 2169 973 tenebris,
2217 908 2308 963 sed
2332 908 2537 961 habebit
2565 907 2741 963 lumen
2770 910 2888 962 vita:
2923 909 3105 981 (Joan.
3130 909 3275 981 vIII).
3312 910 3380 964 Et
3416 910 3512 965 ﬁlii

1926 1001 2055 1066 diei,
2088 1000 2280 1069 inquit,
2320 999 2372 1054 id
2393 999 2701 1055 cstDomini
2735 998 2864 1063 Jcsu
2895 1000 3123 1065 Christi,
3156 1001 3246 1070 qui
3274 1002 3410 1057 dixit
3434 1003 3516 1057 di-

1906 1091 2147 1162 scipulis
2174 1090 2286 1144 suis
2321 1108 2333 1143 :
2367 1087 2559 1144 Nonne
2587 1089 2864 1145 duodecim
2891 1092 3036 1145 [torre
3060 1102 3183 1146 sunt
3218 1093 3324 1147 dici
3347 1093 3374 1147 ?
3409 1092 3517 1159 Qui

1926 1177 2161 1232 ambulat
2182 1179 2236 1231 in
2261 1176 2346 1231 die
2371 1194 2476 1231 non
2503 1178 2718 1247 offendit
2749 1177 2932 1251 (Joan.
2959 1178 3056 1251 In).
3084 1178 3154 1234 Se
3173 1180 3317 1235 enim
3347 1181 3514 1246 diem,

1926 1278 1983 1325 et
2005 1268 2276 1340 apostolos
2304 1267 2600 1339 signiﬁcari
2631 1268 2800 1323 voluit
2826 1269 3009 1324 horas.
3050 1270 3183 1324 Nam
3212 1271 3325 1339 ipse
3354 1271 3518 1342 spiri-

1927 1362 2110 1417 taliter
2137 1375 2294 1416 verus
2328 1361 2444 1415 dies
2473 1368 2577 1425 est,
2614 1361 2739 1431 quia
2768 1361 2837 1417 de
2866 1362 2982 1432 ipso
3013 1362 3216 1417 dictum
3245 1371 3349 1418 cst.
3393 1362 3521 1420 Dies

1928 1451 2298 1508 sanctificatus
2325 1450 2502 1505 illuxit
2529 1451 2706 1506 nobis.
2752 1452 3047 1508 Duodecim
3085 1467 3215 1507 vero
3254 1454 3403 1508 horae
3429 1453 3515 1522 (ut

1927 1544 2242 1616 prtedictum
2269 1542 2373 1615 est)
2402 1542 2687 1598 duodecim
2716 1552 2841 1599 sunt
2871 1542 2987 1613 ejus
3014 1544 3277 1616 apostoli;
3308 1546 3435 1616 quia
3461 1552 3521 1601 ut

1928 1637 2069 1692 diem
2096 1651 2154 1692 se
2182 1651 2303 1692 esse
2330 1636 2658 1701 ostenderet,
2702 1636 2987 1693 duodecim
3026 1638 3301 1708 apostolos
3335 1637 3516 1708 elegit.

1932 1727 2038 1794 Qui
2067 1743 2187 1781 vero
2218 1736 2468 1798 operatur
2492 1729 2762 1783 veritatem
2787 1737 2836 1782 et
2862 1728 2919 1781 in
2949 1725 3115 1782 lucem
3149 1729 3280 1800 venit
3306 1727 3401 1783 lus:
3421 1740 3518 1794 est,
3567 1713 3571 1718 ’

245 1832 531 1889 suscitavit
557 1839 612 1885 et
638 1826 930 1884 consedere
959 1826 1088 1881 fecit
1113 1826 1166 1880 in
1199 1822 1509 1880 cmlestibus
1539 1821 1593 1875 in
1617 1819 1834 1875 Christo
1862 1810 1908 1869 Β
1937 1827 1986 1872 et
2022 1816 2168 1887 filius
2199 1816 2332 1872 lucis
2362 1827 2410 1872 et
2441 1818 2547 1872 diei
2573 1817 2755 1889 (Joan.
2799 1817 2903 1891 III).
2937 1815 3090 1873 Sicut
3124 1820 3269 1874 enim
3301 1835 3459 1876 nemo
3487 1836 3520 1874 a

245 1922 392 1978 Jesu.
448 1919 823 1983 Considerate,
861 1916 1078 1981 fratres,
1111 1930 1245 1985 quas
1267 1913 1562 1985 gratiarum
1591 1909 1832 1964 actiones

246 2010 489 2065 Creatori
527 2017 716 2064 nostro
745 2005 950 2062 referre
987 2005 1265 2068 debemus,
1296 2000 1513 2071 quando
1552 1999 1604 2053 in
1641 2005 1834 2052 natura

248 2108 433 2154 nostra
477 2098 590 2169 ipse
632 2097 861 2153 Creator
899 2104 954 2151 et
992 2093 1321 2164 Redemptor
1347 2100 1532 2147 uoster
1564 2090 1832 2154 Christus,

248 2200 303 2247 et
336 2191 636 2246 resurrexit
661 2206 692 2244 a
722 2188 972 2252 mortuis,
1005 2193 1061 2241 et
1086 2184 1332 2241 ascendit
1355 2183 1421 2237 ad
1454 2181 1642 2247 oculos,
1668 2190 1724 2235 et
1747 2196 1833 2236 se-

249 2283 340 2337 det
367 2282 435 2337 ad
457 2280 737 2337 dexteram
767 2279 967 2334 Patris.
1014 2278 1072 2332 In
1102 2292 1209 2348 qua
1232 2284 1423 2331 natura
1449 2282 1634 2329 nostra
1658 2282 1714 2329 ct
1738 2290 1837 2330 nos

248 2370 709 2435 consurreximus,
734 2368 1078 2424 ascendimus
1099 2375 1153 2421 et
1172 2367 1423 2422 sedemus
1454 2379 1521 2419 au
1555 2365 1836 2419 dexteram

250 2460 448 2516 Patris.
504 2460 656 2516 Unde
704 2469 760 2515 et
790 2458 875 2513 vir
921 2466 1162 2522 sanctus,
1206 2456 1299 2527 qui
1340 2457 1524 2511 vivens
1572 2457 1626 2511 in
1670 2471 1838 2511 carne

251 2548 718 2608 conversationem
763 2551 927 2604 habet
949 2550 1001 2603 in
1045 2549 1220 2613 ccelis,
1251 2564 1359 2602 non
1411 2547 1622 2602 dubitat
1660 2547 1839 2602 dicere

252 2644 398 2715 quod
424 2643 596 2699 sancti
621 2643 734 2713 jam
766 2642 990 2697 sedeant
1021 2648 1076 2696 et
1108 2648 1335 2710 regnent
1366 2653 1490 2693 cum
1529 2636 1749 2692 Christo
1784 2637 1838 2691 in

254 2737 475 2791 dextera
508 2734 706 2790 Patris.
754 2733 964 2801 Quanta
1013 2732 1085 2788 sit
1140 2730 1391 2786 beneﬁcii
1433 2730 1748 2800 magnitudo
1785 2738 1841 2784 ct

253 2847 416 2901 quam
443 2828 720 2900 multiplex
743 2828 916 2901 gratia
937 2842 1042 2897 qua
1066 2841 1166 2881 nos
1191 2825 1420 2881 Domino
1445 2825 1739 2880 consedere
1762 2821 1843 2880 fe-

214 2908 217 2909 7
254 2920 353 2987 cit,
376 2928 431 2977 et
458 2933 795 2990 conregnare
830 2933 953 2973 cum
984 2915 1200 2971 Christo
1230 2933 1242 2968 :
1270 2914 1396 2969 hinc
1430 2913 1839 2980 comprobatur,

255 3028 379 3075 cum
404 3026 503 3066 nos
532 3011 622 3081 qui
646 3008 925 3080 'quondam
948 3007 1067 3079 lege
1096 3006 1417 3061 tenebamur
1449 3003 1671 3069 inferni,
1697 3018 1841 3058 nunc

258 3104 313 3158 in
359 3101 579 3159 Christo
629 3115 915 3172 regncmus
961 3099 1350 3167 scdcamusque
1392 3112 1514 3153 cum
1559 3111 1644 3152 eo.
1702 3094 1843 3151 Vere

1933 1908 2111 1979 scipso
2163 1916 2276 1974 est,
2319 1908 2392 1963 ita
2434 1910 2599 1964 etiam
2642 1924 2802 1963 nemo
2853 1925 2884 1964 a
2940 1910 3121 1979 seipse
3153 1910 3518 1975 illuminatur,

1935 1999 2028 2053 sed
2053 1998 2362 2054 illustrante
2392 1999 2482 2054 illo
2522 2000 2589 2054 de
2636 2014 2746 2070 quo
2802 2000 3064 2069 scriptum
3097 2008 3179 2055 est
3223 2017 3237 2053 :
3271 2001 3403 2056 Erat
3428 2000 3524 2056 tua:

1935 2109 2055 2146 cera
2076 2133 2090 2156 ,
2123 2108 2240 2164 qua:
2291 2091 2557 2147 illuminat
2592 2110 2795 2149 omnem
2844 2094 3105 2149 hominem
3148 2095 3434 2150 venientem
3467 2095 3526 2149 in

1936 2181 2076 2235 hunc
2109 2182 2364 2236 mundum
2392 2181 2575 2253 (Joan.
2618 2183 2680 2254 I).
2706 2182 3026 2254 Quicunque
3052 2185 3198 2241 enim
3228 2200 3257 2239 a
3284 2184 3525 2240 tenebris

1938 2270 2256 2341 ignorantia:
2291 2280 2348 2327 et
2374 2287 2405 2326 a
2430 2273 2675 2343 peccatis
2702 2276 3040 2342 surrexerit,
3089 2282 3144 2330 et
3190 2274 3527 2330 illuminatus

1938 2362 2007 2415 ab
2035 2361 2152 2431 ipso
2177 2361 2342 2418 fuerit
2369 2363 2461 2434 qui
2504 2363 2643 2418 dixit
2674 2381 2687 2417 :
2740 2363 2853 2436 Ego
2890 2381 3007 2419 simi
3058 2364 3154 2420 tua:
3181 2366 3397 2431 mundi,
3435 2367 3547 2443 qui.

1938 2453 2174 2523 sequitur
2203 2470 2282 2508 me
2314 2471 2418 2508 non
2440 2453 2675 2509 ambulat
2705 2457 2759 2511 in
2787 2456 3033 2523 tenebris,
3074 2458 3165 2511 sed
3197 2458 3403 2515 habebit
3439 2458 3528 2512 lu-

1941 2560 2058 2599 men
2084 2545 2203 2599 ritw
2227 2544 2411 2616 (Joan.
2443 2546 2588 2616 vnI),
2615 2548 2811 2603 merito
2835 2548 2976 2602 ﬁlius
3006 2547 3141 2602 lucis
3160 2556 3216 2602 et
3234 2548 3341 2603 diei
3368 2564 3530 2605 voca-

1941 2641 2048 2687 tur.
2072 2634 2377 2689 lmitatione
2398 2636 2569 2700 enim,
2595 2652 2702 2690 non
2731 2645 2949 2702 natura,
2977 2636 3073 2692 ﬁlii
3097 2637 3191 2691 Dei
3223 2653 3426 2701 sumus,
3454 2639 3528 2693 si-
3554 2648 3559 2651 ‘

1942 2733 2034 2778 cut
2054 2725 2132 2778 ait
2155 2723 2443 2780 Salvator:
2467 2724 2534 2779 Ut
2561 2726 2678 2781 sitis
2706 2726 2806 2796 ﬁlii
2829 2727 3013 2782 Patris
3036 2728 3211 2794 vestri,
3238 2728 3329 2799 qui
3356 2727 3409 2783 in
3432 2745 3532 2784 ca:-

1943 2816 2008 2871 lis
2051 2826 2125 2871 est
2151 2816 2369 2889 (Matth.
2409 2812 2492 2886 τ).

2540 2908 2768 2967 caper
2804 2908 2911 2983 Lm

2628 2998 2708 3053 De
2750 3015 2859 3068 spe.

2020 3109 2096 3167 De
2121 3112 2223 3167 hoc
2249 3112 2362 3184 spei
2403 3112 2640 3184 capitulo
2662 3112 2743 3168 sic
2763 3121 2818 3168 ct
2864 3112 3141 3183 apostolus
3175 3113 3375 3170 Paulus
3409 3115 3490 3169 ait
3520 3133 3532 3168 :

259 3192 539 3247 abundans
561 3200 645 3247 est
664 3190 859 3263 gratia,
889 3205 1010 3260 qua:
1032 3204 1135 3244 non
1159 3189 1335 3244 solum
1358 3195 1578 3258 peccata
1602 3186 1842 3252 donavit,

2020 3161 2093 3167 "'
2122 3161 2222 3167 ""
2250 3161 2362 3184 'l’"
2408 3161 2636 3184 "'I""""
2662 3161 2740 3168 "'
2767 3161 2817 3168 "
2865 3161 3140 3183 "r""""
3176 3161 3197 3167 "
3218 3161 3374 3170 ’““’¹““¹“”
3409 3161 3490 3169 “”⁷
3520 3161 3532 3168 “

1950 3202 2046 3257 Est
2070 3212 2244 3257 autem
2281 3201 2412 3271 ﬁdes
2450 3201 2831 3273 sperandarum
2871 3202 3166 3257 substantia
3212 3220 3412 3268 rerum,
3440 3219 3533 3259 ar-

260 3286 352 3341 sed
379 3287 542 3341 etiam
580 3301 702 3339 cum
743 3282 959 3339 Christo
997 3297 1096 3338 nos
1127 3282 1476 3338 resuscitatus
1524 3281 1576 3335 in
1626 3282 1849 3336 dextera

261 3374 359 3430 Dei
403 3374 703 3430 collocavit.
751 3374 897 3428 Dixit
930 3373 1144 3431 cuidam
1175 3373 1429 3442 episcopo
1463 3369 1723 3442 angelus:
1761 3367 1850 3425 Sic

261 3465 444 3519 dilexit
473 3464 610 3519 Deus
637 3465 775 3518 hunc
804 3464 1078 3529 mundum,
1123 3473 1176 3517 ut
1201 3461 1401 3517 Filium
1439 3478 1592 3517 suum
1621 3462 1852 3532 unigeni-

263 3562 375 3609 tum
402 3555 552 3609 daret
573 3571 667 3625 pro
683 3570 741 3608 eo
769 3552 951 3625 (Joan.
987 3553 1091 3624 III).
1150 3552 1251 3621 Qui
1298 3554 1462 3625 igitur
1496 3568 1620 3608 cum
1646 3551 1849 3607 inimici

263 3656 444 3701 essent
465 3647 734 3711 homines,
760 3645 899 3700 mori
928 3662 1025 3715 pro
1048 3646 1177 3717 ipsis
1200 3645 1383 3717 elegit,
1409 3662 1513 3701 non
1540 3645 1711 3701 multo
1731 3660 1849 3700 ma—

264 3739 348 3809 gis
376 3737 700 3792 domesticos
733 3737 954 3792 etlectos
976 3752 1093 3801 eos,
1130 3745 1185 3792 et
1218 3737 1591 3806 pmnitcntiam
1630 3745 1853 3808 agentes

266 3843 428 3898 super
456 3828 522 3883 iis
544 3843 663 3896 qua:
690 3834 971 3897 gesserant
999 3826 1243 3880 absolvet
1262 3841 1291 3880 a
1318 3827 1515 3895 poenis,
1549 3833 1605 3880 ct
1635 3834 1853 3895 prmstao

266 3919 347 3974 bit
373 3918 437 3972 iis
459 3916 600 3989 (qum
625 3917 692 3971 ab
722 3917 836 3987 ipso
860 3923 1158 3988 prrcparata
1182 3914 1328 3987 sunt)
1342 3917 1493 3971 bona
1516 3916 1539 3969 ?
1584 3915 1698 3970 IIoc
1725 3929 1855 3986 ergo

269 4012 405 4066 scito
426 4011 548 4079 quia
575 4009 720 4064 nulla
747 4010 944 4065 delicta
964 4009 1242 4063 hominum
1263 4008 1486 4063 vincunt
1508 4006 1853 4063 clementiam

270 4103 411 4160 Deis
441 4102 672 4158 Tantum
702 4111 761 4156 ut
795 4118 891 4172 per
921 4102 1239 4172 patientiam
1266 4115 1329 4155 ea
1358 4116 1478 4171 qua:
1503 4100 1710 4170 pridem
1735 4112 1858 4168 ges-

272 4204 456 4250 serant
494 4194 632 4249 mala
671 4195 892 4250 abluant
937 4195 1148 4249 actibus
1193 4193 1372 4247 bonis.
1414 4191 1547 4246 Cum
1597 4190 1742 4245 cnim
1787 4190 1859 4243 sit

273 4289 585 4342 misericors
620 4287 780 4351 Dens,
829 4288 931 4340 scit
963 4285 1306 4339 inﬁrmitates
1342 4284 1559 4353 generis
1585 4282 1774 4347 vestri,
1805 4290 1860 4337 et

274 4380 585 4451 passionum
614 4377 1007 4439 fortitudinem,
1044 4383 1097 4429 et
1134 4374 1331 4429 diaboli
1367 4380 1665 4445 potentiam
1698 4382 1859 4445 atque

1948 3301 2251 3365 gumentum
2279 3309 2383 3347 non
2409 3295 2773 3363 apparentium
2821 3291 3007 3365 (Hebr.
3038 3293 3136 3365 χι).
3189 3293 3371 3366 Neque
3396 3296 3537 3350 enim

1949 3384 2088 3455 quod
2128 3384 2279 3447 videt,
2323 3385 2439 3456 quis
2478 3394 2676 3455 sperat,
2724 3384 2815 3439 sed
2842 3385 2980 3456 quod
3015 3402 3117 3439 nou
3147 3386 3404 3452 ridemus,
3449 3401 3543 3459 per

1949 3475 2256 3545 patientiam
2285 3486 2645 3545 exspectamus
2672 3475 2849 3547 (llam.
2880 3476 3020 3547 vIII).
3064 3477 3201 3547 Spes
3245 3486 3329 3533 cst.
3371 3478 3544 3533 bono-

1953 3584 2071 3623 rum
2099 3569 2432 3638 exspectatio
2473 3567 2798 3633 futurorum,
2830 3585 2951 3639 qua:
2980 3571 3239 3640 exprimit
3269 3571 3546 3627 humilita-

1954 3660 2024 3715 tis
2054 3660 2325 3724 allectum,
2355 3667 2410 3714 et
2440 3659 2639 3714 sedula:
2689 3660 2969 3716 servitutis
3007 3662 3353 3731 obsequium.
3400 3660 3537 3732 Spes

1954 3760 2135 3805 autem
2195 3760 2411 3815 vocata,
2461 3750 2607 3819 quod
2655 3750 2726 3805 sit
2774 3767 2871 3821 pes
2918 3753 3341 3823 progrediendi.
3390 3754 3547 3823 quasi

1955 3841 2102 3895 enim
2140 3848 2222 3894 cst
2250 3856 2363 3909 pes.
2408 3840 2563 3896 Unde
2597 3855 2627 3893 c
2670 3843 2945 3897 contrario
2983 3843 3182 3900 dicitur
3211 3844 3545 3914 desperatio,

1955 3933 2045 3988 cui
2070 3932 2214 3987 nulla
2244 3940 2328 3986 est
2357 3934 2734 4004 progrediendi
2766 3933 2998 3987 facultas
3023 3953 3034 3987 :
3062 3935 3189 4004 quia
3224 3935 3352 3991 dum
3394 3937 3548 4006 quis-

1958 4036 2063 4091 que
2099 4030 2385 4091 peccatum
2437 4032 2603 4085 amat,
2651 4022 2891 4078 futuram
2937 4025 3164 4095 gloriam
3196 4043 3302 4082 non
3337 4036 3544 4098 sperat.

1957 4115 2053 4171 Ille
2089 4116 2235 4170 enim
2267 4115 2592 4172 ﬁducialilcr
2636 4126 2936 4187 exspectat,
2986 4120 3078 4190 qui
3129 4118 3245 4188 ejus
3291 4122 3544 4177 mandata

1960 4206 2194 4261 fideliter
2220 4216 2423 4262 servat.
2465 4209 2628 4263 Beata
2660 4210 2803 4265 enim
2833 4219 2982 4265 recte
3030 4210 3100 4265 ab
3125 4211 3384 4281 Apostolo
3410 4214 3549 4270 dici-

1961 4306 2050 4352 tur
2088 4313 2214 4368 spes
2258 4298 2350 4352 ubi
2381 4298 2477 4352 ﬁlii
2526 4299 2620 4354 Dei
2657 4300 2990 4355 merebimur
3025 4316 3145 4357 esse
3174 4311 3228 4357 et
3256 4304 3498 4361 hmrcdes
3531 4324 3543 4360 :

1963 4388 2217 4443 eredes
2242 4389 2453 4460 quidem
2482 4390 2600 4456 Dei,
2632 4390 2928 4445 coluercdes
2969 4402 3146 4446 autent
3192 4391 3410 4448 Christi.
3444 4394 3549 4450 Ubi

276 4469 559 4532 astutiam,
615 4476 672 4522 et
721 4466 1085 4522 incidentibus
1132 4465 1439 4521 hominibus
1487 4466 1542 4522 in
1593 4466 1843 4535 peccatis

1964 4497 2081 4534 cum
2104 4481 2429 4550 apparuerit,
2459 4479 2654 4535 similes
2674 4482 2721 4534 ei
2746 4481 2962 4551 erimus,
2989 4483 3237 4552 quoniam
3264 4484 3549 4540 videbimus

277 4557 433 4629 quasi
483 4556 727 4628 ignoscit,
778 4564 833 4612 et
882 4563 1162 4625 exspectat
1204 4555 1598 4611 correctionem
1644 4570 1857 4620 eorum,

276 4651 595 4722 patientiam
623 4648 829 4705 habens
856 4648 910 4703 in
936 4649 1034 4703 cis.
1068 4647 1517 4704 Convertentihus
1541 4663 1671 4703 vero
1698 4656 1860 4718 atque

278 4741 631 4798 estorantibus
653 4741 972 4805 bonitatem,
1002 4748 1258 4809 tanquam
1280 4740 1511 4795 inﬁrmis
1534 4742 1863 4811 compatitnr

280 4839 335 4886 et
366 4831 596 4886 absolvit
625 4829 909 4886 confestim
947 4838 1219 4884 tormenta
1258 4845 1467 4897 eorum,
1507 4838 1563 4887 et
1597 4831 1763 4887 donat
1783 4829 1863 4885 eis

282 4924 422 4979 bona
451 4938 573 4992 qua:
598 4929 897 4993 prmparata
927 4929 1052 4976 sunt
1075 4920 1260 4990 justis.

888 5012 1115 5071 CAPUT
1155 5014 1264 5070 LII.

517 5110 592 5163 De
618 5126 677 5163 eo
705 5108 845 5182 quod
856 5109 1038 5166 Sancti
1065 5107 1166 5178 lilii
1190 5107 1321 5165 lucis
1355 5118 1627 5164 vocantur.

362 5203 591 5258 Joannes
616 5201 888 5274 apostolus
911 5203 987 5256 ait
1003 5200 1422 5256 :-Annuutiamus
1446 5202 1591 5256 vobis
1617 5203 1866 5272 quoniam

292 5295 535 5350 Dettslttx
548 5304 644 5358 est,
668 5304 715 5348 et
730 5293 951 5349 tenebra:
968 5294 1026 5347 in
1049 5309 1109 5347 ea
1126 5310 1228 5348 non
1247 5301 1369 5367 sunt
1396 5291 1518 5348 ulla:
1545 5290 1596 5364 (l
1612 5293 1772 5347 Joan.
1801 5291 1864 5362 I).

290 5386 480 5441 Merito
514 5399 645 5453 ergo
679 5384 769 5455 qui
808 5384 900 5439 ﬁlii
929 5385 1021 5438 Dei
1049 5391 1206 5448 sunt,
1236 5384 1329 5438 ﬁlii
1356 5383 1495 5439 lucis
1518 5385 1586 5438 ab
1609 5381 1868 5452 Apostolo

291 5487 572 5540 vocantur,
600 5477 691 5530 ubi
725 5474 1041 5531 ait:0mnes
1076 5478 1213 5531 enim
1245 5493 1333 5532 ros
1366 5476 1464 5546 ﬁlii
1493 5477 1626 5530 lucis
1653 5478 1799 5541 estis,
1822 5484 1869 5529 ct

288 5574 390 5643 ﬁlii
422 5573 524 5627 dici
539 5586 558 5624 :
575 5588 678 5627 non
698 5571 819 5625 estis
848 5573 1036 5637 noctis,
1065 5588 1226 5638 neque
1249 5571 1580 5625 tenebrarum
1612 5567 1664 5641 (ι
1689 5567 1868 5622 Thess.

290 5667 367 5740 v).
409 5668 562 5723 Sicut
595 5667 737 5723 enim
764 5665 1016 5722 dicuntur
1041 5665 1135 5719 ﬁlii
1163 5665 1468 5721 dilectionis
1492 5663 1684 5720 velﬁlii
1703 5662 1850 5735 pacis

292 5758 550 5815 habentes
578 5760 629 5813 iu
646 5774 701 5813 se
716 5758 1059 5812 dilectionem
1075 5766 1127 5811 et
1139 5772 1347 5826 pacem,
1365 5758 1437 5811 ita
1452 5756 1701 5811 dicuntur
1714 5762 1767 5809 et
1782 5749 1874 5811 lilii

649 5852 926 5912 Ρλτῖιοιη
969 5848 1097 5909 CII.

1960 4586 2077 4624 eum
2097 4569 2344 4623 sicutiest
2366 4567 2542 4635 (Rom.
2561 4584 2655 4623 vni
2680 4586 2694 4634 ;
2720 4567 2917 4624 IJoan.
2943 4572 3043 4637 In).
3065 4568 3169 4627 Ubi
3189 4579 3243 4625 et
3267 4583 3554 4640 peccatum

1960 4663 2122 4718 nobis
2144 4678 2254 4718 non
2301 4660 2679 4717 dominabitur
2721 4672 2778 4719 et
2807 4662 2918 4717 vita
2949 4672 3151 4719 alterna
3177 4665 3551 4735 prmstahitur.
3583 4673 3589 4679 '

1963 4758 2064 4814 Ubi
2088 4757 2439 4829 splendorem
2459 4755 2595 4811 solus
2623 4766 2679 4811 et
2701 4755 3040 4811 consortium
3058 4756 3432 4812 obtinebimus
3458 4772 3558 4813 an-

1961 4853 2232 4924 gelorum.
2251 4848 2389 4906 llinc
2418 4858 2474 4906 et
2502 4849 2630 4905 alibi
2656 4848 2951 4921 Apostolus
2982 4850 3059 4904 ait
3088 4864 3107 4904 :
3135 4848 3363 4920 Propter
3384 4866 3555 4921 spem,

1962 4956 2083 5013 qua:
2110 4941 2335 5012 reposita
2383 4950 2458 4995 est
2487 4940 2633 4994 nobis
2665 4940 2721 4994 in
2762 4940 2903 4996 cazlis
2947 4937 3086 5012 (Col.
3136 4940 3199 5013 I).
3244 4940 3380 5012 Spes
3405 4944 3549 5000 enim

1971 5031 2234 5085 bonorum
2258 5026 2309 5082 fu
2320 5036 2561 5084 turorum
2589 5045 2695 5084 non
2720 5038 2805 5086 est
2826 5030 2986 5084 modo
3014 5031 3322 5087 carnalibus
3347 5034 3554 5105 perspi-

1972 5136 2071 5175 cua
2100 5119 2294 5182 oculis,
2342 5120 2437 5175 sed
2471 5121 2649 5177 adhuc
2694 5121 2933 5191 reposita
2981 5130 3065 5177 est
3096 5123 3253 5178 nobis
3284 5123 3337 5177 in
3373 5124 3550 5178 cmlis.

1971 5206 2048 5264 De
2085 5224 2189 5279 qua
2219 5224 2314 5278 spe
2358 5209 2499 5263 idem
2535 5210 2829 5281 Apostolus
2877 5210 2991 5266 ait:
3037 5210 3194 5278 Quod
3223 5211 3405 5267 oculus
3448 5230 3555 5268 non

1972 5300 2119 5363 uidit,
2158 5316 2248 5353 nec
2274 5301 2421 5353 auris
2448 5300 2675 5365 audivit,
2706 5319 2797 5356 nec
2828 5302 2883 5356 in
2913 5318 3003 5357 cor
3024 5302 3250 5358 hominis
3293 5304 3553 5368 ascendit,

1971 5407 2089 5461 qure
2111 5392 2426 5463 pra'pararit
2455 5391 2597 5447 Deus
2626 5392 2962 5465 diligentibus
2992 5412 3048 5450 se
3073 5394 3125 5468 (I
3147 5394 3268 5451 Cur.
3302 5395 3383 5466 II).
3416 5394 3553 5453 Nam

1971 5491 2027 5538 et
2054 5499 2180 5555 spes
2215 5484 2457 5539 omnium
2482 5485 2776 5541 electorum
2805 5486 2915 5541 vita
2952 5494 3155 5542 aeterna
3197 5496 3299 5551 est,
3343 5503 3463 5558 qua:
3498 5488 3553 5544 in

1973 5574 2115 5630 cmlo
2140 5575 2315 5629 adhuc
2350 5575 2404 5630 in
2448 5576 2667 5631 Christo
2709 5578 2863 5634 nobis
2887 5579 3124 5646 reposita
3144 5584 3264 5632 est:
3299 5576 3407 5635 Sed
3436 5596 3557 5634 cum

1977 5667 2217 5723 Christus
2244 5671 2549 5740 apparuerit
2582 5672 2688 5724 vita
2715 5680 2903 5734 rostra,
2935 5678 3058 5732 tum:
3088 5678 3136 5722 ct
3162 5684 3255 5722 nos
3283 5671 3558 5740 apparebi-

1978 5775 2093 5813 mus
2124 5775 2240 5812 cum
2274 5758 2364 5813 illo
2395 5760 2644 5831 ingloria
2674 5758 2809 5833 (Col.
2858 5756 2962 5830 In).
2998 5757 3132 5813 Nam
3160 5769 3216 5813 et
3256 5760 3384 5814 alibi
3415 5760 3556 5817 idem

3118 5837 3186 5913 21
