3940 6410
451 294 548 349 651

1744 265 2099 327 ειιΑιιΑϐῡι
2138 264 2425 320 ABBATIS

3629 264 3747 316 ωε

449 398 745 474 ἕψοειοΙιιε
782 392 901 449 ait:
953 390 1072 462 Ipse
1118 396 1293 443 autent
1345 385 1600 440 Dominus
1654 392 1828 439 noster
1874 382 2031 436 .lesus

2155 390 2273 431 nus.
2304 374 2453 430 Dixit
2482 387 2646 429 senex
2674 391 2690 429 :
2721 373 2789 429 Et
2824 387 2948 430 cum
2983 372 3252 438 dormitis,
3284 373 3409 443 quis
3451 386 3559 441 pro
3582 373 3745 427 vobis

456 470 716 552 Christus,
744 493 794 539 et
815 484 955 538 Deus
986 480 1149 535 Pater
1168 479 1260 549 qui
1279 476 1460 531 dilexit
1501 491 1618 539 nos,
1650 484 1697 528 et
1720 473 1861 528 dedit
1891 470 2037 526 nobis

454 577 863 636 consolationem
909 580 1181 633 a'ternam,
1213 578 1261 623 et
1314 582 1457 638 spem
1526 566 1716 620 bonam
1760 564 1816 617 in
1864 562 2038 631 gratia

456 667 544 742 (11
574 666 754 721 Thess.
787 660 869 734 ιι).
893 659 1020 715 Ideo
1034 658 1234 715 dicitur
1259 671 1385 742 spes
1416 655 1584 718 bona,
1608 652 1735 722 quia
1775 651 2037 719 scriptum

455 740 577 816 est:
603 758 882 830 Sperantes
907 761 1084 813 autem
1110 751 1164 804 in
1194 740 1445 812 Domino,
1491 762 1596 800 non
1624 743 1867 812 deﬁcient
1896 742 2038 795 omni

456 853 588 905 bono
617 846 791 920 (Psal.
825 842 1041 914 xxxiii).
1071 840 1284 895 Dicitur
1328 845 1383 894 et
1429 852 1554 908 spes
1598 834 1988 890 misericordia:
2022 852 2035 891 :

458 940 595 1006 Quia
621 946 886 1011 sperantes
914 936 971 988 iu
997 932 1248 995 Domino,
1292 927 1653 983 misericordia
1695 923 2041 981 circumdabit

457 1028 632 1105 (Psal.
672 1026 862 1097 xxxi);
903 1022 1098 1079 dicitur
1132 1036 1163 1074 a
1191 1021 1353 1075 Petro
1380 1034 1496 1088 spes
1536 1016 1654 1070 viva
1683 1012 1732 1086 (ι
1768 1013 1915 1068 Petr.
1975 1010 2038 1083 ι),

457 1123 587 1193 quia
607 1122 771 1176 vitam
794 1117 947 1174 nobis
967 1113 1238 1185 promittit
1263 1119 1547 1166 aaternam.
1578 1106 1717 1162 Nam
1740 1106 2038 1161 secundum

458 1211 776 1281 qualitatem
813 1222 926 1263 sua:
947 1203 1281 1268 donationis,
1310 1208 1367 1256 et
1388 1200 1819 1256 additamentum
1848 1198 2043 1267 recipit

459 1300 923 1373 nominis._Potest
940 1304 1121 1352 autem
1148 1295 1318 1351 multo
1350 1293 1555 1350 clarius
1590 1298 1647 1347 et
1687 1290 2042 1349 excellentius

458 1397 560 1449 hoc
589 1394 777 1449 inloco
791 1406 915 1462 spes
929 1392 1071 1446 bona
1095 1390 1147 1443 in
1166 1387 1369 1460 gratia,
1384 1386 1503 1456 ipse
1529 1384 1623 1454 qui
1653 1398 1778 1440 cum
1799 1382 1963 1437 Patre
1987 1389 2043 1437 et

458 1487 665 1555 Spiritu
687 1492 876 1540 sancto
895 1482 1044 1538 solus
1072 1489 1157 1538 est
1178 1481 1353 1537 bonus
1381 1478 1553 1549 accipi
1581 1478 1845 1533 Dominus
1883 1474 2042 1531 Jesus

455 1577 713 1633 Christus
737 1577 804 1632 de
841 1590 950 1646 quo
984 1573 1269 1629 Psalmista
1300 1572 1489 1627 canit:
1538 1569 1665 1641 Spes
1704 1586 1820 1625 mea
1863 1567 2044 1623 Domi-

457 1685 581 1734 nus,
609 1685 640 1722 a
671 1666 941 1737 juventute
967 1681 1084 1719 mea
1123 1662 1296 1735 (Psal.
1324 1660 1472 1733 cxx).
1506 1660 1663 1733 [lsid.
1697 1659 1788 1715 lib.
1821 1675 1859 1713 ιι
1888 1658 2037 1714 Sent.

2141 465 2301 519 orat?
2331 464 2399 519 Et
2431 479 2540 520 non
2585 465 2906 520 invenerunt
2934 464 3061 533 quid
3087 465 3156 518 ad
3199 464 3318 519 haec
3340 462 3749 535 responderent

2139 555 2210 609 ei.
2244 554 2309 609 Et
2332 555 2469 608 dixit
2489 570 2654 610 senex
2685 574 2697 608 :
2727 555 2991 626 Ignoscite
3023 554 3178 621 mihi,
3206 554 3426 621 fratres,
3447 554 3582 626 quia
3612 569 3746 609 ecce

2141 663 2246 701 non
2286 644 2468 702 facitis
2498 646 2639 701 sicut
2677 645 2914 701 dixistis.
2949 647 3062 717 Ego
3094 635 3276 702 autem
3311 647 3544 702 ostendo
3585 647 3747 704 vobis

2140 738 2266 806 quia
2292 753 2524 808 operans
2554 737 2805 793 maniLus
2834 739 2992 804 meis,
3035 740 3154 794 sine
3181 739 3595 795 intermissione
3617 755 3739 794 oro.

2143 824 2320 880 Sedeo
2348 826 2495 880 enim
2548 825 2775 896 juvante
2826 825 2938 881 Deo
2996 825 3288 882 infundens
3343 828 3478 882 mihi
3533 818 3747 898 paucas

2140 915 2428 986 palmulas,
2469 928 2525 971 et
2552 914 2693 971 facio
2715 932 2783 971 ex
2812 916 2894 971 eis
2919 917 3176 986 plectam,
3206 926 3262 971 et
3289 917 3409 971 dico
3433 936 3447 970 :
3483 916 3745 972 Miserere

2141 1006 2266 1072 mei,
2307 1005 2470 1070 Deus,
2496 1007 2785 1060 secundum
2827 1023 3073 1077 magnam
3114 1008 3535 1061 misericordiam
3569 1017 3738 1062 tuam.

2143 1093 2213 1147 Et
2259 1094 2546 1149 secundum
2609 1094 2998 1148 multitudinem
3063 1095 3457 1149 miserationum
3526 1105 3745 1151 tuarun

2140 1184 2254 1240 dele
2295 1186 2625 1256 iniquitatem
2655 1202 2824 1240 meam
2849 1182 3022 1257 (Psal.
3052 1186 3126 1257 ι).
3158 1186 3225 1243 Et
3252 1186 3384 1241 dicit
3403 1186 3483 1240 eis
3510 1205 3523 1240 :
3553 1185 3745 1241 Oratio

2142 1287 2227 1335 εει
2267 1295 2334 1334 an
2366 1278 2512 1333 non?
2544 1279 2611 1332 Et
2642 1278 2897 1333 dixerunt
2939 1277 2990 1333 ei
3018 1296 3031 1331 :
3063 1277 3265 1332 Etiam.
3320 1277 3389 1332 Et
3421 1277 3513 1331 ille
3555 1278 3696 1333 dixit
3726 1296 3741 1331 :

2141 1368 2367 1436 Quando
2401 1383 2756 1425 oermansero
2785 1376 2897 1423 tota
2923 1368 3010 1423 die
3062 1368 3316 1423 laborans
3341 1376 3396 1421 et
3433 1383 3624 1432 orans,
3664 1367 3745 1422 fa-

2142 1476 2228 1517 ειο
2248 1460 2371 1532 plus
2396 1461 2577 1515 minus
2600 1459 2877 1515 sexdecim
2903 1475 3177 1525 nummos,
3200 1467 3253 1514 et
3295 1473 3438 1528 pono
3467 1475 3536 1513 ex
3567 1460 3652 1514 eis
3676 1460 3745 1513 ad

2141 1552 2342 1607 ostium
2365 1550 2520 1616 duos,
2552 1558 2607 1605 et
2636 1550 2882 1605 residuos
2917 1549 3205 1604 manduco.
3247 1549 3315 1603 Et
3344 1550 3436 1619 qui
3465 1550 3746 1620 acceperit

2145 1642 2268 1698 illos
2278 1642 2416 1698 duos
2430 1641 2707 1707 denarios,
2721 1652 2843 1696 orat
2862 1656 2964 1717 pro
2986 1657 3072 1696 me
3086 1650 3328 1712 tempore
3342 1657 3449 1711 quo
3462 1655 3564 1712 ego
3587 1657 3748 1696 nian-

457 1723 580 1831 ιαμ.
620 1723 702 1831 4.]
748 1756 1091 1813 Mctucndum
1122 1723 1278 1811 valde
1320 1763 1407 1810 est
1433 1723 1527 1808 'ut-
1552 1768 1729 1823 neque
1757 1766 1854 1822 per
1888 1766 2037 1821 spem

2155 1735 2283 1790 duco
2297 1733 2384 1790 vel
2406 1732 2654 1788 dormio:
2683 1742 2847 1802 atque
2867 1732 2942 1787 ita
2978 1746 3079 1802 per
3103 1732 3332 1801 gratiam
3359 1730 3459 1786 Dei
3483 1730 3747 1801 impletur

455 1849 648 1915 venite,
683 1862 844 1919 quam
871 1846 1140 1919 promittit
1187 1846 1351 1910 Deus,
1396 1852 1817 1914 perseveranter
1851 1856 2041 1913 pecce-

460 1955 601 2007 mus,
648 1957 826 2014 neque
850 1942 981 2012 quia
1025 1938 1173 2008 juste
1209 1946 1432 2009 peccata
1478 1936 1776 2007 distringit,
1827 1934 2043 1990 veniam

458 2033 810 2103 desperemus
833 2070 850 2091 .
897 2028 994 2085 sed
1042 2036 1275 2097 utroque
1327 2026 1571 2096 periculo
1628 2026 1849 2090 evitato,
1901 2032 1956 2079 et
2012 2039 2042 2078 a

458 2123 604 2178 malo
637 2120 991 2187 declinemus,
1027 2126 1083 2175 et
1117 2119 1183 2174 de
1220 2117 1421 2188 pietate
1467 2117 1563 2187 Dei
1608 2116 1822 2173 veniam
1863 2129 2045 2186 spere-

462 2230 599 2272 mus.

1056 2301 1286 2360 CAPUT
1321 2300 1455 2356 LIV.

816 2393 884 2452 Ut
919 2396 1033 2453 sine
1068 2393 1454 2450 intermissione
1490 2399 1685 2446 oretur.

531 2490 666 2549 Sine
706 2490 1113 2549 intermissione
1153 2502 1314 2545 orare
1348 2484 1558 2542 duobus
1598 2482 1773 2538 modis
1807 2481 1937 2537 mihi
1966 2479 2047 2536 vi-

462 2586 624 2642 detur
661 2585 780 2640 ﬁeri
815 2597 1008 2655 posse;
1037 2582 1152 2638 sive
1179 2579 1360 2637 cordis
1390 2576 1715 2642 intentione,
1752 2589 1847 2630 seu
1883 2585 2048 2645 opere

463 2673 869 2731 misericordim.
901 2671 1092 2729 Cordis
1117 2671 1259 2728 enim
1286 2669 1585 2729 intentione
1609 2674 1753 2731 orat,
1783 2665 1878 2735 qui
1906 2663 2048 2721 desi-

465 2763 622 2820 derio
667 2776 917 2833 superna:
951 2758 1426 2832 contemplationis
1473 2755 1705 2821 amatus,
1760 2756 1815 2810 in
1859 2768 2049 2809 amore

462 2853 728 2911 creatoris
755 2853 840 2909 sui
864 2858 1007 2909 totus
1048 2859 1133 2907 est
1177 2849 1411 2905 deditus.
1461 2847 1586 2918 ipsa
1632 2846 1781 2901 enim
1836 2844 2046 2900 amoris

466 2945 562 3002 Dei
614 2943 971 3010 continuatio,
1021 2942 1141 2999 sine
1164 2940 1568 2998 intermissione
1594 2946 1681 2995 est
1720 2938 1922 2995 oratio.
1960 2935 2050 2991 Fit

461 3046 519 3093 ct
547 3035 665 3093 sine
694 3034 1094 3091 intermissione
1115 3033 1314 3103 oratio,
1345 3031 1565 3103 quando
1595 3030 1885 3086 thesaurus
1908 3028 2050 3085 elec-

462 3143 810 3202 mosynarom
858 3125 1263 3183 thesaurizatur
1286 3124 1340 3179 in
1364 3123 1525 3190 cmlo,
1547 3122 1777 3179 Domino
1803 3122 2044 3177 dicente:

463 3220 837 3278 Thesaurisate
877 3220 1019 3276 vobis
1064 3219 1338 3275 thesauros
1390 3219 1447 3274 in
1490 3217 1622 3274 caelo
1674 3216 1896 3290 (Matth.
1951 3216 2050 3288 vi).

467 3312 583 3370 Pro
612 3313 1016 3383 thesaurizante
1042 3311 1190 3368 enim
1220 3311 1278 3367 in
1302 3311 1442 3367 coelo
1470 3311 1607 3384 (sive
1661 3310 1753 3366 ille
1790 3308 2054 3376 ambulet,

467 3417 567 3460 seu
598 3403 806 3468 sedeat,
849 3403 1120 3469 comedat,
1171 3402 1347 3468 bibat,
1371 3401 1646 3473 loquatur,
1683 3410 1901 3469 taceat,
1928 3403 2058 3458 dor-

466 3490 624 3564 miat)
652 3506 868 3562 semper
892 3491 1183 3548 thesaurus
1217 3490 1335 3561 ejus
1374 3492 1469 3562 qui
1509 3491 1564 3546 in
1605 3500 1901 3562 conspectu
1950 3491 2055 3546 Do-

465 3580 598 3637 mini
625 3589 710 3637 est
738 3580 1052 3637 reconditus
1088 3581 1209 3636 sine
1237 3581 1646 3638 intermissione
1689 3592 1811 3637 orat
1854 3581 1922 3636 ad
1950 3582 2055 3638 Do-

403 3700 406 3704 ~
468 3671 696 3727 minum.
734 3670 892 3728 Unde
919 3678 975 3726 et
1001 3671 1120 3742 ipse
1143 3671 1408 3727 Dominus
1437 3671 1549 3728 ait:
1585 3671 1897 3727 Abscondite
1924 3671 2057 3728 elec-

467 3782 741 3839 mosynam
779 3768 835 3821 in
859 3766 980 3822 sinu
1002 3767 1274 3839 pauperis,
1298 3775 1345 3821 et
1369 3767 1483 3838 ipsa
1507 3766 1677 3821 orabit
1701 3783 1796 3836 pro
1822 3767 1962 3822 vobis
1986 3766 2056 3821 ad

472 3855 754 3913 Dominum
779 3855 951 3931 (Eccl.
979 3873 1131 3924 xxix;
1166 3855 1296 3913 Luc.
1326 3857 1428 3930 xi).
1465 3856 1600 3914 Orat
1623 3866 1679 3913 et
1706 3858 1797 3914 ille
1831 3858 1914 3931 (ut
1939 3859 2058 3929 qni-

467 3947 595 4002 dam
632 3946 842 4021 volunt)
879 3947 1000 4004 sine
1035 3947 1471 4015 intermissione;
1500 3949 1593 4020 qui
1622 3948 1841 4020 qualem
1866 3964 1926 4004 se
1946 3949 2057 4021 pri-

470 4051 619 4092 mum
644 4036 869 4093 exhibet
899 4036 954 4092 in
984 4036 1254 4103 oratione,
1295 4037 1459 4094 talem
1505 4052 1564 4093 se
1612 4037 1957 4109 postmodum
2001 4036 2058 4091 in

467 4142 534 4184 ea
557 4140 885 4184 consonam
906 4127 1112 4194 studet,
1140 4126 1286 4184 sicut
1311 4134 1368 4183 et
1407 4127 1476 4184 de
1508 4126 1665 4182 Anna
1695 4125 1901 4182 factum
1927 4124 2059 4197 legi-

470 4226 559 4275 tur
580 4228 791 4286 orante,
829 4234 951 4290 quae
976 4219 1034 4275 in
1073 4219 1191 4291 ipso
1226 4219 1665 4290 compunctionis
1709 4217 1904 4274 affectu
1949 4232 2058 4289 quo

468 4311 669 4379 oravit,
690 4310 1011 4382 permansit,
1039 4325 1213 4383 usque
1248 4310 1378 4367 dum
1412 4309 1608 4381 adepta
1642 4318 1728 4367 est
1760 4326 1792 4365 a
1828 4309 2059 4364 Domino

2145 1828 2200 1882 in
2231 1841 2317 1881 me
2346 1824 2491 1896 quod
2537 1824 2799 1894 scriptum
2838 1832 2921 1877 est
2953 1837 2969 1876 :
3003 1821 3132 1878 Sine
3173 1822 3560 1877 intermissione
3595 1827 3749 1876 orate

2147 1919 2201 1991 (Ι
2230 1918 2411 1974 Thess.
2441 1916 2519 1990 v).

2756 2005 2986 2062 CAPUT
3025 2005 3135 2060 LV.

2432 2097 2496 2153 Ut
2535 2100 2700 2153 simus
2736 2096 3030 2167 simplices,
3069 2096 3203 2150 sicut
3233 2094 3334 2164 filii
3370 2093 3489 2147 Dei.

2218 2189 2311 2245 llle
2341 2198 2427 2244 est
2469 2189 2589 2245 sine
2615 2187 2845 2259 querela
2880 2186 2996 2257 qui,
3021 2194 3283 2257 quantum
3323 2184 3592 2254 fragilitas
3614 2197 3752 2253 per-

2147 2282 2317 2343 mittit
2372 2280 2630 2344 humana,
2680 2279 2849 2332 vitam
2915 2278 3098 2332 studet
3147 2276 3345 2344 ducere
3396 2276 3513 2331 sine
3562 2274 3747 2345 culpa.

2147 2371 2438 2439 Querelam
2474 2371 2622 2426 enim
2658 2377 2850 2424 contra
2896 2370 3069 2424 Deum
3116 2368 3203 2424 vel
3246 2368 3555 2438 proximum
3595 2382 3751 2422 com-

2147 2466 2316 2522 missa
2368 2464 2598 2520 suscitat
2644 2461 2824 2533 culpa.
2877 2461 3021 2533 Ergo
3067 2460 3158 2515 ille
3190 2460 3324 2514 vivit
3354 2460 3471 2514 sine
3514 2459 3748 2530 querela

2148 2558 2243 2629 qui
2270 2571 2378 2613 non
2408 2555 2558 2611 ducit
2582 2554 2752 2609 vitam
2785 2552 2933 2610 vitiis
2962 2551 3316 2618 sordidatam,
3349 2566 3450 2607 nec
3488 2549 3747 2606 commit-

2150 2652 2219 2707 tit
2238 2650 2475 2721 culpam,
2504 2648 2650 2704 unde
2679 2647 2756 2703 illi
2776 2647 2921 2719 juste
2964 2644 3229 2700 inferatur
3257 2643 3499 2715 querela.
3529 2642 3600 2697 Et
3619 2641 3757 2696 sim-

2148 2742 2310 2815 plices
2344 2741 2482 2807 sitis,
2515 2740 2646 2796 dicit
2674 2737 2988 2809 Apostolus,
3028 2737 3163 2791 sicut
3187 2734 3288 2806 ﬁlii
3320 2734 3419 2789 Dei
3446 2731 3614 2807 (Phil.
3656 2732 3745 2803 ιι).

2152 2833 2295 2888 Deus
2322 2830 2468 2886 enim
2510 2827 2740 2900 simplex
2790 2834 2986 2882 natura
3030 2832 3132 2882 εει.
3184 2824 3287 2891 Qui
3327 2837 3457 2894 ergo
3484 2821 3602 2893 jam
3645 2820 3748 2875 filii

2153 2923 2248 2978 Dei
2270 2928 2399 2978 sunt
2433 2935 2532 2991 per
2555 2918 2923 2989 adoptionem,
2955 2923 3010 2972 ct
3032 2930 3154 2972 esse
3188 2914 3415 2986 cupiunt
3440 2927 3539 2982 per
3563 2911 3748 2966 imita-

2152 3015 2378 3080 tionem,
2408 3027 2633 3067 necesse
2671 3018 2755 3064 est
2782 3017 2839 3062 ut
2880 3008 2985 3063 sint
3011 3006 3295 3078 simplices,
3327 3005 3460 3059 sicut
3491 3001 3749 3057 columba

2154 3105 2369 3180 (Matth.
2396 3103 2476 3178 ιι).
2506 3101 2779 3173 Scriptum
2804 3108 2887 3155 est
2910 3099 3055 3154 enim
3082 3112 3097 3152 :
3133 3094 3455 3177 Simplicitas
3473 3094 3748 3165 justortms

2154 3198 2339 3270 diriget
2361 3213 2449 3251 eos
2474 3193 2657 3267 (Prov.
2688 3191 2787 3266 ιι).
2815 3189 3022 3264 [Greg.,
3069 3188 3162 3243 lib.
3192 3203 3270 3243 xu
3302 3184 3522 3247 Μαι-αι..
3546 3201 3595 3239 c.
3626 3181 3746 3257 19.]

2153 3288 2299 3344 Nihil
2327 3287 2473 3343 enim
2495 3283 2725 3355 simplici
2767 3282 2933 3339 corde
2964 3280 3176 3337 felicius
3213 3294 3228 3334 :
3272 3278 3400 3350 quia
3444 3278 3533 3347 qui
3589 3277 3751 3331 inno-

2155 3376 2389 3436 centiam
2422 3390 2551 3448 erga
2589 3373 2726 3430 alios
2761 3372 3004 3437 exhibet,
3047 3368 3185 3425 nihil
3216 3376 3302 3424 est
3343 3367 3487 3437 quod
3513 3365 3630 3436 pati
3674 3366 3747 3420 ab

2154 3470 2276 3526 aliis
2309 3467 2584 3525 formidet.
2626 3465 2806 3522 liabet
2851 3463 2997 3519 enim
3034 3460 3191 3532 quasi
3223 3474 3402 3515 arcem
3448 3456 3746 3528 quamdam

2155 3558 2509 3624 fortitudinis,
2540 3556 2950 3627 simplicitatem
2978 3567 3152 3617 suam,
3207 3565 3308 3605 nec
3345 3556 3630 3619 suspectus
3657 3555 3749 3601 est

2154 3652 2302 3725 pati,
2361 3648 2507 3721 quod
2560 3664 2619 3704 se
2662 3645 2859 3702 fecisse
2912 3659 3018 3699 non
3058 3641 3325 3698 meminit.
3383 3636 3747 3700 lmmaculati,

2155 3745 2269 3800 sine
2303 3741 2701 3815 reprehensione
2731 3736 2901 3812 (Phil.
2946 3736 3034 3809 ιι).
3077 3733 3467 3792 Ornatissimos
3494 3739 3550 3786 et
3577 3730 3753 3786 bone-

2157 3833 2426 3890 stissimos
2468 3830 2563 3886 Dei
2605 3827 2929 3885 liliosdoeet
2956 3834 3013 3882 et
3039 3824 3190 3896 cupit
3217 3837 3337 3878 esse
3365 3819 3568 3876 Paulus
3592 3836 3607 3874 :
3633 3833 3754 3873 ma-

2157 3924 2368 3981 culatus
2394 3932 2479 3978 est
2504 3922 2650 3977 enim
2688 3920 2781 3993 qui
2818 3926 3031 3991 peccat.
3076 3914 3286 3972 Macula
3333 3920 3517 3969 autem
3543 3919 3633 3967 est
3661 3910 3752 3981 ip-

2158 4032 2279 4071 sum
2305 4014 2484 4071 scelus
2506 4014 2740 4086 peccati,
2776 4010 2922 4083 quod
2949 4016 3295 4081 operatorem
3320 4020 3478 4062 suum
3505 4018 3756 4059 comma—

2158 4106 2306 4164 culat
2335 4115 2501 4177 atque
2524 4105 2879 4160 contaminat.
2899 4101 3022 4158 Filii
3051 4108 3234 4156 autem
3262 4098 3359 4154 Dei
3387 4094 3754 4162 immaculati,

2159 4200 2449 4271 adiuvante
2493 4198 2626 4263 Deo,
2668 4208 2726 4252 et
2776 4197 2895 4252 sine
2942 4192 3368 4266 reprehensione
3400 4189 3581 4249 vixere
3627 4204 3759 4259 pos-

2160 4298 2307 4357 sunt,
2346 4290 2393 4345 si
2431 4287 2946 4358 reprehensionibus
2992 4300 3159 4357 opera
3204 4284 3367 4355 digna
3412 4296 3520 4337 non
3549 4288 3756 4350 agunt,

471 4402 585 4460 Deo
612 4373 711 4459 suo
730 4403 875 4474 quod
895 4373 1191 4474 postulavit
1219 4401 1275 4476 (ι
1300 4401 1432 4475 Reg.
1460 4373 1534 4475 ι)Ῑ
1557 4402 1823 4459 Dicebant
1848 4402 1916 4457 de
1958 4402 2051 4458 ab-

2161 4383 2407 4455 quamvis
2424 4397 2457 4436 a
2485 4379 2764 4436 malevolis
2789 4378 3279 4450 reprehendantur.
3309 4373 3460 4429 Beati
3480 4374 3621 4428 enim
3647 4374 3755 4428 im—

470 4494 597 4549 batc
622 4492 852 4549 Arsenio
902 4493 1030 4565 quia
1055 4506 1284 4563 vespere
1319 4493 1553 4558 sabbati,
1596 4492 1904 4549 lucescente
1946 4491 2057 4547 Do-

474 4585 697 4651 minica,
727 4584 1072 4655 relinquebat
1102 4574 1236 4655 post
1280 4599 1340 4639 se
1388 4583 1580 4648 solem,
1626 4591 1682 4638 et
1732 4583 2061 4638 extendebat

474 4692 667 4731 manus
703 4691 831 4731 suas
856 4676 926 4731 ad
958 4674 1158 4732 ctelum
1178 4688 1364 4735 orans.
1391 4672 1565 4728 donec
1594 4687 1755 4727 mane
1778 4672 1864 4727 die
1886 4673 2064 4727 Domi-

475 4768 604 4822 nico
623 4766 926 4822 illustraret
952 4763 1253 4822 ascendens
1275 4762 1357 4818 sol
1388 4762 1585 4818 faciem
1615 4762 1751 4831 ejus,
1789 4771 1845 4818 et
1870 4763 1949 4819 sic
1979 4781 2061 4820 re-

452 4857 705 4913 sidebat.
720 4855 1001 4913 Venerunt
1020 4854 1314 4925 aliquando
1331 4854 1399 4908 ad
1421 4853 1672 4910 abbatem
1699 4854 1928 4911 Lucium
1952 4872 2064 4912 mo-

479 4947 639 5003 nachi
655 4946 895 5017 quidam,
913 4945 1006 5017 qui
1035 4944 1355 5000 dicebantur
1377 4942 1641 5009 Eutbiczc,
1669 4943 1773 4999 hoc
1801 4953 1885 4999 est
1902 4960 2063 5000 oran-

476 5047 587 5103 tes,
606 5034 1049 5103 «interrogavit
1077 5048 1173 5090 eos
1200 5047 1366 5089 senex
1386 5033 1572 5089 dicens
1602 5052 1615 5088 :
1643 5033 1796 5102 Quod
1825 5043 1909 5092 est
1927 5051 2063 5105 opus

462 5141 739 5182 manuum
753 5124 1096 5181 vestrarum?
1115 5125 1185 5180 Et
1205 5124 1279 5179 illi
1297 5124 1550 5181 dixerunt
1567 5145 1580 5181 :
1604 5125 1714 5183 Nos
1728 5143 1834 5183 non
1853 5128 2067 5184 contin-

478 5220 656 5291 gimus
678 5218 892 5289 aliquod
906 5233 1043 5290 opus
1069 5234 1355 5274 manuum:
1388 5219 1506 5285 sed,
1526 5221 1669 5276 sicut
1687 5222 1817 5278 dicit
1836 5222 2064 5292 Aposto—

480 5309 606 5367 lus:
634 5308 759 5366 Sine
787 5310 1171 5366 intermissione
1195 5319 1406 5366 orantes
1433 5309 1486 5383 (l
1512 5310 1690 5367 Thess.
1720 5312 1798 5384 v).
1830 5312 1900 5367 Et
1930 5313 2061 5369 dicit

479 5403 564 5459 eis
582 5416 746 5459 senex
774 5416 789 5455 :
820 5402 887 5459 Et
912 5416 1020 5457 non
1044 5402 1423 5460 manducatis?
1448 5402 1529 5458 llli
1553 5411 1735 5459 autem
1762 5404 2018 5459 dixerunt
2044 5424 2058 5459 :

486 5495 661 5549 Etiam
692 5493 1099 5551 manducamus.
1145 5492 1216 5549 Et
1239 5493 1378 5550 dixit
1406 5494 1488 5549 eis
1516 5511 1529 5548 :
1562 5493 1791 5562 Quando
1819 5509 1948 5565 ergo
1973 5509 2066 5550 co-

485 5587 722 5655 meditis,
746 5587 871 5659 quis
896 5600 998 5658 pro
1018 5586 1176 5644 vobis
1201 5587 1358 5643 orat?
1380 5586 1450 5642 Et
1479 5586 1675 5641 iterum
1710 5584 2064 5655 interrogavit

487 5692 601 5744 eos,
634 5677 850 5737 dicens:
884 5676 1004 5734 Non
1030 5676 1312 5736 dormitis?
1349 5677 1414 5732 Et
1436 5674 1509 5731 illi
1536 5674 1824 5732 dixerunt:
1854 5674 2066 5731 Dormi—

2161 4472 2414 4529 maculati
2452 4472 2507 4527 in
2534 4472 2639 4537 via,
2669 4470 2759 4542 qui
2786 4467 3058 4524 ambulant
3082 4469 3138 4522 in
3182 4467 3293 4538 lege
3332 4464 3545 4520 Domini
3574 4463 3756 4536 (Psal.

2160 4564 2370 4638 cxvin).
2408 4564 2556 4619 Dixit
2581 4572 2768 4619 sancta
2805 4560 3148 4632 Syncletice:
3181 4558 3491 4631 Eﬂiciamur
3521 4557 3759 4629 pruden-

2161 4667 2237 4713 tes
2259 4658 2392 4712 sicut
2412 4664 2693 4727 serpentes,
2716 4664 2765 4708 et
2804 4651 3063 4724 simplices
3092 4651 3226 4705 sicut
3256 4648 3510 4704 columba:
3531 4646 3754 4719 (Matth.

2162 4746 2242 4819 x),
2274 4753 2336 4801 ut
2365 4752 2544 4800 astute
2589 4743 2957 4813 intelligamus
2998 4742 3224 4812 laqueos
3268 4739 3403 4810 ejus.
3437 4737 3573 4793 Nam
3625 4755 3761 4810 prn-

2164 4834 2354 4890 dentes
2382 4833 2501 4890 fieri
2536 4833 2676 4888 sicut
2711 4839 2994 4902 serpentes
3018 4831 3223 4886 dictum
3252 4838 3357 4894 est,
3385 4836 3578 4883 utnon
3610 4828 3761 4900 igno-

2164 4940 2350 4982 remus
2379 4925 2614 4996 impetus
2655 4924 2855 4980 diaboli
2887 4932 2942 4980 et
2970 4931 3117 4979 artes
3162 4936 3299 4992 ejus.
3333 4921 3544 4977 Etenim
3578 4920 3761 4976 simile

2164 5016 2390 5087 aliquid,
2434 5031 2502 5071 ex
2548 5016 2656 5072 alio
2684 5015 2850 5071 simili
2897 5015 3106 5071 scelere
3152 5022 3460 5085 superatur.
3512 5010 3651 5066 Nam
3702 5021 3758 5066 et

2166 5108 2488 5179 simplicitas
2534 5108 2796 5164 columbm
2857 5107 3198 5163 demonstrat
3240 5106 3536 5179 puritatem
3579 5104 3759 5161 actio-

2167 5197 2272 5252 nis.

2761 5286 2991 5344 CAPUT
3028 5286 3162 5342 Lvt.
3555 5343 3563 5357 ,

2349 5373 2414 5431 Ut
2452 5378 2629 5433 omnia
2666 5378 2779 5433 sine
2830 5378 3248 5433 murmuratione
3294 5378 3585 5450 faciamus.

2241 5489 2344 5559 Qui
2372 5491 2518 5547 enim
2549 5500 2739 5546 contra
2762 5491 2974 5547 Domini
2996 5492 3082 5548 vel
3106 5493 3461 5563 praeceptoris
3496 5490 3582 5548 sui
3610 5505 3761 5548 mur-

2172 5589 2352 5636 murat
2371 5589 2667 5651 prmeepta,
2697 5582 2912 5638 haesitat
2937 5583 3055 5638 sine
3081 5583 3242 5639 dubio
3283 5583 3485 5639 laboris
3506 5584 3590 5638 sui
3620 5582 3765 5638 reci-

2172 5689 2301 5746 perc
2337 5672 2576 5744 praemia.
2609 5672 2808 5731 Omnes
2833 5675 2977 5731 enim
3016 5654 3108 5747 qui
3153 5684 3344 5733 contra
3384 5676 3670 5732 Dominum
3705 5686 3759 5733 et
