3940 6412
289 273 392 327 (555

1499 259 1803 318 Dl:\DE.\L\
1847 257 2350 316 MONACHORUM.

3460 260 3564 316 δδι

291 388 508 457 Moysen
535 383 602 438 de
651 379 775 435 ﬁliis
814 379 977 434 Israel
1028 378 1081 433 in
1127 393 1311 433 eremo
1365 381 1840 431 murmuraverunt
1863 412 1878 435 ,
1909 368 1957 428 Α
1984 369 2316 433 circumcisi,
2353 370 2452 434 vel,
2482 368 2755 425 llabemus
2779 369 3248 425 circumcisionem
3277 389 3291 425 :
3322 371 3418 426 sed
3449 371 3564 426 Nos

291 475 344 529 in
377 475 490 544 ipsa
513 486 696 526 eremo
722 486 752 524 a
776 471 1056 525 venenatis
1097 469 1430 539 serpentium
1472 467 1742 522 morsibus
1783 479 1876 535 pe—

291 564 524 626 rierunt,
562 570 615 616 et
652 561 704 614 in
735 560 1169 630 repromissionis
1201 567 1348 614 terra
1387 558 1754 613 hmreditatem
1796 557 1876 610 in-

292 661 375 706 ter
401 652 598 706 fratres
641 666 747 705 non
779 657 1099 719 receperunt
1129 648 1318 720 (Num.
1353 664 1442 702 xlv
1471 657 1520 701 et
1552 647 1688 717 χιιι).
1717 647 1876 713 Quis-

291 744 413 814 quis
443 751 686 798 nostrum
734 756 865 811 ergo
912 741 1282 795 hcereditatem
1329 739 1472 793 inter
1501 737 1702 793 electos
1754 736 1872 802 Dei,

291 836 437 890 velut
462 836 605 889 inter
637 834 856 898 fratres,
902 832 954 886 in
995 839 1140 886 terra
1163 830 1462 885 viventium
1493 829 1696 882 habere
1733 827 1876 882 (lesi-

292 927 468 991 derat,
495 939 719 980 necesse
743 931 909 979 estut
934 923 1054 978 sine
1115 919 1640 976 murmurationibus
1691 917 1746 972 in
1794 916 1877 970 in-

292 1019 454 1073 stanti
499 1017 696 1073 smculo
721 1017 886 1071 vivat.
935 1014 1108 1070 Tanto
1147 1015 1292 1069 enim
1337 1013 1510 1081 magis
1553 1011 1785 1081 quisque
1810 1009 1878 1064 de

292 1107 1241 1177 pnesentimurmuratoperatione,
1271 1111 1474 1174 quanto
1515 1102 1745 1173 amplius
1787 1102 1880 1157 de-

291 1205 473 1267 sperat
507 1197 704 1252 laboris
747 1197 832 1252 sui
873 1205 1133 1251 aeternam
1174 1196 1417 1265 recipere
1444 1193 1873 1248 retributionem.

293 1287 429 1342 Nam
458 1288 549 1358 qui
579 1288 645 1342 de
675 1302 769 1356 spe
797 1287 1170 1341 retributionis
1200 1301 1304 1339 non
1336 1285 1565 1348 dubitat,
1611 1283 1662 1337 in
1700 1283 1881 1352 operi-

291 1382 395 1436 bus
429 1381 581 1434 duris
625 1381 856 1450 positus,
887 1389 1078 1433 contra
1129 1378 1460 1432 eruditorem
1490 1391 1646 1430 suum
1699 1375 1881 1430 Domi-

291 1484 421 1525 num
462 1471 684 1524 minime
711 1476 1034 1523 murmurat.
1067 1467 1239 1521 Filius
1272 1466 1418 1521 enim
1449 1465 1543 1534 qui
1572 1464 1820 1519 eruditur
1847 1477 1880 1517 a

291 1568 472 1630 patre,
520 1567 581 1614 ut
619 1558 993 1613 haereditatem
1041 1556 1275 1624 accipiat
1315 1563 1597 1618 :ntcrnam,
1646 1567 1883 1606 murmu-

293 1666 418 1706 rare
474 1664 581 1704 non
631 1649 829 1713 debet,
880 1648 974 1703 sed
1015 1647 1206 1721 potius.
1244 1646 1312 1700 de
1362 1644 1534 1714 patris
1579 1641 1882 1697 eruditione

1979 478 2186 525 sumus,
2203 463 2396 530 inquit,
2411 463 2764 529 circumcisio,
2790 464 2956 527 idest,
2973 479 3071 519 nos
3092 479 3281 520 sumus
3303 467 3567 522 munditia

1979 554 2252 623 etjustitia
2270 555 2697 610 circumcisionis
2710 557 3023 636 spiritualis,
3041 555 3568 625 habendojustitiam

1978 652 2036 698 et
2067 643 2388 698 munditiam
2419 644 2777 714 spiritualem.
2803 644 2860 699 In
2890 645 3006 717 lege
3033 646 3178 700 enim
3206 653 3262 701 et
3288 646 3573 716 prophetis

1979 733 2266 802 dupliciter
2293 734 2611 788 circumcidi
2651 733 2927 802 jubcmur,
2981 750 3146 791 carne
3209 735 3464 791 videlicet
3513 748 3571 789 ct

1981 825 2162 880 corde.
2190 824 2389 888 Carne,
2423 824 2511 879 ubi
2545 825 2658 879 ait:
2699 824 3156 880 Circumcidimini
3191 843 3404 881 carnem
3430 844 3571 898 pra:-

1985 920 2124 990 putii
2151 921 2307 974 vestri
2344 917 2496 990 (Gen.
2533 920 2690 988 xvn).
2724 918 2923 980 Corde,
2957 917 3050 971 ubi
3073 917 3245 973 dicit:
3283 917 3575 973 Circumci-

1986 1008 2093 1061 dite
2123 1009 2390 1074 pra‘putia
2421 1009 2661 1062 cordium
2691 1016 2988 1062 vestrorum
3009 1005 3189 1076 (Deut.
3222 1024 3252 1062 χ
3282 1023 3299 1074 ;
3325 1007 3437 1063 Jer.
3474 1011 3570 1079 ιι).

1978 1096 2086 1152 Nos
2110 1111 2240 1151 vero
2275 1106 2404 1152 tunc
2431 1111 2595 1151 carne
2618 1095 3083 1161 circumcidimur,
3112 1097 3157 1150 si
3205 1112 3235 1150 a
3267 1098 3424 1153 nobis
3447 1112 3566 1152 car-

1979 1187 2122 1242 nalia
2151 1187 2284 1241 vitia
2330 1186 2727 1252 abscindimus,
2760 1187 2812 1241 id
2849 1194 2952 1251 est,
3003 1187 3292 1254 adulteria,
3335 1187 3572 1244 fornice-

1980 1278 2178 1341 tiones,
2210 1277 2651 1342 immunditiam,_
2677 1275 2975 1345 crapulam,
3021 1277 3340 1344 ebrietates,
3372 1287 3428 1334 et
3475 1293 3574 1335 emo

1980 1376 2095 1422 tera
2124 1367 2208 1422 his
2237 1367 2455 1434 similia,
2485 1381 2606 1438 qua:
2628 1382 2729 1438 per
2753 1367 2940 1422 carnis
2979 1375 3276 1438 operantur
3317 1370 3572 1440 concupi-

1981 1459 2263 1513 scentiam.
2289 1457 2464 1514 Corde
2489 1458 2953 1524 eircumcidimur,
2988 1458 3035 1514 si
3065 1474 3096 1512 a
3123 1459 3282 1515 nobis
3321 1460 3576 1531 spiritua-

1980 1547 2052 1602 lia
2075 1549 2207 1603 vitia
2229 1549 2620 1616 abscindimus,
2650 1550 2703 1604 id
2724 1559 2828 1615 est,
2857 1549 3190 1620 superbiam,
3220 1550 3570 1621 jactantiam,

1984 1641 2144 1706 iram,
2167 1643 2364 1707 rixam,
2388 1642 2592 1706 odium,
2616 1642 2702 1698 vel
2733 1642 3010 1706 invidiam,
3035 1650 3091 1697 et
3118 1642 3336 1697 similia.
3364 1641 3568 1699 ﬂorum

291 1740 549 1809 gaudere.
585 1737 847 1792 Perversa
887 1751 1044 1791 mens
1083 1736 1298 1804 quando
1336 1750 1434 1804 per
1457 1732 1882 1803 increpationem
1913 1736 1959 1794 B
1987 1749 2116 1805 ergo
2139 1735 2382 1789 omnium
2409 1733 2640 1804 abjcetio
2664 1735 2942 1800 vitiorum,
2987 1744 3044 1790 et
3065 1737 3334 1790 bonarum
3361 1750 3576 1792 assum-

290 1831 599 1898 corripitur,
623 1837 717 1883 aut
743 1845 839 1897 per
859 1828 1256 1900 praedicationis
1277 1826 1612 1882 dulcedinem
1641 1826 1708 1880 ad
1725 1825 1870 1880 bona

291 1921 568 1984 suadetur,
597 1921 662 1974 de
698 1919 1039 1989 correptione
1061 1917 1120 1972 ﬁt
1147 1918 1404 1982 deterior,
1429 1925 1485 1971 et
1504 1916 1628 1972 inde
1657 1915 1710 1970 in
1733 1931 1882 1969 mur-

293 2012 617 2066 murationis
660 2012 946 2082 iniquitate
995 2011 1362 2074 succenditur,
1415 2009 1558 2064 unde
1598 2008 1783 2062 debuit
1811 2006 1880 2060 ab

293 2103 580 2171 iniquitate
629 2101 923 2171 compesci.
957 2100 1213 2168 Quisquis
1241 2115 1340 2170 pro
1383 2107 1607 2170 peccato
1641 2096 1878 2169 percuti-

292 2204 400 2256 tur,
434 2193 534 2246 nisi
558 2192 948 2246 murmurando
975 2191 1264 2254 renitatur,
1295 2205 1360 2244 co
1402 2190 1522 2260 ipso
1557 2189 1672 2258 jam
1695 2185 1879 2255 justus

291 2303 412 2342 esse
455 2288 698 2350 inchoat,
751 2303 862 2357 quo
892 2286 1135 2342 ferientis
1161 2285 1430 2354 justitiam
1484 2301 1592 2339 non
1636 2290 1877 2338 accusat.

295 2376 432 2430 Hinc
482 2384 538 2430 et
581 2375 782 2430 Paulus
830 2377 941 2430 ait:
994 2374 1176 2448 Neque
1220 2373 1695 2439 murmuraveritis,
1744 2373 1879 2427 sicut

292 2457 506 2534 quidam
532 2481 712 2518 eorum
765 2473 1244 2528 murmuraverunt,
1281 2473 1330 2519 ct
1367 2481 1399 2517 o
1425 2463 1751 2534 serpentibus
1790 2481 1880 2533 pe-

294 2554 496 2607 rierunt
522 2553 576 2625 (Ι
607 2552 731 2607 Cor.
763 2570 839 2620 x;
872 2553 1038 2607 Num.
1070 2553 1206 2625 xxi).
1251 2553 1449 2607 Narrat
1499 2555 1698 2623 quippe
1743 2554 1882 2608 liber

293 2643 652 2699 Numerorum
679 2646 823 2715 quod
854 2653 1120 2714 pertmsus
1150 2646 1204 2698 in
1240 2660 1426 2700 eremo
1452 2645 1680 2715 populus
1715 2644 1879 2699 Israel

293 2733 507 2788 itineris
561 2733 704 2803 longi
749 2747 811 2789 ac
859 2733 1098 2798 laboris,
1153 2734 1594 2798 murmuraverit,
1652 2732 1879 2802 ideoque

294 2823 560 2878 Dominus
589 2823 798 2878 miserit
837 2824 888 2878 in
941 2824 1091 2878 illum
1126 2824 1324 2894 ignitos
1362 2832 1659 2894 serpentes.
1700 2823 1880 2894 Plagze

293 2913 460 2983 igitur
505 2921 818 2984 serpentum
870 2915 1158 2986 ignitorum
1198 2929 1403 2968 venena
1455 2921 1582 2969 sunt
1623 2915 1878 2970 vitiorum

292 3018 412 3071 qua:
443 3005 679 3058 animam
722 3019 887 3074 quam
935 3012 1160 3074 tangunt
1210 3004 1474 3073 spirituali
1522 3012 1696 3059 morte
1737 3005 1880 3076 peri-

1981 1825 2095 1892 ptio
2118 1825 2399 1889 virtutum,
2440 1825 2646 1881 faciunt
2687 1826 2962 1881 hominem
2996 1823 3226 1894 justum.
3257 1825 3325 1880 Et
3353 1825 3468 1883 lucc
3488 1825 3576 1894 ju-

1980 1917 2131 1972 stitia
2168 1918 2628 1984 circumcisionis,
2665 1933 2771 1988 qua
2793 1916 2929 1986 justi
2958 1919 3206 1974 homines
3247 1915 3575 1981 cﬁiciuntur,

1984 2023 2012 2061 a
2040 2006 2208 2062 Paulo
2241 2007 2587 2064 circumcisio
2616 2017 2862 2064 vocatur.
2905 2007 3009 2075 Qui
3055 2009 3245 2078 spiritu
3276 2007 3384 2063 Deo
3416 2009 3577 2064 servi-

1981 2117 2098 2155 mus
2132 2097 2298 2170 (Phil.
2326 2099 2434 2172 ιιι),
2467 2099 2672 2170 inquit:
2706 2099 2848 2154 Deus
2872 2101 3009 2154 enim
3037 2099 3252 2170 spiritus
3278 2107 3352 2152 est
3387 2097 3570 2170 (Joau.

1982 2191 2080 2259 tv).
2137 2189 2386 2245 Et'sicut
2415 2190 2508 2258 qui
2537 2190 2769 2246 adorant
2806 2187 2999 2254 Deum,
3034 2188 3088 2243 in
3119 2189 3313 2258 spiritu
3350 2197 3406 2244 et
3434 2188 3576 2243 veri-

1982 2287 2092 2335 tate
2113 2287 2328 2348 oportet
2358 2280 2611 2346 adorare,
2640 2281 2714 2335 ita
2742 2289 2797 2337 et
2823 2280 2916 2351 qui
2946 2279 3117 2335 servit
3144 2279 3276 2344 Deo,
3303 2279 3354 2334 in
3378 2279 3574 2350 spiritu

1981 2376 2036 2425 et
2060 2369 2287 2425 veritate
2313 2379 2528 2440 oportet
2555 2370 2604 2424 ei
2633 2371 2860 2426 servire.
2905 2369 2974 2423 Et
3007 2367 3302 2440 gloriamur
3343 2369 3396 2423 in
3425 2368 3577 2423 Citrio

1981 2468 2061 2513 sto
2086 2457 2238 2512 Jesu.
2279 2458 2358 2514 Ac
2397 2459 2445 2514 si
2484 2459 2690 2515 diceret
2721 2475 2734 2512 :
2778 2459 2888 2514 Nos
2917 2459 3009 2529 qui
3036 2458 3230 2529 Spiritu
3261 2459 3373 2515 Deo
3397 2459 3572 2515 servi-

1981 2566 2125 2614 mus,
2151 2565 2258 2606 non
2280 2550 2570 2606 carnaliter
2592 2550 2648 2604 in
2673 2549 2854 2605 carnis
2881 2548 3316 2613 circumcisione,
3344 2547 3437 2604 sed
3461 2548 3577 2618 spis

1981 2642 2248 2697 ritualiter
2261 2643 2314 2696 in
2326 2641 2543 2698 Christo
2553 2641 2681 2697 Jesu
2696 2641 3011 2713 gloriamur,
3028 2656 3059 2697 a
3074 2655 3181 2711 quo
3194 2647 3251 2695 et
3267 2638 3389 2695 ﬁdei
3406 2639 3574 2695 virtu-

1983 2741 2091 2788 tem
2120 2734 2450 2804 accepimus,
2472 2747 2572 2802 per
2590 2748 2750 2802 quam
2774 2733 2828 2787 in
2846 2748 2911 2788 eo
2931 2732 3246 2802 gloriamur.
3277 2730 3410 2787 Nam
3427 2733 3574 2804 quod

1983 2825 2244 2880 Dominus
2273 2825 2359 2879 die
2386 2833 2580 2880 octavo
2601 2835 2684 2879 est
2712 2823 3086 2889 circumcisus,
3119 2829 3174 2877 et
3203 2829 3328 2894 post
3354 2820 3572 2877 tricesi-

1983 2931 2132 2971 mum
2160 2917 2382 2972 tcrtium
2421 2915 2854 2971 circumcisionis
2890 2915 3054 2980 diem,
3102 2914 3169 2968 ad
3201 2913 3460 2984 templum
3491 2922 3579 2968 est

1984 3008 2196 3064 delatus
2222 3007 2376 3080 (Luc.
2411 3006 2496 3079 ιι),
2522 3015 2582 3060 ιιι
2611 3007 2789 3061 hostia
2820 3001 2919 3076 pro
2947 3021 3012 3060 eo
3045 3003 3354 3071 oﬁ'crretur,
3379 3012 3579 3060 etsau-

293 3104 465 3149 munt.
500 3095 569 3148 Et
597 3096 736 3150 bene
777 3111 1121 3150 murmurans
1154 3103 1340 3149 contra
1378 3096 1668 3150 Dominum
1713 3112 1884 3166 popu-
1911 3084 1954 3145 C
1987 3106 2109 3153 ctus
2131 3097 2344 3153 Domini
2368 3107 2671 3161 vocaretur,
2697 3097 2926 3169 mystice
2944 3095 3214 3168 signiﬁcat
3239 3095 3368 3165 quia
3392 3110 3574 3160 nemo,

294 3185 378 3240 lus
413 3195 725 3255 serpentum
756 3186 1032 3242 morsibus
1080 3185 1448 3250 sternebatur,
1493 3193 1554 3239 ut
1592 3201 1658 3241 ex
1693 3187 1883 3241 ordine

295 3276 483 3347 ﬂagelli
514 3278 800 3333 exterioris
842 3286 1162 3348 agnosceret
1209 3288 1468 3348 quantam
1516 3280 1662 3333 intus
1700 3280 1884 3349 perni-

267 3369 433 3423 ciem
487 3370 879 3423 murmurando
929 3379 1227 3438 pateretur.
1281 3369 1427 3426 Dixit
1477 3370 1642 3424 abbas
1684 3357 1882 3438 Ioseph

294 3459 438 3527 quod
489 3468 600 3514 tres
647 3469 772 3514 sunt
823 3461 1043 3515 ordines
1098 3460 1442 3515 honorabiles
1489 3459 1542 3513 in
1589 3467 1881 3530 conspectu

297 3548 545 3602 Domini:
587 3549 796 3619 primus
834 3550 1051 3619 quando
1097 3551 1259 3605 homo
1308 3549 1634 3611 inﬁrmatur,
1670 3559 1723 3604 et
1751 3549 1885 3618 adji-

295 3639 515 3694 ciuntur
558 3640 610 3692 ei
664 3641 1014 3705 tentationcs,
1060 3651 1268 3696 etcum
1319 3642 1620 3712 gratiarum
1669 3641 1884 3695 actione

297 3731 528 3799 suscipit
563 3747 690 3795 eas;
739 3734 1010 3788 secundus
1049 3743 1254 3798 autem,
1295 3735 1512 3803 quando
1544 3735 1740 3806 aliquis
1772 3751 1886 3790 om-

297 3820 386 3874 nia
411 3836 573 3890 opera
613 3833 709 3876 sua
741 3821 872 3878 facit
918 3824 1117 3878 munda
1157 3839 1342 3879 coram
1382 3825 1634 3892 Domino,
1662 3835 1718 3880 et
1749 3826 1883 3880 nihil

300 3911 354 3965 in
394 3911 461 3967 iis
500 3915 696 3983 qumrit
742 3915 1071 3980 humanum;
1113 3917 1306 3970 tertius
1349 3932 1502 3980 vero,
1533 3918 1753 3986 quando
1786 3918 1884 3971 ali-

299 4003 421 4072 quis
443 4004 595 4060 sedet
623 4005 674 4058 in
708 4005 1061 4077 subjectionc,
1107 4014 1162 4060 ct
1186 4008 1473 4076 praeceptis
1513 4006 1884 4076 spiritualibus

298 4094 417 4150 sine
446 4098 874 4152 murmuratione
907 4099 1109 4162 obcdit,
1154 4107 1208 4152 et
1249 4097 1500 4152 omnibus
1527 4097 1761 4166 propriis
1799 4113 1874 4153 re-

300 4187 512 4241 nuntiat
534 4188 921 4243 voluntatibus.

868 4278 1096 4334 CAPUT
1156 4277 1310 4332 LVII.

692 4369 767 4422 De
794 4369 1190 4422 circumcisione
1220 4370 1488 4422 vitiorum.

374 4461 447 4514 Dc
474 4459 576 4514 hoc
599 4459 834 4528 capitulo
872 4459 948 4513 sic
974 4458 1174 4512 Paulus
1203 4458 1278 4512 ait
1304 4472 1318 4510 :
1362 4456 1474 4512 Nos
1515 4460 1655 4513 enim
1701 4476 1881 4514 sumus
1909 4430 1962 4489 Β

300 4550 650 4614 circumcisio,
697 4550 786 4620 qui
826 4549 1014 4619 spiritu
1063 4548 1168 4602 Deo
1216 4549 1490 4612 servimus,
1523 4559 1570 4602 et
1594 4548 1888 4620 gloriamur

299 4641 355 4695 in
381 4639 587 4694 Christo
613 4638 741 4693 Jesu
776 4638 942 4708 (Phil.
990 4637 1094 4709 ιιι).
1139 4637 1218 4694 Ac
1263 4638 1307 4693 si
1337 4639 1547 4695 diceret
1590 4641 1884 4696 carnaliter

301 4731 639 4786 circumcisis
671 4748 683 4784 :
713 4731 818 4785 Vos
864 4730 996 4784 estis
1045 4731 1388 4785 cirtumcisio
1436 4732 1592 4802 pellis
1632 4735 1884 4804 prteputii

302 4821 500 4888 vestri,
543 4837 641 4876 nos
685 4821 1026 4875 circumcisio
1075 4822 1253 4876 cordis
1297 4833 1352 4876 et
1394 4823 1642 4893 corporis
1689 4825 1881 4878 nostri.

303 4909 412 4967 Vos
435 4913 632 4967 bonam
666 4909 760 4965 Dei
790 4925 820 4964 a
845 4911 1000 4965 vobis
1043 4911 1338 4982 amputatis
1360 4922 1690 4977 creaturam,
1715 4929 1818 4968 nos
1851 4931 1882 4970 a

305 5002 462 5057 nobis
489 5002 620 5055 vitia
668 5001 1106 5056 circumcidimus
1152 5001 1511 5070 spiritualiter
1537 5011 1593 5058 et
1634 5012 1878 5074 peccata.

307 5090 460 5146 Unde
484 5100 540 5145 et
571 5105 670 5145 nos
713 5105 898 5144 sumus
929 5090 1294 5154 circumcisio,
1343 5091 1434 5160 qui
1467 5092 1665 5162 Spiritu
1719 5093 1888 5147 servi-

307 5200 426 5239 mus
453 5184 584 5250 Deo,
620 5199 725 5238 non
755 5200 852 5239 vos
890 5185 981 5254 qui
1033 5183 1298 5238 maculam
1341 5185 1772 5240 circumcisionis
1802 5185 1885 5239 in-

307 5273 504 5327 ducitis
524 5273 737 5342 corpori
759 5282 958 5329 vestro.
991 5273 1145 5340 Quod
1172 5282 1352 5329 autem
1381 5274 1531 5334 dicit.
1563 5273 1676 5329 Nos
1699 5291 1884 5329 sumus

305 5363 651 5426 circumcisio,
683 5364 773 5434 qui
801 5365 989 5435 spiritu
1024 5367 1278 5420 servimus
1306 5365 1436 5430 Deo,
1463 5366 1570 5420 tale
1595 5375 1698 5431 est,
1729 5369 1884 5436 quasi

308 5451 509 5506 diceret
535 5469 546 5505 :
581 5450 690 5508 Nos
720 5469 907 5508 sumus
935 5455 1234 5524 spiritualis
1274 5457 1706 5512 circumcisionis
1724 5455 1886 5525 justi—

309 5539 534 5610 tia,quia
562 5541 772 5611 justitia
819 5544 1130 5614 spirituales
1165 5544 1364 5611 eﬁ'ecti,
1409 5546 1765 5617 spiritualitcr
1789 5563 1885 5602 no-

308 5639 421 5687 stro
450 5633 714 5689 servimus
741 5633 980 5690 Auctori.
1023 5633 1140 5689 Non
1168 5635 1311 5690 enim
1345 5637 1520 5691 dixit:
1553 5636 1659 5692 Nos
1695 5652 1883 5694 sumus

1987 3183 2090 3238 nisi
2120 3182 2478 3238 circumcisus
2502 3182 2672 3246 vitiis,
2702 3183 2899 3253 dignus
2921 3183 2994 3237 sit
3017 3181 3316 3236 Dominicis
3339 3197 3578 3252 prtesen-

1986 3276 2090 3331 tari
2133 3276 2545 3347 conspectibus;
2595 3292 2753 3331 nemo
2789 3276 2893 3330 nisi
2954 3274 3309 3330 mortalitatis
3349 3274 3579 3330 nexibus

1986 3367 2290 3431 absolutus,
2341 3382 2589 3436 supernae
2635 3367 2873 3421 civitatis
2919 3367 3114 3444 gaudia
3159 3366 3358 3436 poterit
3398 3367 3580 3422 subire

1986 3461 2277 3532 perfectus.
2325 3461 2462 3516 Nam
2509 3469 2564 3516 et
2605 3462 2673 3516 ad
2708 3461 2848 3516 hanc
2894 3460 3195 3516 carnalium
3224 3467 3280 3514 et
3325 3460 3580 3530 spiritua-

1987 3557 2118 3612 lium
2142 3557 2396 3612 vitiorum
2416 3555 2890 3612 circumcisionem
2922 3553 3251 3620 faciendam,
3289 3569 3387 3610 nos
3417 3553 3578 3610 Jaco-

1986 3649 2088 3704 bus
2128 3649 2409 3718 apostolus
2451 3645 2702 3703 hortatur
2731 3646 2957 3702 dicens:
3014 3645 3333 3716 Abjicientcs
3375 3662 3580 3700 omnem

1986 3742 2401 3806 immunditiam,
2429 3750 2477 3795 et
2522 3740 2908 3814 abundantiam
2963 3737 3202 3803 malitia',
3235 3738 3290 3791 in
3337 3754 3580 3792 mansuc-

1987 3832 2166 3887 tudiue
2191 3834 2440 3903 suscipite
2469 3833 2686 3886 insitum
2710 3831 2917 3885 verbum
2933 3828 3141 3902 (Jacob.
3171 3828 3232 3899 ι).
3262 3828 3444 3886 Primo
3465 3845 3582 3885 cor-

1986 3937 2087 3992 pus
2127 3931 2183 3977 et
2209 3931 2447 3978 mentem
2490 3937 2520 3975 a
2558 3921 2705 3976 vitiis
2751 3920 2906 3989 jubet
2949 3921 3281 3983 circumcidi,
3334 3928 3394 3974 ut
3433 3919 3580 3990 digni

1987 4013 2224 4068 existere
2267 4012 2541 4083 possimus
2570 4012 2662 4083 qui
2704 4013 2928 4066 verbum
2968 4011 3162 4067 salutis
3192 4011 3576 4081 percipiamus.

1985 4101 2215 4156 Omnem
2255 4102 2452 4172 quippe
2506 4101 2906 4157 immunditiam
2955 4109 3013 4156 et
3059 4101 3243 4156 carnis
3287 4109 3344 4154 et
3387 4102 3582 4156 anima:

1989 4201 2304 4262 nuncupat:
2353 4192 2615 4248 malitiam
2641 4209 2795 4260 vero,
2839 4200 3052 4248 tantum
3081 4193 3148 4247 ad
3191 4193 3466 4248 interioris
3487 4195 3582 4249 ho~

1988 4283 2150 4338 minis
2179 4283 2503 4352 pravitatem
2553 4285 2830 4354 pertinere
2881 4284 3150 4356 designat.
3202 4285 3272 4338 At
3313 4284 3452 4340 hanc
3482 4301 3582 4339 nos
3654 4266 3664 4275 ’

1987 4373 2241 4429 vitiorum
2281 4373 2756 4430 circumcisionem
2806 4373 3010 4440 facere,
3060 4375 3255 4430 Petrus
3303 4376 3580 4446 apostolus

1987 4464 2242 4518 admonet
2288 4464 2477 4519 dicens
2520 4462 2888 4528 :Charissimi,
2943 4465 3171 4520 obsecro
3199 4482 3285 4519 vos
3327 4472 3579 4537 tauquam

1985 4555 2214 4610 advenas
2246 4563 2294 4609 et
2318 4556 2640 4626 peregrinos,
2673 4555 2932 4611 abstinere
2955 4574 3041 4612 vos
3064 4575 3096 4611 η
3122 4557 3422 4612 carnalibus
3447 4557 3582 4612 desi-

1986 4646 2145 4700 deriis
2174 4646 2225 4720 (I
2256 4644 2400 4700 Petr.
2436 4647 2518 4718 ιι).
2546 4647 2744 4718 Aperte
2770 4656 2952 4703 autem
2974 4665 3072 4704 nos
3102 4650 3259 4710 docet
3291 4665 3320 4703 a
3343 4651 3578 4704 carnali-

1987 4736 2087 4790 bus
2113 4737 2390 4793 abstinerc
2412 4739 2718 4805 desideriis,
2747 4741 2872 4811 quia
2899 4742 3160 4797 adversus
3185 4750 3426 4796 nostram
3440 4758 3581 4799 sem-

1988 4843 2086 4897 per
2113 4829 2352 4883 militant
2374 4830 2610 4884 animam
2638 4849 2652 4884 :
2693 4840 2749 4885 et
2776 4832 2904 4887 dum
2944 4833 3402 4902 concupiscentiis
3427 4833 3578 4888 Idan-

1990 4918 2266 4973 dientibus
2291 4934 2420 4974 caro
2459 4921 2736 4975 enerviter
2763 4921 3100 4993 subjugatur,
3132 4923 3386 4977 vitiorum
3416 4938 3579 4979 exer-

1991 5009 2132 5063 citus
2186 5008 2416 5066 ﬁrmiter
2474 5010 2736 5066 adversus
2806 5013 3044 5066 animam
3112 5023 3375 5068 armatur.
3432 5015 3581 5069 Dixit

1992 5099 2159 5153 abbas
2186 5098 2482 5154 Ammonas
2521 5100 2664 5170 quod
2707 5102 3118 5170 quatuordceim
3163 5117 3333 5157 annos
3366 5106 3579 5157 steterit

1993 5187 2047 5241 in
2073 5186 2280 5258 Scythi,
2310 5188 2612 5256 deprecans
2642 5189 2808 5244 Deum
2836 5200 2995 5246 nocte
3021 5205 3086 5247 ac
3115 5191 3224 5256 die,
3256 5200 3317 5245 ut
3353 5191 3578 5246 donaret

1990 5277 2040 5331 ei
2065 5277 2316 5331 virtutem
2347 5277 2635 5345 superandi
2666 5292 2908 5333 carnem.
3010 5290 3013 5293 '

2562 5368 2791 5443 CAPUT
2831 5371 3009 5427 LVIII.

2492 5457 2568 5512 De
2612 5458 2788 5528 fructu
2826 5461 3075 5530 justilirr.

2057 5547 2293 5607 Jacobus
2340 5547 2618 5618 apostolus
2671 5550 2749 5603 ait
2795 5569 2807 5604 :
2861 5549 3092 5603 Fructus
3132 5558 3306 5602 autent
3352 5547 3572 5615 iustitia

1991 5639 2044 5694 in
2082 5656 2210 5710 pace
2261 5641 2551 5694 seminatur
2601 5639 2915 5708 facientibus
2963 5656 3141 5710 pacem
3198 5636 3408 5710 (Iacob.
3458 5640 3568 5716 In).
