3940 6412
440 253 545 309 655

1725 245 2073 302 SMARAGDI
2109 244 2395 298 ABBATIS

3608 253 3720 308 σεδ

441 367 618 424 Omne
642 365 782 436 quod
820 363 871 418 in
898 362 999 416 hac
1021 363 1126 416 vita
1157 363 1362 432 agimus
1393 376 1574 416 semen
1601 368 1683 414 est
1709 359 1902 415 futurm
1934 375 2017 413 re-
2045 362 2092 420 Α
2121 357 2420 422 iracundia,
2446 373 2552 412 non
2584 357 2742 413 laesus
2771 361 3034 426 meminit,
3064 377 3170 417 non
3201 363 3390 419 videas
3419 365 3717 434 pulchram

445 457 773 514 tributionis.
810 455 930 524 lpsa
975 462 1155 507 autem
1202 453 1488 507 retributio
1537 453 1744 508 fructus
1790 462 1872 508 est
1902 467 2024 523 0pc-

449 564 564 602 rum
608 544 972 616 praesentium,
1021 543 1278 614 Apostolo
1327 552 1556 598 testante
1588 545 1679 614 qui
1722 544 1833 598 ait:
1890 543 2022 609 Quae

443 641 577 694 enim
611 636 936 692 seminaverit
975 636 1150 701 homo,
1182 637 1294 690 lucc
1317 646 1364 690 et
1392 645 1564 690 metet.
1592 636 1658 689 Et
1682 637 1771 706 qui
1799 636 2022 690 seminat

441 731 496 782 in
521 745 700 792 carne,
722 727 786 782 de
815 741 972 780 carne
1014 735 1168 781 metet
1205 727 1611 796 corruptionem.
1643 726 1746 791 Qui
1769 735 1942 779 autem
1965 726 2021 778 in

440 821 648 891 spiritu,
690 819 756 873 de
798 817 987 889 spiritu
1031 826 1186 872 metet
1220 819 1376 872 vitam
1413 828 1660 872 aeternam
1693 813 2015 889 (Calat.v1).

441 909 510 964 Et
551 909 674 964 ideo
708 916 856 963 recte
903 907 1102 962 dicitur
1131 908 1258 978 quia
1296 905 1506 962 fructus
1527 904 1754 974 justitite
1800 906 1854 960 in
1885 920 2020 976 pace

439 1003 739 1057 seminatur
770 999 1088 1056 facientibus
1115 1013 1323 1068 pacem.
1355 997 1587 1052 Fructus
1625 996 1770 1052 enim
1792 995 2020 1064 iustitia:

439 1094 552 1148 vita
591 1102 792 1147 aeterna
833 1097 935 1156 est,
979 1105 1101 1160 qua:
1127 1089 1382 1159 operibus
1405 1086 1630 1157 iustitia:
1658 1088 2015 1152 retribuitur;

439 1185 568 1254 quia
594 1184 686 1253 qui
714 1183 993 1252 inquirunt
1012 1197 1201 1252 pacem
1246 1189 1546 1251 sequuntur
1575 1196 1714 1236 eam.
1742 1181 1861 1251 Ipsa
1885 1195 2018 1250 pace

437 1275 526 1330 cui
555 1274 792 1339 student,
822 1270 977 1342 quasi
1021 1272 1224 1341 optima
1253 1278 1514 1335 semente,
1547 1277 1748 1324 terram
1779 1270 1862 1324 sui
1893 1285 2018 1324 cor-

436 1366 522 1421 dis
549 1371 865 1435 aspergunt,
893 1376 1001 1432 quo
1033 1376 1132 1431 per
1166 1361 1544 1430 quotidianum
1574 1360 1728 1414 bonae
1757 1359 2022 1428 operatio-

435 1458 522 1513 nis
561 1463 900 1513 crementum
940 1453 1008 1508 ad
1058 1451 1293 1508 fructum
1340 1452 1557 1506 valeant
1582 1452 1709 1506 vita:
1734 1451 2021 1520 pervenire

435 1549 693 1606 caelestis.
738 1547 816 1602 De
839 1562 947 1617 quo
997 1545 1125 1600 alibi
1169 1545 1430 1614 scriptum
1477 1552 1600 1599 est:
1636 1544 1738 1610 Qui
1760 1544 2020 1598 seminant

434 1640 492 1693 in
531 1637 799 1709 lacrgmis,
844 1637 899 1690 in
939 1635 1135 1706 gaudio
1163 1644 1351 1688 metent
1379 1633 1551 1704 (Psal.
1585 1632 1769 1705 cxxv).
1804 1631 1942 1688 Hinc
1965 1643 2020 1688 et

2125 447 2405 502 mulierem
2447 447 2767 511 delectatur,
2815 465 2920 504 non
2950 451 3096 507 aliud
3130 454 3330 523 cogitat
3353 463 3412 508 et
3451 455 3604 510 aliud
3636 458 3716 512 lo-

2122 537 2310 606 quitur
2338 555 2353 592 :
2383 539 2463 595 sic
2491 547 2545 593 et
2565 555 2659 593 vos
2686 539 2785 594 nisi
2813 541 2972 596 talem
3003 543 3302 598 habueritis
3337 545 3716 601 innocentiam

2121 635 2178 682 et
2205 629 2370 684 animi
2407 631 2722 701 puritatem,
2755 647 2979 701 regnum
3014 632 3278 688 caelorum
3323 649 3429 688 non
3457 637 3717 704 poteritis

2119 722 2345 777 intrare.
2377 723 2492 791 Qua
2523 727 2668 778 enim
2701 724 2912 778 ratione
2949 724 3018 778 ad
3063 725 3432 781 innocentiam
3461 727 3713 782 infantiae

2119 815 2711 885 pervenire-possimus,
2727 814 2924 870 Petrus
2937 816 3212 886 apostolus
3235 819 3455 887 exponit
3483 819 3710 874 dicens:

2120 900 2447 972 Deponentes
2491 904 2654 974 igitur
2697 921 2902 958 omnem
2957 905 3238 971 malitiam,
3282 918 3329 961 et
3363 925 3567 962 omnem
3615 909 3684 963 do

2120 991 2249 1056 lum,
2305 1002 2354 1046 et
2396 993 2776 1056 simulationes,
2822 1004 2870 1047 et
2914 995 3161 1060 invidias,
3194 1005 3241 1049 et
3295 1012 3472 1050 omnes
3531 997 3713 1050 detra-

2120 1083 2337 1146 ctiones,
2365 1083 2498 1136 sicut
2526 1083 2682 1135 modo
2708 1084 2869 1152 geniti
2893 1084 3121 1154 infantes
3146 1084 3482 1138 rationabiles
3515 1096 3563 1139 et
3594 1087 3713 1139 sine

2119 1170 2240 1224 dolo
2285 1171 2367 1224 lac
2397 1171 2768 1241 concupiscite,
2799 1181 2856 1226 ut
2883 1174 2938 1227 in
2978 1189 3038 1226 eo
3087 1175 3332 1227 crescatis
3377 1175 3435 1228 in
3480 1175 3707 1228 salutem

2122 1260 2174 1332 (1
2207 1259 2352 1315 Petr.
2389 1261 2473 1322 tt).
2503 1261 2582 1317 Ac
2609 1263 2654 1316 si
2681 1261 2916 1318 diceret:
2939 1263 3074 1331 Quia
3097 1263 3212 1332 jam
3244 1265 3418 1318 renati
3445 1266 3580 1319 estis
3612 1280 3712 1335 per

2120 1367 2317 1421 aquam
2359 1354 2722 1422 baptismatis,
2760 1364 2817 1410 et
2859 1371 2958 1425 per
2985 1355 3222 1426 Spiritus
3249 1358 3423 1412 sancti
3468 1360 3706 1429 gratiam

2121 1444 2214 1498 filii
2259 1445 2349 1500 Dei
2389 1446 2515 1500 facti
2559 1448 2689 1501 estis
2726 1462 2826 1517 per
2867 1447 3153 1516 baptisma,
3199 1457 3372 1504 estote
3419 1451 3581 1506 modo
3611 1467 3714 1520 per

2120 1540 2354 1594 studium
2405 1540 2560 1595 bona:
2589 1542 3041 1607 conversationis,
3073 1543 3261 1612 quales
3303 1553 3429 1598 sunt
3469 1544 3713 1601 infantes

2119 1646 2218 1700 per
2248 1641 2499 1685 naturam
2529 1631 2763 1686 innoxia:
2793 1635 2971 1688 aetatis
3004 1648 3018 1686 :
3070 1634 3123 1688 id
3152 1645 3254 1700 est,
3287 1651 3395 1689 non
3442 1636 3714 1692 habentes

435 1707 790 1783 Paulus'ait:
823 1725 1022 1796 Repleti
1052 1724 1228 1794 fructu
1266 1740 1360 1794 per
1397 1722 1583 1778 Iesum
1625 1720 1911 1786 Christum,
1963 1723 2020 1777 in
2047 1707 2095 1765 Β
2122 1721 2406 1787 malitiam,
2440 1737 2547 1777 non
2576 1723 2780 1789 dolum,
2828 1740 2935 1780 non
2966 1725 3357 1794 simulationes,
3388 1743 3496 1783 non
3524 1730 3716 1784 detra-

433 1817 658 1888 glortam
697 1826 746 1872 et
790 1815 1000 1870 laudem
1040 1815 1138 1869 Dei
1187 1812 1354 1888 (Phil.
1397 1814 1465 1884 ι).
1514 1813 1671 1870 Hunc
1699 1823 1879 1868 autem
1908 1813 2017 1868 fru-

432 1916 580 1964 ctum
602 1905 829 1976 justitia:
869 1905 923 1959 in
955 1904 1180 1974 epistola
1213 1904 1283 1958 ad
1317 1902 1540 1958 Galatas
1565 1903 1800 1958 fructum
1843 1903 2015 1973 Spiri-

432 2012 523 2058 tus
562 2002 861 2057 nominavit
899 2000 1122 2055 dicens:
1171 1996 1401 2052 Fructus
1427 2007 1601 2052 autem
1647 1997 1874 2068 Spiritus
1919 2008 2014 2063 est,

433 2095 686 2157 Charitas,
713 2092 984 2162 gaudium,
1025 2106 1154 2162 pax,
1193 2091 1471 2160 patientia,
1509 2090 1896 2160 longanimitas,
1929 2092 2017 2145 bo~

433 2185 593 2248 nitas,
629 2182 937 2252 benignitas,
966 2181 1337 2245 mansuetudo,
1363 2181 1515 2250 ﬁdes,
1545 2181 1819 2246 modestia,
1846 2183 2016 2236 conti-

434 2272 633 2337 nentia,
673 2271 883 2325 castitas
909 2267 1107 2341 (Colat.
1134 2270 1211 2340 v).
1241 2269 1358 2336 Quo
1384 2270 1664 2340 multiplici
1705 2270 1880 2326 fructu
1902 2271 2015 2326 vult

433 2379 531 2418 nos
564 2363 614 2416 in
657 2363 745 2417 die
770 2359 972 2416 Christi
1010 2359 1140 2415 Jesu
1166 2375 1288 2416 esse
1329 2360 1584 2431 repletos,
1626 2362 1679 2416 in
1708 2362 1933 2432 gloriam
1960 2372 2016 2417 et

423 2441 645 2508 laudem
674 2452 769 2506 Dei
793 2469 809 2518 ;
837 2451 961 2521 quia
991 2451 1057 2506 de
1077 2451 1329 2506 omnibus
1358 2453 1514 2508 bonis
1541 2469 1660 2522 qua:
1688 2455 1756 2508 ab
1781 2453 1896 2524 ipso
1918 2469 2012 2508 ac-

431 2544 692 2613 cepimus,
728 2557 832 2596 non
855 2541 1033 2607 nobis,
1059 2541 1153 2596 sed
1197 2541 1296 2610 ipsi
1329 2541 1555 2612 gloriam
1585 2550 1641 2598 et
1665 2541 1879 2597 laudem
1928 2558 2013 2596 re—

433 2632 577 2687 ferre
608 2632 865 2687 debemus
889 2647 1012 2685 cum
1049 2631 1330 2687 Psalmista
1356 2633 1637 2689 dicentes:
1673 2633 1794 2688 Non
1841 2634 2009 2698 nobis,

433 2724 676 2788 Domine,
708 2740 812 2777 non
835 2723 1002 2788 nobis,
1032 2722 1122 2777 sed
1154 2724 1354 2777 nomini
1373 2734 1462 2778 tuo
1483 2723 1552 2778 da
1580 2723 1802 2796 gloriam
1834 2722 2006 2796 (Psal.

427 2813 605 2884 csnt).
640 2814 915 2868 Venerunt
944 2813 1231 2884 aliquando
1259 2814 1366 2870 duo
1404 2815 1600 2870 fratres
1623 2815 1689 2870 ad
1718 2817 2008 2885 quemdam

429 2923 633 2963 senem.
659 2905 1002 2961 Consuetudo
1022 2915 1201 2961 autem
1236 2912 1355 2962 erat
1384 2907 1529 2962 senis
1555 2922 1658 2961 non
1682 2908 2010 2961 manducare

427 2999 686 3070 quotidie.
716 2998 818 3065 Qui
846 3015 968 3054 cum
1001 2999 1227 3054 vidisset
1256 2999 1478 3065 fratres,
1508 3001 1747 3071 gaudens
1772 3001 2011 3070 suscepit

2121 1815 2330 1871 ctiones
2357 1816 2577 1889 (Ephes.
2603 1821 2712 1890 tv);
2743 1828 2800 1874 et
2821 1828 2880 1874 ut
2904 1821 3082 1876 omnis
3105 1822 3427 1887 amaritudo,
3449 1831 3505 1876 et
3534 1821 3713 1885 furor,

2118 1917 2176 1963 et
2202 1909 2304 1976 ira,
2333 1918 2389 1964 et
2414 1909 2736 1981 indignatio,
2765 1921 2820 1966 et
2849 1911 3056 1968 clamor
3081 1921 3137 1967 et
3182 1912 3518 1983 blasphemia
3560 1911 3718 1967 tolla-

2122 2007 2210 2054 tur
2235 2017 2266 2055 a
2297 2001 2453 2056 vobis
2477 2017 2603 2056 cum
2641 2003 2790 2057 omni
2835 2003 3062 2057 malitia.
3099 2004 3162 2058 Et
3190 2004 3292 2058 hoc
3319 2003 3479 2057 modo
3507 2003 3578 2058 ad
3626 2003 3714 2058 in-

2118 2087 2345 2144 fantiam
2375 2091 2696 2144 innocentia:
2716 2100 3074 2157 revertentes,
3095 2093 3249 2161 quasi
3273 2092 3355 2145 Iac
3373 2100 3712 2155 maternum,

2117 2179 2426 2235 desiderate
2463 2180 2519 2235 in
2565 2180 2719 2235 vobis
2767 2189 3081 2236 sanctarum
3111 2181 3518 2250 Scripturarum
3566 2183 3715 2236 reci-

2114 2284 2244 2339 pere
2290 2271 2548 2336 verbum;
2599 2279 2660 2325 ut
2691 2272 2744 2325 in
2773 2287 2840 2326 eo
2883 2282 3215 2335 crescentes,
3246 2272 3313 2326 ad
3355 2287 3478 2326 eum
3504 2288 3711 2341 panem

2114 2361 2533 2432 proliciscamini
2581 2361 2993 2427 comedendum,
3023 2362 3112 2432 qui
3141 2361 3206 2416 de
3250 2361 3376 2415 caelo
3404 2361 3710 2426 descendit,

2114 2462 2161 2505 et
2187 2451 2329 2504 dedit
2355 2451 2509 2505 vitam
2540 2452 2735 2506 mundo
2764 2451 2947 2524 (Joan.
2980 2451 3077 2523 vr).
3107 2451 3308 2507 Paulus
3336 2460 3518 2506 autem
3547 2444 3615 2506 de
3639 2468 3704 2507 se

2113 2551 2169 2595 et
2193 2540 2516 2609 sequacibus
2538 2541 2652 2595 suis
2681 2542 2757 2595 ait
2786 2559 2798 2594 :
2837 2539 2990 2595 Facti
3022 2558 3205 2596 sumus
3234 2542 3462 2612 parvuli,
3507 2543 3566 2597 in
3594 2561 3710 2598 me-

2113 2631 2202 2684 dio
2249 2640 2495 2696 vestrum,
2542 2640 2791 2701 tanquam
2845 2634 2890 2685 si
2944 2633 3124 2686 nutrix
3173 2634 3342 2703 foveat
3389 2633 3530 2701 ﬁlios
3578 2653 3711 2691 suos

2113 2722 2166 2794 (Ι
2201 2721 2380 2775 Thess.
2417 2722 2497 2793 ιι).
2535 2721 2753 2776 Sciebat
2781 2724 2924 2778 enim
2957 2725 3084 2778 illud
3115 2725 3488 2796 evangelicum
3517 2741 3550 2780 a
3595 2727 3711 2781 Do-

2115 2813 2262 2866 mino
2292 2812 2497 2866 dictum
2529 2831 2540 2865 :
2580 2811 2892 2883 Quicunque
2920 2814 3273 2868 humiliaverit
3299 2832 3374 2879 se,
3405 2816 3541 2869 sicut
3577 2834 3712 2886 par-

2110 2902 2260 2956 vulus
2308 2903 2426 2966 iste,
2455 2903 2540 2956 hic
2571 2912 2646 2956 est
2697 2903 2869 2972 major
2893 2904 2948 2957 in
2999 2920 3156 2974 regno
3187 2904 3431 2959 calorum
3479 2904 3707 2976 (Matth.

2113 2993 2292 3064 xvtu).
2348 2993 2473 3048 Ideo
2523 3009 2582 3048 se
2632 2994 2958 3050 humiliabat
3008 2997 3063 3049 in
3097 2996 3276 3051 medio
3313 2997 3710 3068 discipulorum

428 3107 542 3157 eos,
566 3099 622 3145 et
651 3091 824 3146 dixit:
853 3090 1123 3162 Jejunium
1165 3107 1319 3147 suam
1362 3093 1664 3147 mercedem
1695 3091 1873 3146 habet.
1904 3092 2008 3146 11c—
2037 3077 2079 3138 C
2113 3098 2354 3146 suorum,
2387 3093 2446 3137 ut
2473 3093 2528 3138 et
2563 3085 2670 3138 illis
2701 3086 3007 3153 exemplum
3051 3086 3316 3155 praeberet
3345 3087 3708 3156 humilitatis,

427 3199 569 3247 l‘llllt,
596 3183 685 3253 qui
716 3183 1008 3238 manducat
1029 3192 1247 3253 pr0pter
1268 3183 1607 3248 eharitatem,
1631 3183 1736 3238 duo
1758 3183 2010 3236 mandata

425 3274 635 3344 implet,
686 3274 939 3343 quoniam
975 3273 1305 3327 voluntatem
1341 3273 1616 3341 propriam
1664 3271 2008 3340 derclinquit,

425 3375 482 3420 et
503 3366 813 3419 mandatum
840 3364 1049 3433 implet,
1078 3362 1326 3418 reﬁciens
1367 3361 1583 3416 fratres.
1617 3362 1763 3416 Dixit
1791 3362 2010 3432 quidam

406 3457 648 3514 tPatrum
675 3474 688 3508 :
721 3455 834 3508 Nisi
864 3455 1016 3524 prius
1043 3455 1168 3508 odio
1201 3453 1457 3508 habueris
1497 3452 1647 3518 vitia,
1679 3470 1782 3507 non
1808 3454 2010 3522 poteris

424 3547 670 3617 diligere.
709 3544 821 3599 Nisi
858 3560 986 3614 ergo
1015 3543 1196 3598 oderis
1224 3552 1526 3612 peccatum,
1571 3559 1678 3613 ητις]
1713 3543 1880 3599 facies
1921 3543 2010 3612 ju-

427 3638 654 3693 stitiam.
687 3635 959 3704 Scriptum
985 3643 1066 3690 cst
1091 3652 1105 3688 :
1142 3633 1362 3688 Declina
1391 3652 1422 3688 a
1449 3634 1610 3701 malo,
1638 3644 1685 3689 et
1710 3635 1796 3704 fac
1820 3636 2010 3690 bonum

399 3718 401 3721 ’
432 3726 608 3799 (Psal.
639 3726 852 3798 xxxut).
883 3726 1265 3780 Verumtamen
1293 3725 1345 3779 in
1374 3726 1625 3780 onmibus
1654 3726 1739 3781 his
1760 3728 2008 3795 proposi-

425 3829 542 3874 tum
583 3818 751 3873 animi
781 3818 980 3888 ubique
1028 3816 1343 3886 requiritur.
1386 3817 1559 3871 Adam
1590 3818 1736 3872 enim
1771 3818 1823 3872 in
1855 3834 2009 3888 para-

424 3911 544 3965 diso
565 3909 868 3964 consistens
897 3909 1280 3980 przevaricatus
1310 3917 1392 3964 est
1422 3910 1733 3964 mandatum
1762 3910 1881 3977 Dei,
1905 3909 2008 3968 Job

423 4009 606 4054 autem
644 3997 701 4052 in
739 4006 979 4053 stercore
1007 3996 1222 4064 sedens,
1265 3998 1574 4056 custodirit.
1613 3999 1763 4056 Unde
1795 4010 2008 4057 constat

423 4090 566 4161 quod
593 4089 928 4161 propositum
954 4091 1156 4144 bonum
1186 4089 1380 4159 quaerit
1412 4088 1554 4146 Deus
1580 4091 1648 4146 ab
1675 4091 1910 4155 homine,
1952 4100 2006 4146 et

422 4191 482 4238 ut
513 4197 728 4254 semper
753 4181 940 4236 timeat
969 4196 1112 4235 eum.
1363 4247 1382 4252 ε

1015 4271 1241 4329 CAPUT
1278 4273 1414 4328 LIX.

616 4365 685 4420 Ut
709 4367 777 4420 ad
805 4366 1158 4442 innocentiam
1191 4377 1510 4420 revertantur
1539 4368 1798 4438 infantia.

491 4459 751 4514 Dominus
779 4457 834 4511 in
863 4456 1154 4528 Evangelio
1184 4457 1263 4512 ait
1283 4475 1298 4514 :
1334 4456 1500 4512 Amen
1529 4457 1648 4512 dico
1687 4459 1850 4521 vobis,
1901 4459 2002 4512 nisi

419 4549 653 4604 conversi
676 4548 904 4618 fueritis,
934 4557 980 4600 et
1005 4547 1300 4618 eﬂlciamini
1342 4549 1476 4601 sicut
1501 4549 1728 4618 parvuli,
1768 4566 1873 4603 non
1917 4551 2003 4603 in-

421 4640 624 4694 trabitis
670 4641 722 4693 in
752 4656 966 4710 regnum
997 4638 1244 4694 ccelorum
1275 4639 1488 4710 (Matth.
1519 4640 1696 4711 mu).
1742 4640 1856 4696 Hoc
1876 4657 2004 4696 'non

421 4729 595 4784 solum
626 4729 883 4797 apostolis
912 4729 1170 4798 praecepit
1198 4727 1478 4792 Dominus,
1529 4729 1624 4782 scd
1671 4737 1726 4782 et
1754 4730 2004 4785 omnibus

422 4823 477 4876 in
509 4837 565 4876 se
595 4821 940 4875 credentibus
962 4819 1053 4888 qui
1084 4819 1310 4887 cupiunt
1333 4818 1385 4871 in
1416 4835 1639 4889 regnum
1668 4822 1873 4877 intrare
1893 4838 2002 4878 cce-

421 4909 618 4964 lorum.
652 4907 766 4960 Non
798 4922 928 4976 ergo
955 4905 1109 4960 nobis
1133 4906 1445 4976 prtecipitur
1476 4920 1532 4962 ut
1559 4917 1772 4964 aetatem
1805 4912 2001 4967 habea-

421 5016 542 5056 mus
589 4998 958 5070 parvulorum,
1001 5001 1094 5054 sed
1137 5006 1196 5054 ut
1225 5001 1690 5058 conversationem
1722 5015 2001 5061 teneamus

421 5095 769 5159 innocentiae,
797 5102 851 5148 et
895 5095 1039 5164 quod
1085 5095 1161 5148 illi
1190 5110 1284 5165 per
1313 5111 1485 5152 annos
1510 5098 1788 5166 possident
1831 5099 1978 5155 infan

423 5186 532 5250 tim,
563 5199 661 5239 nos
689 5183 1062 5254 possideamus
1086 5199 1184 5254 per
1208 5185 1500 5254 puritatem
1542 5186 1894 5254 innocentia,
1943 5199 1997 5243 ut

421 5275 650 5341 malitia,
682 5290 790 5328 non
839 5273 1104 5343 sapientia
1140 5276 1353 5344 parvuli
1399 5278 1585 5333 simus.
1618 5279 1756 5335 Hinc
1803 5281 1996 5334 iterum

423 5365 538 5434 ipse
566 5363 825 5418 Dominus
854 5363 928 5416 ait
952 5381 964 5416 :
999 5362 1304 5436 Quicunque
1329 5382 1450 5436 ergo
1476 5367 1828 5422 humiliaverit
1847 5384 1901 5421 se
1921 5369 1997 5421 si-

422 5468 508 5508 cut
558 5453 808 5526 parvulus
856 5456 972 5520 iste,
1004 5455 1087 5508 hic
1118 5467 1194 5510 est
1239 5457 1411 5527 major
1450 5457 1505 5511 in
1553 5475 1707 5526 regno
1753 5457 1997 5512 caelorum

423 5543 636 5612 (Matth.
687 5542 866 5615 xvm).
912 5544 1076 5612 Quasi
1127 5547 1369 5602 diceret:
1416 5547 1570 5601 Sicut
1614 5547 1715 5601 istc
1743 5547 2000 5615 parvulus

422 5633 594 5706 (cujus
629 5637 779 5692 voltis
827 5638 1130 5709 exemplum
1176 5639 1378 5711 tribuo)
1428 5653 1533 5691 non
1583 5649 1900 5708 perseverat
1945 5640 1997 5694 in

2027 4425 2079 4484 D

2112 3183 2167 3227 ct
2213 3174 2434 3228 sibimet
2477 3176 2759 3244 praemium
2793 3176 3104 3245 acquireret
3145 3175 3559 3233 humiliationis.
3607 3179 3714 3236 Vi-

2112 3266 2342 3320 dendum
2382 3274 2559 3322 tamen
2591 3269 2861 3338 quomodo
2890 3270 2994 3324 hoc
3019 3270 3072 3323 in
3101 3269 3221 3326 loco
3250 3270 3593 3326 laudabiliter
3621 3273 3708 3327 di-

2112 3365 2222 3422 cat,
2247 3357 2375 3426 [acIi
2397 3377 2578 3413 sumus
2604 3361 2830 3430 parvuli,
2855 3377 2976 3415 cum
3005 3362 3113 3416 alio
3139 3361 3258 3417 loco
3278 3363 3424 3418 dicat
3448 3383 3461 3418 :
3493 3365 3706 3420 utinam

2112 3465 2216 3503 non
2248 3452 2535 3520 cﬁiciamur
2561 3453 2768 3522 parvuli
2801 3453 2852 3524 (I
2880 3452 3004 3507 Cor.
3032 3454 3182 3526 xxv);
3211 3455 3478 3524 quomodo
3504 3456 3707 3510 volun-

2115 3538 2249 3592 tarie
2280 3537 2408 3593 facti
2449 3552 2575 3595 sunt
2604 3542 2815 3610 parvuli
2860 3543 3108 3598 nolentes
3148 3559 3269 3599 esse
3313 3545 3542 3614 parvuli.
3591 3544 3710 3602 Sed

2110 3632 2296 3702 quales
2347 3647 2445 3687 nos
2492 3635 2749 3704 parvulos
2776 3636 2959 3706 cupiat
2985 3651 3108 3691 esse
3139 3636 3356 3702 Paulus,
3389 3637 3502 3706 ipse
3524 3651 3708 3708 expo-

2110 3747 2246 3786 nens
2291 3733 2367 3786 ait
2415 3731 2673 3787 :Malitia
2730 3732 2938 3803 parvuli
2989 3742 3150 3787 estote
3201 3731 3252 3804 (Ι
3282 3731 3404 3787 Cor.
3433 3733 3566 3805 xtv).
3630 3734 3706 3789 Et

2108 3823 2295 3892 quales
2322 3839 2420 3879 nos
2447 3839 2566 3878 esse
2605 3823 2860 3893 parvulos
2886 3838 2991 3878 non
3034 3823 3218 3893 cupiat
3259 3824 3374 3894 ipse
3413 3824 3702 3880 subdendo

2107 3916 2441 3984 manifestat,
2471 3917 2660 3973 dicens
2689 3933 2704 3971 :
2750 3915 2964 3972 Utinam
3003 3935 3108 3973 non
3157 3921 3444 3990 eﬂiciamur
3466 3921 3701 3991 parvuli,

2105 4011 2441 4078 ﬂuctuantes,
2487 4019 2536 4064 et
2581 4027 2685 4065 non
2730 4013 3172 4083 circumferuntur
3217 4015 3358 4068 omni
3404 4023 3551 4069 vento
3595 4014 3700 4068 do-

2106 4101 2288 4156 ctrina:
2307 4102 2527 4173 (Ephes.
2553 4101 2652 4174 tv).
2673 4101 2820 4174 Ergo
2843 4103 2981 4159 bene
2999 4105 3208 4160 duobus
3236 4104 3406 4159 modis
3434 4103 3704 4162 allicimus

2106 4191 2334 4259 parvuli,
2376 4192 2429 4247 id
2455 4201 2560 4259 est,
2593 4193 2842 4250 habendo
2880 4202 2936 4248 et
2979 4211 3090 4251 non
3114 4195 3384 4250 habendo.
3435 4193 3701 4249 Habenda

2106 4285 2502 4350 humilitatem,
2553 4287 2845 4356 puritatem
2886 4295 2941 4342 et
2986 4289 3390 4353 innocentiam;
3443 4304 3550 4343 non
3601 4290 3699 4344 ha-

2106 4374 2278 4429 bendo
2306 4375 2590 4440 malitiam,
2622 4377 2802 4431 dolum
2831 4386 2886 4432 et
2923 4379 3200 4432 invidiam.
3239 4378 3477 4448 Apostoli
3509 4388 3694 4434 autem

2109 4465 2318 4532 parvuli
2345 4465 2472 4520 facti
2515 4477 2640 4521 sunt
2676 4484 2784 4522 non
2810 4469 3060 4524 habendo
3105 4470 3388 4534 malitiam,
3415 4469 3597 4524 dolum
3643 4480 3700 4524 et

2113 4551 2399 4620 invidiam;
2441 4553 2568 4610 facti
2611 4565 2737 4611 sunt
2782 4560 2988 4626 magni,
3035 4559 3282 4613 habendo
3307 4560 3696 4624 humilitatem,

2109 4642 2400 4712 puritatem
2429 4655 2485 4699 et
2513 4646 2898 4714 innocentiam,
2929 4650 3150 4719 insuper
3173 4659 3227 4704 et
3255 4651 3504 4704 habendo
3536 4649 3698 4704 uber-

2111 4740 2276 4788 tatem
2331 4735 2606 4799 doctrina),
2661 4739 2726 4792 de
2769 4754 2876 4808 qua
2919 4748 3178 4810 tanquam
3230 4741 3439 4804 nutrix,
3494 4739 3698 4796 Paulus

2110 4842 2238 4882 suos
2283 4827 2501 4884 fovebat
2552 4831 2690 4886 ﬁlios
2717 4875 2730 4895 ,
2779 4835 2976 4903 quibus
3027 4843 3082 4889 ct
3123 4835 3338 4890 dicebat
3372 4855 3383 4888 :
3419 4835 3692 4907 Tanquam

2105 4920 2337 4989 parvulis
2369 4923 2422 4974 in
2448 4921 2677 4988 Christo,
2708 4925 2790 4979 lac
2819 4927 2958 4980 vobis
2995 4937 3176 4997 potum
3204 4927 3354 4992 dedi,
3385 4943 3490 4980 non
3519 4943 3690 4981 escam

2107 5008 2159 5079 (Ι
2191 5009 2313 5063 Cor.
2344 5014 2448 5082 tu).

2699 5105 2926 5162 CAPUT
2968 5108 3078 5162 LX.

2317 5191 2394 5246 De
2424 5210 2483 5246 eo
2508 5195 2648 5264 quod
2670 5196 2808 5266 justi
2842 5197 3043 5268 lapides
3076 5199 3176 5254 viri
3202 5212 3472 5256 vocantur.

2176 5279 2366 5337 Petrus
2398 5283 2452 5336 in
2485 5285 2722 5353 Epistola
2748 5302 2842 5341 sua
2875 5289 2952 5342 ait
2972 5304 2986 5342 :
3007 5289 3072 5342 Et
3088 5290 3188 5357 ipsi
3214 5303 3461 5362 tanquam
3491 5292 3692 5363 lapides

2105 5371 2203 5425 viri
2229 5375 2725 5443 superadiﬁcamini
2767 5378 2951 5432 domos
2988 5381 3292 5450 spirituales
3325 5380 3378 5452 (l
3414 5381 3561 5435 Petr.
3601 5384 3686 5451 ιι).

2107 5464 2541 5533 Supertedilicari
2591 5469 2713 5523 illos
2756 5471 2909 5536 dicit,
2959 5473 3084 5541 quia
3137 5474 3254 5528 sine
3299 5475 3528 5529 Domino
3562 5473 3687 5529 Jesu

2105 5554 2344 5620 Christo,
2392 5556 2566 5627 lapide
2595 5560 2806 5615 scilicet
2835 5562 2990 5624 vivo,
3039 5563 3186 5617 nulla
3216 5565 3502 5620 mdilicatio
3532 5565 3692 5635 spiri-

2111 5647 2269 5701 tualis
2294 5658 2440 5703 stare
2487 5660 2680 5716 potest.
2717 5650 3142 5708 Fundamentum
3187 5656 3321 5709 enim
3360 5657 3506 5710 aliud
3542 5674 3688 5713 nemo
