3940 6468
257 414 359 473 657

1471 401 1771 461 DIADEMA
1817 398 2317 460 MONACHORUM.

3423 397 3530 456 653

257 534 423 600 potest
444 542 656 597 ponere,
683 531 874 594 prater
910 521 1062 577 illum
1101 520 1150 591 (Ι
1181 520 1306 576 Cor.
1341 518 1447 593 111).
1479 518 1644 589 Cujus
1668 516 1840 588 parti-
1864 519 1914 580 Α
1941 529 2222 570 coronam.
2257 513 2463 582 Duplex
2494 521 2578 568 est
2603 513 2748 568 enim
2776 527 2948 583 genus
2977 515 3326 582 tentationis,
3355 531 3523 574 unum

255 618 528 687 cipatioue
578 614 763 670 fideles
814 613 1023 682 lapides
1073 613 1182 666 vivi
1234 611 1561 677 efﬁciuntur,
1610 609 1701 680 qui
1729 624 1828 679 per

256 709 630 768 infidelitatem
669 708 874 778 lapides
918 707 1118 762 mortui
1166 705 1414 770 fuerant,
1465 705 1585 760 duri
1625 703 1832 759 scilicet

255 813 312 859 et
336 801 701 867 insensibiles,
729 801 926 870 quibus
953 799 1148 854 merito
1178 799 1453 853 diceretur
1478 817 1490 851 :
1521 795 1773 865 Auferam
1799 812 1830 848 a

254 895 395 949 vobis
409 910 500 946 cor
516 892 802 962 lapideum,
831 901 878 945 et
894 891 1030 944 dabo
1048 891 1190 944 vobis
1214 907 1305 943 cor
1329 907 1578 944 corneum
1609 887 1827 957 (Ezeclt.

255 982 469 1052 xxxv1),
488 980 718 1036 docibile
733 980 940 1035 scilicet
969 981 1036 1034 ad
1061 980 1432 1050 evangelicam
1463 977 1830 1048 recipiendam

254 1072 591 1136 doctrinam,
638 1078 699 1123 ut
733 1078 990 1138 tanquam
1035 1069 1240 1138 lapides
1287 1069 1395 1122 vivi
1438 1068 1504 1122 ad
1555 1065 1832 1137 spirituale

251 1160 538 1214 a-difieium
587 1165 876 1227 aptentur,
928 1158 1021 1227 qui
1072 1173 1169 1228 per
1209 1157 1590 1212 discretionem
1633 1155 1830 1210 eruditi

252 1246 509 1311 doctoris,
542 1249 837 1317 amputatis
865 1249 1074 1302 actibus
1116 1255 1170 1304 et
1197 1246 1615 1318 cogitationibus
1645 1260 1833 1316 super-

251 1336 392 1404 fluis,
422 1339 569 1394 velut
614 1341 721 1394 ictu
769 1339 1107 1409 quadrautur
1152 1339 1381 1394 securis.
1415 1337 1576 1404 Lapis
1627 1335 1830 1390 etenim

250 1433 489 1500 quadrus
534 1433 588 1486 in
630 1433 990 1503 quodcunque
1029 1430 1172 1486 latus
1211 1445 1403 1485 versus
1448 1428 1635 1491 fuerit,
1681 1440 1833 1496 aeque

250 1527 359 1574 stat
388 1518 588 1591 [Greg.,
635 1520 728 1575 lib.
771 1537 810 1575 ιι
852 1536 1009 1589 super
1041 1519 1263 1584 Exacta,
1311 1519 1454 1572 hom.
1495 1514 1610 1588 2!].
1645 1513 1832 1570 Justus

247 1624 381 1664 vero
407 1610 500 1679 qui
528 1609 582 1665 in
608 1610 1061 1680 prosperitatibus
1075 1625 1180 1664 non
1203 1609 1465 1672 elevatur,
1491 1606 1833 1662 adversitati-

247 1699 352 1754 ltus
387 1713 496 1754 non
526 1698 817 1770 frangitur,
856 1699 1348 1769 vituperationibus
1388 1713 1495 1752 non
1539 1694 1826 1764 dejicitur,

251 1787 599 1842 suasionibus
629 1788 697 1842 ad
742 1788 946 1842 malum
985 1803 1093 1842 non
1137 1788 1393 1850 trahitur,
1426 1785 1561 1856 lapis
1590 1785 1831 1856 quadrus

1931 603 2074 673 quod
2100 603 2318 674 decipit,
2365 603 2596 658 alterum
2623 604 2767 674 quod
2808 605 3022 676 probat.
3057 603 3369 662 Secundum
3415 608 3524 665 hoc

1931 695 2075 764 quod
2105 694 2325 765 decipit,
2354 696 2613 765 scriptum
2639 704 2758 751 est:
2788 694 2982 762 Nemo,
3007 713 3124 751 cum
3149 706 3400 764 tentatur,
3428 700 3517 754 di-

1931 795 2015 838 cat
2041 785 2178 856 quod
2204 803 2236 840 a
2266 785 2374 839 Deo
2415 795 2666 840 tentatur.
2705 785 2846 841 Deus
2877 789 3014 841 enim
3046 789 3308 843 neminem
3351 799 3516 844 tentat

1933 875 2141 948 (Iacob.
2160 875 2220 947 1).
2240 875 2547 932 Secundum
2574 878 2704 933 illud
2727 878 2869 948 quod
2894 877 3106 948 probat.
3131 879 3274 934 Deus
3299 882 3516 935 tentavit

1933 965 2198 1019 Abraham
2224 964 2377 1034 (Gen.
2407 967 2565 1037 x1111).
2597 969 2673 1022 De
2696 983 2802 1038 qua
2837 969 3135 1025 tentatione
3163 981 3218 1024 et
3241 971 3514 1040 Propheta

1933 1055 2211 1125 postulans
2231 1055 2518 1111 Dominum
2541 1058 2688 1112 dicit.
2714 1056 2891 1112 Proba
2917 1075 3018 1124 me,
3047 1059 3350 1124 Domine,et
3372 1071 3514 1116 tenta

1931 1162 2013 1199 me
2057 1144 2228 1218 (Psal.
2260 1148 2409 1221 xxv).
2444 1149 2718 1220 Scriptum
2746 1159 2830 1206 est
2860 1159 2913 1206 et
2941 1152 3068 1206 alibi
3117 1169 3132 1206 :
3181 1151 3318 1207 Vasa
3360 1153 3514 1224 figuli

1930 1237 2113 1308 probat
2139 1239 2350 1307 fornax,
2380 1241 2614 1294 homines
2645 1250 2818 1294 autem
2841 1242 3017 1311 justas
3047 1247 3265 1298 tentatio
3291 1246 3515 1300 tribula-

1932 1323 2708 1400 tionis(Eccli.xxvu).[Greg.,
2760 1329 2963 1384 Homil.
3007 1333 3063 1385 in
3105 1331 3334 1403 Evang.,
3369 1334 3408 1388 ι.
3459 1353 3511 1399 1.,

1931 1415 2072 1467 hom.
2104 1414 2213 1487 16.]
2245 1416 2441 1472 Tribus
2471 1417 2615 1472 enim
2657 1419 2832 1474 modis
2863 1421 3089 1476 teutatio
3121 1423 3298 1492 agitur
3327 1442 3339 1476 :
3376 1423 3514 1495 Sug—

1931 1505 2193 1574 gestione,
2241 1505 2620 1574 delectatione,
2670 1522 2959 1564 consensu.
3019 1509 3376 1583 Suggestione
3416 1513 3514 1567 ho-

1931 1596 2052 1661 stis,
2084 1597 2441 1652 delectatione
2467 1606 2648 1653 autem
2678 1599 2762 1654 vel
2799 1600 2964 1654 etiam
2994 1617 3264 1657 consensu
3311 1610 3512 1658 nostra:

1931 1685 2260 1757 fragilitatis.
2299 1686 2452 1754 Quod
2494 1689 2541 1744 si
2571 1690 2731 1744 hoste
2765 1700 3088 1762 suggerente
3120 1691 3378 1746 delectari
3418 1701 3513 1746 aut

1930 1779 2239 1835 consentire
2266 1789 2489 1850 peccato
2520 1780 2795 1846 nolumus,
2832 1783 3059 1837 tentatio
3089 1783 3206 1852 ipsa
3234 1782 3394 1838 nobis
3440 1783 3509 1838 ad

248 1884 350 1932 est.
383 1877 536 1932 Sicut
563 1878 709 1932 enim
750 1878 940 1934 ordine
967 1877 1172 1948 lapides
1197 1877 1250 1932 in
1281 1877 1489 1947 pariete
1518 1883 1824 1945 portantur,
1858 1879 1902 1938 Β
1928 1867 2211 1922 victoriam
2237 1871 2503 1938 provenit,
2528 1885 2634 1940 qua
2660 1886 2915 1926 coronam
2943 1873 3070 1928 vitae
3091 1889 3402 1928 mereamur
3423 1889 3511 1930 ac-

249 1967 339 2021 alii
369 1967 437 2022 ab
465 1968 618 2032 aliis;
649 1967 723 2022 ita
750 1976 1036 2037 portantur
1057 1968 1243 2023 fideles
1262 1984 1293 2022 a
1319 1966 1748 2036 przecedentibus
1765 1965 1825 2019 in

246 2055 489 2110 Ecclesia
510 2055 692 2124 justis.
726 2056 953 2111 Portant
979 2064 1034 2111 et
1061 2056 1163 2126 ipsi
1192 2071 1289 2126 per
1318 2055 1620 2111 doctrinam
1659 2063 1715 2108 et
1743 2063 1826 2108 to-

245 2145 533 2201 lerantiam
563 2159 874 2218 sequentes,
903 2155 958 2202 et
997 2146 1101 2201 hoc
1120 2146 1309 2202 ordine
1337 2144 1426 2199 alii
1457 2145 1526 2199 ab
1553 2144 1676 2198 aliis
1703 2157 1826 2213 por-

247 2243 433 2290 tantur
465 2235 601 2304 justi
644 2252 816 2308 usque
842 2236 909 2291 ad
952 2236 1203 2291 ultimum
1232 2235 1461 2304 justum.
1494 2234 1594 2301 Qui
1625 2249 1748 2289 cum
1793 2249 1823 2288 a

244 2329 517 2396 prioribus
562 2337 832 2398 portetur,
862 2345 1023 2399 quem
1050 2336 1268 2399 portare
1298 2329 1512 2393 debeat,
1556 2327 1670 2396 ipse
1715 2340 1821 2380 non

244 2417 466 2473 habebit
493 2427 829 2488 sequentem.
860 2417 962 2485 Qui
991 2428 1173 2472 autem
1203 2432 1364 2473 omne
1384 2415 1672 2472 aedificium
1696 2431 1824 2486 por-

244 2514 341 2572 tat,
369 2516 424 2561 et
450 2507 565 2576 ipse
609 2523 641 2562 a
691 2508 906 2563 nemine
950 2515 1220 2576 portatur,
1253 2507 1517 2562 Dominus
1545 2513 1629 2562 est
1664 2504 1823 2560 Chri-

242 2606 380 2653 stus.
414 2598 569 2653 Unde
601 2607 655 2652 et
681 2597 816 2668 lapis
846 2614 874 2652 a
899 2597 1160 2669 propheta
1199 2598 1458 2668 pretiosus
1481 2606 1724 2661 vocatur,
1764 2596 1821 2650 in

244 2687 590 2756 fundamento
620 2689 899 2759 fundatus
930 2687 1066 2755 (Isa.
1098 2687 1314 2759 xxvm).
1341 2687 1475 2742 Item
1501 2688 1653 2743 vivos
1682 2686 1821 2758 lapi-

239 2778 338 2834 des
377 2778 670 2849 Apostolus
699 2778 930 2849 appellat
960 2779 1184 2842 electos,
1216 2787 1277 2832 ut
1303 2786 1556 2833 conatum
1578 2777 1818 2834 insinuet

240 2868 396 2923 bona:
435 2869 664 2924 actionis
691 2884 900 2924 eorum.
939 2868 1131 2923 Mortui
1170 2881 1421 2938 namque,
1453 2868 1506 2924 id
1533 2875 1617 2923 est
1643 2875 1820 2924 mate-

238 2957 402 3013 riales
438 2958 664 3028 lapides,
696 2959 1002 3029 ubicunque
1031 2974 1061 3012 a
1099 2967 1368 3014 structore
1387 2959 1548 3028 positi
1582 2957 1816 3026 fuerint,

240 3048 627 3103 insensibiliter
652 3057 896 3114 manent,
927 3059 1019 3102 aut
1042 3049 1204 3104 etiam
1231 3047 1367 3119 lapsi
1397 3047 1669 3103 decidunt.
1699 3047 1816 3103 Non

239 3150 370 3207 ergo
390 3152 487 3191 nos
511 3138 702 3193 beatus
721 3137 917 3192 Petrus
946 3138 1134 3192 talium
1161 3137 1398 3208 lapidum
1425 3138 1816 3194 insensibilita-

241 3236 348 3282 tem
378 3229 492 3284 vult
518 3230 740 3296 imitari,
774 3231 868 3286 sed
910 3239 1168 3302 tanquam
1213 3232 1418 3302 lapides
1446 3234 1598 3288 vivos
1628 3223 1816 3288 fuuda-
1845 3209 1889 3270 (ἶ

239 3329 424 3375 mento
451 3321 654 3377 Christi
702 3325 1155 3394 superzedilicari;
1215 3335 1274 3380 ut
1302 3327 1556 3384 videlicet
1592 3326 1817 3396 juvante

238 3426 338 3466 nos
363 3413 538 3482 gratia
565 3413 682 3480 Dei,
713 3414 886 3468 sobrie
923 3425 971 3470 et
984 3415 1131 3487 juste
1157 3426 1206 3470 et
1249 3417 1333 3486 pie
1361 3417 1592 3472 vivamus
1622 3419 1678 3472 in
1720 3418 1816 3472 hoc

234 3501 428 3556 stacqu
456 3503 581 3576 (Tit.
614 3503 698 3576 ιι).
732 3505 1012 3576 Tanquam
1048 3507 1185 3577 lapis
1213 3523 1343 3578 ergo
1389 3508 1546 3564 vivus
1572 3508 1814 3564 aedifica-

235 3601 327 3648 tur
365 3609 396 3648 a
421 3593 637 3652 Christo
662 3596 716 3651 in
747 3597 907 3652 domo
933 3596 1070 3672 ejus,
1121 3599 1450 3670 quicunque,
1484 3601 1721 3654 donante
1761 3609 1817 3655 et

236 3683 531 3756 adjuvante
560 3687 700 3758 ipso,
727 3689 888 3744 bonis
910 3688 1214 3746 indefessus
1239 3690 1490 3762 insistere
1515 3699 1671 3746 curat
1697 3705 1819 3760 ope-

235 3778 408 3833 ribus.
437 3778 496 3833 ln
533 3779 729 3849 templo
756 3794 887 3851 ergo
904 3781 1029 3837 vivo
1055 3791 1110 3836 et
1138 3791 1331 3837 sancto
1357 3798 1466 3838 non
1493 3790 1720 3853 possunt
1741 3782 1820 3836 la-

233 3868 387 3940 pides
413 3869 560 3939 poni,
593 3869 697 3924 nisi
726 3870 834 3925 vivi
863 3880 918 3926 et
943 3872 1136 3926 sancti.
1164 3873 1309 3944 Ergo
1333 3874 1482 3929 omni
1509 3873 1694 3929 labore
1735 3875 1812 3928 ni-

235 3958 457 4013 tendum
486 3967 570 4015 est
598 3968 658 4014 ut
685 3961 854 4018 simus
896 3961 972 4016 illi
998 3963 1205 4033 lapides
1226 3965 1293 4020 de
1323 3965 1521 4035 quibus
1551 3965 1814 4034 scriptum

235 4054 321 4101 est
352 4065 365 4101 :
391 4046 615 4119 Lapides
655 4050 756 4104 vivi
781 4051 1061 4108 volvuntur
1093 4070 1252 4124 super
1277 4052 1689 4124 terram'(Zach.
1737 4069 1815 4118 1x,

225 4137 388 4207 juxta
419 4137 589 4212 LXX)
627 4181 642 4208 ,
695 4151 749 4198 et
784 4158 906 4198 cum
955 4144 1216 4200 fuerimus
1240 4146 1349 4200 vivi
1379 4145 1604 4215 lapides,
1654 4153 1709 4199 et
1747 4161 1814 4200 ex

234 4227 384 4282 omni
411 4237 568 4298 parte
589 4230 777 4298 dolati,
807 4232 1136 4288 aedificentur
1159 4233 1213 4286 in
1243 4234 1499 4303 templum
1527 4252 1540 4287 :
1565 4243 1619 4289 et
1644 4234 1818 4290 simus

234 4332 362 4372 cum
406 4321 664 4390 apostolis
719 4331 775 4377 et
816 4324 1099 4394 prophetis
1141 4324 1497 4379 habitaculum
1549 4325 1646 4379 Dei
1692 4343 1817 4380 san-

233 4418 398 4474 ctum,
429 4410 724 4480 spirituale,
757 4428 861 4467 non
884 4413 1244 4483 manufactum
1275 4413 1433 4468 (Πρὸ.
1469 4420 1567 4484 1x).

815 4503 1043 4560 CAPUT
1081 4505 1215 4560 LXI.

538 4627 540 4629 ›
625 4593 701 4649 De
726 4596 1031 4665 su/ferentia
1061 4597 1423 4652 tentationum.

317 4683 510 4738 Beatus
536 4687 616 4738 vir
657 4683 755 4756 (ait
781 4683 1014 4740 Iacobus
1043 4686 1337 4757 apostolus)
1369 4689 1459 4758 qui
1486 4689 1669 4756 sit/fert
1693 4699 1808 4742 ten-

235 4773 507 4838 tationem,
536 4775 784 4844 quoniam
813 4791 931 4828 cum
955 4771 1206 4845 probatus
1239 4775 1418 4844 fuerit,
1453 4779 1672 4848 accipiet
1714 4795 1808 4831 co-

239 4878 422 4916 ronam
473 4865 613 4929 vita,
652 4881 809 4935 quam
857 4865 1149 4936 repromisit
1200 4865 1339 4920 Deus
1383 4865 1718 4937 diligentibus
1755 4884 1811 4922 se

240 4950 449 5020 (Iacob.
481 4951 544 5022 1).
574 4952 709 5008 Huic
739 4953 912 5007 simile
938 4961 1024 5009 est
1047 4954 1176 5009 illud
1217 4955 1268 5008 in
1292 4955 1634 5027 Apocalypsi.
1684 4957 1809 5010 Esto

238 5039 410 5108 ﬁdelis
439 5058 600 5111 usque
629 5041 698 5095 ad
726 5052 965 5107 mortem,
1012 5053 1059 5097 et
1086 5043 1220 5097 dabo
1267 5044 1360 5097 tibi
1387 5061 1634 5099 coronam
1664 5046 1807 5111 vitae,

237 5144 394 5197 quam
410 5131 720 5199 repromisit,
739 5130 935 5199 inquit,
957 5130 1094 5185 Deus
1107 5130 1441 5202 diligentibus
1457 5149 1511 5186 se
1525 5131 1707 5204 (Apoc.
1725 5133 1808 5202 11).

238 5216 439 5287 Aperte
469 5217 766 5272 admonens
787 5219 912 5287 quia
939 5229 1090 5273 tanto
1111 5219 1341 5289 amplius
1364 5221 1600 5290 gaudere
1621 5221 1673 5274 in
1697 5229 1814 5275 ten-

239 5308 536 5364 tationibus
573 5318 804 5380 oportet,
839 5319 1042 5380 quanto
1085 5310 1288 5366 certius
1315 5309 1486 5365 claret
1534 5311 1704 5365 Deum
1747 5311 1812 5365 iis

238 5412 376 5469 quos
403 5397 578 5470 diligit
618 5397 796 5467 majus
840 5415 982 5470 saepe
1011 5400 1368 5455 tentationum
1397 5402 1605 5472 pondus
1633 5401 1808 5470 impo—

241 5503 390 5554 nere,
420 5496 481 5543 ut
506 5487 716 5545 scilicet
733 5503 828 5558 per
853 5491 1211 5545 tentationum
1229 5492 1547 5546 exercitium
1577 5493 1812 5561 proben-

242 5588 330 5632 tur
356 5578 409 5633 in
434 5577 538 5633 fide
565 5577 811 5648 perfecti.
834 5577 966 5633 Cum
991 5589 1171 5636 autem
1193 5580 1403 5651 probati
1431 5580 1633 5636 fuerint
1658 5598 1812 5638 vera-

241 5671 376 5723 citer
399 5683 520 5725 esse
546 5669 750 5734 fideles,
780 5670 884 5726 hoc
905 5679 1008 5736 est,
1035 5671 1257 5741 perfecti
1285 5681 1341 5728 et
1363 5673 1555 5745 integri
1580 5675 1632 5728 in
1663 5675 1809 5732 nullo

241 5761 572 5830 deﬁcientes,
613 5761 734 5832 jure
763 5764 1025 5834 accipient
1056 5765 1379 5836 promissam
1422 5777 1637 5822 acterna:
1689 5767 1812 5824 vita:

1928 1957 2129 2026 cipere.
2159 1956 2420 2013 Tentatus
2465 1967 2548 2014 est
2573 1957 2674 2013 Iob
2711 1960 3100 2031 multipliciter,
3131 1961 3225 2016 sed
3255 1962 3381 2031 quia
3407 1977 3510 2017 nec

1924 2052 2315 2120 possessiones,
2362 2068 2463 2108 nec
2511 2054 2739 2110 salutem
2789 2056 3074 2130 corporis,
3103 2056 3285 2112 divino
3334 2055 3507 2112 amori

1925 2151 2316 2213 praeposuerat,
2352 2144 2546 2198 tentari
2580 2144 2797 2214 quidem
2829 2145 3172 2217 suggestione
3196 2145 3380 2200 hostili
3410 2161 3508 2216 po-

1926 2233 2051 2298 tuit,
2103 2235 2196 2290 sed
2245 2235 2552 2289 consentire
2602 2235 2686 2289 vel
2734 2235 2924 2290 saltem
2970 2235 3227 2292 delectari
3258 2244 3506 2306 peccato,

1925 2324 2232 2381 nullatenus
2262 2325 2494 2381 valebat.
2528 2326 2676 2380 Dixit
2705 2326 2870 2380 abbas
2893 2326 3162 2381 Antonius
3189 2326 3373 2381 abbati
3403 2326 3506 2381 Pa-

1924 2414 2059 2470 stbri
2106 2415 2265 2470 :lloc
2293 2425 2376 2470 est
2423 2431 2678 2486 magnum
2708 2431 2842 2486 opus
2889 2416 3142 2481 hominis,
3187 2424 3248 2470 ut
3292 2416 3504 2486 culpam

1921 2521 2075 2562 suam
2105 2521 2270 2575 super
2294 2507 2530 2575 seipsum
2570 2507 2947 2577 unusquisque
2975 2515 3145 2578 ponat
3168 2523 3352 2563 coram
3394 2507 3504 2562 Do-

1922 2595 2094 2661 mino,
2135 2603 2191 2650 et
2231 2604 2509 2666 exspectet
2553 2597 2907 2653 tentationem
2943 2613 3112 2668 usque
3141 2600 3222 2676 ad.
3256 2599 3505 2654 ultimum

1919 2686 2046 2742 vitae
2080 2702 2193 2742 suae
2219 2697 2450 2757 tempus.
2501 2687 2722 2743 Dicebat
2767 2689 2988 2759 quidam
3017 2705 3186 2746 senex
3233 2709 3246 2745 :
3279 2691 3506 2758 Quando

1921 2789 2219 2846 tentamur,
2268 2788 2399 2836 tunc
2443 2781 2616 2851 magis
2639 2781 3008 2836 humiliamur.
3058 2782 3326 2849 Quoniam
3363 2783 3506 2838 Deus

1920 2874 2101 2929 sciens
2132 2871 2502 2927 inﬁrmitatem
2530 2879 2794 2937 nostram,
2817 2873 3054 2943 protegit
3088 2888 3218 2940 nos;
3245 2873 3291 2930 si
3322 2881 3504 2928 autem

1919 2961 2236 3036 gloriamur,
2262 2963 2438 3018 aufert
2469 2979 2500 3018 a
2530 2963 2688 3019 nobis
2711 2964 3105 3032 protectionem
3132 2980 3309 3027 suam,
3333 2973 3390 3020 et
3411 2979 3501 3035 pe-

1920 3055 2111 3110 rimus.
2143 3053 2516 3118 Narraveruut
2543 3055 2610 3109 de
2638 3054 2873 3123 quodam
2904 3068 3032 3110 sene
3060 3055 3188 3124 quia
3226 3056 3422 3110 sedens
3447 3056 3502 3110 in

1921 3145 2080 3211 cella,
2109 3153 2164 3200 et
2192 3145 2468 3200 sustinens
2492 3145 2838 3209 tentationes,
2865 3145 3084 3200 videbat
3103 3145 3374 3201 daemones
3390 3159 3505 3199 ma-

1921 3233 2120 3291 nifeste
2150 3244 2206 3290 et
2232 3221 2617 3290 contemnebat
2641 3249 2754 3290 eos.
2788 3234 2923 3290 Cum
2962 3243 3142 3290 autem
3171 3234 3418 3291 diabolus
3445 3251 3505 3291 se

1920 3326 2134 3382 videret
2158 3325 2301 3380 vinci
2325 3340 2354 3378 a
2384 3340 2536 3389 sene,
2565 3325 2734 3391 venit,
2764 3333 2819 3379 et
2842 3325 3133 3380 ostendens
3153 3340 3212 3380 se
3234 3325 3305 3389 ei,
3329 3314 3464 3379 dixit
3488 3342 3502 3378 :

1921 3417 2034 3488 Ego
2057 3430 2179 3470 sum
2206 3415 2478 3470 Christus.
2505 3415 2707 3470 Videns
2733 3425 2915 3470 autem
2950 3430 3074 3472 eum
3097 3413 3507 3478 senex,clausit

1920 3508 2107 3564 oculos
2132 3523 2280 3562 suos.
2312 3507 2382 3562 Et
2405 3507 2542 3562 dixit
2563 3506 2612 3560 ei
2641 3505 2922 3561 diabolus:
2951 3505 3064 3577 Ego
3089 3521 3208 3561 sum
3229 3504 3500 3571 Christus,

1921 3595 2092 3668 quare
2125 3595 2367 3652 clausisti
2397 3595 2586 3651 oculos
2634 3595 2790 3650 tuos?
2821 3595 2888 3649 Et
2931 3594 3264 3665 respondens
3303 3606 3503 3659 senex,

1921 3691 2059 3748 dixit
2085 3691 2135 3746 ei
2166 3706 2181 3745 :
2211 3690 2324 3762 Ego
2347 3689 2627 3746 Christum
2669 3690 2758 3745 hic
2801 3688 2925 3744 nolo
2951 3688 3156 3755 videre,
3192 3687 3286 3743 sed
3315 3686 3371 3742 in
3412 3684 3506 3742 illa

1918 3784 2048 3839 vita.
2076 3782 2320 3838 Audiens
2341 3783 2458 3838 hmo
2486 3781 2752 3846 diabolus,
2783 3797 2890 3836 non
2916 3779 3236 3851 comparuit.

2493 3871 2720 3928 CAPUT
2758 3871 2916 3926 1.1111.
2970 3855 2975 3860 ’

2091 3961 2168 4015 De
2197 3961 2488 4031 cognitione
2513 3959 2724 4013 Domini
2754 3960 2922 4012 nostri
2945 3958 3074 4014 Iesu
3096 3959 3289 4014 Christi

1991 4048 2186 4104 Petrus
2231 4048 2507 4118 apostolus
2554 4049 2631 4102 ait
2675 4066 2687 4100 :
2736 4045 2923 4101 Gratia
2955 4048 3096 4102 vobis
3121 4058 3170 4102 et
3197 4065 3304 4118 pax
3325 4049 3501 4103 adim-

1919 4139 2126 4209 pleatur
2175 4140 2232 4192 in
2278 4139 2574 4209 cognitione
2620 4137 2835 4191 Domini
2882 4139 3047 4191 nostri
3095 4137 3225 4192 Iesu
3270 4137 3496 4203 Christi,

1917 4230 2176 4300 quomodo
2207 4230 2383 4283 omnia
2416 4230 2564 4284 nobis
2589 4229 2781 4284 divina:
2807 4230 3011 4284 virtutis
3037 4246 3148 4284 sua:
3175 4230 3246 4284 ad
3267 4231 3430 4286 vitam
3451 4241 3501 4287 et

1917 4322 2162 4390 pietatem
2197 4321 2393 4374 donata
2419 4330 2540 4374 sunt
2570 4337 2663 4391 per
2687 4320 3034 4390 cognitionem
3087 4320 3200 4393 ejus
3227 4320 3317 4391 qui
3347 4337 3500 4378 voca-

1922 4413 1987 4466 rit
2015 4427 2108 4465 nos
2127 4410 2340 4481 propria
2370 4409 2540 4480 gloria
2563 4420 2613 4463 et
2638 4411 2828 4464 virtute
2851 4409 2938 4482 (ll
2964 4407 3110 4465 Petr.
3159 4409 3220 4482 1).
3247 4411 3327 4466 Ac
3350 4411 3396 4466 si
3420 4411 3502 4466 di-

1922 4510 2068 4556 ceret
2095 4519 2108 4554 :
2139 4501 2514 4570 Adimpleatur
2540 4500 2694 4556 vobis
2721 4501 2897 4572 gratia
2925 4500 2980 4556 in
3007 4515 3092 4567 eo,
3126 4509 3186 4555 ιιι
3211 4500 3497 4556 Dominum

1922 4600 2164 4646 nostrum
2197 4590 2384 4646 Iesum
2430 4591 2704 4647 Christum
2744 4593 2983 4662 perfecte
3026 4593 3384 4664 cognoscatis.
3431 4593 3500 4649 Et

1915 4685 2017 4738 hoc
2045 4699 2262 4754 quoque
2310 4685 2486 4738 adhuc
2527 4700 2624 4755 per
2665 4699 2789 4740 eum
2833 4687 3194 4756 cognoscatis,
3228 4687 3499 4757 quomodo

1914 4775 2093 4830 omnia
2119 4775 2276 4830 nobis
2301 4775 2496 4830 divinae
2521 4775 2740 4829 virtutis
2761 4791 2874 4830 suae
2895 4777 3092 4832 donata
3115 4786 3242 4832 sunt
3259 4792 3358 4848 per
3381 4776 3499 4847 ejus

1911 4866 2165 4935 gratiam,
2189 4881 2310 4936 quae
2339 4866 2407 4921 ad
2433 4867 2602 4920 vitam
2631 4867 2979 4928 obtinendam
3005 4876 3058 4923 et
3082 4869 3344 4939 pietatem
3370 4883 3497 4923 con-

1912 4957 2238 5026 servandam
2283 4957 2570 5014 sulliciant.
2620 4959 2759 5026 Quia
2806 4969 3012 5032 quanto
3057 4962 3182 5033 quis
3208 4959 3500 5032 perfectius

1917 5047 2203 5102 Dominum
2237 5051 2539 5118 cognoscit,
2575 5059 2727 5107 tanto
2759 5049 2921 5108 altius
2945 5053 3343 5124 promissorum
3381 5054 3500 5124 ejus

1915 5138 2340 5206 magnitudinem
2372 5141 2555 5196 sentit.
2589 5140 2727 5196 Hinc
2754 5149 2809 5196 et
2836 5141 3036 5198 Paulus
3059 5145 3132 5199 ait
3163 5163 3176 5198 :
3207 5145 3288 5198 Ad
3330 5161 3495 5214 agno-

1913 5225 2163 5279 scendum
2220 5224 2370 5280 illum
2397 5237 2446 5282 et
2476 5228 2721 5286 virtutem
2758 5234 3158 5288 resurrectionis
3191 5235 3308 5304 ejus
3334 5232 3493 5304 (Phi-

1914 5314 2006 5384 lip.
2039 5315 2143 5387 111).
2175 5313 2424 5387 Cognitio
2449 5318 2591 5373 enim
2635 5323 2879 5391 mysterii
2926 5324 3316 5380 incarnationis
3341 5323 3492 5392 ejus,

1917 5405 2186 5475 passionis
2233 5414 2289 5460 et
2334 5409 2770 5476 resurrectionis,
2817 5412 3083 5482 perfectio
3137 5414 3263 5468 vitae
3311 5421 3394 5468 est
3441 5423 3498 5468 et

1918 5497 2207 5554 thesaurus
2237 5499 2539 5568 sapientiae.
2569 5499 2676 5556 Per
2706 5503 3070 5574 cognitionem
3099 5505 3244 5559 enim
3271 5501 3490 5558 Domini

1917 5599 1972 5646 ct
1998 5588 2300 5645 Salvatoris
2330 5592 2507 5646 nostri
2551 5589 2678 5647 Iesu
2728 5593 2931 5649 Christi
2979 5595 3161 5651 omnia
3193 5593 3496 5649 divinitatis

1919 5679 2035 5750 ejus
2062 5679 2321 5752 mysteria
2346 5681 2545 5752 quibus
2573 5683 2866 5747 salvatnur,
2895 5683 3256 5754 agnoscimus.
3292 5681 3490 5752 Tripli-

1921 5771 2057 5826 citcr
2085 5769 2231 5825 enim
2263 5771 2330 5827 ad
2361 5772 2693 5842 agnitionem
2740 5772 2943 5829 Christi
2976 5773 3176 5841 venire,
3208 5772 3492 5843 Scriptura
