3940 6422
437 415 543 471 659

438 533 597 587 teste,
629 520 936 576 didicrmus.
977 514 1223 569 Primum
1248 519 1309 568 ut
1332 511 1619 568 credamus
1658 525 1783 566 eum
1822 508 2022 564 Filium
2051 517 2102 575 Α

437 633 558 674 esse
582 614 678 670 Dei
708 611 888 667 Patris
918 606 1332 683 omnipotentis,
1376 613 1432 661 et
1459 620 1586 660 cum
1615 602 1775 658 Patre
1800 610 1857 661 et
1898 600 2029 672 Spi;

438 709 546 763 ritu
578 713 772 761 saneto
799 717 973 759 unum
1002 714 1125 756 esse
1150 699 1318 755 Deum
1350 698 1405 753 in
1430 697 1718 752 Trinitate.
1745 691 2017 758 Secundo,

436 809 495 854 ut
518 798 809 869 diligamus
834 809 959 850 eum
990 808 1055 847 ea:
1079 800 1188 845 toto
1218 789 1395 854 corde,
1420 797 1530 843 tota
1560 787 1762 850 anima,
1788 794 1896 839 tota
1918 784 2022 838 uir-

437 900 547 945 tute
571 887 791 961 (Matth.
864 884 1027 956 xxn),
1057 883 1183 962 quia
1212 890 1275 937 ut
1300 878 1541 937 Joannes
1568 879 1645 933 ait
1669 896 1682 932 :
1714 875 1898 931 Omnis
1932 875 2024 947 qui

436 979 633 1051 diligit,
678 975 883 1041 exDeo
931 988 1089 1029 natus
1129 982 1228 1038 est,
1284 981 1332 1026 et
1375 972 1639 1047 cognoscit
1677 967 1866 1022 Deum.
1920 964 2023 1031 Qui

438 1092 543 1130 non
571 1073 766 1145 diligit,
816 1087 921 1125 non
961 1069 1102 1124 norit
1129 1084 1247 1123 eum
1276 1064 1331 1138 (1
1358 1063 1522 1119 Joan.
1571 1063 1668 1136 iv).
1705 1062 1928 1127 Tertio,
1976 1060 2023 1116 si

438 1162 699 1218 mandata
752 1159 873 1231 ejus
900 1172 1207 1221 servamus,
1245 1154 1437 1211 eodem
1473 1151 1685 1207 Joanne
1740 1159 1879 1206 teste
1932 1152 2026 1220 qui

441 1254 520 1309 ait
558 1235 583 1307 ἐ
619 1252 724 1319 Qui
747 1249 875 1306 dicit
921 1265 1073 1304 nosse
1128 1248 1322 1313 Deum,
1360 1256 1408 1301 et
1442 1244 1695 1305 mandata
1756 1244 1871 1320 ejus
1922 1260 2028 1297 non

438 1340 666 1396 custodit
691 1338 920 1393 mendax
955 1347 1028 1392 est
1074 1336 1127 1409 (I
1154 1334 1316 1391 Joan.
1362 1334 1447 1407 ιι).
1481 1334 1539 1389 in
1575 1334 1680 1395 hoc
1722 1334 1868 1394 enim
1916 1332 2026 1395 sci-

439 1448 563 1488 mus
605 1430 866 1502 quoniam
911 1429 1267 1500 cognovimus
1309 1442 1468 1493 cum,
1519 1427 1564 1483 si
1602 1424 1859 1480 mandata
1914 1422 2031 1493 ejus

439 1523 820 1588 observamus,
846 1530 903 1577 et
943 1522 1205 1576 virtutem
1233 1516 1653 1574 resurrectionis
1682 1512 1823 1583 ejus.
1852 1513 2032 1583 Agno-

443 1615 651 1671 scimus
672 1615 818 1671 cnim
837 1612 1098 1668 virtutem
1127 1607 1548 1667 resurrectionis
1569 1605 1796 1670 Christi,
1814 1602 2033 1675 quando

443 1708 721 1766 credimus
745 1706 890 1777 quod
920 1705 1062 1759 Deus
1092 1701 1361 1758 suscitarit
1389 1715 1528 1765 eum,
1573 1706 1623 1752 et
1661 1713 1755 1751 nos
1782 1710 1901 1750 cum
1939 1692 2033 1758 illo

443 1800 716 1856 suscitabit
754 1814 850 1869 per
898 1797 1144 1852 uirtutem
1189 1808 1344 1849 suam
1374 1790 1425 1864 (Ι
1452 1789 1577 1845 Cor.
1609 1787 1710 1859 vt),
1740 1795 1797 1843 et
1822 1801 1852 1839 a
1881 1785 2032 1840 dam-

1713 394 2062 454 SMARACDI
2100 390 2390 449 ABBATIS

3606 381 3718 439 660

2692 502 2919 559 CAPUT
2956 500 3120 557 LXIV

2124 597 2219 654 Ut-
2240 595 2567 653 ambulemus
2614 599 2780 667 digne
2803 594 2949 667 Deo,
2974 603 3023 649 et
3046 593 3384 667 _impleamur
3440 592 3721 666 agnitione

2563 728 2587 741 ί
2674 664 2982 719 ὐοιιιηεαιὶε
3006 665 3140 735 ejus.

2193 781 2326 837 Post
2370 788 2653 850 acceptam
2694 778 2839 833 sacri
2888 776 3233 849 baptismatis
3270 780 3493 843 undam,
3529 785 3587 834 et
3619 792 3723 849 per

2124 886 2318 927 manus
2370 870 2773 940 impositionem
2825 867 3068 940 episcopi
3105 876 3414 937 susceptam
3476 867 3721 939 Spiritus

2126 962 2302 1017 sancti
2335 960 2590 1032 gratiam,
2627 959 2972 1029 potissimum
3021 967 3106 1013 est
3148 958 3354 1013 homini
3380 958 3593 1029 impleri
3635 974 3720 1013 co-

2125 1053 2357 1123 gnitione
2378 1050 2659 1105 voluntatis
2689 1049 2787 1103 Dei
2814 1047 3042 1120 (Coloss.
3068 1046 3131 1120 ι),
3158 1056 3305 1104 utea
3331 1064 3451 1120 quas
3475 1057 3607 1105 sunt
3626 1065 3721 1104 vo-

2127 1142 2352 1197 luntatis
2385 1142 2481 1197 Dei
2512 1141 2692 1207 faciat,
2725 1149 2781 1196 et
2811 1141 2866 1195 in
2893 1140 3147 1196 omnibus
3189 1141 3484 1197 secundum
3523 1141 3723 1196 volun-

2129 1243 2296 1289 tatem
2324 1232 2442 1303 ejus
2470 1233 2637 1287 vivat.
2670 1231 2808 1300 Quia
2858 1240 3125 1303 quanttnn
3160 1232 3395 1303 quisque,
3417 1231 3725 1289 voluntatis

2129 1322 2225 1378 Dei
2254 1322 2507 1378 habuerit
2538 1322 2926 1394 cognitionem,
2955 1329 3168 1376 tantum
3193 1328 3249 1377 et
3275 1319 3577 1391 majestatis
3600 1321 3726 1391 ejus

2131 1413 2351 1485 habebit
2402 1414 2680 1479 timorem,
2720 1420 2776 1468 et
2802 1412 2983 1468 cordis
3013 1428 3142 1484 erga
3178 1428 3305 1467 eum
3354 1413 3557 1468 tenebit
3585 1413 3725 1467 diie-

2131 1504 2388 1570 ctionem,
2420 1513 2476 1560 et
2504 1505 2559 1558 in
2588 1513 2797 1558 tantum
2825 1504 2985 1575 digne
3024 1503 3135 1558 Deo
3163 1504 3365 1574 poterit
3393 1502 3680 1558 ambulare
3700 1545 3716 1569 ,

2131 1597 2266 1651 etin
2297 1603 2506 1650 tantum
2531 1595 2606 1650 illi
2644 1595 2884 1665 placere,
2914 1603 2972 1651 et
2995 1595 3050 1649 in
3074 1596 3225 1650 omni
3252 1600 3416 1665 opere
3436 1594 3581 1650 bono
3603 1593 3726 1649 fru-

2133 1688 2395 1743 ctiﬁcare.
2442 1686 2536 1742 Ille
2579 1701 2710 1755 ergo
2754 1686 2915 1756 digne
2954 1685 3066 1741 Deo
3108 1685 3370 1751 ambulat,
3422 1685 3516 1756 qui
3556 1684 3727 1742 ﬁdem

2133 1794 2297 1850 quam
2346 1778 2399 1832 in
2448 1777 2776 1850 baptismate
2803 1792 2903 1848 per
2946 1776 3162 1832 Domini
3207 1777 3418 1848 accepit
3461 1778 3726 1847 gratiam,

441 1890 665 1947 natione
723 1865 915 1944 mortis
961 1885 1181 1955 eripuit,
1237 1892 1291 1938 et
1339 1888 1558 1954 ereptos
1606 1879 1663 1933 in
1708 1874 2024 1933 haereditate
2053 1881 2099 1940 B
2127 1867 2372 1941 quotidie
2400 1867 2660 1937 operibus
2684 1867 2844 1925 bonis
2873 1865 3203 1933 accumulat,
3235 1868 3328 1937 qui
3353 1867 3597 1922 membra
3619 1882 3729 1923 sua

443 1991 674 2048 interna,
704 1989 765 2036 ut
817 1980 979 2045 ﬁlios,
1029 1978 1098 2032 ad
1141 1975 1322 2031 Patris
1381 1958 1665 2029 dexteram
1713 1965 2024 2029 collocavit.

444 2056 671 2129 Octava.
700 2071 849 2126 enim
894 2069 983 2124 die
1030 2066 1294 2122 Dominus
1341 2079 1374 2118 a
1421 2060 1654 2118 mortuis
1702 2072 2027 2127 resurgens,

445 2161 757 2232 exemplum
785 2158 944 2226 nobis
968 2157 1166 2213 futura:
1187 2152 1606 2211 resurrectionis
1625 2159 1680 2205 et
1706 2148 2031 2221 mysterium

445 2251 687 2317 ostendit
715 2264 869 2305 nova:
898 2245 1354 2312 conversationis.

1013 2361 1243 2423 CAPUT
1281 2358 1463 2419 LXIII.

456 2479 537 2543 De
595 2477 982 2548 clariﬁcatione
1034 2475 1252 2531 Domini
1313 2473 1480 2528 nostri
1530 2470 1660 2529 Iesu
1728 2470 1925 2525 Christi
1978 2470 2034 2522 in

1132 2565 1352 2623 sanctis.

522 2682 605 2741 De
636 2681 869 2739 Domino
899 2680 1031 2738 Jesu
1064 2679 1285 2736 Christo
1323 2679 1404 2735 sic
1434 2677 1633 2733 Paulus
1663 2675 1940 2746 apostolus
1962 2674 2037 2729 di-

449 2773 529 2828 cit
553 2789 568 2826 :
594 2768 728 2826 Cum
751 2771 946 2826 uenerit
967 2768 1258 2843 gloriﬁcari
1278 2769 1333 2823 in
1360 2768 1557 2823 sanctis
1585 2768 1697 2822 suis
1728 2765 1817 2840 (II
1851 2765 2033 2820 Thess.

450 2862 517 2931 ι),
547 2861 639 2916 ille
665 2861 757 2932 qui
788 2861 844 2916 in
873 2860 1048 2932 gloria
1074 2858 1398 2915 naturaliter
1443 2874 1541 2914 sua
1570 2872 1787 2928 semper
1830 2855 2035 2928 glorio-

452 2968 571 3018 sus,
598 2967 924 3022 semperque
955 2960 1141 3007 manet
1164 2938 1519 3023 gloriﬁcatus,
1552 2950 1606 3005 in
1629 2948 1842 3018 judicio
1888 2948 2037 3020 (eum

451 3047 668 3101 venerit
682 3045 931 3115 judicare
969 3047 1125 3101 vivos
1157 3052 1213 3100 et
1240 3053 1486 3099 mortuos
1508 3085 1522 3110 ,
1553 3052 1610 3101 et
1637 3043 1897 3100 saeculum
1941 3058 2040 3113 per

451 3135 656 3210 ignem)
682 3135 1009 3209 gloriﬁcabit
1033 3145 1256 3197 sanctos
1285 3151 1436 3201 suos,
1467 3136 1584 3205 ipse
1611 3150 1737 3190 cum
1783 3133 1892 3188 illis
1918 3133 2036 3205 glo-

2131 1976 2251 2041 qua:
2276 1968 2401 2014 sunt
2430 1975 2594 2030 super
2629 1968 2830 2014 terram
2862 1958 3178 2025 mortiﬁcat,
3202 1968 3263 2014 ut
3287 1960 3398 2015 Deo
3421 1961 3729 2032 spirituali-

2132 2060 2217 2106 ter
2240 2052 2409 2116 vivat,
2441 2058 2498 2105 et
2524 2051 2575 2111 ei
2601 2050 2689 2110 cui
2718 2065 2777 2106 se
2802 2050 3075 2130 probavit,
3115 2052 3262 2124 juste
3291 2060 3348 2107 et
3373 2052 3459 2121 pie
3478 2052 3727 2121 vivendo
3777 2114 3785 2119 ,

2130 2145 2362 2224 placeat.
2412 2142 2523 2197 Deo
2586 2159 2681 2213 per
2734 2144 2909 2197 omnia
2960 2142 3221 2219 placentes
3281 2143 3491 2216 (lbid.).
3548 2144 3727 2201 Nemo

2132 2247 2262 2304 ergo
2296 2234 2407 2288 Deo
2447 2231 2683 2304 placere,
2716 2240 2770 2287 et
2815 2233 2883 2286 ad
2907 2248 3092 2287 veram
3121 2240 3301 2304 potest
3325 2234 3728 2291 beatitudinem

2132 2324 2443 2395 pervenire,
2476 2323 2580 2378 nisi
2607 2338 2704 2393 per
2734 2322 3214 2382 mortiﬁcationem
3240 2326 3497 2387 vitiorum
3538 2336 3596 2382 et
3624 2342 3725 2389 as-

2136 2415 2497 2486 sumptionem
2548 2414 2834 2480 virtutum,
2864 2430 2964 2484 per
3000 2413 3161 2469 ﬁdem
3201 2425 3405 2472 rectam
3437 2426 3493 2472 et
3520 2434 3728 2488 opera-

2139 2506 2644 2561 tionem‘sanctam.
2677 2507 2746 2561 Et
2788 2523 2966 2577 neque
3010 2508 3064 2562 in
3097 2508 3201 2564 hoc
3247 2510 3446 2565 szeculo
3476 2512 3595 2568 sine
3635 2512 3729 2569 bis

2139 2597 2351 2652 duabus
2396 2598 2562 2653 rebus
2610 2597 2677 2669 (si
2710 2606 2892 2652 tamen
2920 2599 3180 2669 aperandi
3208 2599 3446 2656 adfuerit
3488 2604 3728 2676 tempus)

2139 2690 2425 2759 quisquam
2475 2690 2925 2746 sanctilicationis
2957 2692 3310 2762 consequitur
3334 2694 3586 2765 gratiam,
3615 2711 3730 2752 'ue—

2140 2797 2245 2854 que
2276 2782 2332 2835 in
2377 2781 2560 2836 futuro
2589 2783 2757 2837 vitam
2801 2782 3102 2851 possidebit
3141 2792 3441 2839 mlcrnam:
3473 2785 3542 2841 In
3578 2790 3730 2842 omni

2141 2890 2293 2946 opere
2321 2872 2453 2927 bono
2496 2874 2876 2943 fructiﬁcantes
2921 2872 3137 2947 (Ibid.).
3178 2874 3273 2929 llic
3310 2876 3449 2933 bene
3494 2878 3551 2933 in
3574 2880 3731 2936 omni

2140 2982 2306 3036 opere
2348 2966 2490 3022 bono
2522 2965 2839 3032 fructiﬁcat,
2888 2967 2982 3036 qui
3012 2976 3239 3037 accepto
3279 2968 3332 3022 in
3363 2969 3545 3024 corde’
3566 2969 3731 3025 .verbi

2141 3056 2368 3121 semine,
2414 3063 2475 3110 ut
2504 3065 2650 3110 terra
2679 3056 2821 3112 bona
2850 3064 2906 3110 et
2927 3057 3155 3128 optima,
3194 3056 3344 3112 aliud
3371 3059 3720 3129 trigesimum.

2142 3146 2290 3201 aliud
2331 3147 2737 3217 sexagesimum,
2781 3145 2931 3200 aliud
2978 3164 3097 3201 vero
3122 3149 3458 3202 centesimum
3493 3150 3732 3219 fructum

452 3228 658 3295 riosus,
697 3234 754 3282 et
783 3226 1134 3299 gloriﬁcatus
1172 3240 1464 3297 apparens.
1501 3240 1532 3278 3
1573 3223 1821 3279 Claritate
1850 3231 2039 3294 Ροιθη·
2065 3235 2111 3296 C
2142 3238 2296 3307 a/fert
2328 3238 2385 3291 in
2410 3238 2666 3308 patientia
2696 3236 2847 3310 (Luc.
2878 3238 3020 3311 vm).
3054 3239 3119 3295 Et
3147 3240 3449 3296 notandum
3476 3242 3620 3311 quod
3645 3251 3732 3297 ta-

453 3319 543 3374 tias
564 3333 679 3375 sua:
710 3318 1020 3374 clariﬁcans
1054 3318 1179 3373 illos
1212 3334 1225 3370 :
1258 3318 1402 3377 sicut
1429 3324 1485 3371 et
1513 3316 1655 3371 idem
1678 3315 1826 3370 Patri
1857 3314 2038 3369 Domi-

454 3424 560 3465 nus
602 3408 681 3464 ait
722 3427 737 3463 :
770 3408 839 3464 Et
875 3408 1172 3464 claritatem
1197 3420 1356 3478 quam
1386 3406 1578 3460 dedisti
1624 3406 1774 3469 mihi,
1809 3404 1933 3459 dedi
1961 3406 2037 3459 eis

452 3499 640 3571 (Joan.
676 3498 836 3571 xv").
863 3499 933 3553 Et
957 3497 1126 3553 alibi:
1159 3495 1457 3567 Fulgébunt
1491 3495 1710 3565 (inquit)
1742 3495 1879 3564 justi
1903 3496 2038 3549 sicut

450 3588 559 3658 sol,
587 3591 644 3646 in
691 3605 850 3662 regno
886 3586 1070 3644 Patris
1096 3589 1202 3643 mei
1238 3586 1457 3658 (Matth.
1489 3587 1635 3657 xm).
1665 3587 1781 3653 Qua
1802 3586 2038 3657 gloriosa

409 3701 412 3704 ‘
451 3689 508 3736 et
531 3689 797 3752 perpetua
816 3679 990 3751 gloria
1011 3677 1325 3751 gloriﬁcati,
1351 3678 1407 3733 in
1440 3676 1650 3747 judicio
1672 3693 1796 3733 cum
1821 3677 2038 3733 Christo

453 3773 796 3845 apparebunt
821 3772 1004 3837 electi.
1030 3769 1229 3827 Veniet
1248 3787 1401 3843 ergo,
1432 3772 1615 3828 veniet
1641 3771 1695 3825 in
1717 3769 1924 3840 judicio
1945 3785 2039 3841 ap-

454 3878 650 3936 parere
678 3863 732 3918 in
762 3864 967 3919 sanctis
992 3864 1106 3920 suis
1134 3863 1487 3935 gloriﬁcatus,
1523 3864 1616 3935 qui
1647 3845 1850 3935 iniquis
1871 3877 2038 3932 appa-

454 3957 566 4012 ruit
592 3956 645 4012 in
670 3958 926 4028 passione
950 3973 1048 4014 sua
1076 3959 1385 4029 despectus.
1420 3959 1488 4013 Et
1517 3958 1612 4039 qui
1641 3967 1769 4015 ante
1798 3957 2037 4026 Pilatum

454 4057 510 4103 et
551 4048 834 4119 pontiﬁces
873 4049 1183 4105 Judaaorum
1229 4050 1283 4105 in
1312 4050 1490 4127 primo
1516 4051 1753 4106 adventu
1784 4050 2040 4121 apparuit

454 4140 677 4195 humilis
706 4148 763 4196 et
788 4140 1038 4212 pusillus,
1067 4141 1124 4196 in
1151 4141 1391 4197 secundo
1410 4140 1702 4213 gloriosus,
1727 4156 1962 4216 magnus
1983 4149 2039 4195 et

451 4234 701 4290 excelsus
726 4233 1009 4303 apparebit
1034 4234 1200 4299 Deus,
1227 4242 1285 4289 et
1305 4234 1646 4290 admirabilis
1673 4235 1791 4289 ﬁeri
1829 4233 1885 4288 iu
1915 4248 2039 4289 om-

454 4323 618 4380 nibus
650 4323 744 4395 qui
779 4324 1148 4381 crediderunt.
1198 4323 1319 4395 ipse
1361 4325 1507 4381 enim
1547 4326 1812 4381 Dominus
1851 4332 2041 4380 noster

454 4413 613 4470 Jesus
656 4414 930 4482 Christus,
959 4416 1052 4487 qui
1084 4431 1302 4486 semper
1338 4416 1674 4472 admirabilis
1710 4423 1797 4471 est
1835 4415 1893 4470 in
1939 4430 2038 4470 sua

454 4507 761 4575 divinitate,
791 4506 967 4564 lactus
994 4516 1079 4564 est
1101 4516 1158 4564 et
1188 4509 1346 4564 nobis
1370 4508 1707 4564 admirabilis
1733 4508 1788 4561 in
1814 4521 1911 4562 sua
1938 4507 2041 4561 hu-

2141 3328 2249 3383 cite
2279 3328 2383 3383 hoc
2413 3328 2468 3382 in
2498 3327 2619 3383 loco
2642 3343 2831 3382 eorum
2870 3327 3176 3384 desidiosas
3204 3330 3431 3400 corripit
3474 3338 3686 3387 mentes
3711 3368 3732 3398 ν

2141 3422 2234 3492 qui
2261 3423 2315 3477 in
2345 3422 2540 3479 melius
2587 3438 2697 3478 non
2728 3430 3002 3488 crescunt,
3053 3439 3156 3479 nec
3199 3425 3406 3480 bonum
3424 3418 3738 3496 'operantes

2140 3514 2197 3567 in
2233 3513 2527 3568 virtutibus
2573 3512 2902 3583 proﬁciunt,
2939 3513 3037 3569 sed
3087 3521 3297 3568 tantum
3332 3514 3438 3571 sibi
3480 3515 3736 3572 subicere

2141 3604 2387 3669 credunt,
2432 3604 2520 3661 vel
2552 3604 2682 3675 quia
2728 3619 2849 3659 non
2879 3613 3178 3675 operantur
3212 3603 3439 3669 malum,
3468 3604 3555 3660 vel
3595 3604 3732 3675 quia

2141 3695 2484 3766 reliquerunt
2512 3710 2743 3765 corpore
2769 3695 3031 3750 mundum
3074 3711 3088 3748 :
3115 3694 3425 3751 nescientes
3455 3695 3601 3764 quod
3631 3710 3735 3766 per

2140 3786 2406 3843 exercitia
2454 3786 2776 3856 sapientiae,
2832 3792 2887 3839 et
2934 3784 3346 3840 meditationem
3412 3792 3734 3840 sanctarum

2142 3880 2578 3950 Scripturarum,
2627 3886 2684 3933 et
2726 3893 2826 3949 per
2871 3877 3130 3932 virtutem
3179 3877 3446 3932 bonorum
3474 3892 3732 3947 operum.

2141 3985 2315 4025 novus
2370 3968 2615 4040 quotidie
2670 3981 2925 4022 crescens
2971 3974 3026 4022 et
3065 3966 3285 4035 placens
3338 3966 3450 4021 Deo
3500 3964 3737 4022 eliicitur

2141 4062 2324 4117 homo.
2358 4059 2506 4117 Dixit
2541 4058 2711 4117 abbas
2734 4057 2934 4113 Pastor
2976 4076 2991 4117 ;
3033 4056 3170 4125 Quia
3201 4057 3343 4112 sicut
3371 4055 3737 4129 fumarexpci-

2141 4154 2329 4210 luntur
2373 4167 2504 4233 apes
2527 4159 2588 4207 ut
2619 4150 2842 4207 tollatur
2870 4149 3098 4206 dulcedo
3126 4164 3351 4220 Operam
3394 4164 3605 4212 earum,
3651 4148 3732 4204 ita

2140 4255 2197 4302 et
2242 4243 2540 4315 corporalis
2587 4241 2805 4312 requies
2837 4242 3089 4296 timorem
3136 4239 3351 4298 Domini
3394 4238 3621 4309 expellit
3659 4239 3735 4294 ab

2141 4336 2323 4391 anima
2363 4342 2419 4390 et
2444 4332 2622 4389 aufert
2646 4332 2715 4387 ab
2736 4347 2800 4388 ea
2828 4347 2991 4387 omne
3021 4345 3158 4401 opus
3182 4329 3405 4385 bonum.
3444 4328 3593 4383 Dixit
3626 4329 3734 4384 ite-

2144 4443 2263 4483 rum
2295 4426 2410 4496 ipse
2428 4444 2440 4479 :
2459 4422 2805 4481 Abominatio
2829 4430 2913 4478 est
2941 4423 3119 4478 omnis
3145 4420 3446 4490 corporalis
3474 4420 3726 4491 requies.

2725 4511 2953 4569 CAPUT
2987 4512 3127 4568 LXV

454 4599 716 4655 "ianuam
748 4618 761 4654 ε
795 4600 1136 4657 admirabilis
1181 4601 1238 4656 ίη
1273 4599 1648 4669 οοηοεριῑοηθν
1700 4597 2038 4653 admirabilis
2066 4587 2116 4646 D
2140 4611 2219 4665 De
2240 4627 2298 4665 eo
2327 4608 2466 4681 quod
2489 4625 2595 4662 non
2627 4606 2866 4661 omnibus
2902 4605 3106 4676 placere
3142 4606 3384 4660 debemus
3409 4605 3730 4660 hominibus.

455 4691 508 4745 in
539 4692 842 4756 nativitate,
874 4691 1212 4748 admirabilis
1242 4691 1299 4745 in
1329 4689 1750 4754 resurrectione,
1800 4687 2039 4743 admira-

453 4782 579 4838 bilis
605 4790 662 4836 et
687 4783 741 4838 in
770 4783 1108 4838 ascensione.
1136 4780 1257 4850 ipse
1286 4779 1466 4834 adhuc
1491 4789 1547 4833 et
1567 4777 1836 4834 mirabilis
1863 4792 2035 4848 appa-

454 4874 597 4930 rebit
629 4875 684 4929 in
729 4874 1012 4936 omnibus,
1063 4871 1155 4941 qui
1186 4870 1267 4942 (ut
1296 4870 1626 4925 credendum
1652 4868 1759 4936 est)
1794 4870 2038 4926 credide-

455 4972 603 5030 runt,
636 4966 692 5020 in
724 4964 900 5018 ultimi
923 4962 1115 5034 judicii
1147 4961 1504 5025 revelationc,
1546 4967 1610 5015 ut
1651 4960 1720 5016 ab
1747 4961 1841 5016 illo
1869 4961 2037 5015 mira-

452 5060 551 5129 bili
576 5058 856 5114 mirabiles
882 5057 1036 5124 facti,
1067 5057 1255 5113 vivant
1280 5072 1405 5112 cum
1429 5056 1523 5112 illo
1547 5057 1602 5111 in
1633 5064 1896 5112 aeternum
1920 5054 2034 5127 glo-

454 5151 674 5207 riﬁcati.
710 5149 829 5223 Ipse
878 5159 962 5207 est
1006 5150 1154 5207 enim
1202 5149 1472 5206 mirabilis
1517 5148 1683 5213 Deus,
1718 5150 1783 5205 de
1831 5164 1939 5219 quo
1980 5155 2037 5202 et

455 5239 622 5296 lsaias
648 5241 726 5295 ait
749 5258 762 5294 :
792 5239 858 5295 Et
889 5241 1157 5295 vocabitur
1185 5256 1369 5295 nomen
1392 5239 1506 5310 ejus
1529 5238 1882 5303 admirabilis,
1912 5255 2036 5292 con-

454 5330 712 5398 siliarius,
741 5330 883 5386 Deus
915 5331 1090 5401 fortis,
1119 5339 1225 5388 etc.
1258 5330 1392 5404 (Isa.
1421 5331 1521 5402 ts).
1551 5331 1620 5386 Et
1642 5330 1847 5385 David:
1868 5329 2037 5384 Mira-

456 5423 572 5479 bilis
603 5422 824 5501 (inquit)
850 5423 988 5478 Deus
1011 5423 1066 5478 in
1089 5426 1283 5479 sanctis
1309 5426 1421 5479 suis
1444 5422 1619 5495 (Psal.
1652 5421 1843 5490 van).
1870 5419 2038 5489 Cujus

457 5514 685 5583 gloriam
717 5516 1135 5571 resurrectionis
1166 5517 1423 5574 viderunt
1462 5524 1519 5571 et
1546 5513 1899 5570 crediderunt
1941 5527 2041 5582 po-

443 5606 564 5684 puli
592 5602 910 5671 Christiani,
938 5613 995 5662 et
1024 5606 1076 5661 in
1096 5606 1301 5678 judicio
1328 5592 1558 5679 gloriam
1597 5601 1898 5672 maiestatis
1923 5602 2038 5673 ejus

458 5700 558 5764 soli
588 5699 843 5765 videbunt
878 5698 1056 5755 electi.

2212 4704 2352 4759 llinc
2375 4700 2574 4757 Paulus
2602 4701 2714 4755 ait:
2759 4697 2817 4754 Si
2844 4699 3016 4753 adhuc
3054 4698 3350 4754 hominibus
3377 4696 3581 4767 placere
3623 4695 3734 4751 eel-

2140 4795 2262 4862 lem,
2292 4792 2488 4849 Christi
2512 4808 2691 4850 servus
2722 4807 2826 4844 non
2852 4806 3013 4844 essem
3046 4788 3190 4860 (Cal.
3229 4791 3293 4860 ι).
3334 4788 3392 4843 id
3417 4795 3533 4853 est,
3562 4786 3607 4843 si
3636 4784 3737 4842 Ju-

2138 4888 2273 4944 daeis
2301 4885 2594 4943 carnaliter
2615 4884 2669 4938 in
2692 4880 3074 4938 observatione
3097 4880 3231 4951 legis
3250 4879 3334 4934 vel
3358 4895 3523 4950 prave
3546 4879 3734 4934 viven-

2140 4979 2286 5034 tibus
2312 4975 2636 5036 Christianis
2673 4974 2727 5028 in
2756 4972 3026 5043 pravitate
3064 4986 3253 5028 eorum
3300 4970 3729 5033 consensissem,

2137 5068 2342 5124 Christi
2384 5080 2574 5122 servus
2620 5080 2729 5119 non
2766 5078 2964 5118 essem.
3008 5062 3108 5117 Cui
3145 5060 3431 5116 sententiae
3455 5060 3731 5114 contraria

2138 5161 2360 5217 minime
2382 5168 2465 5215 est
2492 5158 2605 5222 illa,
2630 5156 2722 5211 ubi
2748 5155 2859 5210 ait:
2889 5153 3015 5208 Sine
3037 5153 3321 5221 offensione
3343 5160 3502 5206 estote
3523 5148 3732 5205 Juda'is

2137 5263 2187 5310 et
2213 5253 2451 5325 gentibus
2497 5261 2543 5306 et
2586 5248 2843 5305 Ecclesia:
2888 5247 3016 5310 Dei,
3063 5248 3197 5300 sicut
3222 5256 3270 5300 et
3304 5262 3398 5315 ego
3424 5261 3518 5314 per
3550 5244 3731 5302 omnia

2139 5347 2378 5403 omnibus
2407 5344 2584 5416 placeo
2612 5342 2661 5415 (1
2693 5340 2818 5397 Cor.
2848 5341 2926 5411 ιι).
2955 5339 3091 5394 Nam
3121 5355 3219 5394 cur
3260 5338 3512 5394 omnibus
3550 5336 3731 5408 place»

2140 5446 2245 5505 ret,
2277 5439 2393 5509 ipse
2419 5434 2739 5506 exponendo
2772 5432 3102 5502 subjungens
3123 5471 3138 5495 ,
3171 5429 3284 5483 ait:
3328 5426 3452 5482 Non
3487 5442 3731 5497 quarens

2138 5530 2277 5601 quod
2319 5529 2446 5583 mihi
2487 5512 2613 5581 utile
2639 5534 2736 5590 est,
2780 5524 2872 5578 sed
2916 5522 3059 5593 quod
3087 5520 3286 5584 multis,
3332 5529 3386 5572 ut
3435 5517 3567 5572 salri
3595 5516 3733 5586 ﬁant

2141 5618 2349 5693 (Ibid)
2369 5619 2471 5686 Qui
2497 5618 2644 5674 enim
2666 5615 2909 5671 omnium
2937 5614 3224 5669 utilitatem
3254 5618 3309 5666 et
3331 5610 3561 5665 salutem
3582 5621 3733 5677 qua:-

2139 5712 2317 5773 rebat,
2348 5708 2597 5766 omnibus
2622 5722 2729 5781 non
2769 5705 3213 5770 inconvenientcr
3249 5718 3308 5757 se
3334 5700 3550 5772 placere
3576 5698 3734 5755 dice-

2141 5806 2252 5863 bat.
2289 5802 2399 5859 lloc
2430 5801 2781 5876 apostolicum
2820 5800 2946 5857 boni
2985 5798 3235 5855 monachi
3268 5805 3515 5853 tenentes
3545 5808 3736 5853 exem-
