3940 6410
249 331 348 389 661

1462 325 1768 384 DIADEMA
1810 324 2316 384 MONACHORUM.

3428 330 3533 388 862

250 454 420 526 plum,
453 467 557 506 non
587 464 696 506 sua:
727 454 937 504 tantum
965 445 1185 503 utilitati
1226 443 1427 502 debent
1447 457 1570 500 esse
1593 439 1834 498 contenti
1863 438 1912 498 Α
1936 445 2086 508 ptum
2101 440 2352 510 quamvis
2371 440 2729 497 historiaiiter
2751 441 2824 497 sit
2848 444 3536 516 tenendum,spiritualiter

251 535 606 616 congruentia
626 555 887 611 quatrere,
917 539 1012 595 sed
1037 539 1210 610 magis
1231 552 1350 607 quae
1371 534 1699 592 conveniunt
1718 547 1840 603 pro-

252 635 416 690 ximis
438 673 454 698 ,
489 648 597 688 non
621 646 742 701 quae
767 645 861 686 sua
894 637 1022 685 sunt
1048 627 1244 700 singuli
1276 625 1684 682 considerantes
1701 663 1717 687 ,
1747 620 1844 677 sed

253 743 374 799 quae
397 725 646 780 aliorum.
669 721 773 788 Qui
792 719 1152 776 tantummodo
1169 733 1286 788 qua:
1305 734 1402 770 sua
1423 723 1543 770 sunt
1569 711 1734 786 (Phil.
1755 714 1839 782 ιι),

257 819 309 874 id
340 825 444 881 est,
475 829 594 884 qua:
623 813 725 868 sibi
756 811 857 866 soli
895 809 1208 866 necessaria
1247 815 1393 873 sunt,
1420 805 1748 868 considerat,
1788 811 1846 857 et

255 908 322 963 de
353 906 593 961 fraterna
621 903 793 958 salute
819 900 906 960 vel
935 902 1001 955 de
1029 900 1147 970 ejus
1173 897 1454 967 temporali
1481 895 1712 950 utilitate
1736 908 1842 948 non

256 1004 432 1060 curat,
463 995 578 1048 sine
609 992 773 1048 dubio
799 1007 829 1045 a
858 988 1140 1045 charitatis
1169 988 1410 1051 tramite,
1449 986 1501 1040 in
1529 997 1638 1054 quo
1664 983 1844 1038 omnis

256 1085 558 1139 animarum
588 1081 735 1136 salus
760 1079 1033 1144 consistit,
1067 1076 1321 1132 declinat.
1353 1075 1452 1142 Qui
1488 1089 1616 1129 vero
1651 1072 1718 1127 de
1743 1085 1842 1125 sua

255 1193 320 1232 ac
347 1176 716 1246 proximorum
741 1173 972 1227 utilitate
992 1178 1155 1239 atque
1177 1167 1350 1223 salute
1380 1165 1662 1228 sollicitus,
1689 1163 1843 1233 quid-

257 1268 386 1337 quid
414 1267 558 1320 vaict
583 1264 850 1327 utilitatis,
881 1261 1034 1333 quasi
1057 1260 1162 1315 sibi
1185 1256 1555 1327 superioribus
1581 1253 1842 1308 fratribus

257 1360 571 1430 impendere
600 1357 834 1426 satagit;
875 1351 1196 1422 sibimetipsi
1225 1363 1323 1420 per
1356 1349 1497 1403 hanc
1521 1345 1846 1402 humilitatis

255 1449 619 1506 obedientiam
641 1448 765 1502 vita:
793 1445 1030 1501 cmlcstis
1047 1443 1240 1513 gaudia
1260 1440 1520 1510 ampliora
1550 1437 1839 1507 conquirit.

256 1543 443 1598 Placet
485 1556 616 1611 ergo
647 1538 845 1594 Paulus
892 1536 1201 1592 hominibus
1229 1542 1284 1590 et
1327 1549 1435 1588 non
1465 1533 1678 1602 placet:
1717 1530 1844 1600 quia

256 1634 510 1690 omnibus
545 1631 704 1696 bene,
734 1631 877 1700 justc
904 1636 960 1683 et
978 1635 1124 1684 recte
1150 1625 1476 1690 viventibus,
1509 1625 1562 1678 in
1593 1622 1846 1677 omnibus

260 1727 373 1780 suis
409 1721 949 1784 conversationibus,
987 1719 1168 1774 verbis
1189 1759 1202 1783 ,
1231 1715 1444 1787 placet,
1493 1723 1548 1769 et
1593 1713 1840 1777 actibus;

1948 538 2128 584 tamen
2153 547 2369 602 semper
2403 548 2432 586 a
2459 533 2614 589 nobis
2638 541 2723 588 est
2747 533 3144 604 complendum.
3169 532 3538 604 Spiritualiter

1946 629 2125 675 autem
2160 623 2418 692 templum
2449 633 2694 680 nostrum
2743 625 2972 681 interior
3001 625 3164 681 homo
3192 636 3382 682 noster
3407 636 3493 684 est
3517 647 3531 682 :

1945 706 2145 774 Altare,
2181 708 2320 766 ﬁdes
2341 721 2526 767 nostra
2547 721 2662 779 est;
2690 729 2907 780 munus,
2929 715 3237 784 prophetia,
3260 717 3531 781 doctrina.

1947 798 2144 863 oratio,
2170 800 2406 870 hymnus
2425 807 2480 855 et
2499 801 2742 872 psalmus
2765 810 2866 857 cst.
2886 802 3022 869 Quia
3047 804 3092 858 si
3114 819 3352 874 praesens
3374 804 3538 862 fuerit

1949 886 2119 944 frater
2147 891 2239 958 qui
2287 890 2491 960 aliquid
2536 891 2700 946 habet
2744 892 3028 947 adversum
3077 909 3208 959 nos,
3239 896 3538 964 poterimus

1947 994 2203 1042 cumnon
2237 981 2512 1048 simulato,
2538 983 2632 1038 sed
2675 983 2890 1038 sincero
2919 985 3102 1040 animo
3129 985 3331 1053 lenire,
3373 996 3538 1059 atque

1948 1070 2015 1122 ad
2037 1070 2267 1139 gratiam
2297 1072 2508 1136 veniam
2535 1072 2891 1143 postulando,
2932 1090 3226 1131 revocare:
3263 1077 3310 1132 si
3352 1086 3536 1134 tamen

1949 1158 2052 1213 hoc
2082 1174 2267 1213 coram
2291 1160 2415 1216 ’Deo
2444 1177 2550 1216 non
2579 1163 2736 1232 pigro
2776 1173 2928 1220 motu
2954 1167 3220 1235 corporis,
3256 1167 3351 1224 sed
3377 1169 3540 1224 celer-

1948 1249 2088 1303 rimo
2113 1249 2416 1305 dilectionis
2457 1251 2653 1306 affectu
2689 1252 3002 1309 fecerimus.
3050 1255 3126 1310 De
3167 1257 3270 1312 hoc
3306 1258 3541 1328 capitulo

1947 1337 2025 1392 sic
2048 1345 2102 1392 et
2132 1337 2408 1407 apostolus
2428 1337 2629 1394 Paulus
2665 1340 2779 1394 ait:
2823 1333 3202 1411 Supportantes
3227 1343 3445 1399 inuicem
3482 1346 3542 1399 in

1947 1429 2226 1494 chan’tate,
2256 1439 2305 1483 et
2335 1429 2591 1485 donantes
2615 1431 2993 1502 vobismetipsis
3011 1472 3027 1498 ,
3071 1433 3119 1487 si
3145 1435 3264 1504 quis
3289 1434 3540 1490 adversus

1947 1518 2174 1590 aliquem
2197 1520 2350 1573 habet
2377 1520 2664 1591 querelam,
2695 1523 2829 1576 sicut
2860 1531 2908 1577 et
2931 1522 3189 1579 Dominus
3212 1524 3424 1579 donavit
3445 1541 3540 1580 no-

1948 1607 2025 1662 bis
2057 1607 2192 1679 (Col.
2221 1609 2326 1680 ιιι).
2355 1609 2619 1665 Hortatur
2642 1621 2824 1666 autem
2851 1626 2950 1667 nos
2976 1611 3269 1682 Apostolus
3289 1622 3351 1667 ut
3370 1613 3540 1668 simus

1948 1713 2136 1768 supper
2153 1705 2331 1754 tantes
2365 1699 2619 1766 invicem,
2676 1701 2730 1755 id
2772 1710 2888 1767 est,
2937 1709 2998 1757 ut
3040 1718 3240 1769 mores,
3281 1712 3436 1760 actus
3483 1711 3541 1758 et

260 1816 472 1871 cunctis
501 1822 679 1868 autem
701 1825 869 1882 prave
895 1817 950 1864 et
979 1809 1119 1864 male
1147 1807 1451 1862 viventibus
1477 1803 1844 1860 contradictor
1871 1794 1919 1853 B
1947 1804 2228 1844 sermones
2273 1797 2488 1846 DOSU'OS
2516 1791 2784 1862 patienter
2822 1806 2922 1862 ιπο
2964 1791 3212 1858 ῧῆΐὶεῐοί
3262 1799 3319 1848 εί
3356 1793 3540 1848 omnia

261 1906 520 1968 existens,
550 1918 652 1958 nec
682 1902 865 1957 verbis
899 1901 1098 1970 placet,
1129 1914 1230 1953 nec
1271 1897 1535 1952 moribus.
1588 1893 1727 1949 Sunt
1764 1900 1847 1947 et-

261 1997 405 2053 enim
424 1997 477 2050 in
501 1995 603 2049 hac
618 1993 817 2048 Christi
838 1991 1102 2045 latissima
1124 1999 1286 2059 atque
1299 1988 1587 2058 magnifica
1603 1983 1847 2040 Ecclesia

259 2101 382 2156 qua:
409 2092 493 2140 est
516 2097 612 2154 per
644 2081 829 2137 mundi
858 2081 1182 2151 quadratum
1216 2078 1374 2132 clima
1405 2084 1581 2140 tensa,
1605 2075 1710 2128 duo
1751 2073 1850 2127 ho-

263 2176 468 2232 minum
495 2188 715 2245 genera,
745 2173 885 2227 bene
911 2170 1207 2226 volentium
1252 2168 1460 2223 scilicet
1505 2174 1668 2234 atque
1707 2162 1849 2218 male

263 2268 578 2322 volentium.
608 2265 753 2320 Bene
774 2261 1079 2319 volentibus
1108 2269 1288 2315 autem
1319 2259 1375 2313 in
1396 2257 1648 2312 omnibus
1667 2254 1851 2325 placet

263 2359 496 2424 Paulus,
527 2358 666 2413 male
694 2356 1000 2412 volentibus
1027 2368 1156 2408 vero
1194 2352 1249 2406 in
1288 2349 1540 2405 omnibus
1576 2345 1846 2416 displicet.

267 2450 421 2505 Sicut
448 2450 594 2504 enim
621 2450 674 2502 in
709 2462 834 2501 arca
861 2447 1028 2502 mixta
1051 2452 1176 2498 sunt
1203 2457 1371 2514 grana
1398 2455 1521 2495 eum
1553 2437 1744 2509 paleis,
1774 2437 1850 2491 ita

265 2541 522 2596 Ecclesiae
545 2541 722 2594 adhuc
742 2538 957 2608 degenti
982 2537 1036 2590 in
1069 2543 1212 2590 terra
1243 2534 1397 2588 mixti
1429 2539 1553 2587 sunt
1580 2531 1706 2585 boni
1728 2543 1850 2583 cum

269 2633 443 2687 malis.
479 2633 556 2687 De
582 2633 684 2686 hac
713 2630 856 2684 enim
900 2628 1167 2683 maiorum
1207 2633 1253 2679 et
1286 2623 1551 2679 bonorum
1591 2621 1848 2685 mixtura,

269 2723 348 2778 sic
372 2722 598 2791 legimus
625 2721 682 2775 in
705 2719 856 2774 Pauli
885 2733 1048 2789 quam
1079 2717 1146 2770 ad
1177 2716 1516 2770 Timotheum
1543 2713 1693 2767 misit
1724 2710 1849 2780 Epi-

270 2812 404 2868 stola
431 2831 442 2866 :
486 2809 554 2864 In
577 2827 792 2881 magna,
824 2809 1018 2877 inquit,
1047 2807 1201 2860 domo
1234 2821 1337 2858 non
1376 2803 1546 2858 solum
1579 2811 1700 2856 sunt
1727 2817 1852 2854 vasa

271 2923 433 2959 aurea
458 2913 505 2958 et
529 2911 797 2974 argentea,
827 2900 918 2955 sed
947 2908 994 2953 et
1021 2899 1193 2968 lignea
1222 2908 1268 2951 et
1296 2894 1500 2964 ﬁctilia,
1535 2904 1582 2948 et
1609 2891 1852 2964 quwdam

271 2996 480 3066 quidem
510 2996 566 3046 in
605 2993 872 3056 honorem,
914 2989 1156 3061 qutvdam
1190 2997 1362 3041 autem
1401 2987 1456 3040 in
1484 2981 1852 3039 contumeliam

275 3082 358 3154 (II
389 3083 521 3136 Tim.
554 3082 637 3153 ιι).
662 3080 768 3135 Per
792 3093 1040 3150 magnam
1083 3084 1264 3130 autem
1293 3074 1473 3144 magni
1516 3072 1717 3128 domini
1759 3071 1854 3126 do-

1912 1911 1917 1918 ι
1949 1893 2116 1934 onera
2147 1887 2331 1934 nostra
2361 1887 2637 1950 portemus
2665 1882 2898 1937 invicem
2924 1898 3024 1953 pro
3049 1885 3236 1939 amore
3264 1882 3536 1940 fraterno:

1935 1970 2076 2038 ,quia
2108 1969 2199 2038 qui
2232 1968 2460 2024 fratrem
2495 1971 2641 2024 sicut
2668 1971 3018 2040 semetipsum
3047 1972 3240 2043 diligit,
3269 1972 3541 2043 patienter

1949 2073 2048 2128 pro
2074 2057 2165 2112 illo
2186 2057 2366 2113 omnia
2393 2066 2574 2127 portat
2597 2067 2654 2114 et
2685 2059 2937 2114 sustinet.
2971 2058 3216 2115 Charitas
3255 2061 3426 2126 enim,
3452 2077 3542 2117 se-

1950 2149 2187 2204 cundum
2234 2148 2572 2218 Apostolum,
2613 2149 2792 2203 omnia
2827 2149 3050 2219 stt/fert,
3099 2149 3275 2204 omnia
3305 2151 3539 2206 sustinet

1953 2239 2004 2312 (ι
2036 2239 2150 2294 Col.
2180 2239 2322 2310 xm).
2357 2238 2646 2306 Donantes,
2671 2240 2750 2295 ait
2781 2239 3102 2310 Apostolus,
3138 2239 3536 2311 uobismetipsis,

1950 2329 1996 2383 si
2023 2330 2138 2399 quis
2168 2328 2446 2383 aduersum
2487 2329 2716 2400 aliquem
2757 2329 2909 2384 habet
2953 2328 3220 2400 querelam
3262 2327 3401 2401 (Col.
3430 2329 3538 2400 ιιι).

1952 2415 2126 2471 liabet
2153 2415 2350 2486 aliquis
2393 2417 2654 2474 adversus
2694 2417 2929 2472 alterum
2975 2417 3280 2490 querelam,
3322 2417 3542 2488 quando

1953 2521 2076 2560 eum
2103 2507 2226 2577 quis
2250 2507 2416 2574 lzedit,
2443 2509 2609 2564 etiam
2643 2510 2762 2565 sine
2803 2525 2989 2565 causa.
3035 2508 3183 2566 Sicut
3211 2519 3260 2565 et
3285 2509 3543 2568 Dominus

1953 2597 2163 2651 donavit
2191 2597 2353 2662 vobis,
2382 2599 2456 2652 ita
2478 2608 2528 2653 et
2551 2615 2658 2654 vos.
2688 2598 2768 2655 Ac
2797 2600 2843 2655 si
2868 2600 3090 2666 diceret,
3116 2597 3268 2656 Sicut
3285 2608 3344 2657 et
3361 2599 3545 2657 Domi-

1954 2703 2057 2743 nus
2084 2688 2306 2743 donavit
2328 2689 2484 2744 vobis
2511 2690 2696 2745 omnia
2733 2700 2960 2760 peccata
2978 2731 2994 2758 ,
3025 2705 3126 2761 per
3153 2692 3296 2747 sacri
3335 2690 3542 2762 baptis.

1955 2775 2118 2830 matis
2143 2776 2366 2842 undam,
2397 2777 2472 2831 ita
2509 2785 2564 2830 et
2591 2793 2686 2833 vos
2726 2793 2832 2833 non
2881 2779 3092 2849 aliqua,
3123 2779 3219 2835 sed
3263 2780 3445 2836 omnia
3477 2781 3546 2836 de

1959 2866 2216 2923 cordibus
2244 2867 2441 2923 vestris
2464 2868 2673 2923 debetis
2700 2867 2963 2924 fratribus
2986 2870 3190 2925 donare
3213 2871 3500 2926 commissa
3525 2887 3540 2924 :

1955 2958 2082 3028 quia
2106 2956 2463 3026 iustissimum
2497 2964 2582 3012 est
2600 2959 2742 3028 apud
2771 2958 2940 3012 Deum
2970 2967 3028 3012 ut
3049 2959 3205 3029 juxta
3235 2974 3544 3015 mensuram

1955 3048 2172 3117 pietatis
2206 3048 2356 3118 ejus,
2389 3063 2495 3116 qua
2538 3056 2724 3104 nostra
2754 3048 2976 3104 donavit
3013 3048 3171 3104 nobis
3193 3049 3409 3116 delicta,
3445 3050 3547 3106 do-

275 3188 422 3227 mum
465 3179 643 3241 potest
671 3171 943 3241 designari
979 3166 1224 3222 Ecclesia
1257 3163 1492 3228 Christi,
1538 3162 1850 3216 universum
1877 3157 1922 3219 C
1953 3156 2144 3197 "emus
2167 3155 2266 3195 nos
2297 3138 2558 3241 Ῑξθῑτίιξξξε
2585 3140 2772 3241 om?“
2811 3155 2935 3241 {tum
2964 3140 3018 3194 in
3060 3139 3217 3196 ηοδίε
3257 3140 3548 3196 οοωωίεε·

275 3264 467 3319 diffusa
495 3279 591 3334 per
618 3263 829 3327 orbem,
853 3262 906 3315 in
930 3275 1036 3330 qua
1056 3267 1182 3314 sunt
1204 3272 1332 3312 vasa
1361 3270 1546 3320 aurea,
1575 3255 1854 3309 hominum

276 3355 523 3410 videlicet
554 3353 718 3410 corda
749 3352 1020 3407 intellectu
1059 3347 1328 3420 spirituali
1357 3346 1559 3417 repleta
1578 3385 1594 3411 ,
1631 3353 1688 3400 et
1712 3343 1860 3399 velut

279 3461 412 3501 auro
431 3447 631 3516 obryzo
659 3445 823 3499 variis
851 3443 1142 3497 virtutibus
1181 3439 1477 3495 rutilantia.
1517 3437 1658 3492 Sunt
1683 3443 1738 3491 et
1771 3451 1858 3489 ar-

279 3547 492 3610 gentea,
521 3538 695 3592 nitore
723 3537 1042 3606 eloquentiae
1069 3534 1215 3589 clara
1233 3574 1248 3599 ,
1293 3542 1348 3587 et
1394 3530 1568 3586 ofﬁcio
1594 3529 1858 3599 praedica-

282 3631 444 3684 tionis
482 3628 780 3698 perlucida.
826 3626 965 3681 Sunt
1010 3633 1066 3680 et
1113 3625 1324 3695 lignea,
1357 3620 1586 3690 superba
1631 3619 1858 3684 scilicet,

281 3718 443 3773 stulta
472 3727 527 3770 et
550 3703 882 3770 insensibilia
920 3713 1103 3768 corda.
1131 3713 1271 3767 Sunt
1309 3721 1363 3766 et
1402 3710 1617 3774 fictilia,
1650 3707 1860 3778 fragilia

281 3823 495 3878 quoque
518 3816 573 3861 et
602 3816 817 3860 terrena
845 3804 910 3858 de
947 3812 1090 3857 terra
1121 3810 1357 3872 sumpta,
1392 3807 1447 3855 et
1469 3799 1698 3853 terrenis
1722 3795 1862 3851 acti-

284 3901 384 3954 bus
411 3899 612 3953 dedita.
647 3897 752 3951 Sed
794 3909 958 3949 aurea
996 3902 1052 3948 et
1097 3901 1383 3964 argentea,
1427 3892 1481 3944 in
1523 3890 1626 3942 hac
1667 3902 1865 3956 magna.

284 3989 484 4044 Christi
517 3987 782 4052 Ecclesia,
813 3986 1018 4041 honore
1053 3992 1179 4040 sunt
1208 3984 1405 4054 digna:
1447 3980 1550 4046 Qui
1571 3980 1715 4033 enim
1737 4017 1751 4041 ,
1787 3977 1863 4030 ait

284 4079 592 4149 Apostolus,
633 4078 758 4131 bene
801 4075 1231 4136 ministraverint,
1260 4069 1691 4141 duplici-honore
1718 4066 1862 4134 digni

286 4170 577 4223 habeantur
603 4167 655 4237 (Ι
688 4167 820 4220 Tim.
852 4165 928 4234 v).
953 4164 1152 4233 Lignea
1183 4170 1361 4215 autem
1387 4166 1442 4212 et
1464 4156 1645 4211 fictilia
1668 4154 1863 4208 merito

287 4269 415 4315 sunt
453 4260 504 4314 in
550 4257 893 4319 contumelia,
925 4254 1049 4322 quia
1081 4261 1315 4306 mentem
1356 4250 1616 4308 habentes
1644 4247 1862 4303 stultam

286 4355 449 4415 atque
478 4344 787 4412 superbam,
815 4337 1024 4393 Domini
1053 4337 1138 4391 sui
1169 4335 1315 4404 justa
1354 4350 1459 4387 non
1491 4332 1862 4388 custodierunt

286 4443 574 4506 prwcepta.
605 4432 752 4487 Dixit
776 4439 963 4486 sancta
992 4419 1336 4499 Syncietice':
1372 4424 1508 4492 Quia
1531 4439 1628 4494 per
1656 4423 1862 4477 discre—

1925 3257 1928 3260 ’
1957 3239 2085 3287 runt
2105 3233 2360 3301 peccata‘,
2394 3239 2453 3285 ut
2475 3229 2645 3284 libere
2670 3229 2782 3284 Deo
2801 3229 2984 3284 dicere
3012 3229 3310 3294 valeamus,
3333 3229 3549 3285 Dimitte

1959 3321 2106 3376 nobis
2126 3320 2298 3375 debita
2323 3329 2522 3384 nostra,
2539 3320 2750 3383 sicutget
2774 3336 2868 3373 nos
2893 3318 3204 3373 dimittimus
3228 3318 3546 3373 debitoribus

1960 3411 2151 3465 nostris
2177 3407 2394 3479 (Matth.
2422 3407 2497 3481 vi)
2518 3449 2533 3472 ,
2563 3423 2628 3463 ac
2655 3421 2751 3477 per
2785 3407 2892 3462 hoc
2915 3421 3107 3467 omnes
3130 3406 3316 3476 culpas
3343 3421 3464 3476 quas
3490 3407 3548 3461 in

1959 3501 2567 3563 nobiscommittuntur,
2599 3497 2774 3567 parati
2803 3497 2971 3552 simus
2991 3496 3294 3566 ignoscere,
3317 3495 3362 3551 si
3392 3496 3548 3553 nobis

1962 3598 2334 3668 desideramus
2379 3595 2604 3668 ignosci.
2650 3594 2822 3649 Nemo
2871 3600 3061 3649 contra
3107 3608 3167 3648 se
3213 3599 3396 3648 teneat
3439 3607 3550 3649 non

1964 3688 2318 3752 remittendo,
2360 3700 2428 3740 ne
2471 3692 2658 3740 contra
2704 3683 2856 3738 illum
2905 3691 3191 3748 teneatur,
3244 3697 3351 3737 non
3397 3681 3550 3753 igno-

1963 3777 2182 3833 scendo.
2214 3777 2306 3830 Ait
2331 3789 2565 3844 namque
2595 3774 2859 3828 Dominus
2878 3772 2946 3828 de
2973 3787 3130 3829 servo
3161 3788 3394 3843 nequam
3411 3813 3428 3840 ,
3454 3774 3550 3844 qui

1964 3867 2146 3925 noiuit-
2159 3879 2427 3920 conservo
2454 3879 2553 3918 suo
2578 3864 2855 3918 remittere
2883 3862 3093 3932 culpam
3120 3881 3134 3917 :
3173 3861 3355 3918 Iratus
3377 3863 3548 3918 donti-

1964 3975 2062 4012 nus
2083 3957 2216 4026 ejus,
2241 3955 2460 4010 tradidit
2484 3970 2603 4008 eum
2625 3952 2930 4018 tortoribus,
2947 3953 3290 4024 quoadusque
3316 3953 3551 4009 redderet

1965 4050 2263 4102 universum
2308 4045 2540 4098 debitum
2587 4042 2804 4111 (Matth.
2835 4043 3014 4113 mn).
3050 4043 3216 4112 Cujus
3242 4043 3550 4112 exemplum

1965 4154 2158 4193 cavere
2183 4152 2280 4191 nos
2299 4136 2573 4199 admonet,
2598 4134 2815 4188 dicens:
2857 4131 2945 4187 Sic
2969 4143 3016 4187 et
3040 4130 3204 4187 Pater
3228 4149 3373 4187 meus
3400 4133 3551 4190 caele-

1964 4232 2056 4285 stis
2085 4230 2239 4299 faciet
2259 4228 2400 4284 vobis
2423 4242 2442 4280 :
2479 4228 2524 4282 si
2548 4244 2652 4281 non
2672 4227 3001 4292 remiseritis,
3019 4226 3372 4298 unusquisque
3392 4227 3550 4298 fratri

1963 4339 2059 4377 suo
2102 4321 2168 4375 de
2205 4319 2448 4374 cordibus
2474 4319 2655 4373 uestris
2698 4317 2909 4389 (Ibid.).
2943 4317 3054 4374 Nec
3073 4317 3224 4373 dicas
3251 4318 3305 4372 in
3331 4317 3510 4388 lingua
3529 4358 3547 4385 ,

1966 4413 2209 4482 ignosco,
2231 4419 2286 4465 et
2314 4411 2478 4465 corde
2519 4407 2757 4464 differas.
2788 4407 3188 4464 Conscientiam
3222 4409 3367 4464 enim
3397 4417 3548 4465 tuam

290 4490 490 4581 iionem
519 4530 732 4595 oportet
756 4536 854 4575 nos
877 4490 1086 4574 animas
1114 4490 1446 4589 gubernare,
1485 4490 1546 4570 et
1561 4515 1614 4569 in
1639 4527 1865 4583 congreo
1889 4490 1942 4548 D
1970 4505 2111 4558 Deus
2155 4501 2391 4573 inspiCit.
2428 4501 2524 4557 Vis
2559 4515 2690 4570 ergo
2728 4507 2792 4553 ιιι
2834 4499 2930 4554 tibi
2961 4499 3102 4555 Deus
3142 4500 3323 4555 omnia
3367 4500 3549 4556 debita

288 4615 503 4686 gatione
533 4620 834 4676 manentes,
878 4624 985 4663 non
1027 4623 1146 4676 quze
1183 4615 1385 4661 nostra.
1417 4613 1544 4660 sunt
1590 4617 1863 4674 quaerere,

290 4720 463 4775 neque
485 4705 691 4759 servire
712 4701 938 4772 propria:
959 4697 1367 4754 voluntati-:-sed
1388 4696 1680 4752 secundum
1705 4693 1871 4749 fidem

291 4796 436 4851 Patri
463 4792 732 4864 spirituali
762 4791 1000 4846 obedire.
1035 4789 1180 4844 Dixit
1213 4789 1432 4858 quidam
1461 4801 1626 4843 senex
1656 4804 1668 4840 :
1719 4784 1867 4840 Nun-

291 4905 453 4958 quam
474 4886 774 4943 desideravi
798 4899 933 4953 opus
953 4883 1096 4953 quod
1123 4882 1253 4937 mihi
1281 4880 1411 4936 utile
1432 4887 1600 4944 esset,
1627 4886 1684 4933 et
1711 4877 1867 4932 fratri

293 4994 415 5032 meo
427 4977 766 5046 dispendium
784 4975 982 5038 facere,
996 4971 1298 5041 huiusmodi
1321 4972 1526 5026 habens
1552 4984 1699 5039 spem
1710 5010 1726 5032 ,
1739 4969 1866 5038 quia

294 5067 502 5121 lucrum
528 5065 712 5120 fratris
740 5064 846 5119 mei
872 5077 1008 5131 opus
1034 5061 1466 5116 fructificationis
1491 5069 1574 5116 est
1600 5060 1748 5114 mihi.

857 5151 1082 5208 CAPUT
1128 5151 1310 5205 LXVI.

429 5243 494 5298 Ut
518 5244 662 5299 nobis
693 5253 872 5298 mutuo
897 5242 1064 5313 culpa:
1091 5241 1413 5295 dimittamus
1442 5239 1725 5310 querelam.

368 5333 628 5390 Dominus
654 5335 708 5388 in
750 5333 1041 5403 Evangelio
1077 5333 1188 5386 ait:
1231 5330 1289 5386 Si
1317 5332 1473 5400 offers
1511 5347 1698 5383 munus
1723 5340 1870 5382 tuum

297 5425 365 5479 ad
389 5425 578 5488 altare,
601 5433 651 5476 et
684 5423 988 5478 recordatus
1013 5422 1174 5492 fueris
1210 5421 1334 5492 quia
1378 5420 1542 5489 frater
1568 5430 1688 5473 tuus
1717 5420 1865 5472 habet

297 5513 496 5584 aliquid
527 5512 800 5566 adversum
829 5521 878 5566 te
901 5552 916 5577 ,
966 5512 1194 5580 relinque
1222 5510 1289 5564 ibi
1330 5527 1517 5563 manus
1556 5520 1703 5562 tuum
1748 5520 1868 5563 ante

298 5604 480 5665 altare,
511 5611 558 5657 et
596 5602 721 5655 vade
750 5602 893 5670 prius
937 5600 1262 5656 reconciliari
1297 5600 1452 5669 fratri
1492 5610 1582 5652 tuo
1605 5639 1617 5661 ,
1659 5609 1705 5652 et
1745 5609 1868 5652 tunc

300 5690 522 5748 veniens.
555 5689 736 5755 offeres
767 5702 952 5742 mumts
975 5696 1119 5738 ittttitt
1148 5683 1358 5750 (Matth.
1400 5686 1472 5749 ι’).
1519 5682 1627 5738 llec
1671 5698 1868 5755 praece—

1968 4593 2240 4648 dimittat?
2262 4592 2481 4646 Dimitte
2504 4597 2562 4646 et
2582 4599 2638 4644 tu
2657 4589 2838 4644 omnia
2861 4589 3090 4644 debitori
3111 4597 3223 4645 tuo.
3252 4585 3402 4646 Hanc
3419 4603 3551 4662 ergo

1971 4685 2216 4768 regulam
2237 4684 2414 4754 ponis,
2440 4683 2544 4738 hoc
2569 4689 2730 4751 pacto
2751 4688 2806 4736 et
2831 4680 3030 4751 placito
3057 4695 3179 4736 cum
3203 4679 3314 4737 Deo
3346 4680 3550 4754 obliga-

1969 4777 2074 4841 ris,
2101 4790 2224 4830 cum
2247 4773 2421 4829 dicis:
2457 4772 2674 4826 Dimitte
2699 4770 2846 4825 nobis
2878 4770 3052 4824 debita
3085 4779 3294 4836 nostra,
3328 4771 3462 4826 sicut
3500 4781 3550 4827 et

1972 4885 2064 4922 nos
2090 4866 2399 4922 dimittimus
2439 4862 2758 4919 debitoribus
2797 4863 2988 4918 nostris
3019 4860 3235 4934 (Matth.
3276 4862 3373 4936 γι).
3413 4863 3551 4923 ilinc

1969 4967 2026 5014 et
2046 4959 2150 5013 alio
2177 4957 2297 5012 loco
2316 4956 2575 5011 Dominus
2593 4953 2700 5008 ait:
2722 4952 2986 5007 Dimittite
3005 4963 3054 5008 et
3077 4954 3370 5010 dimittetur
3387 4954 3548 5022 vobis,

1968 5050 2090 5104 date
2130 5057 2177 5102 et
2218 5045 2432 5100 dabitur
2456 5044 2596 5100 vobis
2625 5041 2780 5114 (Luc.
2809 5041 2906 5114 vi).
2953 5041 3318 5114 Interrogatus
3355 5052 3440 5099 est
3466 5059 3552 5100 se-

1970 5153 2095 5204 nex,
2121 5136 2259 5203 Quid
2284 5143 2370 5191 est
2393 5132 2711 5189 humilitas?
2746 5131 2815 5187 Et
2846 5131 2936 5187 ille
2964 5132 3277 5202 respondit:
3317 5131 3374 5189 Si
3420 5147 3548 5204 pec-

1971 5229 2116 5285 canti
2149 5229 2202 5282 in
2233 5238 2286 5281 te
2313 5225 2470 5280 fratri
2501 5225 2789 5296 ignoveris,
2817 5232 3108 5294 antequam
3137 5225 3350 5295 apudte
3375 5225 3552 5294 potui-

1971 5321 2194 5375 tentiam
2221 5326 2367 5389 agat,
2398 5325 2453 5372 et
2481 5313 2792 5372 benefacias
2819 5314 2886 5369 iis
2913 5314 3007 5384 qui
3047 5314 3141 5369 tibi
3183 5311 3548 5368 malefaciant.

1973 5409 2118 5464 Dixit
2143 5409 2312 5464 abbas
2338 5406 2606 5462 Antonius
2630 5423 2641 5458 :
2677 5403 2812 5470 Quia
2852 5404 2920 5459 de
2945 5404 3193 5473 proximo
3215 5409 3299 5456 est
3325 5405 3472 5455 mors
3496 5411 3554 5456 et

1973 5501 2102 5555 vita.
2132 5498 2191 5554 Si
2223 5498 2367 5554 enim
2394 5497 2667 5553 lucremur
2707 5494 2948 5557 fratrem,
2989 5491 3318 5548 iucrabimur
3336 5488 3506 5545 Deum
3533 5507 3549 5556 ;

1975 5594 2020 5645 si
2053 5599 2230 5645 autem
2258 5589 2682 5644 scandalizemus
2713 5585 2956 5650 fratrem,
2987 5584 3041 5637 in
3065 5581 3336 5637 Christum
3360 5594 3549 5651 pecca-

1977 5696 2112 5737 mus.
2147 5679 2370 5735 Dicebat
2403 5679 2568 5732 abbas
2614 5675 2947 5745 iiyperitius:
2986 5670 3146 5740 Eripe
3185 5670 3493 5740 proximum
3520 5683 3548 5720 a
