3940 6416
406 301 511 364 665

407 514 559 571 niam
584 516 959 567 convertentes
982 508 1125 564 Deus
1167 523 1275 562 non
1317 507 1528 576 repellit
1564 523 1597 561 a
1639 524 1718 563 se.
1752 509 1988 563 Verbum

406 610 588 656 autem
615 598 833 653 malitias
872 605 928 653 et
967 597 1220 664 nequitia:
1244 612 1351 652 non
1392 597 1598 652 habeas
1624 597 1679 651 in
1704 598 1868 652 corde
1895 606 1990 652 tuo

407 694 668 748 adversus
708 690 932 745 fratrem
976 697 1164 755 tuum,
1210 696 1271 743 ut
1310 690 1487 758 possis
1521 689 1735 743 dicere:
1775 688 1990 742 Dimitte

406 784 554 838 nobis
600 781 773 835 debita
819 790 1018 844 nostra,
1050 781 1184 835 sicut
1227 790 1276 833 et
1315 796 1410 833 nos
1444 778 1755 833 dimittimus
1792 776 1991 830 debito-

406 873 552 930 ribus
597 872 790 928 nostris
838 870 1066 942 (Matth.
1099 870 1213 941 vr).
1254 869 1338 925 De
1379 871 1485 926 hoc
1511 868 1747 939 capitulo
1776 878 1834 925 et
1858 868 1987 925 alibi

407 964 668 1033 scriptum
693 972 779 1017 est
802 981 816 1018 :
856 958 923 1015 Ut
949 963 1068 1017 sitis
1088 964 1201 1017 sine
1234 961 1467 1033 querela,
1498 970 1547 1014 et
1567 960 1826 1030 simplices
1853 961 1988 1014 sicut

406 1053 508 1123 ﬁlii
549 1053 649 1108 Dei
680 1050 851 1124 (Phil.
883 1053 968 1123 ιι).
1016 1052 1110 1108 llle
1143 1053 1290 1108 enim
1333 1052 1453 1107 sine
1497 1051 1719 1120 querela
1748 1060 1833 1106 est
1871 1052 1989 1121 qui,

407 1152 671 1215 quantum
696 1142 965 1213 fragilitas
991 1142 1257 1213 permittit
1298 1142 1555 1206 humana,
1596 1142 1765 1197 vitam
1810 1142 1993 1197 studet

409 1233 608 1291 ducere
633 1232 751 1287 sine
773 1231 950 1301 culpa.
974 1231 1260 1298 Querelam
1287 1239 1477 1286 contra
1505 1231 1675 1286 Deum
1700 1231 1784 1286 vel
1808 1232 1992 1302 proxi-

409 1337 559 1379 mum
593 1322 882 1379 commissa
917 1322 1144 1377 suscitat
1188 1321 1364 1391 culpa.
1400 1322 1543 1393 Ergo
1572 1322 1662 1376 ille
1699 1323 1833 1377 vivit
1872 1324 1991 1377 sine

409 1414 629 1484 querela
653 1415 745 1485 qui
780 1431 889 1470 non
928 1415 1078 1470 ducit
1119 1416 1284 1468 vitam
1327 1416 1472 1470 vitiis
1501 1417 1849 1479 sordidatam,
1891 1432 1992 1471 nec

410 1504 702 1561 committit
726 1504 939 1573 culpam
962 1505 1102 1559 unde
1135 1504 1208 1558 illi
1236 1502 1384 1571 juste
1411 1503 1677 1559 inferatur
1698 1505 1938 1573 querela.

956 1637 1185 1694 CAPUT
1218 1638 1422 1694 LXVII.

1692 298 1972 355 SMARAC
1981 299 2045 355 DI
2084 299 2369 364 ABBATIS

409 419 668 494 peccatis,
683 425 885 489 quanta
908 416 1003 471 tibi
1028 417 1204 471 virtus
1224 423 1327 481 est,
1350 416 1468 470 sine
1492 416 1838 485 improperio,
1861 428 1995 484 quo-
2019 415 2067 475 Α

2639 414 2866 471 CAPUT
2904 416 3131 473 LXVIII.
3234 420 3235 425 “

2330 500 2602 568 Quomodo
2633 506 2792 559 homo
2820 506 3119 576 lucrifaciat
3145 508 3430 565 Christum.

2164 593 2221 651 Si
2250 595 2373 665 quis
2400 596 2699 652 monachus
2727 599 3119 667 mortiﬁcarerit
3154 602 3382 657 membra
3420 620 3520 659 sua
3557 623 3684 678 quae

2090 696 2213 741 sunt
2257 703 2414 757 super
2445 697 2673 754 terram,
2721 699 2768 744 et
2806 688 2993 744 tollens
3023 707 3229 746 crucem
3270 710 3423 749 suam
3463 707 3681 753 secutus

2091 777 2249 846 fuerit
2279 778 2545 833 Christum
2577 777 2801 850 (Coloss.
2830 797 2927 846 ut;
2952 782 3144 837 Matth.
3171 783 3308 853 xw),
3345 793 3402 841 et
3430 798 3682 865 mortuus

2089 869 2293 924 mundo
2313 909 2330 936 ,
2358 879 2415 925 et
2443 879 2705 942 trepteum
2749 874 3185 932 mortiﬁcationis
3223 892 3338 933 suae
3379 880 3680 939 Dominicse

2089 958 2359 1026 passionis
2397 960 2629 1017 alliserit
2665 962 2845 1033 ligno,
2889 964 2967 1019 ita
3005 973 3066 1019 ut
3108 967 3291 1023 dicere
3335 972 3506 1039 possit
3548 989 3678 1029 cum

2090 1046 2296 1103 Paulo:
2342 1049 2458 1119 Ego
2493 1067 2586 1121 per
2621 1051 2784 1121 legem
2826 1052 2931 1123 legi
2964 1066 3203 1111 mortuus
3252 1075 3403 1125 sum,
3455 1070 3516 1115 ut
3560 1062 3678 1117 Deo

2089 1140 2273 1202 vivam,
2306 1137 2514 1196 Christo
2544 1143 2784 1211 confixus
2812 1145 2956 1199 cruci
2999 1144 3143 1217 (Gal.
3187 1146 3287 1217 ιι),
3328 1150 3433 1205 iste
3470 1154 3681 1222 poterit

2090 1229 2413 1286 lucrifacere
2437 1232 2734 1289 Christum.
2779 1234 3029 1291 Christus
3067 1238 3212 1293 enim
3245 1248 3300 1295 et
3341 1241 3591 1310 Veritas,
3620 1253 3681 1300 et

2091 1318 2370 1387 Charitas,
2402 1331 2457 1377 et
2501 1322 2801 1393 Sapientia,
2842 1335 2899 1381 et
2942 1326 3193 1395 Iustitia,
3219 1340 3275 1385 et
3303 1330 3679 1392 Sanetilicatio

2090 1414 2308 1469 dicitur.
2323 1414 2423 1481 Qui
2448 1417 2594 1471 enim
2614 1418 2730 1472 haec
2752 1419 2932 1473 omnia
2959 1419 3062 1474 sibi
3089 1420 3226 1477 bene
3239 1423 3465 1479 vivendo
3483 1430 3680 1497 acqui-

2090 1504 2181 1569 rit,
2208 1503 2484 1559 Christum
2511 1506 2699 1574 procul
2731 1505 2897 1561 dubio
2924 1507 3223 1575 lucrifacit,
3263 1512 3348 1566 vel
3384 1524 3536 1570 certe
3577 1517 3676 1585 qui

2092 1590 2316 1647 fratrem
2336 1608 2513 1658 suum,
2530 1595 2623 1663 qui
2644 1594 2845 1650 Christi
2872 1603 2956 1651 est
2980 1599 3299 1663 membrum,
3327 1603 3679 1671 praedicando

2090 1696 2145 1742 et
2172 1686 2369 1742 bonum
2394 1689 2700 1758 exemplum
2734 1691 3067 1746 ostendendo
3094 1692 3359 1759 lueratur,
3392 1694 3678 1754 Christum

410 1750 491 1817 De
515 1766 574 1806 eo
599 1748 738 1820 quod
762 1748 861 1817 lilii
886 1747 987 1829 Dei
1013 1764 1218 1856 sumus,
1260 1759 1307 1802 et
1347 1750 1601 1856 heredes,
1631 1761 1680 1806 et
1705 1752 1977 1809 hwreditat

910 1833 1024 1856 οη..
1135 1835 1260 1856 ρηηρ
1284 1836 1375 1856 ..ιη
1406 1836 1461 1856 ..η

2091 1776 2377 1832 lucrifacit.
2408 1747 2608 1835 Beatus
2628 1780 2774 1835 enim
2797 1781 3129 1852 Augustinus
3154 1747 3266 1839 ait

910 1817 1043 1886 ejus,
1072 1816 1260 1888 illeque
1283 1828 1482 1874 nostra.

479 1950 617 2007 Hinc
642 1950 843 2006 Paulus
864 1949 977 2004 ait:
1015 1948 1279 2014 Quoniam
1298 1952 1420 2004 estis
1438 1951 1539 2018 lilii
1559 1951 1680 2016 Dei,
1706 1953 1845 2007 misit
1869 1951 1987 2023 Spi-

408 2043 569 2095 ritum
599 2038 726 2093 Filii
747 2038 830 2093 sui
849 2039 903 2091 in
930 2037 1092 2091 corda
1113 2049 1303 2103 uestra,
1325 2038 1637 2094 clamantem
1657 2041 1803 2095 Abba
1825 2042 1989 2097 Pater

410 2127 557 2199 (Gal.
589 2125 686 2198 iv).
712 2126 1001 2197 Nunquam
1039 2126 1184 2185 enim
1223 2127 1546 2183 auderemus
1573 2129 1783 2195 dicere,
1829 2130 1988 2186 Pater

408 2228 586 2274 noster
607 2217 698 2288 qui
725 2231 778 2272 es
808 2217 864 2271 in
889 2217 1050 2282 ctelt's,
1076 2217 1180 2275 nisi
1201 2218 1267 2273 de
1295 2218 1626 2276 conscientia
1649 2223 1868 2289 spiritus
1888 2224 1986 2278 ha-

407 2313 630 2369 bitantis
658 2313 713 2367 in
743 2313 918 2368 nobis.
947 2312 1016 2368 Ut
1038 2313 1184 2368 enim
1212 2314 1571 2383 probaremur
1603 2318 1839 2388 adoptati
1865 2335 1985 2375 esse

406 2420 439 2459 a
466 2404 578 2459 Deo
616 2404 671 2458 in
701 2404 859 2469 ﬁlios,
893 2403 1154 2475 Spiritum
1185 2420 1344 2460 suum
1384 2408 1532 2462 dedit
1564 2410 1740 2476 nobis,
1782 2413 1874 2481 qui
1907 2414 1983 2467 si-

405 2510 570 2564 gnum
597 2493 776 2550 Patris
806 2495 1061 2550 ostendat
1081 2509 1205 2550 esse
1232 2497 1287 2550 in
1309 2495 1453 2561 ﬁliis,
1484 2508 1543 2554 ut
1571 2502 1865 2558 audeamus
1898 2504 1979 2559 di-

404 2598 570 2641 cere:
608 2585 777 2651 Abba,
803 2587 948 2656 quod
975 2594 1060 2641 est
1080 2584 1262 2652 Pater,
1289 2589 1434 2658 quod
1460 2589 1661 2647 Judaeis
1687 2594 1866 2651 dicere
1886 2596 1985 2652 du-

405 2679 533 2734 dum
557 2693 666 2734 non
705 2678 885 2734 fuerat
910 2694 1263 2735 concessum:
1299 2680 1487 2753 Itaque
1502 2685 1625 2753 jam
1662 2702 1765 2742 non
1801 2705 1984 2746 summ

402 2769 559 2833 serui,
584 2770 676 2824 sed
708 2769 827 2839 filii.
871 2768 1027 2835 Quod
1069 2771 1118 2825 si
1169 2771 1291 2839 ﬁlii,
1326 2782 1376 2827 et
1415 2774 1647 2831 hteredes
1678 2794 1774 2847 per
1811 2779 1983 2834 Deum

405 2854 550 2927 (Gal.
576 2858 675 2931 tv),
704 2858 759 2913 id
781 2866 899 2923 est,
945 2860 989 2914 si
1035 2860 1130 2913 lilii
1158 2876 1362 2923 sumus,
1404 2874 1802 2934 consequenter
1826 2869 1982 2924 nobis

403 2948 629 3004 debetur
654 2949 941 3005 hrereditas
961 2950 1171 3018 Patris;
1196 2961 1254 3008 ut
1278 2957 1546 3025 quomodo
1573 2956 1834 3026 Spiritum
1859 2959 1981 3015 Filii

2086 1884 2401 1938 perversum
2423 1870 2643 1935 videris,
2664 1879 2849 1942 satage
2872 1877 3166 1945 corrigere,
3180 1885 3234 1932 et
3253 1878 3543 1935 emendare
3561 1896 3679 1937 non

2087 1973 2285 2013 cesses.
2318 1958 2428 2013 Fac
2457 1961 2722 2030 quidquid
2768 1972 2923 2032 potes
2962 1980 3064 2034 pro
3099 1981 3327 2035 persona
3355 1984 3518 2038 quam
3546 1987 3681 2040 por-

2086 2054 2188 2101 tas.
2220 2046 2335 2102 Noli
2374 2048 2653 2117 quiescere
2692 2050 2891 2106 lucrari
2934 2052 3246 2131 Christum,
3278 2059 3405 2128 quia
3430 2058 3681 2118 lucratus

2086 2153 2145 2192 es
2171 2154 2203 2192 a
2237 2138 2477 2195 Christo.
2508 2140 2644 2196 Nam
2670 2151 2725 2196 et
2751 2145 3046 2201 secundum
3074 2148 3480 2221 intelligentiam
3510 2152 3679 2222 hujus

2085 2232 2388 2295 sententiae,
2419 2232 2511 2301 qui
2532 2233 2781 2304 intelligit
2805 2236 2886 2290 sui
2911 2252 3073 2293 causa
3098 2238 3372 2296 Christum
3395 2245 3677 2302 hominem

2085 2319 2306 2383 factum,
2332 2336 2573 2389 passum,
2606 2330 2662 2377 et
2688 2332 2981 2391 mortuum,
3011 2334 3064 2380 et
3093 2342 3124 2382 a
3148 2330 3378 2386 mortuis
3417 2347 3673 2390 resurre-

2084 2410 2250 2475 xisse,
2273 2420 2330 2464 et
2348 2411 2403 2464 in
2429 2411 2599 2466 oculos
2625 2415 2954 2480 ascendisse,
2975 2423 3031 2470 et
3055 2418 3251 2485 spretis
3279 2422 3529 2477 omnibus
3549 2438 3679 2493 qua

2085 2509 2211 2555 sunt
2235 2501 2416 2555 mundi
2452 2510 2600 2558 recto
2619 2519 2782 2559 cursu
2809 2520 2932 2560 eum
2966 2506 3127 2561 fuerit
3149 2518 3388 2577 secutus,
3412 2520 3472 2567 ut
3492 2514 3678 2584 ipsum

2084 2589 2359 2645 Christum
2386 2594 2771 2662 apprehendat,
2800 2610 2832 2649 a
2859 2612 2966 2665 quo
2990 2606 3074 2652 est
3099 2602 3542 2669 comprehensus,
3566 2604 3678 2661 iste

2083 2679 2318 2736 feliciter
2343 2681 2612 2739 lucrifacit
2636 2682 2937 2740 Christum.
2977 2687 3113 2743 Hinc
3138 2698 3194 2743 et
3219 2689 3345 2745 alibi
3373 2690 3511 2746 idem
3540 2709 3678 2764 apo-

2084 2775 2254 2831 stolus
2287 2776 2365 2830 ait
2403 2795 2415 2829 :
2449 2775 2583 2832 Mihi
2626 2789 2803 2834 autem
2842 2781 2978 2836 absit
3020 2781 3240 2853 gloriari
3294 2785 3395 2839 nisi
3430 2784 3484 2839 in
3512 2802 3676 2841 cruce

2082 2863 2297 2919 Domini
2338 2868 2504 2921 nostri
2530 2867 2661 2922 Iesu
2686 2866 2914 2937 Christi,
2950 2888 3043 2942 per
3077 2889 3228 2943 quem
3273 2875 3401 2929 mihi
3439 2875 3675 2931 mundus

2082 2957 2367 3026 cruciﬁxus
2395 2969 2471 3014 est
2494 2969 2543 3013 et
2569 2977 2662 3031 ego
2693 2962 2889 3017 mundo
2928 2961 3071 3035 (Gal.
3096 2965 3196 3034 vi).
3229 2965 3345 3020 Non
3373 2966 3426 3021 in
3446 2967 3673 3037 propria

406 3033 499 3093 Dei
531 3036 879 3107 accipientes,
922 3038 1048 3097 facti
1095 3057 1281 3099 sumus
1324 3045 1439 3110 lilii,
1482 3047 1555 3101 ita
1584 3048 1639 3103 in
1675 3048 1979 3106 libertatem
2007 3088 2051 3149 ρ
2076 3045 2288 3115 iustitia
2315 3049 2538 3119 gloriari
2569 3051 2728 3107 debet
2751 3033 3066 3121 monachus,
3092 3033 3177 3111 vel
3205 3056 3261 3111 in
3289 3033 3531 3112 doctrina
3549 3033 3670 3114 vali—

400 3127 470 3181 de
501 3126 762 3183 servitute
785 3129 1004 3195 mutati,
1034 3131 1275 3189 haeredes
1302 3135 1473 3191 simus
1499 3136 1595 3192 Dei
1633 3137 1846 3206 Patris,
1888 3157 1983 3198 co-

396 3217 641 3275 itteredes
685 3225 867 3274 autem
906 3218 1036 3275 Iesu
1067 3221 1272 3277 Christi
1316 3223 1413 3279 lilii
1452 3224 1764 3295 ejus.'Nam
1792 3237 1847 3284 et
1874 3231 1982 3286 alio

400 3309 519 3364 loco
562 3307 706 3363 idem
744 3309 821 3363 ait
850 3308 1144 3380 Apostolus
1181 3311 1377 3385 (Colos.
1409 3315 1485 3387 1):
1527 3307 1740 3372 Gratias
1770 3330 1980 3391 agentes

403 3396 512 3450 Deo
544 3395 697 3453 Patri
721 3400 811 3469 qui
835 3400 1022 3470 dignos
1047 3418 1140 3456 nos
1169 3403 1290 3470 fecit
1306 3406 1359 3457 in
1372 3415 1572 3475 partem
1598 3408 1755 3462 sortis
1778 3419 1983 3464 sancto-

401 3499 519 3538 rum
544 3484 840 3542 inlumina.
880 3487 1015 3543 Pars
1054 3493 1216 3547 sortis
1246 3502 1588 3561 sanctorum,
1633 3500 1981 3569 congregatio

402 3584 489 3631 est
513 3576 771 3643 adunata,
797 3579 932 3634 etin
960 3596 1068 3635 una
1094 3584 1352 3641 societate
1374 3585 1585 3655 juncta,
1604 3590 1845 3645 omnium
1870 3591 1980 3645 ele-

401 3673 637 3730 ctorum.
655 3667 796 3723 sicut
819 3678 873 3724 et
896 3670 1024 3724 alibi
1045 3672 1203 3731 dicit:
1241 3673 1345 3730 Vos
1368 3688 1542 3732 autem
1564 3678 1823 3735 Dominus
1842 3683 1979 3736 ntul-

399 3755 595 3826 tiplices
626 3756 677 3828 (Ι
709 3756 888 3813 Thess.
920 3758 1031 3830 ιιι),
1069 3762 1415 3832 subauditur,
1448 3768 1501 3822 in
1532 3784 1757 3826 numero
1780 3773 1978 3830 electo-

403 3862 525 3907 rum
549 3862 792 3913 suorum,
826 3859 882 3904 ut
908 3851 1024 3915 sitis
1043 3856 1214 3908 sancti
1237 3866 1285 3909 et
1319 3858 1662 3926 immaculati,
1688 3862 1742 3917 in
1772 3868 1976 3935 gremio

400 3937 608 3995 scilicet
640 3944 952 4010 congregati
986 3954 1317 4003 sanctorum.
1350 3950 1437 4013 Fit
1475 3968 1605 4024 ergo
1643 3971 1770 4026 pars
1813 3962 1977 4016 sortis

396 4039 711 4087 sanctorum
734 4033 789 4089 in
811 4034 1041 4103 lumine;
1061 4047 1116 4094 et
1138 4039 1439 4098 illustratur
1464 4046 1739 4115 alumine,
1759 4052 1976 4120 quando

397 4118 458 4179 fit
483 4120 537 4174 in
568 4120 806 4190 Christo,
838 4133 895 4182 et
934 4127 1235 4186 illustratur
1260 4150 1290 4187 a
1331 4133 1568 4203 Christo,
1598 4139 1725 4208 quia
1752 4118 1890 4197 solet
1919 4145 1972 4199 in

401 4218 549 4264 sorte
573 4210 861 4270 hareditas
885 4215 1201 4287 signiﬁcari,
1227 4220 1368 4277 sicut
1392 4224 1652 4293 scriptum
1682 4236 1795 4283 est:
1820 4228 1975 4287 Sorte

396 4296 570 4352 divisit
613 4301 687 4356 eis
731 4311 930 4360 terram
971 4307 1027 4362 in
1072 4309 1310 4378 funiculo
1354 4312 1737 4372 distributionis
1785 4318 1969 4390 (Psal.

2081 3154 2209 3208 qua,
2233 3142 2325 3196 sed
2355 3142 2411 3195 in
2443 3140 2547 3198 fide
2576 3144 2755 3199 crucis
2777 3143 3006 3210 Christi,
3031 3161 3130 3215 per
3153 3162 3315 3216 quem
3349 3148 3453 3203 sibi
3479 3150 3671 3205 omnia

2082 3242 2266 3301 sperat
2287 3233 2486 3288 dimitti
2513 3242 2753 3304 peccata.
2786 3235 2970 3292 Mutuo
3006 3253 3137 3309 ergo
3177 3239 3281 3294 sibi
3308 3242 3503 3295 mortui
3539 3256 3673 3298 esse

2080 3319 2298 3387 debent,
2327 3331 2384 3377 et
2412 3324 2645 3379 mundus
2670 3326 2935 3381 monacho
2954 3367 2969 3393 ,
3013 3334 3067 3383 et
3108 3328 3403 3385 monachus
3432 3332 3667 3388 mundo.

2081 3408 2150 3463 Et
2175 3410 2311 3464 nihil
2346 3412 2732 3482 concupiscere
2777 3415 2937 3472 debet
2979 3420 3278 3475 monachus
3307 3434 3494 3475 eorum
3538 3436 3670 3491 quas

2080 3510 2208 3556 sunt
2234 3502 2445 3569 mundi,
2475 3518 2579 3559 nec
2616 3507 2851 3562 mundus
2875 3508 3075 3564 habere
3104 3509 3264 3566 debet
3291 3511 3432 3581 quod
3461 3526 3671 3569 concu-

2077 3592 2251 3663 piscat
2275 3593 2329 3647 in
2354 3595 2637 3651 monacho.
2669 3595 2828 3653 Solus
2853 3614 2980 3669 ergo
2998 3608 3178 3669 potest
3199 3600 3254 3656 in
3276 3616 3437 3657 cruce
3455 3600 3669 3659 Christi

2079 3685 2302 3756 gloriari
2326 3703 2339 3740 :
2380 3676 2472 3757 qui
2494 3687 2630 3743 tollit
2665 3706 2804 3756 eam,
2832 3700 2881 3745 et
2902 3693 3139 3763 sequitur
3164 3690 3521 3748 Salutarem:
3553 3694 3667 3761 Qui

2078 3776 2336 3846 cruciﬁgit
2377 3793 2588 3832 carnem
2626 3797 2778 3835 suam
2817 3798 2936 3836 cum
2968 3783 3106 3837 vitiis
3131 3792 3181 3837 et
3204 3784 3664 3853 concupiscentiis,

2075 3866 2166 3936 qui
2188 3875 2426 3922 mortuus
2454 3878 2530 3921 est
2555 3870 2773 3934 mundo,
2803 3881 2852 3926 et
2892 3888 2995 3926 non
3023 3873 3403 3943 contemplatur
3441 3892 3507 3930 ea
3539 3894 3665 3948 quia

2078 3955 2340 4021 ridentur,
2364 3957 2453 4011 sed
2475 3974 2592 4028 qua:
2616 3976 2721 4014 non
2744 3961 2988 4017 videntur
3006 3972 3055 4017 et
3074 3973 3269 4018 teterna
3294 3975 3413 4019 sunt
3435 3965 3658 4040 (Matth.

2075 4062 2199 4113 xw;
2235 4043 2355 4101 Gal.
2388 4064 2440 4114 v;
2470 4048 2533 4102 II
2560 4046 2684 4105 Cor.
2714 4050 2815 4123 ιν).

2637 4160 2866 4219 CAPUT
2904 4164 3089 4221 LXIX.

2073 4245 2152 4300 De
2172 4262 2232 4301 eo
2261 4248 2400 4318 quod
2429 4248 2645 4304 Domini
2671 4267 2930 4377 sempqrta
2969 4257 3238 4313 monachis
3275 4264 3661 4322 annuntientur

2516 4344 2519 4347 λ
2742 4339 2820 4376 rir
2842 4341 2873 4376 u
2899 4341 2972 4377 es.
3088 4372 3096 4377 .

2516 4344 2519 4347 ‘
2742 4339 2787 4376 ιιι
2794 4339 2972 4378 νιαιεδ.

394 4390 618 4461 ικιγιι).
653 4393 906 4453 Dicamus
933 4399 1061 4466 quia
1098 4401 1239 4455 sicut
1272 4403 1448 4458 omnis
1473 4405 1770 4463 electorum
1793 4425 1966 4481 popu—
1992 4427 2045 4486 ι)
2144 4407 2283 4463 Hinc
2304 4408 2497 4465 Petrus
2522 4413 2796 4482 apostolus
2829 4415 2940 4470 ait:
2975 4414 3043 4472 Ut
3070 4420 3285 4475 virtutes
3327 4426 3656 4481 annuntietis

397 4475 502 4544 lus,
530 4494 656 4548 pars
680 4491 737 4538 et
764 4483 1035 4543 funiculus
1057 4490 1392 4547 haereditatis
1421 4494 1633 4550 Domini
1676 4508 1761 4553 est
1775 4475 1970 4564 ,Ἐλπί-

396 4576 554 4659 plura
597 4572 851 4631 dicente:
895 4577 1032 4634 Pars
1074 4592 1249 4635 autem
1298 4583 1510 4638 Domini
1548 4588 1771 4657 populus
1812 4590 1969 4659 ejus:

393 4655 559 4749 Iacob
580 4658 848 4730 funiculus
867 4667 1188 4724 Iucreditatis
1208 4672 1322 4740 ejus
1338 4672 1517 4742 (Deut.
1542 4655 1735 4747 sua").
1750 4655 1970 4749 lta'pars

389 4757 445 4802 et
472 4747 755 4807 haereditas
782 4756 946 4810 sortis
973 4767 1284 4814 sanctorum
1309 4760 1424 4829 ipse
1456 4762 1714 4821 Dominus
1738 4776 1821 4822 est
1835 4747 1860 4833 ,ἡ
1877 4772 1969 4839 qui

389 4837 527 4892 dixit
554 4840 623 4894 ad
648 4840 830 4897 Aaron
854 4862 868 4897 :
900 4844 1015 4914 Ego
1038 4864 1161 4915 pars
1198 4859 1247 4902 et
1286 4851 1567 4908 hatreditas
1594 4864 1687 4910 tua
1716 4858 1771 4911 in
1796 4837 1967 4916 medio

388 4927 621 5005 ﬁliorum
645 4928 815 4989 Israel
843 4931 1033 5004 (Num.
1061 4937 1240 5008 XVIII).
1266 4938 1379 4993 Nos
1403 4951 1583 4997 autem
1606 4960 1727 5002 cum
1752 4959 1965 5020 aposto-

390 5017 459 5071 lis
483 5025 539 5072 et
562 5019 815 5076 omnibus
838 5024 1042 5078 sanctis
1070 5027 1382 5085 societatem
1421 5033 1676 5093 habentes
1700 5057 1713 5093 :
1751 5017 1964 5099 Cratias

386 5116 595 5177 agentes
616 5106 728 5162 Deo
755 5107 927 5177 Patri,
952 5108 1159 5172 omitus
1184 5131 1236 5175 ut
1258 5119 1442 5196 dignos
1466 5141 1559 5180 nos
1579 5128 1742 5197 faciat
1766 5132 1821 5187 in
1838 5151 1962 5203 par-

386 5205 488 5249 tem
516 5197 672 5251 sortis
703 5209 1001 5260 sanctorum
1031 5204 1085 5259 in
1115 5200 1309 5264 lumine
1336 5209 1556 5282 (Coloss.
1590 5218 1653 5290 ι),
1681 5221 1734 5276 id
1754 5197 1871 5287 est,
1902 5232 1963 5278 ut

385 5299 513 5353 pars
535 5295 588 5341 et
613 5302 734 5343 sors
753 5298 810 5343 et
843 5290 1131 5352 htereditas
1165 5298 1376 5358 Domini
1405 5320 1525 5362 esse
1550 5324 1875 5378 mereamur,
1906 5323 1962 5369 et

384 5374 561 5445 ipsum
611 5376 900 5435 Dominum
948 5382 1284 5445 Salvatorem
1321 5403 1566 5450 nostrum
1616 5398 1671 5457 in
1715 5374 1869 5455 sorte
1904 5412 1961 5457 et

386 5463 700 5525 haereditate
731 5470 1059 5540 sculpiterna
1102 5474 1329 5537 feliciter
1369 5485 1774 5553 possideamus,
1814 5501 1868 5545 et
1902 5492 1957 5546 in

386 5553 603 5625 lumine,
635 5560 691 5616 id
714 5570 795 5616 est
833 5562 888 5618 in
926 5563 1042 5635 ipso
1084 5576 1140 5625 et
1182 5586 1279 5642 per
1315 5574 1493 5644 ipsum
1539 5577 1854 5648 illuminati,
1900 5584 1955 5639 in

384 5652 644 5707 :eternum
670 5649 855 5708 felices
891 5668 1321 5726 permancamus.

2068 4500 2182 4568 ejus
2210 4501 2300 4571 qui
2332 4501 2396 4555 de
2432 4504 2654 4558 tenebris
2693 4522 2782 4560 vos
2813 4510 3008 4563 vocarit
3038 4511 3094 4564 in
3133 4511 3445 4569 admirabile
3474 4515 3658 4573 lumen

2069 4608 2222 4645 suum
2251 4592 2302 4664 (ι
2332 4594 2478 4649 Petr.
2505 4595 2588 4665 ιι).
2623 4597 2776 4652 Sicut
2802 4600 2945 4655 enim
2978 4602 3013 4656 ii
3040 4604 3131 4671 qui
3161 4604 3227 4659 de
3253 4604 3511 4677 Egyptia
3537 4625 3655 4666 ser-

2070 4684 2240 4740 vitute
2267 4686 2477 4742 liberati
2503 4698 2631 4743 sunt
2655 4705 2751 4759 per
2779 4690 2997 4763 Moysen
3017 4734 3032 4759 ,
3066 4709 3281 4750 carmen
3325 4699 3654 4771 triumphale

2069 4785 2189 4844 post
2213 4778 2497 4833 transitum
2527 4781 2693 4836 maris
2723 4781 2911 4847 Rubri,
2940 4794 2998 4840 et
3021 4786 3325 4844 demersum
3347 4791 3652 4852 Pharaonis

2068 4866 2365 4921 exercitum
2387 4906 2401 4928 ,
2444 4869 2672 4925 Domino
2712 4882 3065 4929 cantaverunt
3094 4876 3290 4946 (Exod.
3322 4879 3448 4951 xv);
3488 4884 3565 4939 ita
3594 4896 3651 4942 ct

2067 4969 2166 5010 nos
2191 4963 2402 5024 oportet
2428 4968 2550 5026 post
2583 4971 2858 5031 acceptam
2887 4963 2939 5018 in
2969 4964 3238 5035 baptismo
3268 4971 3647 5032 remissionem

2063 5055 2431 5115 peccatorum,
2467 5049 2658 5121 dignas
2701 5052 2979 5109 beneﬁciis
3003 5056 3313 5115 caelestibus
3350 5065 3650 5131 rependam

2063 5136 2286 5206 gratias,
2321 5147 2378 5193 et
2404 5140 2522 5210 ejus
2542 5156 2757 5212 semper
2778 5146 3099 5203 annuntiare
3120 5148 3364 5206 virtutes.
3392 5151 3451 5206 Si
3475 5154 3648 5211 virtu-

2063 5235 2144 5279 tes
2173 5242 2298 5283 suas
2317 5231 2657 5300 omnipotens
2683 5234 2824 5289 Deus
2847 5246 3070 5302 taceret,
3097 5240 3276 5295 nullus
3299 5255 3642 5314 agnosceret,

2062 5317 2242 5371 nullus
2270 5331 2497 5375 amaret.
2531 5324 2770 5381 Virtutes
2798 5342 2927 5396 ergo
2963 5345 3091 5385 suas
3114 5336 3419 5401 annuntiat,
3447 5352 3559 5395 non
3582 5348 3648 5397 ut

2062 5408 2309 5465 laudibus
2334 5414 2449 5468 suis
2474 5414 2588 5487 ipse
2615 5418 2883 5487 proﬁciat,
2911 5423 3003 5477 sed
3032 5432 3092 5477 ut
3119 5424 3266 5496 liqui
3294 5426 3439 5484 hunc
3462 5431 3518 5486 in
3540 5448 3642 5491 sua

2060 5497 2217 5554 laude
2247 5516 2637 5571 cognoverunt,
2670 5507 2736 5562 ad
2772 5520 3085 5580 perpetuam
3109 5514 3480 5575 haereditatem
3511 5538 3645 5592 per-

2058 5589 2294 5643 veniant.
2327 5589 2505 5663 [Greg.
2524 5636 2537 5656 .
2589 5597 2780 5653 Moral.
2826 5600 2862 5655 Ι.
2895 5619 3044 5667 xvm,
3074 5622 3121 5659 c.
3150 5606 3228 5678 5.]
3259 5608 3465 5668 Idcirco
3493 5589 3642 5675 Deus

2054 5678 2243 5735 lati-les
2272 5695 2395 5737 suas
2425 5683 2643 5755 iudicat,
2675 5697 2732 5744 ut
2758 5692 3033 5750 valeamus
3062 5710 3183 5761 eum
3212 5699 3497 5758 audientes
3538 5719 3637 5761 ρο-
