3940 6410
170 321 285 378 665

1397 310 1701 367 DIADEMA
1741 310 2249 369 MONACﬂOI‘tUM.

3354 313 3461 399 σθσ

172 452 458 510 gnoscere,
504 440 895 507 cognoscentes
925 447 1140 497 amare,
1188 439 1434 489 amantes
1470 431 1647 502 sequi,
1674 445 1760 485 se-
1786 433 1838 493 Α
1863 428 2130 495 confusio,
2188 431 2285 485 sed
2316 446 2513 501 magna
2545 430 2706 486 debet
2734 430 2982 487 ﬁdelibus
3009 445 3129 487 esse
3168 432 3448 503 gloriatio.

169 538 406 599 quentes
443 528 689 598 adipisci,
719 526 1084 597 adipiscentes
1109 540 1240 580 vero
1265 523 1382 592 ejus
1407 524 1615 578 visione
1638 537 1764 592 per—

169 620 305 675 frui.
344 620 480 674 Hinc
517 619 790 689 Propheta
828 619 942 673 ait:
994 615 1249 671 Virtutem
1289 631 1502 685 op:rum
1546 630 1763 668 suorum

170 712 512 766 annuntiabit
536 709 729 782 populo
759 727 879 777 suo,
909 720 967 764 ut
993 710 1078 764 det
1113 708 1219 763 illis
1246 708 1604 762 hazreditatem
1639 723 1765 778 gen-

172 807 311 859 tium
347 803 520 877 (Psal.
562 804 672 878 cx).
702 805 781 860 Ac
806 805 851 861 si
879 812 1066 875 aperte
1090 804 1275 859 dicat:
1314 802 1522 856 Idcirco
1549 799 1767 855 fortitu-

169 897 358 953 dinem
380 913 492 953 suae
506 897 837 967 operationis
857 897 1118 960 insinuat,
1136 901 1198 949 ut
1216 908 1335 949 eam
1357 893 1448 962 qui
1473 890 1762 956 audierint,

170 989 334 1044 donis
363 988 739 1059 spiritualibus
773 988 1062 1045 ditescant.
1113 986 1172 1039 in
1217 982 1589 1053 spiritualibus
1617 980 1764 1034 enim

170 1076 336 1133 donis
363 1077 649 1148 proficere,
681 1086 767 1132 est
791 1077 950 1148 digne
972 1076 1025 1129 in
1050 1075 1160 1129 Deo
1187 1072 1482 1137 ambulare,
1511 1079 1568 1126 et
1586 1071 1652 1124 de
1675 1069 1764 1125 die

170 1168 228 1221 in
262 1168 404 1223 diem
435 1168 490 1222 in
519 1167 812 1223 virtutibus
838 1165 1042 1221 sanctis
1067 1162 1367 1234 proiicere,
1395 1164 1567 1217 donec
1589 1158 1656 1213 ad
1681 1160 1764 1214 vi-

170 1258 385 1312 sionem
430 1256 834 1326 Omnipotentis
871 1255 1048 1309 valeat
1086 1252 1405 1322 pervenire,
1450 1258 1511 1305 ut
1551 1250 1766 1324 dicatur

170 1366 301 1404 cum
332 1351 548 1405 cmteris
574 1349 779 1404 sanctis
802 1348 869 1402 de
903 1347 995 1401 illo
1020 1364 1033 1401 :
1074 1345 1236 1399 Ibunt
1262 1344 1326 1398 de
1356 1345 1544 1399 virtute
1579 1343 1636 1396 in
1659 1342 1765 1396 vir-

80 1498 81 1501 η
169 1449 361 1505 tutem,
375 1449 424 1493 et
436 1438 691 1493 videbitur
704 1437 846 1491 Deus
861 1436 1081 1490 deorum
1100 1434 1154 1490 in
1173 1433 1304 1490 Sion
1318 1432 1489 1505 (Psal.
1509 1432 1761 1503 Lxxxttl).

167 1529 268 1584 Ille
289 1530 543 1585 videlicet
570 1528 842 1584 videbitur
870 1543 902 1582 a
924 1528 1082 1583 nobis
1112 1527 1166 1581 in
1196 1526 1347 1590 Sion,
1375 1525 1431 1579 id
1464 1532 1546 1580 est
1570 1524 1622 1578 in
1643 1538 1763 1593 spe-

168 1619 451 1675 culatione
474 1636 728 1691 superna,
760 1620 850 1689 qui
879 1634 978 1674 nos
1000 1618 1217 1674 vocavit
1257 1618 1311 1673 in
1353 1633 1512 1674 suum
1538 1632 1763 1687 regnum

167 1719 228 1766 et
258 1711 509 1780 gloriam.
537 1712 763 1767 Vocavit
785 1711 937 1781 prius
962 1725 1060 1780 per
1088 1710 1274 1775 ﬁdem,
1297 1718 1485 1780 postea
1516 1724 1646 1763 vero
1667 1724 1767 1763 vo-

1865 518 2116 575 Christus
2140 521 2306 588 enim,
2333 522 2411 576 ait
2435 521 2746 591 Apostolus,
2769 522 2942 592 factus
2969 533 3046 576 est
3079 523 3228 577 nobis
3241 523 3457 592 justitia

1867 610 1921 681 (Ι
1966 609 2088 665 Cor.
2132 610 2196 683 ι).
2255 610 2374 667 Pati
2422 627 2552 683 ergo
2613 629 2710 683 pro
2755 613 2995 679 Christo,
3038 615 3149 684 pati
3190 623 3279 670 est
3322 631 3454 686 pro-

1865 710 1987 771 pter
2014 701 2304 771 justitiam.
2329 703 2482 759 Beati
2503 708 2651 761 enim
2675 703 2773 776 (ait
2800 705 3080 778 Dominus)
3103 708 3193 778 qui
3222 723 3459 777 persecu-
3489 778 3494 782 _

1863 794 2058 848 tionem
2081 796 2359 865 patiuntur
2384 783 2598 866 propter:
2606 795 2895 865 justitiam,
2935 798 3185 867 quoniam
3213 800 3452 869 ipsorum

1864 893 1937 937 est
1971 899 2185 954 regnum
2208 884 2455 939 calorum
2480 884 2698 956 (Matth.
2749 884 2828 956 v).
2856 885 3275 942 Confundantur
3319 903 3454 959 ergo

1866 975 1938 1030 illi
1963 979 2055 1047 qui
2080 989 2303 1050 pr0pter
2323 980 2592 1051 justitiam
2612 989 3014 1051 persequuntur
3043 980 3269 1047 electos,
3316 983 3449 1051 quia

1862 1081 1957 1123 eos
2007 1070 2285 1125 cruciatus
2328 1079 2611 1140 exspectat
2645 1080 2903 1128 internus.
2952 1072 3070 1129 Non
3106 1072 3446 1129 confundan-

1864 1166 1956 1212 tur
1984 1158 2167 1225 electi,
2210 1160 2408 1231 quibus
2434 1175 2536 1230 pro
2562 1161 2822 1217 brevibus
2848 1162 3291 1218 tribulationibus
3319 1178 3453 1234 gau-

1863 1250 2013 1307 dium
2062 1258 2348 1315 azternum,
2402 1250 2610 1320 pariter
2662 1251 2925 1306 caelorum
2968 1252 3240 1307 tribuetur
3268 1260 3325 1309 et
3362 1267 3453 1308 re—

1862 1353 2050 1408 gnum.
2087 1337 2224 1394 Hinc
2278 1337 2474 1394 Petrus
2507 1339 2586 1393 ait
2627 1359 2639 1393 :
2685 1338 2747 1395 Si
2795 1339 2923 1411 quid
2949 1340 3196 1409 patimini
3243 1350 3457 1411 propter

1853 1428 2146 1499 justitiam,
2181 1427 2322 1483 beati
2367 1427 2422 1500 (I
2456 1426 2604 1483 Petr.
2634 1427 2740 1500 tu}.
2776 1428 2895 1485 Non
2924 1429 3124 1494 solum,
3152 1428 3346 1498 inquit,
3377 1428 3455 1483 nil

1861 1521 2015 1576 vobis
2052 1528 2231 1587 nocet,
2262 1520 2354 1591 qui
2391 1520 2595 1576 bonum
2648 1520 2978 1578 facientibus
3025 1520 3167 1575 mala
3208 1520 3448 1591 irrogat;

1864 1612 1959 1667 sed
1999 1613 2166 1667 etiam
2208 1627 2332 1667 cum
2372 1627 2471 1668 vos
2509 1620 2733 1683 propter
2772 1613 2910 1667 bona
2962 1628 3084 1682 quae
3134 1618 3454 1667 exsecratur

1868 1705 2043 1760 hostis
2096 1705 2421 1775 insequitur,
2458 1719 2681 1760 causam
2733 1704 2889 1760 vobis
2949 1704 3172 1775 majoris
3217 1704 3451 1760 beatitu-

167 1802 322 1856 cavit
345 1817 445 1871 per
489 1802 724 1871 speciem
742 1841 757 1867 ,
797 1801 1013 1871 quando
1037 1800 1341 1855 videbimus
1367 1814 1491 1854 eum
1520 1797 1658 1853 facie
1693 1796 1763 1851 ad
1791 1799 1838 1858 B
1865 1792 2007 1847 diuis
2045 1801 2288 1862 praestat,
2344 1808 2469 1848 cum
2496 1794 2771 1862 patientia:
2815 1802 3015 1850 vestra:
3035 1794 3180 1849 vires
3206 1803 3449 1851 exercet.

167 1894 391 1960 faciem,
424 1904 479 1951 et
516 1896 665 1950 illam
702 1894 1113 1951 desiderabilem
1160 1896 1442 1951 audiemus
1467 1909 1655 1950 vocem
1682 1894 1763 1949 di-

166 1986 383 2041 centis:
424 1983 623 2051 Venite,
640 1986 893 2040 benedicti
918 1983 1098 2041 Patris
1118 1986 1241 2051 mei,
1256 1985 1503 2056 percipite
1523 2000 1759 2054 regnum,

164 2076 313 2147 quod
334 2076 475 2131 vobis
497 2085 745 2147 paratum
767 2086 843 2132 est
865 2076 931 2131 ab
951 2078 1153 2147 origine
1173 2077 1356 2131 mundi
1372 2075 1585 2150 (Matth.
1609 2076 1758 2149 xxv).

166 2165 227 2220 In
252 2180 361 2235 quo
385 2181 551 2237 regno
571 2174 626 2221 et
645 2166 817 2237 gloria
835 2174 1039 2223 mterna
1061 2176 1116 2223 et
1139 2168 1248 2223 vita
1272 2175 1456 2224 manet
1478 2176 1757 2239 perpetua.

167 2256 375 2312 Beatus
393 2256 494 2312 Job
519 2257 587 2313 de
609 2258 711 2313 hac
736 2259 1146 2316 annuntiatione
1164 2259 1447 2325 virtutum,
1469 2260 1571 2316 sub
1589 2260 1762 2330 ﬁgura

168 2346 550 2417 Redemptoris
577 2349 751 2403 nostri
778 2349 885 2403 ait;
919 2349 1101 2413 Terra,
1134 2366 1197 2404 ne
1220 2351 1425 2420 operias
1452 2352 1760 2421 sanguinem

166 2451 345 2489 meum
376 2434 519 2507 (Job.
544 2436 678 2508 xvr).
701 2435 904 2509 [Creg.,
936 2438 1131 2493 Moral.
1150 2438 1188 2492 l.
1224 2456 1344 2505 xm,
1371 2457 1419 2493 c.
1450 2438 1567 2512 23.]
1593 2439 1760 2495 Terra

165 2542 408 2596 namque
446 2529 762 2599 sanguinem
787 2529 987 2586 Christi
1016 2546 1122 2585 non
1150 2531 1389 2601 operuit:
1420 2530 1548 2600 quia
1572 2540 1759 2586 sancta

166 2616 417 2672 Ecclesia
444 2617 830 2687 redemptionis
857 2634 971 2675 sua;
998 2621 1318 2690 mysterium
1340 2621 1395 2675 in
1414 2622 1629 2676 cunctis
1645 2620 1761 2690 jam

166 2707 360 2761 mundi
386 2707 632 2776 partibus
653 2709 984 2778 prardicavit.
1007 2709 1125 2778 ipse
1147 2711 1290 2764 enim
1312 2711 1529 2781 sanguis
1548 2710 1762 2765 redem-

166 2797 377 2867 ptionis
410 2797 504 2866 qui
534 2798 785 2864 sumitur,
815 2798 1022 2854 clamor
1048 2800 1220 2856 nostri
1248 2800 1627 2870 Redemptoris
1654 2808 1756 2856 est.

169 2889 322 2958 Ergo
347 2897 409 2944 ut
435 2898 835 2945 sacramentum
882 2890 1173 2947 Dominicaa
1213 2892 1480 2963 passionis
1509 2893 1563 2947 in
1603 2893 1759 2948 nobis

169 2996 284 3036 non
312 2981 384 3035 sit
414 2981 671 3048 otiosum,
697 2980 958 3037 debemus
984 2982 1184 3038 imitari
1225 2998 1345 3053 qua:
1385 2985 1670 3051 sumimus,
1704 2991 1761 3039 et

1868 1885 1984 1955 Ipse
2023 1885 2219 1940 iterum
2264 1885 2395 1940 dicit
2420 1902 2441 1957 γε
2472 1883 2666 1939 Melius
2711 1894 2787 1940 est
2829 1885 2969 1939 enim
3026 1884 3153 1939 bene
3198 1884 3453 1955 facientes

1868 1974 1934 2046 (si
1982 1974 2100 2030 uelit
2146 1975 2384 2031 voluntas
2445 1974 2566 2045 Dei)
2621 1975 2732 2043 pati
2790 1991 2951 2045 quam
3003 1973 3143 2028 male
3197 1973 3452 2044 facientes

1866 2066 2077 2137 (Ibid.).
2130 2064 2256 2121 Haec
2304 2065 2573 2121 sententia
2600 2064 2816 2119 illorum
2846 2064 3237 2120 monachorum
3273 2063 3456 2119 stulti-

1863 2158 1996 2213 tiam
2045 2158 2242 2230 arguit,
2283 2158 2375 2228 qui
2422 2172 2547 2212 cum
2590 2172 2689 2228 pro
2718 2157 2895 2228 culpis
2936 2166 3239 2227 arguuntur
3281 2172 3312 2211 a
3342 2157 3456 2212 fra-

1863 2250 2057 2314 tribus,
2084 2250 2171 2306 vel
2215 2251 2378 2305 etiam
2413 2250 2984 2314 excommunicantur,
3043 2249 3315 2319 patienter
3341 2264 3451 2305 non

1863 2340 2113 2395 tolerant.
2171 2339 2230 2395 Si
2267 2355 2399 2396 vero
2453 2341 2573 2396 sine
2625 2340 2807 2409 culpa,
2854 2340 2939 2394 vel
2984 2340 3273 2414 verborum
3318 2353 3454 2394 con-

1862 2429 2132 2495 tumelias,
2180 2428 2267 2483 vel
2314 2429 2545 2484 adversa
2584 2443 2813 2498 qumque
2850 2428 3134 2497 patiuntur
3171 2442 3202 2482 a
3238 2443 3451 2498 prmpo-

1862 2523 2001 2586 sitis,
2029 2538 2155 2577 mox
2181 2522 2249 2577 ad
2276 2521 2617 2577 iracundiam
2642 2528 3011 2590 prorumpunt
3051 2537 3064 2573 :
3098 2526 3153 2575 ct
3173 2520 3267 2590 qui
3294 2528 3452 2575 antea

1860 2614 2183 2669 videbantur
2220 2614 2448 2679 innoxii,
2496 2628 2596 2683 per
2632 2612 3031 2683 impatientiam
3065 2620 3118 2668 et
3145 2628 3452 2667 murmura—

1863 2705 2025 2759 tionis
2069 2704 2352 2759 audaciam
2396 2703 2694 2773 culpabiles
2735 2718 2797 2759 se
2830 2704 3065 2758 reddunt
3135 2710 3191 2758 et
3232 2705 3448 2758 noxios.

1860 2794 1928 2848 Et
1961 2794 2095 2849 mihi
2138 2794 2187 2848 si
2216 2794 2439 2849 daretur
2472 2794 2642 2863 optio,
2692 2793 2911 2849 mallem
2954 2793 3188 2864 judicari
3231 2802 3327 2849 aut
3354 2795 3452 2848 ad-

1859 2900 2017 2940 versa
2064 2884 2179 2955 pati
2215 2884 2331 2939 sine
2352 2884 2528 2955 culpa,
2583 2898 2750 2955 quam
2796 2899 2921 2938 cum
2959 2883 3117 2954 culpa
3167 2885 3452 2954 subiacere

1857 2974 2176 3030 verberibus
2210 2973 2296 3028 vel
2324 2972 3004 3029 excommunicatnonibus.
3038 2973 3306 3040 Quienim
3356 2974 3448 3043 ju-

170 3073 476 3144 praedicare
498 3074 711 3128 caeteris
737 3089 859 3143 quae
885 3089 1231 3129 veneramur.
1252 3073 1391 3130 Hinc
1414 3074 1608 3131 iterum
1631 3075 1761 3130 bea-
1860 3071 1979 3119 8W8
2003 3070 2059 3118 εἴ
2103 3063 2223 3119 Sine
2248 3062 2410 3133 culpa
2431 3063 2656 3133 Ρθιίωτο
2708 3061 2988 3118 Christum
3023 3063 3302 3129 imitatur;
3354 3063 3449 3132 (ιιιί

170 3168 263 3220 tus
286 3163 387 3220 Job
416 3166 529 3220 ait:
570 3163 752 3236 Neque
779 3166 1011 3219 ίηυεηξαι
1035 3164 1206 3221 locum
1231 3165 1286 3220 in
1326 3175 1375 3221 ιε
1404 3164 1602 3220 latendi
1647 3165 1760 3221 εια-
1785 3149 1832 3212 C
1860 3169 1991 3209 vero
2011 3153 2068 3208 in
2105 3152 2334 3225 ﬂagellis
2371 3152 2690 3222 corripitur,
2725 3151 2992 3206 latronem
3024 3151 3175 3206 illum
3205 3151 3451 3205 imitatur

171 3272 295 3311 mar
334 3272 480 3310 meus
526 3254 670 3329 (Job.
714 3256 850 3325 XVI).
883 3255 1084 3311 Locum
1123 3256 1269 3311 enim
1313 3255 1515 3311 latendi
1553 3255 1758 3311 clamor
1860 3244 1954 3315 (ἰυί
2000 3244 2057 3298 in
2103 3258 2266 3299 cruce
2308 3242 2587 3299 (Ἇπίδιυω
2629 3242 2885 3313 εθῑηονίῑ
2942 3250 2999 3296 εί
3048 3248 3174 3311 Ροθι
3219 3254 3450 3296 crucem

170 3350 293 3419 ejus
325 3352 381 3406 in
409 3350 563 3406 nobis
591 3351 813 3416 invenit,
839 3352 883 3406 si
914 3351 1017 3406 hoc
1035 3350 1179 3422 quod
1206 3366 1362 3405 mens
1383 3350 1557 3406 credit
1573 3350 1756 3419 lingua

175 3452 372 3499 taceat.
406 3442 513 3499 Sed
539 3458 609 3499 ne
634 3444 688 3498 in
712 3443 871 3498 nobis
899 3442 1105 3498 clamor
1128 3443 1246 3514 ejus
1271 3443 1469 3508 lateat,
1500 3450 1669 3497 restat
1696 3450 1756 3497 ut

173 3535 548 3604 unusquisque
571 3535 726 3605 juxta
758 3533 1033 3589 modulum
1058 3548 1215 3589 suum
1240 3532 1615 3588 viviﬁcationis
1643 3547 1758 3587 suae

173 3629 493 3700 mysterium
523 3628 783 3696 proximis
806 3627 1067 3683 notiﬁcet.

739 3718 968 3775 CAPUT
1004 3717 1170 3773 LXX.

79 3852 83 3865 .
172 3808 255 3863 De
295 3825 354 3862 eo
387 3791 527 3878 quod
578 3812 830 3862 donatum
865 3808 933 3862 sit
987 3809 1185 3862 sanctis
1238 3809 1349 3878 pati
1382 3824 1477 3879 pro
1518 3806 1752 3863 Christo.

247 3900 340 3956 Sic
364 3900 504 3955 inter
528 3908 721 3956 caetera
757 3899 954 3955 Paulus
1000 3892 1276 3969 apostolus
1303 3900 1387 3954 ait‘
1418 3918 1430 3953 :
1476 3898 1756 3963 Vobis_do-

174 4001 361 4046 natum
389 4000 463 4045 est
493 4005 588 4062 pro
615 3989 842 4056 Christo,
870 4000 926 4044 ut
960 4007 1065 4045 non
1085 3990 1254 4046 solum
1277 3992 1333 4045 in
1355 4006 1472 4044 eum
1502 3989 1751 4055 credatis,

173 4082 269 4137 sed
294 4082 451 4136 etiam
487 4091 542 4135 ut
569 4098 664 4153 pro
701 4081 793 4136 illo
822 4082 1099 4152 patiamini
1140 4079 1310 4151 (Phil.
1343 4080 1406 4153 ι).
1450 4080 1753 4134 Notandum

174 4176 322 4246 quod
354 4183 410 4229 et
430 4174 564 4230 fides
581 4191 687 4244 qua
724 4176 779 4229 in
812 4173 1086 4229 Christum
1117 4172 1411 4235 credimus,
1460 4179 1518 4227 et
1546 4170 1754 4240 passio-

174 4282 278 4321 nes
327 4281 464 4336 quas
508 4280 609 4334 pro
642 4264 735 4332 illo
768 4264 1023 4334 patimur,
1069 4278 1100 4317 a
1128 4263 1237 4317 Deo
1275 4261 1438 4316 Patre
1463 4277 1562 4331 pro
1598 4260 1757 4316 Chri-

176 4363 266 4411 sto
296 4355 453 4410 nohis
487 4355 774 4411 donantur.
818 4352 934 4407 Non
978 4352 1122 4408 enim
1171 4351 1316 4417 aliis,
1352 4352 1448 4406 sed
1499 4350 1755 4405 amatori-

1859 3336 1912 3390 in
1960 3334 2273 3406 paradisum
2316 3349 2443 3388 cum
2491 3331 2711 3388 Christo
2737 3332 2981 3387 intravit.
3048 3332 3149 3398 Qui
3174 3346 3306 3386 vero
3349 3344 3452 3386 nec

1857 3428 2000 3483 inter
2046 3427 2257 3499 ﬂagella
2293 3426 2507 3482 desistit
2544 3441 2578 3480 a
2617 3425 2813 3495 culpis,
2863 3424 3146 3480 sinistrum
3190 3424 3446 3479 imitatur

1854 3516 2143 3584 latronem,
2178 3517 2273 3588 qui
2309 3525 2532 3588 propter
2568 3523 2791 3586 peccata
2832 3516 2887 3570 in
2921 3530 3139 3570 crucem
3180 3514 3447 3579 ascendit,

1854 3617 1912 3665 et
1936 3620 2057 3680 post
2073 3624 2291 3665 crucem
2334 3608 2389 3663 in
2420 3615 2686 3663 tartarum
2727 3606 2858 3661 ruit.
2905 3605 3052 3660 Dixit
3077 3612 3265 3661 sancta
3312 3603 3454 3676 Syn-

1854 3702 2046 3759 cletice
2070 3702 2359 3770 :Quamvis
2383 3701 2701 3757 concidatur
2713 3714 2910 3770 corpus
2923 3697 3358 3763 inﬁrmitatibus,
3395 3701 3453 3751 et

1851 3794 2049 3849 validis
2080 3792 2445 3849 inﬂammetur
2484 3792 2749 3858 febribus,
2795 3807 2905 3848 non
2929 3790 3155 3847 delicias
3202 3790 3257 3845 in
3294 3803 3452 3860 pres-

1853 3884 2020 3948 saris,
2035 3883 2133 3939 sed
2147 3882 2320 3953 magis
2340 3882 2533 3953 gaude,
2553 3883 2682 3951 quia
2704 3882 2947 3937 visitavit
2959 3877 3015 3937 te
3025 3880 3284 3936 Dominus
3298 3886 3353 3934 et
3372 3879 3454 3935 di-

1853 3988 1969 4039 ces,
1990 3971 2266 4041 Castigans
2283 3972 2554 4042 castigavit
2567 3988 2651 4025 me
2671 3971 2950 4035 Dominus,
2975 3981 3025 4025 et
3041 3972 3197 4025 morti
3223 3987 3328 4025 non
3346 3978 3432 4024 trn

1853 4063 1987 4117 didit
2015 4078 2097 4116 me
2122 4057 2295 4134 (Psal.
2327 4060 2517 4133 cxvu).
2552 4060 2611 4116 Si
2635 4059 2842 4116 ferrum
2856 4076 2938 4123 es.
2962 4075 3119 4131 spera
3145 4059 3449 4115 adhibitum

1853 4155 1949 4211 tibi
1986 4154 2187 4226 ignem.
2240 4153 2448 4209 Aurum
2502 4168 2586 4219 es,
2646 4153 2741 4208 sed
2785 4168 2886 4222 per
2929 4153 3107 4224 ignem
3167 4151 3451 4222 probatior

1853 4244 1964 4300 eris
1995 4243 2049 4315 (ι
2098 4241 2245 4298 Petr.
2286 4242 2346 4315 I).
2398 4241 2554 4309 Quod
2598 4243 2645 4298 si
2670 4242 2853 4313 justus
2877 4258 2940 4297 es
2981 4249 3036 4297 et
3070 4242 3186 4296 haec
3221 4239 3445 4311 pateris,

1855 4334 1922 4390 de
1972 4335 2184 4405 magnis
2228 4335 2296 4390 ad
2322 4332 2528 4402 majora
2557 4336 2920 4404 promoveris.
2943 4333 3303 4405 Interrogavit
3327 4332 3449 4402 qui-

176 4448 284 4502 bus
310 4445 534 4511 Christi,
578 4460 678 4516 pro
709 4445 930 4501 Christo
969 4446 1080 4516 pati
1132 4445 1466 4500 conceditur.
1524 4444 1677 4501 Unde
1700 4451 1829 4516 et“
1857 4425 1984 4481 dam
2027 4424 2199 4480 “at”
2245 4438 2449 4516 lienem:
2513 4424 2700 4516 ἀίσὲθηδ
2733 4443 2746 4478 ³
2778 4425 2874 4481 Dic
2925 4424 3058 4480 mihi
3107 4437 3271 4516 ξξηαιῃ
3320 4437 3439 4516 fe"!

177 4554 289 4594 non
328 4538 484 4593 nobis
529 4505 597 4594 in.
630 4505 985 4608 passionibus-
1022 4532 1120 4609 pri)
1173 4537 1392 4594 Christo
1440 4538 1755 4603 dolendum,

1862 4530 2024 4585 quam
2071 4515 2395 4578 custodiam,
2446 4523 2503 4570 et
2548 4515 2726 4570 vivam
2769 4529 2868 4584 per
2909 4528 3050 4570 eam.
3104 4514 3170 4568 Et
3221 4510 3361 4569 dixit
3391 4513 3445 4569 ei

179 4628 276 4683 sed
298 4628 467 4684 multo
501 4630 671 4701 magis
698 4637 783 4685 est
810 4630 1151 4700 gaudendum
1177 4631 1332 4685 nobis
1383 4641 1439 4686 et
1486 4632 1762 4688 exsultan-

181 4721 311 4775 dum
351 4738 364 4773 :
400 4717 539 4785 Quia
565 4731 612 4776 et
640 4721 863 4791 apostoli
907 4721 1049 4776 ibant
1090 4722 1375 4800 gaudentes
1416 4740 1448 4776 a
1485 4736 1762 4795 conspectu

180 4812 412 4878 concilii,
442 4814 689 4883 quoniam
712 4813 859 4885 digni
885 4814 1051 4868 habiti
1091 4800 1212 4868 sunt
1236 4832 1332 4884 pro
1383 4817 1589 4870 nomine
1630 4817 1762 4872 Jesu

181 4902 549 4957 contumeliam
583 4906 693 4973 pati
738 4903 874 4975 (Act.
918 4905 996 4974 v).
1044 4903 1161 4960 Non
1210 4904 1384 4959 solum
1425 4906 1556 4960 nihil
1605 4907 1763 4964 bonis

182 4994 504 5062 nocet,'qui
546 4995 746 5049 bonum
794 4994 1118 5051 facientibus
1172 4996 1316 5051 mala
1371 4996 1605 5068 irrogat;
1660 4998 1756 5053 sed

182 5082 349 5137 etiam
402 5098 624 5140 causam
670 5084 892 5153 majoris
948 5084 1296 5141 beatitudinis
1360 5086 1466 5141 illis
1509 5095 1752 5156 praestat,

177 5175 334 5245 juxta
355 5173 485 5229 illud
514 5175 878 5246 evangelicum
905 5194 917 5230 :
945 5175 1097 5231 Beati
1117 5178 1205 5247 qui
1243 5179 1651 5245 persecutionem
1674 5196 1763 5249 pa-

184 5267 390 5319 tiuntur
428 5274 637 5335 propter
654 5266 946 5337 justitiam,
989 5267 1240 5337 quoniam
1283 5268 1517 5337 ipsorum
1558 5277 1633 5323 est
1682 5285 1762 5322 re-

186 5376 346 5433 gnum
379 5359 625 5415 calorum
654 5359 867 5430 (Matth.
903 5360 977 5431 v).
1016 5361 1153 5416 Hinc
1174 5369 1229 5416 et
1258 5361 1388 5416 alibi
1413 5361 1612 5416 Paulds
1636 5362 1713 5416 ait
1744 5380 1758 5417 :

190 5448 268 5505 0b
295 5467 452 5522 quam
472 5465 685 5505 causam
707 5451 862 5504 etiam
889 5451 1000 5505 lucc
1024 5452 1213 5522 patior,
1265 5451 1357 5506 sed
1401 5468 1504 5506 non
1539 5452 1763 5521 confun-

189 5543 287 5597 dor
335 5534 424 5611 (11
462 5542 595 5597 Tim.
640 5542 699 5613 ι).
753 5540 834 5596 0b
884 5557 1048 5611 quam
1085 5558 1305 5599 causam
1370 5541 1520 5608 dicit,
1562 5542 1615 5597 id
1654 5553 1758 5609 est,

190 5645 407 5705 propter
441 5634 879 5706 praedicationem
909 5634 1202 5705 Evangelii,
1271 5645 1328 5688 et
1364 5634 1521 5689 fidem
1545 5633 1759 5689 Domini

193 5729 363 5783 nostri
403 5726 531 5797 Jesu
575 5725 795 5782 Christi.
846 5724 952 5781 l‘ro
993 5724 1212 5782 Christo
1263 5724 1404 5781 enim
1453 5726 1603 5796 pati,
1654 5741 1760 5782 non

1865 4620 2050 4662 senex.
2092 4604 2153 4660 Si
2191 4606 2434 4675 potueris
2472 4605 2854 4661 contumeliam
2910 4604 3022 4675 pati
3052 4612 3107 4659 et
3146 4604 3445 4669 sustinere,

1864 4714 2118 4770 magnum
2148 4698 2379 4761 esthoc,
2414 4704 2468 4751 et
2490 4710 2653 4765 super
2681 4711 2869 4751 omnes
2895 4697 3143 4752 virtutes.
3185 4696 3289 4763 Qui
3314 4711 3448 4751 con-

1866 4798 2125 4859 templum
2147 4796 2202 4844 et
2218 4788 2468 4857 injuriam
2492 4796 2547 4844 ct
2564 4789 2820 4842 damnum
2838 4788 3110 4857 patienter
3126 4787 3250 4869 fert,
3268 4798 3446 4859 potest

1866 4881 2047 4936 salvus
2074 4896 2216 4936 esse.

2438 4989 2663 5044 CAPUT
2687 4989 2871 5044 LXXI.

1865 5084 1944 5140 De
1976 5102 2035 5142 eo
2079 5083 2218 5155 quod
2262 5082 2500 5137 Christus
2545 5081 2944 5155 progdilectione
2989 5092 3169 5138 nostra
3226 5083 3444 5139 tradidit

2483 5153 2835 5222 semetipsum.

1940 5264 2079 5320 Diett
2123 5264 2266 5319 enim
2297 5263 2494 5316 Paulus
2526 5262 2800 5331 apostolus
2831 5280 2844 5316 :
2883 5261 3069 5318 Cratia
3097 5265 3236 5318 vobis
3265 5274 3311 5318 et
3340 5278 3445 5331 pm:

1864 5376 1897 5411 a
1920 5357 2030 5411 Deo
2060 5355 2219 5410 Patre
2245 5362 2442 5418 nostro,
2467 5361 2514 5406 et
2542 5351 2765 5405 Domino
2784 5353 2910 5408 Iesu
2930 5354 3156 5419 Christo,
3186 5355 3275 5425 qui
3301 5354 3443 5406 dedit

1862 5449 2190 5517 semetipsum
2219 5463 2314 5516 pro
2343 5444 2566 5516 peccatis
2599 5444 2787 5499 nostris
2812 5443 2954 5516 (Gal.
2994 5448 3055 5517 ι).
3078 5447 3214 5502 Hinc
3240 5453 3293 5501 et
3314 5445 3441 5499 alibi

1864 5542 1976 5611 ipse
2029 5541 2105 5594 ait
2140 5558 2151 5593 :
2197 5538 2299 5604 Qui
2324 5537 2503 5591 dilexit
2532 5553 2648 5610 nos,
2680 5546 2725 5589 et
2749 5539 2967 5594 tradidit
3000 5540 3327 5608 semetipsum
3348 5553 3443 5607 pro

1865 5634 2009 5687 nobis
2040 5630 2256 5700 (Ephcs.
2298 5628 2372 5699 v).
2418 5628 2471 5683 in
2512 5638 2717 5686 tantum
2757 5631 2898 5684 enim
2922 5630 3169 5684 Christus
3199 5636 3443 5682 nostram

1865 5724 2051 5779 dilexit
2087 5723 2272 5787 vitam,
2330 5728 2387 5775 ut
2428 5737 2525 5790 pro
2565 5722 2650 5776 illa
2706 5736 2858 5776 suam
2905 5728 3129 5790 poneret
3180 5719 3439 5777 animant.
