3940 6420
475 312 578 371 667

1758 310 2110 367 SMARAGDI
2150 312 2441 370 ABBATIS

689 426 832 483 enim
888 426 1237 495 semetipsum
1301 425 1561 480 Dominus
1602 423 1761 480 Jesus
1802 425 2055 482 Christus
2081 432 2133 490 Α
2157 428 2243 482 die
2276 444 2383 498 quo
2426 430 2684 500 baptizati
2724 448 2912 489 sumus
2955 441 3010 489 et
3039 435 3365 504 conﬁrmati,
3409 440 3761 510 accepimus,

475 519 669 582 morti,
713 525 773 571 ut
817 532 914 571 nos
953 531 984 570 a
1031 515 1271 586 periculo
1325 516 1519 570 mortis
1552 516 1810 586 eriperet,
1856 527 1911 571 et
1941 532 2061 572 erc—

473 618 597 680 ptos
633 608 778 662 Patri
819 608 872 660 in
909 606 1048 660 ﬁlios
1075 607 1376 675 adoptaret.
1416 606 1660 662 Mortuus
1685 617 1771 662 est
1802 624 2056 677 namque,

475 716 542 755 ne
565 716 664 754 nos
713 699 850 753 mori
895 699 1234 752 timeremus.
1283 699 1627 763 Resurrexit,
1660 707 1721 754 ut
1745 709 1799 754 et
1832 716 1932 755 nos
1963 717 2062 769 per

473 807 595 845 eum
626 805 912 859 resurgere
933 790 1211 844 valeamus
1241 807 1252 842 :
1281 787 1490 858 Eripuit
1513 789 1578 842 de
1600 791 1845 859 prtesenti
1865 789 2059 843 strcul'o

475 898 694 952 nequam
729 881 870 952 (Gal.
904 898 944 943 ι,
977 882 1054 952 7),
1085 890 1148 936 ιιι
1173 881 1330 936 nobis
1378 882 1605 951 gloriam
1646 882 1852 950 pariter
1882 890 1936 935 et
1980 881 2062 934 vi-

474 983 585 1027 tam
629 973 857 1027 donaret
899 979 1175 1026 aeternam.
1228 972 1338 1028 Nos
1367 972 1514 1028 enim
1541 971 1710 1026 Filius
1741 972 1838 1026 Dei
1864 967 2062 1041 eripuit

475 1080 506 1118 a
553 1073 771 1134 raptore
800 1065 1006 1134 iniquo,
1053 1073 1114 1119 ut
1155 1065 1376 1134 proprio
1399 1078 1500 1117 nos
1534 1063 1786 1118 redderet
1811 1063 2056 1117 Domino.

476 1152 630 1209 Tunc
680 1155 879 1208 etenim
910 1154 1160 1208 Christus
1206 1168 1306 1208 nos
1331 1153 1530 1222 eripuit
1555 1153 1622 1207 de
1664 1153 1924 1222 praesenti
1963 1168 2062 1206 sae-

477 1245 599 1299 culo
647 1259 902 1313 nequam,
953 1259 1077 1298 cum
1108 1253 1354 1298 nostram
1382 1243 1438 1296 in
1486 1243 1632 1297 vitiis
1662 1244 1979 1306 enutritam,
2007 1243 2061 1296 in

478 1334 754 1388 meliorem
807 1333 1037 1387 mutavit
1070 1333 1258 1387 vitam.
1291 1332 1773 1388 Conversationem
1815 1343 2058 1388 nostram

476 1432 687 1478 tantum
743 1423 970 1478 mutavit
998 1423 1053 1476 in
1094 1423 1288 1478 melius
1334 1423 1617 1492 erexitque
1650 1417 1959 1490 sublimius,
2003 1433 2062 1478 ut

476 1529 600 1568 eum
635 1513 803 1567 Paulo
833 1512 1012 1567 dicere
1039 1513 1309 1581 possimus
1341 1527 1355 1566 :
1389 1512 1589 1566 Nostra
1619 1524 1793 1568 autem
1843 1531 2058 1569 conver-

473 1603 610 1658 satio
638 1604 692 1656 in
719 1601 858 1656 caelis
879 1612 952 1655 est
998 1599 1218 1672 (Philip:
1262 1602 1367 1674 ιιι).
1414 1602 1604 1658 Merito
1655 1620 1784 1674 ergo
1819 1620 1972 1660 suam
2007 1613 2062 1660 et

475 1711 664 1751 eorum
705 1693 1172 1750 conversationem
1216 1693 1270 1747 in
1313 1694 1465 1749 caelis
1504 1710 1626 1750 esse
1668 1695 1798 1750 dicit
1839 1695 2058 1760 Paulus,

2161 519 2304 586 quod
2326 519 2511 588 utique
2567 520 2795 576 ﬁdeliter
2835 538 3058 579 servare
3101 525 3379 582 debemus.
3440 529 3561 586 Hoc
3584 531 3764 602 igitur

2161 610 2439 679 signaculo
2490 614 2660 667 sancti
2694 613 2950 684 Spiritus,
2992 616 3115 672 ideo
3143 619 3236 686 qui
3287 621 3464 676 credit
3496 622 3637 690 Deo,
3673 626 3759 680 si-

2161 708 2357 768 gnatur
2384 699 2453 754 ab
2483 701 2604 768 illo;
2660 712 2718 756 ut
2773 712 2956 759 servet
2989 713 3060 761 -et
3103 710 3357 764 ostendat
3403 711 3535 766 illud
3571 715 3630 768 in
3661 716 3761 772 die

2161 789 2546 858 redemptionis
2588 808 2780 861 purum
2827 802 2990 863 atque
3036 797 3330 866 sincerum,
3387 811 3442 855 et
3494 804 3643 858 nulla
3682 822 3756 861 ex

2159 887 2312 948 parte
2363 881 2686 935 mutilatum.
2733 882 2885 938 Unde
2923 896 2978 940 et
3013 885 3250 944 Joannes
3291 892 3569 958 apostolus
3630 897 3752 949 ait;

2160 967 2228 1020 Et
2275 969 2452 1021 unctio
2515 986 2674 1039 quam
2718 973 2990 1039 accepistis
3032 975 3096 1028 ab
3137 993 3197 1030 eo
3249 989 3460 1032 maneat
3505 982 3561 1035 iu
3603 984 3755 1037 vobis

2161 1056 2214 1127 (I
2247 1057 2408 1112 Joan.
2434 1061 2518 1130 ιι).
2568 1059 2648 1114 Ac
2675 1063 2720 1114 si
2765 1063 3008 1144 diceret:
3042 1066 3155 1122 Hoc
3195 1068 3422 1125 Domino
3451 1072 3759 1142 adiuvante

2159 1157 2463 1216 procurate,
2490 1158 2550 1202 ut
2576 1149 2810 1221 Spiritus
2837 1157 3009 1210 sancti
3053 1161 3304 1228 gratiam,
3358 1178 3524 1231 quam
3566 1166 3624 1220 in
3654 1166 3756 1220 ba-

2159 1238 2358 1306 ptismo
2393 1244 2671 1296 consecuti
2702 1245 2856 1310 estis,
2888 1246 3150 1318 integram
3189 1260 3372 1306 vestro
3394 1253 3448 1307 in
3493 1257 3665 1310 corde
3694 1269 3754 1312 et

2159 1344 2385 1400 corpore
2423 1335 2670 1399 servetis,
2708 1345 2763 1390 et
2816 1338 2916 1392 hoc
2961 1339 3028 1393 sit
3051 1339 3307 1412 Spiritum
3347 1344 3506 1398 nolite
3545 1350 3754 1403 exstin-

2159 1437 2314 1488 guere
2343 1435 2392 1474 ι.
2429 1423 2613 1478 Potest
2644 1427 2826 1480 unctio
2862 1426 3000 1496 ejus,
3048 1429 3113 1484 de
3151 1446 3254 1498 qua
3293 1431 3530 1489 Joannes
3571 1437 3755 1506 loqui-

2160 1521 2264 1577 tur,
2300 1522 2358 1568 et
2392 1515 2618 1583 spiritus
2653 1517 2718 1572 de
2747 1534 2854 1588 quo
2883 1519 3081 1574 Paulus
3108 1521 3534 1595 dicit,Spiritum
3585 1530 3756 1582 nolite

2159 1604 2507 1673 exstinguere,
2563 1606 2677 1676 ipsa
2717 1609 2810 1663 Dei
2841 1609 3090 1665 Charitas
3116 1613 3363 1684 intelligi,
3393 1633 3513 1686 qua:
3543 1618 3756 1686 cli/fun-

2160 1691 2306 1745 ditur
2331 1694 2384 1747 in
2441 1697 2686 1752 cordibus
2733 1702 2924 1756 nostris
2973 1720 3066 1772 per
3100 1703 3352 1774 Spiritum
3382 1719 3630 1762 sanctum
3657 1713 3754 1780 qui

475 1788 586 1855 qui,
627 1786 827 1841 relictis
867 1785 1117 1848 terrenis,
1149 1792 1262 1840 ιοιο
1289 1785 1558 1841 desiderio
1588 1787 1830 1855 cogitant
1853 1787 1919 1842 de
1948 1802 2060 1841 εω-
2086 1792 2134 1851 Β
2161 1781 2316 1836 datus
2362 1795 2436 1838 est
2481 1787 2628 1840 nobis
2676 1788 2848 1859 (Rom.
2893 1791 2967 1862 v).
3007 1793 3138 1860 Quae
3161 1795 3422 1852 citissime
3450 1799 3520 1852 ad
3556 1799 3758 1853 obser-

475 1878 721 1944 lestibus,
763 1888 819 1932 et
848 1885 1028 1932 mente
1069 1892 1204 1946 pura
1235 1883 1398 1945 atque
1430 1876 1644 1941 devota,
1697 1893 1803 1933 non
1842 1893 1902 1932 ea
1937 1893 2058 1947 quae

475 1976 605 2024 sunt
645 1976 861 2023 terrena
903 1976 959 2021 et
1013 1967 1236 2030 caduca,
1293 1967 1388 2022 sed
1444 1983 1507 2022 ea
1570 1969 1884 2024 desiderant
1938 1983 2059 2038 qua:

476 2067 605 2114 sunt
630 2058 873 2113 cmlestia
913 2065 969 2112 et
996 2056 1511 2114 mterna..V'oluntas
1539 2059 1682 2113 enim
1713 2059 1813 2114 fuit
1841 2060 1936 2113 Dei
1958 2059 2060 2114 Pa-

475 2149 599 2214 tris,
647 2156 707 2202 ut
739 2147 997 2202 Dominus
1023 2145 1182 2202 Jesus
1223 2147 1472 2203 Christus
1500 2165 1598 2218 pro
1627 2151 1828 2205 nostris
1879 2152 2059 2206 trade-

476 2249 630 2296 retur
671 2241 926 2310 peccatis.
976 2240 1045 2294 Et
1089 2240 1338 2296 voluntas
1385 2240 1487 2296 fuit
1527 2242 1729 2296 Christi
1771 2253 1829 2297 ut
1878 2243 2057 2299 Patris

477 2332 680 2386 faceret
718 2330 1067 2396 voluntatem,
1111 2331 1253 2386 sicut
1293 2332 1437 2388 idem
1477 2333 1739 2388 Dominus
1784 2349 1881 2403 per
1917 2335 2054 2388 Pro-

473 2425 691 2492 phetam
742 2423 908 2477 dicit:
938 2420 1004 2475 Ut
1051 2423 1277 2492 facerem
1326 2424 1648 2478 voluntatem
1699 2435 1864 2490 luant,
1910 2427 2054 2480 Dens

473 2531 640 2580 meus,
669 2513 810 2568 volui
837 2511 1009 2585 (Psal.
1036 2514 1245 2586 χχχιιι).
1278 2515 1455 2586 Ipsius
1475 2518 1609 2570 enim
1639 2534 1820 2571 sumus
1847 2518 2054 2588 factum

474 2607 638 2659 creati
677 2607 733 2659 in
779 2604 990 2660 Christo
1014 2605 1166 2672 Iesu,
1197 2607 1252 2662 in
1299 2608 1539 2677 operibus
1572 2608 1741 2672 bonis,
1770 2609 1888 2679 qua:
1917 2627 2054 2679 pra:-

469 2695 678 2764 ραι-ανῆ
702 2693 864 2759 Deus,
898 2695 1028 2747 utin
1050 2693 1156 2748 illis
1182 2696 1506 2752 ambulemus
1564 2697 1781 2768 (Ephes.
1827 2698 1910 2760 ιι).
1938 2698 2053 2755 Hoc

471 2793 578 2852 est,
620 2786 760 2856 quod
811 2786 1063 2852 vivimus,
1123 2788 1267 2857 quod
1307 2803 1611 2858 speramus,
1663 2792 1807 2859 quod
1850 2792 2053 2847 intelli-

471 2875 668 2946 gimus,
719 2886 773 2931 et
813 2877 1036 2932 credere
1076 2893 1383 2946 possumus,
1426 2880 1595 2949 ipsius
1617 2889 1718 2945 est,
1762 2883 1887 2952 quia
1939 2885 2054 2952 ipse

469 2975 554 3020 est
574 2965 822 3021 conditor
855 2978 1062 3033 noster,
1101 2984 1198 3023 nos
1225 2978 1404 3024 autem
1431 2969 1640 3025 factura
1680 2971 1797 3040 ejus
1835 2988 2046 3028 sumus.

470 3057 549 3111 Ad
596 3058 696 3113 hoc
738 3059 882 3113 enim
927 3075 1027 3114 nos
1080 3061 1248 3115 creati
1277 3060 1512 3115 dicimur
1561 3063 1615 3116 in
1641 3061 1859 3118 Christo
1896 3062 2050 3132 Jesu,

2164 1875 2338 1931 vanda
2364 1877 2463 1933 Dei
2492 1882 2744 1936 mandata
2775 1899 2871 1938 cor
2891 1887 3032 1954 quod
3064 1888 3250 1957 implet
3272 1888 3588 1952 inﬂammat,
3629 1907 3758 1961 quae

2164 1981 2381 2034 aprave
2423 1970 2729 2028 viventibus
2767 1989 2865 2042 per
2906 1975 3088 2030 odium
3128 1986 3183 2031 et
3224 1978 3482 2033 invidiam
3535 1982 3758 2034 exstin-

2161 2059 2341 2126 guitur
2379 2069 2542 2130 atque
2579 2063 2926 2120 discordiam.
2981 2069 3353 2140 Exstinguitur
3386 2081 3468 2145 .et
3517 2075 3756 2143 spiritus

2160 2149 2588 2218 pnedicatorum,
2647 2157 2739 2222 qui
2797 2157 3145 2215 audientibus
3191 2161 3380 2217 salutis
3442 2167 3756 2234 prtedicant

2159 2239 2404 2305 verbum,
2437 2257 2467 2296 a
2505 2245 3012 2314 eontradicentium,
3042 2252 3410 2307 resistentium
3437 2262 3492 2310 et
3516 2271 3757 2328 exaspe-

2161 2331 2393 2384 ranlinm
2424 2332 2626 2388 malitia
2655 2337 2983 2404 auditorum,
3030 2340 3107 2394 ita
3131 2350 3190 2396 ut
3217 2344 3390 2414 magis
3435 2361 3532 2400 eos
3559 2357 3752 2403 tacere

2158 2419 2340 2488 libeat,
2393 2439 2554 2492 quam
2597 2428 2894 2495 praedicare
2933 2431 3161 2488 delectet
3195 2451 3209 2488 :
3241 2443 3296 2489 et
3332 2437 3404 2490 ita
3450 2437 3510 2490 ﬁt
3551 2448 3612 2494 ut
3651 2456 3752 2510 per

2156 2521 2624 2587 exasperationem
2669 2524 2974 2580 auditorum
3019 2529 3468 2596 praedicatoribus
3517 2534 3751 2589 tollatur

2156 2610 2398 2663 verbum.
2431 2611 2582 2667 Unde
2607 2622 2661 2668 et
2683 2615 2948 2672 Ezechieli
3002 2620 3261 2678 Dominus
3301 2624 3376 2677 ait
3407 2642 3421 2678 :
3453 2626 3746 2680 Adhrerere

2157 2698 2348 2768 faciam
2375 2700 2608 2772 linguam
2652 2713 2798 2759 tuom
2833 2707 3010 2777 palato
3041 2719 3152 2775 tuo,
3198 2722 3247 2765 et
3269 2715 3370 2768 eris
3418 2726 3616 2780 mutus,
3650 2733 3745 2770 nec

2154 2790 2307 2859 quasi
2357 2791 2435 2845 uir
2487 2791 2810 2864 objurgans,
2863 2799 2988 2867 quia
3043 2800 3228 2856 domus
3295 2820 3615 2873 exasperatis
3667 2817 3745 2859 est

2157 2877 2372 2948 (Ezech.
2412 2883 2516 2953 ιιι).
2553 2884 2712 2939 Venit
2738 2887 2956 2955 quidam
3009 2905 3175 2946 senex
3221 2892 3286 2946 ad
3329 2895 3494 2948 alium
3545 2911 3741 2951 senem

2154 2979 2207 3024 et
2234 2969 2371 3026 dixit
2393 2989 2529 3029 unus
2553 2991 2620 3030 ex
2648 2978 2726 3032 eis
2753 2997 2764 3031 :
2796 2979 2909 3048 Ego
2932 2993 3175 3038 mortuus
3205 3001 3322 3039 sum
3362 2986 3489 3041 huic
3517 2989 3741 3044 smculo.

2153 3058 2303 3112 Alter
2330 3076 2458 3114 vero
2499 3063 2636 3118 dixit
2678 3067 2768 3120 ei:
2804 3067 2881 3122 Ne
2907 3070 3151 3127 conﬁdas
3181 3075 3231 3128 in
3278 3078 3584 3146 temetipso,
3647 3081 3745 3134 do-

467 3149 634 3203 ριιοαιί
678 3149 862 3219 utique
902 3166 1009 3204 ηοη
1040 3152 1166 3220 quia
1213 3159 1338 3206 ante
1395 3168 1502 3206 non
1543 3152 1764 3221 fuimus,
1816 3155 1912 3210 sed
1960 3172 2049 3212 τε-
2077 3155 2121 3218 C
2154 3162 2253 3202 nec
2288 3165 2452 3206 exeas
2501 3153 2567 3207 de
2608 3170 2836 3226 corpore
2865 3160 2988 3214 isto.
3041 3163 3178 3228 Quia
3209 3163 3252 3217 si
3279 3172 3334 3218 tu
3359 3154 3608 3222 mortuus
3658 3185 3740 3234 es,

468 3243 578 3295 nati
630 3243 684 3295 in
719 3241 957 3308 Christo,
1003 3252 1059 3298 et
1093 3247 1262 3300 creati
1308 3246 1365 3299 in
1405 3247 1662 3315 operibus
1703 3248 1881 3314 bouis,
1933 3265 2054 3318 quae

468 3332 792 3400 praeparavit
831 3333 973 3387 Deus
1015 3342 1076 3387 ut
1123 3335 1177 3388 in
1211 3335 1317 3389 illis
1351 3335 1710 3391 ambulemus.
1765 3337 1832 3391 In
1881 3339 2056 3393 chari—

467 3431 574 3474 tate
617 3422 841 3475 radicati
875 3433 922 3475 et
972 3423 1182 3492 fundati
1214 3424 1431 3494 (Ep/tes.
1463 3425 1569 3498 ιιι).
1626 3425 1880 3482 Charitas
1896 3428 2055 3484 Chri-

468 3521 584 3566 stus
627 3520 732 3576 est,
776 3520 830 3566 et
860 3514 912 3566 in
943 3515 1230 3580 cbaritate,
1276 3517 1329 3570 id
1359 3526 1464 3581 est,
1504 3518 1558 3571 in
1581 3518 1800 3575 Christo
1825 3521 2053 3576 radicati

467 3611 522 3656 et
569 3602 775 3656 fundati
799 3604 872 3658 ita
900 3618 1021 3659 esse
1050 3606 1328 3672 debemus,
1368 3615 1427 3660 ut
1464 3607 1518 3661 in
1557 3607 1673 3676 ejus
1725 3625 1912 3666 amore
1961 3612 2054 3667 ﬁr-

381 3715 385 3718 ~
471 3693 633 3747 miter
655 3707 1062 3762 perseveremus
1089 3713 1102 3747 :
1136 3694 1562 3750 Fundamentum
1579 3699 1716 3752 enim
1734 3699 1880 3754 aliud
1903 3718 2051 3758 nemo

471 3792 637 3851 potest
665 3800 874 3852 ponere,
901 3795 1091 3854 prwter
1129 3785 1183 3838 id
1223 3786 1362 3856 quod
1388 3788 1616 3858 positum
1663 3798 1762 3856 est,
1811 3793 1952 3862 quod
1975 3803 2052 3848 est

469 3873 709 3928 Christus
751 3873 906 3929 Iesus
937 3874 989 3947 (I
1015 3874 1138 3929 Cor.
1196 3876 1299 3947 ιιι).
1340 3876 1621 3933 Veritatem
1655 3891 1829 3936 autem
1859 3883 2053 3952 facien-

468 3975 544 4019 tes
573 3966 628 4019 in
674 3966 951 4032 charitate,
998 3984 1290 4023 crescamus
1329 3971 1384 4023 in
1429 3969 1520 4024 illo
1557 3989 1650 4041 per
1702 3974 1898 4041 omnia,
1957 3974 2048 4044 qui

466 4066 540 4110 est
575 4067 728 4127 caput
771 4055 1010 4112 Christus
1043 4059 1256 4131 (Ep/tes.
1301 4061 1396 4132 tv).
1449 4063 1663 4118 Veritas
1711 4066 1857 4120 enim
1891 4066 2052 4122 Chri-

467 4158 584 4204 stus
619 4160 725 4216 est,
779 4161 835 4206 et
887 4152 1128 4207 eharitas
1182 4154 1434 4210 Christus
1481 4164 1586 4222 est,
1635 4165 1690 4212 et
1711 4160 1944 4227 justitia,
1995 4169 2050 4216 et

468 4239 854 4323 sanctiﬁcatio,
891 4250 952 4296 et-
979 4258 1085 4311 pax
1121 4243 1368 4299 Christus
1413 4254 1498 4300 est
1544 4246 1597 4319 (I
1647 4247 1770 4303 Cor.
1822 4250 1884 4323 ι).
1944 4251 2046 4319 Qui

466 4319 596 4398 ergo
651 4331 767 4385 habe
821 4333 1000 4386 omnia
1056 4349 1176 4403 qua:
1219 4333 1470 4391 Christus
1527 4345 1627 4400 est,
1683 4319 1852 4405 facit,
1895 4343 2046 4397 insu-

466 4433 562 4487 per
597 4426 653 4474 et
679 4422 930 4476 mandata
975 4423 1093 4493 ejus
1135 4426 1402 4490 custodit,
1448 4427 1734 4482 veritatem
1793 4431 1943 4497 facit,
1989 4440 2046 4486 et

467 4509 522 4563 in
562 4509 846 4578 charitato,
879 4513 934 4568 id
952 4521 1038 4569 est
1065 4515 1118 4568 in
1145 4516 1382 4580 Christo,
1415 4519 1653 4586 quotidie
1683 4524 1898 4577 crescit.

1036 4625 1262 4682 CAPUT
1300 4627 1505 4682 LXXII.

468 4707 545 4762 De
590 4726 649 4763 eo
680 4710 819 4780 quod
867 4711 1145 4782 Apostolus
1190 4716 1309 4768 ait:
1354 4715 1616 4785 Spiritum
1653 4719 1818 4775 nolite
1847 4726 2050 4778 exstin-

1177 4799 1360 4853 gnere.

543 4868 619 4923 Ac
658 4870 703 4923 si
727 4871 907 4924 dicat:
934 4871 1172 4942 Spiritus
1198 4876 1370 4929 sancti
1395 4879 1644 4947 gratiam,
1670 4895 1832 4949 quam
1870 4883 2050 4953 bapti-

467 4958 574 5011 zati
625 4974 724 5028 per
778 4975 970 5015 manus
1003 4963 1400 5031 impositionem
1458 4976 1511 5023 et
1537 4970 1845 5029 chrismatis
1885 4991 2045 5032 acce-

467 5049 624 5119 pistis
664 5050 992 5119 unctionem,
1033 5054 1197 5110 nolite
1243 5072 1407 5126 prave
1430 5061 1660 5118 vivendo
1699 5066 2046 5138 exstinguere

467 5137 522 5206 (ι
572 5137 726 5193 Thes.
770 5141 856 5211 v);
909 5145 1012 5199 sed
1057 5161 1178 5200 eam
1215 5149 1479 5221 integram
1523 5164 1577 5209 et
1627 5137 1939 5214 inviolatam
1989 5162 2044 5215 in

470 5239 650 5286 vestro
677 5233 839 5288 corde
867 5242 924 5290 et
949 5252 1176 5307 corpore
1206 5252 1436 5298 servate.
1470 5246 1623 5302 Unde
1670 5250 1738 5303 ad
1783 5251 2048 5322 Ephesios

470 5321 610 5377 idem
634 5322 710 5377 ait
731 5324 1021 5393 Apostolus
1048 5347 1060 5382 :
1091 5329 1268 5386 Nolite
1289 5338 1600 5390 contristare
1623 5337 1878 5408 Spiritum
1924 5359 2050 5395 san-

467 5418 610 5466 ctum
650 5412 772 5478 Dei,
823 5414 876 5469 in
913 5434 1014 5486 quo
1056 5420 1247 5489 signati
1283 5426 1406 5478 estis
1449 5427 1504 5479 in
1545 5428 1629 5481 die
1683 5430 2049 5499 redemptionis

472 5499 688 5574 (Ephes.
748 5506 821 5577 tv)
861 5509 1238 5577 :signaculum
1294 5516 1436 5569 enim
1479 5519 1651 5572 sancti
1709 5519 1944 5588 Spiritus
1993 5523 2047 5575 in

2070 4507 2125 4566 D

2159 3237 2389 3295 Satanas
2410 3255 2657 3298 mortuus
2683 3262 2791 3301 non
2822 3258 2924 3303 est.
2958 3250 3107 3305 Dixit
3137 3253 3302 3308 abbas
3323 3255 3516 3312 Pastor
3548 3277 3561 3311 :
3596 3261 3742 3328 Quia

2157 3344 2373 3402 semper
2401 3333 2952 3394 homobumilitatem
3002 3350 3052 3395 et
3107 3344 3355 3399 timorem
3410 3346 3506 3401 Dei
3549 3349 3625 3403 ita
3661 3351 3746 3406 in-

2156 3421 2494 3476 cessabiliter
2520 3426 2792 3494 respirare
2821 3427 3000 3496 debet,
3034 3432 3173 3486 sicut
3198 3433 3400 3500 ﬂatum,
3449 3454 3617 3507 quem
3647 3455 3742 3494 na-

2157 3511 2307 3566 ribus
2333 3515 2557 3568 attrahit
2590 3516 2676 3570 vel
2697 3519 2916 3575 emittit.
2955 3522 3101 3577 Dixit
3129 3524 3321 3579 iterum
3359 3545 3372 3580 :
3400 3527 3540 3593 Quia
3574 3528 3746 3598 proji-

2154 3616 2279 3656 cere
2310 3618 2368 3658 se
2388 3604 2440 3657 in
2479 3617 2769 3675 conspectu
2793 3610 2910 3676 Dei,
2961 3621 3017 3668 et
3042 3629 3147 3668 non
3172 3616 3408 3684 seipsum
3451 3618 3740 3683 extollene,

2154 3699 2209 3744 et
2236 3691 2450 3748 mittere
2477 3705 2600 3764 post
2631 3704 2840 3768 tergum
2876 3703 3151 3772 propriam
3188 3711 3520 3762 voluntatem
3561 3706 3745 3763 ferra-

2155 3792 2334 3842 menta
2375 3795 2501 3841 sunt
2524 3789 2719 3857 quibus
2754 3793 2934 3847 anima
2964 3806 3240 3865 operatur.

2774 3903 3002 3960 CAPUT
3040 3908 3249 3963 LXXIII

2439 3991 2514 4046 De
2538 3994 2720 4048 nociva
2751 3998 3054 4053 curiositate
3080 4002 3470 4059 monachorum.

2222 4078 2420 4136 Paulus
2455 4084 2728 4152 apostolus
2769 4086 2900 4141 dicit
2936 4103 2950 4140 :
2982 4086 3245 4159 Rogamus
3268 4100 3440 4146 autem
3479 4108 3594 4156 vos,
3627 4093 3747 4162 fra-

2150 4180 2274 4234 tres,
2329 4182 2384 4224 ut
2421 4174 2586 4242 quieti
2612 4175 2748 4240 sitis,
2789 4187 2840 4230 et
2880 4189 3103 4233 vestrum
3153 4183 3414 4252 negotium
3461 4184 3660 4252 agatis,
3695 4195 3744 4239 et

2149 4262 2433 4328 aperemini
2465 4265 2704 4320 manibus
2734 4270 2933 4322 vestris.
2956 4268 3007 4340 (Ι
3043 4269 3219 4325 Thess.
3269 4271 3366 4343 tv).
3408 4273 3488 4327 Ac
3509 4273 3558 4327 si
3589 4274 3747 4330 dice-

2149 4351 2375 4405 retzAb
2409 4355 2557 4408 omni
2596 4372 2693 4411 vos
2719 4357 3110 4428 inquietudinis
3155 4371 3211 4417 et
3253 4364 3594 4421 curiositatis
3643 4367 3745 4423 ab-

2147 4441 2344 4497 stinete
2378 4445 2532 4511 vitio,
2588 4459 2649 4502 ut
2690 4449 2860 4519 quieti
2889 4451 3042 4517 facti,
3079 4461 3319 4509 vestrum
3370 4457 3542 4526 agatis
3571 4473 3745 4529 nego-

2152 4529 2308 4585 tium.
2363 4532 2456 4587 llle
2495 4535 2662 4606 igitur
2711 4531 2867 4595 suum
2905 4543 3014 4612 agit
3041 4545 3333 4614 negotium,
3379 4547 3470 4616 qui
3514 4558 3743 4618 postpo-

2151 4622 2257 4677 sito
2305 4627 2638 4684 curiositatis
2669 4631 2821 4698 vitio,
2859 4634 2926 4687 de
2952 4635 3128 4690 salute
3165 4653 3260 4691 sua
3284 4648 3367 4692 est
3392 4639 3741 4695 incessanter

2151 4711 2432 4769 sollicitus.
2486 4717 2621 4772 Nam
2672 4720 2762 4775 ille
2809 4725 3104 4780 monachus
3137 4725 3372 4782 alienum
3418 4729 3530 4799 agit
3571 4744 3740 4800 nego-

2152 4804 2309 4871 tium,
2357 4809 2446 4875 qui
2477 4810 2810 4868 curiositatis
2849 4815 2981 4869 vitio
3029 4832 3185 4871 suam
3235 4819 3436 4874 oblitus
3477 4820 3736 4875 vitiosam

2152 4895 2420 4952 discutere
2445 4901 2638 4966 vitam,
2668 4902 2898 4958 alienam
2931 4905 3257 4977 investigare
3284 4893 3526 4963 sollicite
3556 4921 3735 4964 curat.

2156 4985 2308 5041 Unde
2337 4997 2391 5042 et
2419 4988 2486 5042 ad
2515 4994 2732 5046 eosdem
2761 4993 2814 5046 in
2845 4995 3081 5050 secunda
3131 4997 3274 5052 idem
3307 5000 3386 5052 ait
3428 4999 3670 5068 Epistola
3719 5019 3733 5054 :

2153 5075 2463 5132 Audiuimus
2500 5082 2636 5134 enim
2668 5083 2922 5152 quosdam
2967 5086 3105 5140 inter
3146 5104 3233 5142 ros
3279 5089 3609 5144 ambulantes
3653 5092 3734 5145 in-

2149 5170 2339 5239 quiete,
2372 5171 2502 5224 nihil
2521 5184 2814 5242 aperantes,
2847 5176 2937 5230 sed
2964 5178 3168 5232 curiose
3196 5191 3405 5250 agentes
3435 5180 3519 5251 (II
3551 5181 3733 5238 Thess.

2151 5257 2256 5328 ιιι).
2291 5259 2347 5313 1η
2375 5261 2478 5317 hac
2496 5262 2646 5316 brevi
2689 5267 2955 5320 sententia
2985 5268 3152 5321 multa
3191 5269 3391 5326 Paulus
3433 5272 3734 5328 monacho-

2153 5363 2271 5400 rum
2314 5353 2660 5418 reprehendit
2709 5354 2860 5419 vitia,
2902 5356 3333 5425 inquietudinem
3380 5360 3632 5416 videlicet
3679 5370 3737 5416 et

2153 5438 2479 5493 otiositatem
2505 5449 2559 5495 et
2583 5443 2976 5509 curiositatem,
3005 5451 3060 5498 et
3090 5446 3510 5516 multiloquium,
3544 5453 3598 5504 in
3627 5467 3736 5520 quo

2152 5528 2445 5582 secundant
2472 5530 2816 5590 Salomonem
2860 5532 3041 5604 (Prov.
3072 5535 3126 5603 χ)
3184 5551 3291 5591 non
3337 5538 3592 5609 eﬁ‘ugitur
3613 5557 3736 5612 pec—

543 5641 827 5748 :qudsil
861 5643 1118 5716 Spiritum
1171 5650 1495 5719 cxslingncrc
1553 5650 1777 5721 pulchre
1835 5657 2067 5710 ostendit
2141 5628 2560 5730 Chrysostomus
2614 5667 2666 5720 in
2737 5667 2908 5737 Epist.
2937 5670 3003 5725 ad
3065 5671 3282 5738 Thess”
3318 5693 3437 5748 cap.
3499 5694 3571 5744 ι’,
3640 5681 3736 5738 hoc

475 5708 588 5765 mil.
615 5713 698 5766 Η.
