3940 6452
193 374 326 431 659
1441 365 1746 448 DIADEMA
1788 348 2290 427 neuscnonun.
2486 370 2489 373 λ
3388 376 3499 433 670

196 498 449 553 catum;
480 485 794 556 inquietudo
823 498 971 556 ergo,
1015 499 1135 553 quas
1154 491 1210 537 et
1233 481 1337 537 alio
1366 481 1585 538 nomine
1634 480 1813 537 curio—
1841 482 1892 541 Α
1917 494 1981 534 su
2036 480 2238 537 Christi
2286 488 2368 537 est
2417 483 2750 538 denuntiata.
2792 482 2861 539 Et
2899 482 3146 553 quamvis
3198 486 3495 554 apostolica

196 579 367 635 sitas
393 578 711 650 appellatur,
756 575 960 647 grande
988 583 1073 630 est
1098 574 1309 639 vitium,
1353 588 1473 644 qua:
1495 586 1595 628 nec
1615 586 1812 641 corpus
1912 571 2179 626 charitate
2206 572 2277 626 sit
2295 572 2473 641 plena,
2510 575 2889 630 auctoritatem
2915 582 3098 629 tamen
3137 577 3380 633 continet
3407 594 3496 636 re-

197 668 493 737 quietum,
540 680 641 721 nec
686 667 924 720 animam
971 664 1195 719 dimittit
1237 677 1358 718 esse
1403 662 1521 717 sine
1564 670 1808 733 peccato.

198 757 370 811 Dum
402 757 546 812 enim
578 755 807 811 sollicite
837 754 1066 809 aliorum
1102 754 1292 808 domos
1317 752 1536 817 circuit,
1574 751 1657 805 vel
1684 751 1814 804 alie-

199 862 286 901 na
336 854 461 902 acta
499 847 714 902 curiose
762 845 1052 916 perquirit,
1095 843 1286 913 procul
1324 843 1487 899 dubio
1536 842 1591 897 in
1628 841 1813 896 multis

198 934 472 991 oﬁ‘endit.
529 935 665 989 Nam
712 933 1042 990 curiositatis
1075 932 1269 987 vitium
1310 930 1682 986 indesinenter
1716 944 1813 984 co-

199 1030 457 1084 mitatur
492 1036 549 1084 et
594 1027 786 1083 otium.
842 1023 1095 1080 Otiositas
1135 1033 1311 1078 autem
1346 1022 1562 1077 inimica
1592 1029 1668 1073 est
1697 1019 1811 1073 ani-

198 1137 323 1175 ma:
357 1119 528 1193 (Eccl.
556 1118 772 1190 nxtn).
801 1117 991 1172 Melius
1033 1126 1116 1172 est
1143 1131 1273 1185 ergo
1304 1114 1583 1170 monachis
1604 1120 1663 1166 ut
1683 1111 1811 1167 ohe-

199 1211 441 1267 dientes
470 1212 580 1266 sint
604 1210 912 1280 praepositis
933 1210 1045 1264 suis
1083 1209 1152 1263 ad
1189 1221 1405 1262 omnem
1440 1204 1806 1260 obedientiam

199 1301 480 1356 utilitatis
518 1315 649 1365 suae,
675 1308 729 1355 et
755 1314 879 1354 cum
908 1297 1141 1363 silentio,
1193 1295 1247 1350 id
1269 1302 1352 1350 est
1396 1294 1465 1349 ah
1492 1293 1639 1348 omni
1675 1292 1807 1347 vitio

200 1391 615 1462 inquietudinis
662 1398 718 1446 et
751 1388 1105 1452 curiositatis,
1154 1393 1210 1441 et
1235 1384 1583 1440 verbositatis
1618 1382 1803 1447 alieni,

201 1483 479 1537 manibus
514 1487 803 1549 operantes
831 1494 987 1534 suum
1033 1491 1228 1547 panem
1258 1474 1605 1538 manducent,
1640 1482 1695 1525 et
1723 1473 1805 1526 in—

202 1570 471 1640 telligant
505 1571 571 1624 de
594 1568 785 1639 scipsis
821 1567 955 1622 illud
973 1564 1384 1636 Psalmographi
1409 1562 1612 1618 dictum
1639 1580 1652 1615 :
1675 1559 1807 1631 Opa-

200 1677 272 1713 ra
306 1675 563 1713 manuum
589 1667 803 1711 tuarum
833 1655 1177 1710 manducabis
1207 1669 1225 1708 :
1254 1652 1434 1706 beatus
1458 1666 1534 1716 es,
1574 1659 1625 1705 et
1678 1642 1804 1703 bene

199 1752 313 1806 tibi
339 1753 436 1806 erit
462 1749 636 1823 (Psal.
667 1749 890 1821 cxxvn).
922 1749 1146 1805 Dicebat
1169 1747 1389 1818 quidem
1418 1758 1582 1802 senex
1620 1762 1635 1800 :
1670 1743 1803 1799 Pro-

199 1853 408 1913 pterea
458 1858 566 1897 non
611 1841 945 1910 proﬁcimus,
1003 1839 1132 1910 quia
1185 1837 1459 1893 nescimus
1514 1811 1879 1890 mensurasB

201 1944 462 2001 nostras,
517 1949 693 2005 neque
718 1933 1032 2004 patientiam
1063 1931 1325 1986 habemus
1346 1928 1401 1983 in
1449 1940 1614 1997 opere
1651 1923 1800 1996 quod

201 2027 558 2096 ceperimus;
592 2024 687 2080 sed
715 2024 832 2079 sine
876 2022 1059 2078 labore
1088 2021 1268 2090 aliquo
1308 2020 1536 2073 virtutes
1556 2015 1805 2071 volumus

202 2116 522 2186 possidere.
555 2112 778 2170 Dicebat
802 2113 970 2168 abbas
1005 2110 1217 2177 Pastor,
1267 2108 1411 2179 quod
1436 2106 1604 2162 abbas
1628 2104 1801 2160 Isido-

207 2222 318 2262 rus
346 2206 610 2262 allocutus
639 2204 713 2259 sit
740 2201 1031 2274 aliquando
1059 2201 1270 2271 plcbcm
1302 2199 1531 2252 fratrum
1555 2195 1743 2252 dicens
1769 2190 1789 2250 ἐ

206 2294 462 2362 Fratres,
515 2292 759 2362 nunquid
798 2307 906 2347 non
949 2287 1403 2345 adlaborandum
1446 2286 1697 2342 venimus
1748 2285 1806 2340 in

204 2388 399 2444 locum
438 2385 627 2442 hunc?
680 2384 745 2439 Et
768 2399 910 2438 nunc
934 2382 1093 2437 video
1139 2381 1266 2450 quia
1304 2378 1483 2434 nullus
1528 2377 1619 2433 hic
1650 2377 1807 2431 laher

207 2486 326 2534 est.
369 2478 481 2548 Ego
523 2476 710 2547 igitur,
739 2474 960 2529 dimissa
990 2470 1163 2541 plebe,
1202 2471 1340 2524 vado
1374 2469 1465 2523 ubi
1506 2477 1590 2523 est
1627 2467 1803 2532 labor,

207 2576 273 2623 ct
294 2567 389 2623 ubi
420 2581 526 2620 non
557 2564 772 2619 invenio
802 2561 1064 2632 requiem.
1108 2559 1406 2627 Quemdam
1434 2572 1617 2612 senem
1640 2570 1801 2625 roga-

208 2660 352 2715 bant
395 2656 592 2711 fratres
618 2662 674 2709 ut
704 2654 1008 2725 quiesceret
1030 2667 1061 2706 a
1091 2651 1240 2723 gravi
1263 2648 1465 2713 labore,
1506 2647 1594 2702 ille
1624 2657 1803 2702 autem

210 2746 504 2817 respondit
539 2743 908 2801 eis:Credite
956 2742 1112 2808 mihi,
1162 2739 1282 2804 ﬁlii,
1340 2738 1485 2809 quod
1525 2737 1803 2792 Abraham

210 2836 528 2908 prenitebit,
583 2849 706 2889 cum
760 2832 953 2888 viderit
993 2846 1187 2902 magna
1239 2835 1294 2884 et
1339 2825 1602 2897 praeclara
1662 2827 1803 2882 dona

214 2929 360 2994 Dei,
415 2927 558 2997 quod
609 2925 841 2996 amplius
890 2939 1001 2981 non
1053 2920 1217 2978 fuerit
1260 2921 1315 2976 in
1378 2918 1654 2974 laboribus
1704 2919 1799 2974 de-

216 3036 286 3077 cc
294 3028 482 3075 rtatus.
598 3056 625 3076 κ

785 3106 1013 3163 CAPUT
1050 3102 1284 3158 LXXIV.

543 3199 619 3257 De
640 3197 819 3270 regula
853 3196 917 3250 ab
944 3193 1194 3267 apostolis
1244 3193 1436 3263 posita.

295 3291 433 3345 llinc
472 3289 671 3345 Paulus
690 3286 965 3360 apostolus
994 3285 1071 3339 ait
1102 3302 1116 3337 :
1159 3282 1467 3353 Quicunque
1488 3280 1622 3352 hanc
1648 3296 1802 3350 regu-

219 3378 333 3438 lam
380 3382 545 3437 secuti
568 3381 817 3451 afuerint,
857 3394 963 3450 pax
1005 3391 1161 3446 super
1196 3373 1316 3428 illos
1357 3382 1403 3427 et
1446 3370 1802 3424 misericordia

221 3472 368 3535 (Cal.
402 3471 502 3545 vt).
532 3470 789 3527 Doctrina
812 3467 907 3523 Dei
928 3465 1173 3537 quadam
1200 3462 1381 3534 regula
1404 3460 1669 3517 sermonis
1696 3468 1800 3526 est,

221 3579 346 3638 qua:
373 3564 517 3619 inter
536 3562 681 3632 iusta
711 3558 922 3628 judicat
942 3564 999 3611 et
1022 3555 1224 3626 injusta
1255 3572 1268 3608 :
1301 3567 1465 3624 quam
1504 3550 1597 3621 qui
1648 3566 1803 3605 secu-

225 3660 313 3705 tus
352 3649 532 3714 fuerit,
581 3647 801 3703 habebit
835 3659 1027 3717 pacem
1051 3644 1106 3698 in
1142 3643 1452 3713 semetipso,
1489 3657 1610 3711 qua:
1643 3654 1824 3722 exsuj

220 3748 382 3811 perat
406 3753 621 3794 omnem
649 3752 891 3801 sensum,
915 3742 970 3789 ει
996 3740 1120 3803 post
1161 3747 1351 3804 pacem
1374 3729 1802 3787 misericordiam

222 3835 607 3898 consequetur.
661 3825 811 3880 Nova
849 3831 1101 3879 creatura
1128 3832 1211 3877 est
1234 3821 1510 3892 generatio
1537 3819 1803 3875 Christia-

226 3937 315 3987 na,
356 3920 484 3991 quia
509 3919 759 3975 Christus
789 3932 959 3972 novus
986 3917 1148 3971 homo
1174 3914 1322 3969 venit
1346 3914 1400 3968 in
1432 3914 1707 3977 mundum,
1747 3920 1803 3967 et

224 4026 364 4071 nova
390 4017 663 4082 praecepta
696 4008 840 4065 dedit
883 4006 1109 4072 mundo,
1160 4014 1216 4061 et
1257 4021 1419 4076 super
1454 4003 1802 4070 observantes

225 4117 288 4157 ea
316 4115 424 4171 pax
470 4108 526 4155 et
566 4098 959 4171 misericordia.
1004 4095 1142 4151 Item
1183 4096 1301 4165 ipse
1341 4093 1633 4162 Apostolus
1680 4093 1798 4148 ait:

234 4170 604 4246 Verumtamen
630 4188 698 4242 ad
726 4170 864 4260 quod
886 4187 1231 4257 pervenimus,
1254 4193 1311 4237 ut
1338 4184 1473 4238 idem
1496 4182 1798 4254 sapiamus,

224 4290 272 4336 et
302 4281 357 4335 in
377 4280 559 4335 eadem
597 4292 996 4349 permaneamus
1029 4273 1209 4343 regula
1236 4271 1458 4347 (Philip.
1484 4271 1588 4343 ιιι),
1613 4272 1666 4327 id
1693 4278 1798 4337 est,

226 4380 287 4430 ut
332 4370 388 4424 in
426 4364 731 4424 ministerio
767 4362 891 4421 ﬁdei
921 4376 1350 4433 permaneamus,
1383 4360 1624 4430 adquod
1648 4358 1801 4414 Chri-

227 4468 312 4514 sto
334 4462 563 4511 vocantc
583 4453 950 4524 pervenimus,
984 4459 1041 4507 et
1078 4450 1212 4505 nihil
1233 4458 1388 4506 extra
1415 4450 1614 4521 regula:
1637 4449 1800 4505 disci-

227 4549 428 4618 plinam
450 4547 504 4602 in
532 4544 943 4602 conversatione
969 4542 1093 4601 ﬁdei
1119 4544 1415 4613 sapiamus,
1448 4543 1545 4598 sed
1576 4543 1679 4600 hoc
1706 4559 1798 4598 sa-

230 4641 439 4710 piamus
484 4637 625 4708 quod
651 4651 935 4692 commune
961 4636 1033 4691 sit
1073 4644 1129 4693 et
1153 4635 1477 4702 modestum,
1530 4636 1584 4691 in
1630 4651 1798 4692 evan-

230 4732 398 4802 gelica
428 4729 657 4786 veritate
697 4736 751 4783 et
779 4728 832 4782 in
860 4730 1052 4785 eadem
1098 4728 1221 4783 ﬁdei
1256 4729 1441 4801 regula
1479 4745 1801 4799 permanea—

232 4834 369 4873 mus.
421 4817 625 4889 Regula
664 4816 769 4871 hoc
802 4815 858 4871 in
904 4815 1024 4871 loco
1071 4817 1204 4872 ﬁdes
1244 4826 1470 4875 vocatur
1499 4818 1798 4875 Catholica.

234 4907 436 4979 Regula
479 4923 611 4962 vero
636 4907 704 4962 ab
723 4922 789 4961 eo
822 4907 967 4976 quod
995 4915 1143 4965 recte
1173 4907 1354 4969 ducat.
1408 4916 1464 4967 et
1484 4916 1630 4963 recte
1653 4917 1806 4981 regat
1830 4928 1833 4929 '

234 5008 318 5053 est
350 4999 510 5054 dicta.
558 4997 712 5054 Unde
732 5005 787 5053 et
809 4996 898 5052 illa
945 4997 1164 5052 Patrum
1194 4998 1464 5064 instituta,
1512 5013 1630 5068 quae
1654 5006 1802 5055 recte

236 5090 417 5145 vivere
460 5089 791 5146 Catholicam
839 5089 1034 5145 docent
1077 5089 1374 5145 Ecclesium
1422 5104 1659 5147 canones
1711 5107 1806 5147 vo-

236 5186 445 5233 cantur.
490 5178 674 5232 Canon
715 5187 893 5232 autem
926 5176 1130 5244 Graece,
1156 5177 1345 5232 Latine
1374 5178 1559 5248 regula
1581 5177 1799 5235 dicitur.

239 5268 373 5324 llinc
391 5274 447 5322 et
475 5267 602 5322 alibi
633 5266 832 5323 Paulus
877 5266 953 5322 ait
980 5286 993 5321 :
1020 5267 1402 5322 Denuntiamus
1429 5278 1602 5323 autem
1638 5270 1801 5336 vobis,

240 5358 449 5428 fratres,
499 5355 554 5410 in
600 5355 805 5411 nomine
850 5356 1060 5412 Domini
1107 5358 1272 5411 nostri
1309 5357 1438 5412 Jesu
1488 5356 1706 5425 Christi,
1748 5370 1804 5413 ut

240 5446 554 5505 subtrahatis
593 5464 678 5501 vos
714 5446 778 5500 ab
812 5449 951 5502 omni
974 5447 1137 5517 fratre
1166 5447 1392 5519 inquiete
1432 5447 1733 5507 ambulante
1756 5459 1804 5504 et

242 5542 534 5596 inordinate
562 5537 647 5611 (II
696 5538 875 5593 Thess.
912 5540 1017 5609 ιιι).
1068 5539 1175 5593 ista
1204 5538 1541 5593 denuntiatio
1579 5552 1684 5592 non
1721 5548 1806 5593 est

242 5631 309 5686 ab
333 5627 669 5685 auditoribus
692 5628 1143 5698 parvipendenda,
1177 5629 1302 5697 quia
1325 5626 1488 5698 regali
1515 5638 1598 5682 est
1623 5637 1809 5683 aucto-

244 5720 400 5779 ritate
432 5718 640 5785 t‘ulcita.
679 5719 892 5785 quando
921 5719 975 5774 in
998 5718 1211 5775 nomine
1256 5718 1464 5773 Domini
1516 5718 1687 5773 nostri
1721 5717 1807 5775 lc-

1911 661 2079 731 giam,
2117 676 2238 731 qua:
2266 661 2504 717 ﬁdelium
2524 663 2768 717 omnium
2791 663 3083 719 salubriter
3117 671 3394 720 catervam
3417 668 3490 723 ad

1913 757 2116 806 rectam
2159 751 2465 806 animarum
2498 752 2746 822 perducit
2774 752 3037 822 regulam.
3082 753 3175 808 Ait
3206 756 3391 810 enim:
3421 753 3491 810 Ut

1910 840 2229 896 subtrahatis
2252 858 2340 896 vos
2363 843 2428 895 ab
2451 843 2593 895 omni
2640 841 2810 912 fratre
2837 843 3067 913 inquiete
3092 844 3415 912 ambulante,
3440 855 3491 900 et

1911 950 2014 988 non
2035 934 2318 988 secundum
2339 935 2694 1001 traditionem,
2745 951 2904 1007 quam
2932 948 3241 1008 acceperunt
3267 957 3300 993 a
3335 940 3487 995 nobis

1910 1023 1996 1095 (Il
2023 1024 2312 1096 Thess.tn).
2338 1025 2475 1080 llinc
2487 1027 2864 1081 auctoritatem
2892 1027 3107 1083 ﬁrmam
3133 1029 3491 1086 subtrahendi

1908 1126 1968 1169 se
2003 1130 2033 1167 a
2057 1118 2243 1183 pravis
2268 1114 2573 1169 hominibus
2598 1116 2667 1171 ab
2693 1115 2938 1185 apostolo
2978 1123 3291 1171 sanctorum
3317 1133 3484 1174 acce-

1906 1204 1987 1273 pit
2030 1202 2289 1259 Ecclesia.
2341 1203 2604 1273 Regulam
2650 1212 2832 1259 autem
2874 1207 3012 1261 bene
3049 1206 3380 1271 ambulandi,
3432 1208 3489 1264 id

1906 1302 2012 1357 εει,
2030 1297 2195 1360 bene,
2219 1302 2276 1349 et
2308 1293 2477 1363 juste,
2515 1303 2571 1350 et
2594 1295 2684 1366 pie
2706 1296 2941 1361 vivendi,
2972 1298 3311 1354 tradiderunt
3357 1298 3491 1355 ﬁde-

1904 1386 2049 1442 libus
2089 1385 2340 1456 apostoli,
2378 1400 2541 1455 quam
2583 1387 2824 1441 omnium
2852 1385 3088 1442 ﬁdelium
3108 1389 3278 1459 debet
3308 1396 3497 1445 tenere

1904 1476 2137 1531 ﬁrmiter
2164 1475 2426 1543 Ecclesia,
2458 1492 2577 1547 qua:
2597 1478 2666 1533 ad
2693 1477 2909 1532 illorum
2931 1492 3094 1532 suam
3113 1478 3227 1533 vult
3250 1478 3488 1550 dirigere

1902 1570 2089 1622 vitam.
2129 1567 2289 1622 Istius
2308 1582 2437 1639 ergo
2460 1567 2659 1638 regulae
2697 1582 2910 1633 norma,
2944 1569 3197 1624 omnibus
3222 1569 3490 1625 Christia-

1902 1658 2009 1724 nis,
2049 1658 2290 1727 ipsorum
2331 1657 2698 1727 apostolorum
2749 1657 2893 1713 facta
2930 1666 3015 1713 est
3054 1659 3188 1713 vita.
3241 1658 3397 1715 Unde
3429 1669 3487 1715 et

1903 1746 2194 1816 sequitur:
2226 1745 2339 1816 Ipsi
2388 1746 2525 1801 enim
2572 1747 2727 1801 scitis
2762 1746 3204 1818 quemadmodum
3252 1757 3492 1819 oporteat

1906 1856 1995 1894 vos
2028 1839 2228 1892 imitari
2259 1854 2352 1892 nos
2375 1836 2588 1909 (lbid.).
2621 1837 2700 1893 Ac
2724 1838 2769 1892 si
2792 1838 2999 1893 diceret
3024 1856 3037 1891 :
3062 1837 3199 1905 Quia
3227 1837 3343 1906 jam
3381 1837 3492 1894 fne-

1905 1937 2135 1999 quenter
2158 1937 2214 1982 et
2255 1928 2438 1983 verbis
2477 1927 2631 1983 vobis
2654 1928 3007 1998 pmdiximus
3034 1937 3093 1984 et
3121 1928 3386 2000 exemplis
3404 1943 3491 1984 οον

1907 2018 2199 2085 tendimus,
2226 2019 2351 2073 ideo
2387 2026 2577 2074 notum
2619 2028 2703 2075 εει
2745 2018 2897 2074 vobis
2935 2021 3205 2090 quomodo
3243 2028 3493 2090 oporteat

1905 2123 2003 2163 vos
2036 2108 2237 2163 imitari
2264 2123 2381 2164 nos.
2418 2108 2675 2163 Libenter
2707 2118 2887 2164 tamen
2909 2108 3072 2164 facite
3116 2109 3259 2179 quod
3303 2110 3493 2177 horta-

1906 2217 2048 2267 mur,
2088 2202 2191 2256 sia
2228 2202 2385 2257 nobis
2419 2201 2679 2256 traditam
2716 2201 2845 2256 ﬁdei
2895 2201 3061 2257 vultis
3099 2210 3290 2257 tenere
3336 2216 3494 2272 regu~

1905 2290 2034 2345 lam.
2070 2291 2218 2346 Dixit
2262 2291 2483 2361 quidam
2514 2307 2719 2348 senex:
2745 2291 3021 2361 Scriptum
3065 2299 3170 2357 est,
3212 2292 3401 2347 Justus
3429 2303 3489 2346 ut

1903 2382 2080 2455 palma
2105 2382 2312 2453 ﬂorebit
2350 2381 2522 2454 (Psal.
2564 2381 2696 2454 xm).
2737 2381 3018 2453 Signiﬁcat
3050 2391 3230 2438 autem
3258 2383 3349 2439 hic
3369 2396 3488 2438 ser-

1907 2484 1996 2525 mo
2017 2471 2219 2526 bonum
2249 2480 2450 2537 actum,
2478 2471 2670 2538 altum,
2694 2479 2750 2526 ει
2781 2480 3012 2535 rectum,
3034 2480 3089 2525 et
3113 2471 3346 2530 dulcem.
3385 2471 3483 2526 Est

1904 2558 2050 2613 enim
2077 2559 2130 2613 in
2154 2560 2333 2630 palma
2357 2575 2524 2614 unum
2547 2560 2844 2616 incardium
2879 2568 2936 2616 et
2962 2560 3136 2630 ipsum
3167 2561 3492 2627 candidum,

1903 2664 2120 2705 omnem
2151 2652 2357 2707 habens
2402 2653 2769 2722 operationem
2802 2653 2857 2707 in
2890 2668 2967 2708 se.
3013 2652 3280 2709 Similiter
3306 2662 3489 2708 autem

1903 2746 1959 2794 et
1983 2740 2039 2794 in
2068 2740 2348 2809 virojusto
2385 2742 2652 2811 reperitur
2679 2758 2845 2796 unum
2880 2743 2929 2797 ei
2952 2751 3008 2798 et
3046 2743 3277 2813 simplex
3306 2743 3491 2798 inesse

1904 2846 2017 2895 cor,
2060 2832 2128 2885 ad
2168 2830 2336 2885 Deum
2368 2834 2741 2887 tantummodo
2776 2833 3093 2902 respiciens.
3160 2833 3258 2886 Est
3305 2841 3493 2887 autem

1902 2929 1959 2976 et
2010 2920 2213 2985 album,
2266 2921 2472 2976 habens
2518 2921 2967 2978 illuminationem
3019 2907 3166 2987 ﬁdei,
3216 2931 3273 2978 et
3309 2922 3494 2977 omnis

1902 3012 2147 3082 operatio
2174 3009 2309 3079 justi
2339 3013 2392 3066 in
2425 3013 2588 3067 corde
2629 3013 2797 3082 ipsius
2826 3020 2928 3068 εει.
2971 3013 3107 3068 Nam
3151 3022 3206 3067 et
3257 3026 3489 3067 acumen

1907 3100 2249 3156 stimulorum
2291 3100 2409 3171 ejus
2437 3101 2698 3157 adversus
2732 3101 3006 3158 diabolum
3045 3110 3132 3156 est
3180 3114 3493 3172 propugnat.

1827 3166 1875 3228 C
1907 3192 2109 3248 culum.

2456 3262 2683 3318 CAPUT
2721 3261 2932 3319 LXXV.

2296 3350 2361 3407 Ut
2384 3351 2657 3424 vigilantes
2690 3354 2795 3408 sint
2823 3353 3087 3414 monachi.

1973 3465 2172 3521 Paulus
2209 3465 2483 3536 apostolus
2530 3480 2629 3520 nos
2658 3465 2910 3522 admonet
2938 3466 3127 3522 dicens
3159 3479 3175 3519 :
3210 3465 3331 3521 Non
3356 3466 3481 3522 der-

1902 3558 2129 3612 miamus
2149 3558 2284 3627 sicut
2304 3555 2499 3621 caeleri,
2523 3555 2613 3609 sed
2635 3555 2904 3626 vigilemus
2925 3555 2978 3628 (Ι
3003 3556 3181 3612 Thess.
3198 3556 3276 3629 v).
3298 3556 3357 3612 Id
3379 3568 3489 3620 est,

1902 3662 2011 3702 non
2042 3645 2373 3703 dormiamus
2400 3644 2540 3701 sicut
2565 3645 2744 3701 caeteri
2768 3645 3035 3710 inﬁdeles,
3058 3644 3262 3714 iniusti,
3289 3647 3489 3717 iniqui,

1899 3737 1994 3807 qui
2049 3736 2366 3807 ignorantia:
2389 3743 2444 3791 et
2474 3735 2716 3805 corporis
2751 3750 2940 3791 somno
2962 3735 3227 3807 depressi,
3267 3745 3325 3791 et
3352 3752 3483 3807 peo-

1901 3836 2148 3883 catorum
2196 3841 2417 3882 suorum
2439 3826 2580 3881 mole
2623 3826 2854 3895 gravati,
2886 3825 3015 3897 quid
3067 3826 3173 3882 illis
3217 3827 3272 3881 in
3300 3826 3493 3883 futuro.

1901 3918 2117 3974 eveniat
2148 3918 2446 3987 praevidere
2473 3931 2581 3971 non
2611 3918 2811 3973 valent.
2853 3917 2957 3984 Qui
2982 3926 3090 3972 tam
3112 3918 3349 3989 graviter
3373 3926 3497 3974 tutu

1900 4010 2148 4080 piter-que
2167 4008 2463 4069 dormiunt,
2519 4014 2580 4060 ut
2603 4008 2670 4062 ad
2693 4008 2775 4062 sui
2816 4007 3119 4062 custodiam
3146 4007 3328 4063 cordis
3352 4023 3477 4064 ocu-

1897 4100 1979 4156 los
2017 4101 2125 4154 non
2168 4097 2450 4168 aperiant;
2486 4096 2578 4166 qui
2623 4096 2757 4150 nihil
2805 4096 2872 4150 de
2920 4094 3103 4150 futura
3136 4096 3328 4166 gloria,
3386 4099 3485 4153 sed

1902 4202 2114 4258 semper
2150 4184 2217 4241 de
2249 4185 2502 4256 praesenti
2550 4185 2791 4255 cogitant
2837 4185 2969 4238 vita.
3010 4182 3127 4238 Non
3152 4185 3219 4239 de
3240 4184 3308 4239 iis
3358 4200 3481 4254 qua:

1900 4292 2007 4331 non
2041 4275 2293 4331 videntur
2318 4282 2373 4329 et
2400 4282 2602 4329 teterna
2629 4281 2778 4339 sunt,
2833 4275 2927 4329 sed
2954 4287 3171 4344 semper
3198 4274 3266 4331 de
3290 4274 3358 4331 iis
3390 4289 3488 4332 eo-

1902 4367 2080 4435 gitant
2123 4380 2244 4435 quae
2266 4365 2538 4430 videntur,
2583 4373 2639 4420 et
2658 4365 2862 4422 caduca
2888 4373 2944 4420 et
2990 4366 3311 4435 temporalia
3334 4375 3487 4422 sunt.
3518 4392 3524 4397 -

1900 4457 2010 4512 Nos
2034 4464 2213 4512 autem
2236 4470 2342 4510 non
2363 4454 2504 4509 sicut
2526 4455 2603 4510 illi
2629 4455 2983 4522 dormiamus,
3007 4456 3114 4511 sed
3177 4457 3485 4529 vigilemus.

1902 4546 2041 4602 Hine
2067 4561 2166 4601 nos
2191 4552 2246 4599 et
2287 4543 2500 4600 Marcus
2531 4544 2862 4615 evangelista
2907 4545 3196 4601 salubriter
3234 4548 3491 4605 admonet

1900 4637 2088 4694 dicens
2120 4654 2133 4690 :
2172 4633 2396 4706 Vigilate
2426 4651 2571 4706 ergo,
2593 4635 2719 4705 quia
2758 4636 2966 4690 nescitis
2992 4637 3204 4707 quando
3232 4637 3490 4695 Dominus

1900 4728 2091 4784 veniat.
2118 4725 2201 4781 Ne
2221 4742 2339 4780 cum
2361 4728 2557 4781 venerit
2579 4735 2802 4797 repente,
2825 4728 3054 4783 inveniat
3091 4744 3178 4783 vos
3221 4728 3489 4785 dormien-
3540 4790 3548 4798 ,

1905 4828 1980 4874 tes
2031 4816 2228 4889 (Marc.
2273 4817 2429 4887 xm).
2470 4815 2623 4871 Beati
2668 4818 2805 4871 servi
2828 4816 2928 4884 illi,
2968 4834 3097 4889 quos
3135 4835 3253 4873 cum
3296 4820 3490 4874 venerit

1906 4908 2186 4983 Dominus,
2210 4906 2461 4962 invenerit
2490 4906 2764 4977 vigilantes
2791 4904 2944 4979 (Luc.
2962 4906 3079 4978 ιιι).
3106 4906 3306 4979 Vigilat
3321 4908 3490 4974 enim,

1909 5000 2003 5070 qui
2029 5000 2096 5055 ad
2116 5007 2392 5069 aspectum
2447 4997 2562 5053 veri
2606 4997 2829 5054 luminis
2852 5000 3036 5056 oculos
3080 5009 3300 5071 apertos
3323 5007 3488 5056 tenet.

1908 5089 2123 5162 Vigilat,
2152 5090 2243 5159 qui
2265 5096 2444 5144 servat
2460 5086 2735 5157 operando
2747 5091 2890 5158 quod
2910 5091 3101 5147 credit.
3126 5090 3349 5162 Vigilat,
3382 5089 3475 5160 qui

1909 5195 1941 5234 a
1974 5194 2034 5235 se
2055 5178 2297 5248 corporis
2327 5184 2383 5232 et
2419 5177 2759 5249 negligentia:
2794 5181 3050 5235 tenebras
3088 5180 3317 5250 repellit.
3349 5179 3491 5235 Hinc

1909 5277 1964 5324 et
1985 5269 2111 5324 alibi
2133 5266 2274 5322 idem
2299 5267 2376 5322 ait
2404 5266 2713 5337 apostolus:
2748 5266 2869 5324 Sive
2898 5268 3194 5339 vigilemus,
3222 5270 3327 5326 sive
3352 5270 3482 5325 dor-

1908 5360 2153 5424 miamus,
2195 5356 2354 5413 simul
2374 5374 2493 5411 cum
2513 5356 2722 5413 Christo
2762 5359 2994 5415 vivamus
3025 5358 3071 5431 (1
3104 5360 3284 5416 Thess.
3317 5360 3393 5431 v).
3426 5361 3485 5417 ld

1903 5456 2008 5511 cst,
2032 5448 2147 5503 sive
2178 5446 2456 5517 vigilemus
2483 5447 2551 5503 ad
2576 5447 2885 5517 custodiam
2904 5457 3103 5507 nostra:
3132 5450 3341 5518 salutis,
3366 5450 3484 5508 sive

1904 5538 2233 5593 dormiamus
2255 5554 2284 5592 a
2311 5538 2517 5594 nocivis
2555 5538 2714 5608 hujus
2750 5542 2931 5597 scecnli
2965 5542 3131 5607 curis,
3167 5541 3325 5597 simul
3352 5558 3481 5599 cum
3526 5524 3531 5529 ’

1904 5628 1996 5683 illo
2025 5629 2288 5695 vivamus,
2314 5630 2366 5684 id
2391 5638 2493 5695 est,
2515 5645 2727 5700 semper
2750 5632 2802 5685 in
2842 5632 3056 5687 Christo
3074 5640 3129 5686 ει
3157 5648 3285 5690 cum
3333 5632 3490 5689 Chri-

1906 5728 1991 5775 sto
2028 5720 2195 5778 simus
2231 5741 2240 5777 :
2270 5722 2361 5793 qui
2382 5738 2479 5792 pro
2515 5721 2662 5781 nobis
2695 5732 2929 5776 mortuus
2976 5730 3071 5782 est.
3102 5732 3148 5778 et
3197 5724 3483 5781 resurrexit
