3940 6422
475 335 574 392 671
1759 329 2038 387 SMARAG
2048 331 2112 387 Dl
2148 322 2442 386 ABBATIS

475 446 688 514 (Ibid.).
729 444 804 500 Dc
834 445 935 499 hac
954 442 1158 499 salubri
1188 443 1499 515 vigilatione
1525 452 1580 500 et
1608 444 1951 508 dormitione,
1997 443 2051 498 in
2080 445 2131 505 Α
2156 440 2394 498 ferarum
2416 442 2623 501 similes
2665 460 2870 501 sumus.
2903 444 3010 503 Sed
3036 448 3082 503 si
3111 448 3363 506 inimicus
3408 451 3559 522 quod
3588 466 3760 509 suum

473 534 711 590 Canticis
742 535 1076 589 canticorum
1129 534 1383 591 Salomon
1422 537 1536 591 ait:
1567 536 1680 606 Ego
1730 536 1959 601 dormio,
1999 544 2046 590 et
2148 540 2253 597 est,
2290 532 2478 604 exigit,
2508 550 2607 590 nos
2647 551 2863 607 quoque
2905 539 3049 608 quod
3081 547 3322 595 nostrum
3359 544 3761 615 est,.implere

469 644 564 681 cor
599 642 769 680 meum
805 624 985 695 vigilat
1012 625 1189 697 (Cant.
1234 628 1312 699 v).
1342 627 1423 684 Ac
1468 630 1514 683 si
1550 629 1757 684 diceret
1786 648 1800 685 :
1832 630 2049 697 Quanto

469 714 644 785 magis
665 728 696 768 a
721 716 951 769 terrenis
975 716 1122 770 velut
1157 716 1433 773 dormiens
1452 719 1869 788 quicscocuris,
1899 728 2047 776 tanto

467 805 691 861 liberius
734 819 832 860 cor
863 820 1043 860 meum
1075 808 1142 861 ad
1192 808 1274 862 sui
1319 808 1828 879 contemplationem
1858 810 2049 880 vigilat

464 899 748 952 creatoris.
775 898 867 952 Illa
897 900 1040 953 enim
1072 900 1252 954 anima
1285 900 1341 954 in
1369 911 1631 955 aeternum
1666 918 1881 971 semper
1920 918 2047 957 cum

464 986 694 1041 Domino
714 987 876 1051 vivet,
895 1002 1014 1055 qua:
1041 987 1117 1040 illi
1147 988 1235 1043 hic
1261 1002 1357 1057 per
1375 989 1718 1046 dilectionem
1740 992 2043 1054 adhaerens.

462 1092 494 1129 a
530 1085 683 1148 tergo
709 1075 828 1145 ejus
845 1092 1119 1147 nunquam
1148 1080 1370 1134 recedit.
1402 1080 1555 1136 Unde
1580 1091 1635 1136 et
1663 1078 1920 1139 Dominus
1961 1082 2047 1137 in-

461 1167 621 1235 quit:
654 1167 757 1233 Qui
783 1167 950 1238 diligit
979 1185 1079 1232 me,
1113 1185 1193 1223 me
1214 1180 1484 1241 sequatur.
1534 1172 1603 1225 Et
1628 1172 1716 1227 ubi
1765 1190 1860 1244 ego
1900 1190 2040 1240 eum,

458 1259 570 1314 illic
591 1270 640 1314 et
664 1261 902 1314 minister
935 1278 1081 1315 meus
1103 1263 1203 1315 erit
1222 1261 1403 1333 (Joan.
1441 1262 1563 1334 xu).
1592 1264 1650 1318 ιιι
1676 1273 1780 1329 est,
1829 1279 2041 1319 mecum

459 1348 515 1403 in
558 1358 818 1419 perpetuo
844 1350 1055 1415 vivens,
1104 1366 1320 1420 semper
1342 1353 1610 1422 gloriosus
1639 1360 1695 1406 et
1722 1355 2042 1410 immortalis

457 1439 723 1509 regnabit.
770 1439 918 1493 Dixit
967 1441 1137 1495 abbas
1171 1442 1473 1512 Evagrius:
1520 1443 1578 1498 Si
1601 1442 1788 1499 delicis
1834 1445 2038 1510 animo,

452 1544 552 1584 ora
600 1531 742 1586 sicut
781 1532 1044 1601 scriptum
1063 1542 1167 1587 est.
1225 1532 1333 1588 Ora
1361 1542 1544 1588 autem
1574 1550 1701 1589 cum
1733 1535 1948 1601 timore,
1985 1543 2042 1590 et

456 1628 690 1675 tremore
726 1630 782 1675 et
800 1622 1009 1689 labore,
1058 1624 1239 1679 sobrie
1276 1632 1332 1693 et
1359 1625 1666 1695 vigilanter.
1708 1624 1788 1679 Ita
1822 1633 2035 1695 oporth

449 1722 612 1764 orare
654 1713 889 1768 maxime
931 1723 1155 1784 propter
1211 1717 1500 1787 malignos,
1545 1724 1601 1772 et
1635 1719 1895 1788 nequitiis
1936 1734 2036 1773 va-

448 1804 661 1865 cantes,
689 1800 988 1859 invisibiles
1018 1805 1269 1861 inimicos
1314 1816 1555 1872 nostros,
1606 1808 1698 1878 qui
1729 1824 1828 1863 nos
1849 1809 1904 1863 in
1931 1810 2035 1866 hoc
2064 1809 2109 1868 B

448 1889 720 1958 praecipue
750 1891 1014 1963 impedire
1051 1896 1321 1950 nituntur.
1357 1897 1505 1952 Dixit
1534 1898 1730 1952 iterum
1758 1916 1774 1953 :
1805 1899 2035 1966 Quando

447 1977 706 2046 cogitatio
732 1982 1005 2036 contraria
1053 1984 1108 2038 in
1154 1985 1320 2039 corde
1359 1994 1451 2040 tuo
1506 1988 1735 2053 venerit,
1767 1989 1878 2044 noli
1928 1989 2034 2044 alia

446 2080 547 2133 pro
598 2067 720 2123 aliis
772 2086 872 2140 per
924 2074 1227 2130 orationem
1277 2092 1560 2146 quaerere,
1618 2080 1715 2134 sed
1768 2081 2037 2136 adversus

446 2168 569 2210 eam
600 2171 719 2228 qua:
750 2167 803 2215 te
822 2160 1121 2234 impugnat,
1152 2165 1387 2236 gladium
1410 2167 1776 2239 lacrymarum
1802 2184 2029 2226 exacue.

989 2278 1219 2333 CAPUT
1250 2279 1484 2337 LXXVI.

944 2346 1021 2401 De
1053 2366 1230 2420 pugna
1268 2352 1317 2404 vi
1324 2360 1539 2406 rtuturn.

512 2431 674 2503 (Isid.
708 2434 799 2490 lib.
834 2453 873 2492 ιι
905 2438 1083 2507 Sent.,
1112 2458 1159 2495 c.
1185 2441 1304 2514 57.)
1354 2445 1504 2501 Tunc
1532 2446 1632 2501 viri
1661 2448 1836 2503 sancti
1877 2463 2034 2504 vera-

441 2523 561 2579 cius
587 2540 618 2579 a
645 2526 901 2584 vitiorum
947 2531 1250 2588 colluvione
1293 2535 1667 2605 deterguntur,
1699 2539 1826 2594 dum
1855 2538 1924 2594 ab
1950 2540 2031 2600 eis

439 2623 631 2669 contra
679 2617 886 2687 singula
938 2620 1070 2675 vitia
1115 2624 1346 2680 virtutes
1394 2626 1618 2698 singula:
1660 2637 2027 2698 opponuntur.

438 2702 576 2760 Nam
606 2708 867 2767 adversus
885 2712 1119 2782 impetus
1147 2717 1399 2771 vitiorum
1427 2721 1717 2775 contrariis
1736 2721 2031 2779 virtutibus

436 2807 522 2854 est
547 2802 932 2871 pugnandum:
984 2816 1172 2861 contra
1225 2808 1491 2864 luxuriam
1543 2812 1685 2867 enim
1714 2814 1897 2870 cordis
1944 2827 2031 2875 est

435 2889 739 2946 adhibenda
788 2895 1086 2962 munditia;
1140 2909 1332 2953 contra
1376 2901 1582 2967 odium,
1638 2903 1859 2959 dilectio
1886 2921 2028 2977 pra:-

432 2981 711 3052 paranda;
743 2993 932 3041 contra
954 2987 1315 3057 iracundiam,
1339 2993 1600 3061 patientia
1630 2997 2020 3066 proponenda;

433 3080 621 3127 contra
667 3074 939 3145 timorem,
989 3078 1183 3135 ﬁducia
1212 3090 1297 3136 est
1334 3083 1670 3151 adhibenda;
1701 3096 1892 3142 contra
1920 3090 2025 3144 tri-

431 3164 657 3231 stitiam,
693 3165 947 3235 gaudium
985 3177 1068 3225 est
1093 3171 1488 3241 adhibendum;
1516 3184 1707 3231 contra
1742 3179 2012 3247 acediam,
2044 3162 2088 3226 (ἶ

430 3254 721 3323 fortitudo;
762 3269 950 3314 contra
991 3263 1298 3331 avaritiam,
1323 3265 1580 3338 largitas;
1605 3278 1796 3325 contra
1824 3286 2015 3343 super-

402 3346 605 3411 .biam,
661 3349 937 3408 humilitas
984 3362 1069 3408 est
1116 3358 1435 3425 opponenda
1479 3374 1495 3412 :
1558 3361 1744 3433 sicque
1789 3364 2014 3436 singulae

429 3435 658 3490 virtutes
689 3441 966 3494 nascentia
1019 3451 1205 3497 contra
1246 3460 1304 3499 se
1331 3446 1461 3500 vitia
1492 3449 1813 3518 reprimunt.
1859 3435 2009 3508 Libi-

429 3525 613 3578 dinem
660 3527 803 3582 enim
835 3529 1161 3585 abstinentia
1201 3533 1406 3600 domat,
1434 3538 1561 3605 quia
1601 3547 1868 3608 quantum
1891 3557 2012 3597 cor-

425 3628 530 3683 pus
559 3614 736 3669 inedia
776 3614 1066 3689 frangitur,
1098 3627 1306 3675 tantum
1346 3637 1498 3679 mens
1530 3625 1599 3680 ab
1633 3626 1824 3683 illicito
1850 3644 2013 3700 appe-

367 3711 371 3714 ’
426 3706 531 3761 titu
554 3715 857 3761 revocatur.
898 3709 965 3765 Et
992 3709 1254 3766 adversus
1294 3712 1429 3783 iram
1457 3716 1739 3771 tolerantia
1763 3719 2003 3774 dimicat.

425 3792 491 3847 Et
522 3808 812 3849 mmrorem
856 3798 1094 3853 tristitia:
1135 3815 1260 3871 spes
1303 3805 1490 3859 aeterni
1543 3808 1722 3876 gaudii
1766 3819 2004 3880 superat.

422 3883 493 3936 Et
520 3898 683 3952 quem
727 3886 939 3940 turbata
971 3903 1123 3944 mens
1168 3891 1235 3944 de
1265 3894 1622 3950 exterioribus
1665 3897 1846 3966 allicit,
1887 3900 2007 3955 dul-

420 3974 558 4028 cedo
600 3975 874 4033 interioris
924 3981 1323 4051 tranquillitatis
1363 3984 1501 4040 linit.
1550 3988 1828 4046 Adversus
1865 3993 2005 4047 invi-

421 4068 563 4123 diam
591 4080 927 4139 praeparatur
949 4074 1211 4142 Charitas,
1241 4066 1303 4132 et
1334 4079 1597 4136 adversus
1625 4082 1719 4138 ira:
1749 4084 1999 4141 incendia

418 4160 849 4216 mansuetudinis
891 4163 1175 4218 adhibetur
1212 4169 1594 4241 tranquillitas.
1644 4170 1780 4226 Cum
1826 4174 1997 4229 domi-

416 4249 510 4303 nio
533 4250 788 4305 vitiorum
814 4256 1255 4323 contradieimus,
1283 4273 1406 4313 cum
1436 4260 1732 4331 iniquitati,
1754 4279 1876 4333 qua:
1900 4280 1999 4321 nos

2148 621 2426 679 debemus.
2475 623 2793 682 insistamus
2821 628 3076 695 orationi,
3100 638 3158 686 et
3204 631 3457 689 inimicus
3502 633 3755 708 fugatur.

2149 711 2294 770 Vaca
2323 716 2660 773 meditationi
2687 718 2806 783 Dei,
2837 727 2893 774 et
2915 721 3107 777 vincis.
3146 720 3564 780 Perseverantia
3591 726 3750 791 boni,

2147 807 2375 862 victoria
2426 817 2529 862 est.
2580 808 2767 875 Certa,
2823 820 2881 866 et
2940 815 3313 870 coronaberis.
3371 815 3524 872 Dixit
3572 819 3755 873 abbas

2144 896 2383 953 Joannes
2408 915 2421 952 :
2453 898 2588 966 Quia
2604 899 2772 969 janua
2801 901 2895 956 Dei
2919 911 3002 958 est
3020 904 3321 971 humilitas,
3345 914 3402 960 et
3425 916 3618 975 patres
3644 924 3754 979 per

2146 987 2345 1043 multas
2390 988 2743 1044 contumelias
2786 991 2916 1056 acti,
2962 993 3260 1061 gaudentes
3296 995 3645 1051 intraverunt
3686 998 3749 1052 in

2144 1080 2420 1135 civitatem
2463 1081 2584 1147 Dei,
2613 1083 2743 1151 quia
2775 1083 3052 1140 humilitas
3078 1094 3134 1141 et
3160 1087 3323 1142 timor
3349 1087 3447 1143 Dei
3475 1098 3746 1160 superant

2143 1186 2333 1227 omnes
2367 1174 2613 1230 virtutes.
2662 1174 2831 1231 Debet
2876 1192 3004 1248 ergo
3033 1180 3331 1235 monachus
3375 1191 3504 1236 ante
3547 1184 3743 1238 omnia

2143 1259 2501 1317 humilitatem
2531 1262 2753 1318 habere.
2801 1263 2915 1319 Hoc
2941 1266 3088 1320 enim
3117 1266 3401 1324 inter-octo
3433 1268 3742 1325 beatitudi-

2142 1364 2240 1405 nes
2264 1351 2497 1419 primum
2528 1351 2827 1410 Salvatoris
2871 1357 3208 1423 mandatum,
3258 1358 3530 1414 dicentis:
3581 1359 3741 1415 Beati

2139 1455 2391 1521 pauperes
2419 1442 2629 1512 spiritu,
2672 1444 2920 1514 quoniam
2955 1446 3189 1517 ipsorum
3215 1456 3292 1503 est
3320 1465 3539 1521 regnum
3572 1450 3739 1505 caelo-

2142 1533 2255 1571 rum
2278 1518 2494 1589 (Matth.
2516 1521 2591 1592 v).

2667 1599 2894 1658 CAPUT
2930 1602 3190 1661 LXXVII.

2452 1678 2531 1733 De
2570 1680 2691 1735 odio
2721 1692 2769 1737 et
2794 1685 3112 1739 correctione
3152 1684 3409 1755 fraterna.

2206 1756 2407 1813 Paulus
2435 1760 2710 1829 apostolus
2735 1762 2849 1817 ait:
2901 1762 2963 1819 Si
3007 1766 3123 1835 quis
3169 1775 3341 1820 autem
3371 1782 3476 1821 non
3508 1768 3740 1822 obaudit

2140 1848 2291 1904 verbo
2314 1861 2492 1905 nostro
2515 1869 2608 1923 per
2636 1852 2949 1924 Epistolam,
2977 1857 3116 1910 hunc
3144 1866 3338 1924 notate,
3365 1867 3415 1913 et
3450 1875 3557 1913 non
3584 1876 3728 1914 corn-

2139 1939 2464 1996 misceamini
2489 1958 2606 1996 cum
2636 1943 2751 2011 illo,
2795 1954 2853 1998 ut
2891 1946 3287 2016 confundatur:
3313 1959 3363 2003 et
3389 1950 3551 2004 nolite
3573 1955 3742 2023 quasi

2137 2030 2409 2085 inimicum
2444 2031 2742 2088 existimare
2775 2032 2949 2101 illum,
2986 2035 3076 2090 sed
3107 2037 3369 2108 corripite,
3401 2048 3457 2092 ut
3501 2038 3732 2108 fratrem

2139 2117 2223 2191 (11
2257 2119 2437 2175 Thess.
2462 2122 2570 2194 ιιι).
2600 2123 2679 2180 Ac
2702 2124 2747 2179 si
2767 2124 3009 2181 diceret:
3042 2125 3100 2182 Si
3121 2142 3244 2182 eum
3271 2130 3569 2186 auctoritas
3600 2132 3739 2201 Epi-

2136 2211 2287 2266 stula:
2326 2221 2527 2267 nostra:
2569 2230 2677 2269 non
2701 2215 2944 2286 corrigit,
2982 2231 3081 2287 per
3114 2217 3322 2274 litteras
3348 2228 3559 2274 vestras
3602 2223 3728 2291 quis

2135 2301 2207 2355 sit
2238 2302 2354 2372 ipse
2384 2304 2541 2359 nobis
2580 2305 2876 2371 notilicate,
2917 2316 2979 2361 ut
3006 2322 3036 2361 a
3067 2309 3222 2364 nobis
3261 2311 3609 2380 corripiatur,
3640 2313 3727 2366 vel

2134 2390 2297 2445 etiam
2324 2407 2424 2461 per
2468 2403 2711 2450 nostram
2762 2395 3053 2465 Epistolam
3099 2401 3624 2457 excommunicetur.
3656 2403 3723 2457 Et

2133 2495 2232 2536 vos
2253 2497 2362 2537 non
2383 2485 2840 2541 commisceamini
2878 2489 3060 2544 tandiu
3100 2505 3225 2545 cum
3250 2493 3723 2549 excommunicato

2134 2567 2307 2626 donec
2338 2572 2596 2630 obediens
2621 2578 2906 2646 praeceptis
2938 2582 3246 2636 consentiat
3283 2581 3595 2652 apostolicis
3620 2596 3717 2650 ;et

2134 2659 2214 2714 sic
2241 2660 2310 2716 ab
2352 2662 2617 2734 utrisque,
2649 2681 2681 2719 a
2707 2667 2864 2722 nobis
2907 2668 3158 2725 videlicet
3197 2678 3251 2726 et
3289 2687 3320 2726 a
3346 2671 3499 2727 vobis
3526 2671 3714 2728 confu-

2133 2765 2246 2817 sus,
2271 2753 2486 2808 tandem
2514 2755 2802 2825 aliquando
2828 2759 3133 2830 resipiscat,
3160 2770 3217 2817 et
3241 2763 3559 2819 emendatus
3576 2780 3726 2835 pra:-

2132 2840 2305 2929 ceptis
2349 2844 2549 2899 nostris
2592 2847 2825 2902 obediat.
2862 2848 3123 2919 Apertum
3167 2852 3358 2908 hocin
3400 2854 3519 2911 loco
3564 2855 3714 2929 Apo-

2131 2928 2303 2984 stolus
2331 2930 2423 2986 dat
2466 2932 2742 3002 indicium,
2791 2946 2851 2992 ut
2877 2954 3000 2994 cum
3028 2945 3491 3001 excommunicato
3525 2928 3632 3003 nec
3658 2950 3713 3004 in

2132 3026 2280 3084 actu,
2304 3035 2405 3075 nec
2446 3022 2501 3076 in
2543 3024 2792 3092 consilio,
2822 3042 2922 3083 nec
2962 3027 3017 3082 in
3048 3029 3228 3101 aliquo
3263 3034 3713 3092 commisceamur

2131 3110 2425 3165 consortio.
2455 3111 2513 3165 in
2542 3128 2650 3168 uno
2671 3116 2967 3187 eodemque
2995 3118 3214 3176 homine
3239 3130 3294 3176 et
3314 3122 3712 3182 fraternitatem

2120 3196 2280 3250 simul
2309 3198 2532 3269 diligere
2559 3209 2615 3256 et
2656 3203 2786 3258 vitia
2815 3220 3102 3275 possumus
3130 3209 3328 3265 odisse.
3373 3211 3535 3270 Aliud
3561 3216 3712 3270 enim

2116 3296 2200 3342 est
2226 3290 2369 3360 quod
2400 3289 2569 3347 frater
2611 3301 2715 3360 est,
2766 3295 2910 3351 aliud
2939 3299 3084 3367 quod
3121 3299 3347 3356 vitiosus
3391 3311 3477 3358 est
3520 3304 3708 3360 homo.

2115 3379 2416 3453 Diligamus
2447 3399 2578 3456 ergo
2614 3386 2669 3440 in
2696 3402 2762 3442 eo
2792 3386 3191 3446 fraternitatem
3215 3392 3478 3461 nostram,
3501 3404 3559 3450 et
3579 3398 3709 3453 odio

2115 3470 2415 3527 habeamus
2441 3474 2793 3533 vitiositatem
2840 3478 2977 3549 ejus.
3024 3481 3420 3553 Persequamur
3447 3486 3502 3541 in
3527 3503 3595 3543 eo
3622 3490 3709 3544 vi-

2114 3562 2270 3629 tium,
2295 3571 2350 3620 et
2377 3567 2725 3623 emendatum
2754 3578 2817 3624 ut
2842 3574 3201 3644 nosmetipsos
3238 3575 3523 3646 diligamus
3553 3594 3706 3637 eam.

2113 3647 2251 3710 Hinc
2298 3653 2491 3711 beatus
2537 3655 2832 3730 Gregorius
2876 3662 2986 3716 ait:
3038 3662 3316 3727 (Hom.37
3343 3669 3399 3720 in
3421 3666 3704 3742 Evang.):

2112 3740 2205 3798 Sic
2232 3743 2312 3800 sic
2338 3745 2595 3803 nimirum
2642 3751 2907 3821 proximis
2952 3755 3151 3810 nostris
3176 3756 3433 3813 exhibere
3473 3740 3587 3815 odii
3614 3740 3706 3817 di-

2109 3835 2435 3892 scretionem
2478 3839 2757 3908 debemus,
2798 3850 2858 3897 ut
2909 3843 2964 3898 in
3002 3844 3082 3900 eis
3127 3855 3184 3900 et
3219 3846 3504 3918 diligamus
3552 3853 3704 3920 quod

2107 3922 2353 3980 homines
2379 3935 2523 3993 sunt,
2570 3935 2625 3982 et
2661 3929 2956 3986 habeamus
2979 3932 3106 3987 odio
3128 3934 3272 4004 quod
3304 3935 3359 3990 in
3390 3935 3487 3991 Dei
3532 3939 3704 3996 nobis

2106 4012 2301 4069 itinere
2334 4015 2625 4074 obsistunt.
2671 4019 2817 4077 Dixit
2860 4024 3077 4092 quidam
3105 4041 3307 4081 senex:
3354 4027 3490 4096 Quia
3530 4031 3703 4090 debet

2105 4104 2269 4160 homo
2299 4109 2632 4167 mortificare
2661 4114 2896 4183 seipsum
2926 4117 2995 4171 ab
3032 4118 3176 4173 omni
3220 4135 3281 4175 re
3302 4122 3465 4188 mala,
3510 4125 3699 4194 prius-

2103 4210 2267 4264 quam
2317 4200 2626 4268 egrediatur
2654 4203 2721 4258 de
2766 4219 3023 4284 corpore,
3063 4216 3118 4263 et
3167 4225 3273 4266 non
3322 4211 3480 4266 laedat
3520 4213 3696 4271 ullum

2102 4288 2394 4345 hominem.
2425 4293 2492 4348 Et
2535 4295 2636 4349 nisi
2665 4296 2917 4353 habuerit
2942 4298 3104 4356 homo
3143 4302 3197 4357 in
3229 4304 3390 4359 corde
3417 4320 3514 4359 suo
3542 4309 3692 4377 quod

414 4354 447 4392 a
482 4339 593 4395 Deo
628 4350 864 4411 separat,
911 4345 1258 4413 reluctamur,
1308 4364 1432 4404 cum
1473 4355 1847 4411 consuetudini
1884 4358 1999 4412 vio-

415 4427 590 4460 'nnln-
614 4432 913 4460 mo:ol:m--n
985 4442 1037 4460 ..ι
1091 4437 1347 4460 .a--:.|x_:x
1399 4455 1642 4460 _____x,,“
1766 4445 1778 4460 1
1892 4454 1904 4460 -

2123 4339 2394 4345 _-__-__--..-
2426 4339 2492 4348 _-
2535 4339 2636 4349 .--υι
2665 4339 2917 4353 ..υ-νυνι.-
2942 4339 3104 4356 μνιιιυ
3143 4339 3197 4357 ιιι
3229 4339 3390 4359 ιυιυυ
3417 4339 3514 4359 διιυ
3542 4339 3690 4377 ιιυυυ

2121 4389 2353 4436 ieccator
2378 4392 2481 4447 est.
2515 4386 2654 4441 Deus
2700 4403 2806 4443 non
2846 4391 3098 4446 exaudiet
3142 4406 3285 4447 eum.
3325 4393 3462 4460 Quid
3503 4405 3590 4451 est
3629 4398 3690 4453 in

413 4427 590 4484 lenter
614 4432 933 4500 resistimus,
982 4442 1039 4489 et
1087 4437 1351 4493 desideria
1399 4455 1652 4510 perversa
1699 4445 1992 4513 calcantes,

411 4528 600 4574 contra
629 4519 744 4577 hmo
763 4520 853 4590 jus
884 4525 1038 4579 nobis
1061 4525 1326 4583 libertatis
1356 4529 1608 4598 ingenitae
1636 4532 1989 4598 vindicamus,

412 4609 668 4664 vitiorum
713 4613 1017 4682 agminibus
1051 4617 1318 4671 acerrimo
1366 4619 1617 4674 conﬂictu
1664 4625 1990 4692 resistimus,

410 4717 534 4756 cum
561 4702 746 4772 culpas
771 4705 1080 4773 paenitendo
1127 4710 1480 4776 percutimus,
1520 4719 1574 4764 et
1611 4714 1849 4770 maculas
1876 4731 1993 4772 sor-

409 4791 557 4844 dium
582 4789 795 4847 lletibus
836 4793 1096 4859 lavamus,
1134 4795 1348 4851 fortiter
1373 4806 1561 4854 contra
1587 4802 1721 4856 vitia
1755 4805 1989 4862 relucta-

2020 4498 2075 4557 Β
2101 4471 2264 4526 corde
2290 4474 2511 4541 habere,
2536 4478 2678 4547 quod
2702 4489 2957 4548 peccator
2980 4482 3104 4537 est?
3131 4482 3187 4538 Id
3215 4491 3318 4550 est,
3346 4486 3393 4543 si
3417 4488 3539 4558 quis
3558 4505 3691 4560 sup-

2100 4571 2282 4629 portat
2329 4569 2551 4633 peCcata
2595 4584 2712 4634 sua,
2754 4579 2811 4625 et
2853 4587 2960 4626 non
3004 4574 3151 4629 videt
3190 4586 3408 4645 peccata
3447 4582 3687 4649 proximi

2100 4652 2204 4705 sui.
2233 4652 2458 4720 Quando
2483 4658 2626 4711 enim
2657 4659 2925 4717 dimiserit
2952 4664 3114 4719 homo
3147 4666 3473 4723 voluntatem
3500 4686 3681 4740 suam,

2101 4749 2226 4797 tunc
2272 4744 2320 4797 ei
2371 4748 2810 4804 reconciliabitur
2838 4752 3001 4819 Deus,
3027 4762 3081 4808 et
3111 4757 3335 4826 suscipit
3373 4763 3683 4818 orationem

3695 335 3770 389 73

2096 4830 2230 4901 ejus.
2271 4831 2327 4887 Si
2379 4836 2525 4890 enim
2574 4842 3014 4910 conspexerimus
3059 4856 3280 4914 peccata
3328 4857 3532 4915 nostra,
3567 4868 3678 4909 non

2093 4922 2338 4980 videmus
2371 4938 2588 4996 peccata
2615 4932 2866 5001 proximi.
2901 4934 3136 4992 Stultitia
3168 4947 3253 4994 est
3288 4941 3429 4996 enim
3467 4943 3674 5001 homini

2087 5011 2306 5069 habenti
2335 5028 2605 5074 mortuum
2631 5038 2808 5090 suum,
2835 5033 2888 5079 et
2929 5027 3121 5083 relicto
3145 5044 3231 5095 eo,
3262 5031 3414 5087 abire
3451 5041 3507 5087 et
3540 5033 3676 5089 ﬂere

2087 5114 2359 5162 mortuum
2387 5112 2621 5179 proximi
2652 5115 2736 5169 sui
2770 5134 2783 5169 :
2823 5114 3049 5182 Quando
3075 5121 3212 5176 enim
3243 5139 3428 5177 manus
3454 5124 3674 5183 Domini

2085 5196 2273 5249 occidit
2325 5215 2477 5254 omne
2532 5204 2935 5276 primogenitum
2982 5211 3038 5265 in
3085 5220 3227 5267 terra
3271 5214 3509 5285 .Egypti,
3563 5236 3668 5274 non

2083 5296 2197 5341 erat
2222 5289 2431 5358 domus,
2460 5293 2514 5348 in
2537 5310 2641 5366 qua
2666 5313 2770 5351 non
2802 5299 3007 5369 jaceret
3049 5313 3286 5359 mortuus
3313 5305 3507 5378 (Exod.
3539 5314 3666 5382 ιιι).

2086 5375 2208 5472 Non
2231 5381 2368 5472 enim
2391 5392 2466 5436 est
2494 5378 2648 5439 homo
2669 5388 2759 5456 qui
2784 5390 2938 5457 vivat,
2967 5401 3014 5447 et
3045 5409 3149 5449 non
3191 5375 3365 5465 peccet
3390 5396 3512 5468 (III
3530 5375 3662 5472 Reg.

2079 5464 2221 5536 vni).
2263 5466 2643 5557 Unusquisque
2665 5490 2795 5544 ergo
2835 5488 3129 5547 mortuum,
3179 5464 3234 5540 id
3262 5493 3346 5540 est
3380 5464 3666 5557 peccatum

2081 5556 2257 5626 suum,
2274 5546 2529 5626 plangere
2550 5552 2727 5607 debet.

2153 5624 2437 5683 Peccatum
2466 5630 2607 5685 enim
2639 5640 2907 5689 mortuum
2947 5636 3075 5691 dicit
3102 5641 3382 5711 propheta,
3422 5642 3513 5699 ubi
3540 5646 3660 5703 ait:

2081 5716 2184 5780 Qui
2230 5716 2435 5773 lavatur
2484 5738 2516 5773 a
2563 5732 2787 5788 mortuo,
2846 5734 2893 5777 et
2936 5726 3121 5783 iterum
3163 5734 3331 5803 tangit
3366 5746 3658 5805 mortuum,

409 4894 553 4932 mur.
598 4879 745 4933 Dixit
771 4881 937 4935 abbas
960 4883 1248 4952 Agathon:
1298 4886 1433 4953 Quia
1481 4893 1773 4947 secundum
1801 4896 1989 4957 volun-_

408 4976 579 5021 tatem
606 4982 782 5021 meam
831 4984 1103 5040 nunquam
1145 4975 1394 5042 dormivi,
1444 4981 1685 5036 retinens
1724 4985 1777 5041 in
1826 4990 1989 5045 corde

406 5059 671 5115 adversus
692 5075 1017 5132 quemquam
1038 5064 1279 5121 dolorem
1305 5085 1316 5121 :
1347 5083 1523 5140 neque
1545 5074 1723 5129 dimisi
1750 5078 1988 5136 dormire

406 5150 572 5205 alium
602 5152 891 5207 habentem
938 5155 1222 5212 adversum
1260 5173 1346 5214 me
1380 5162 1601 5232 aliquid.
1644 5166 1790 5223 Dixit
1816 5170 1986 5228 abbas

406 5241 747 5298 Macbarius:
785 5242 900 5316 Age
928 5246 1273 5317 fiducialiter,
1299 5266 1334 5307 o
1373 5252 1469 5320 illi,
1500 5271 1623 5311 nam
1665 5267 1721 5314 et
1748 5276 1849 5332 ego
1887 5279 1986 5333 per

403 5333 592 5405 viginti
615 5349 788 5420 annos
810 5352 918 5391 non
943 5352 1099 5408 pane,
1129 5357 1234 5397 non
1261 5359 1419 5414 aqua,
1448 5362 1556 5403 non
1584 5362 1796 5416 somno,
1819 5354 1981 5408 satia-

403 5438 491 5480 tus
525 5442 665 5482 sum.
694 5427 894 5484 Panem
919 5432 1132 5501 quidem
1157 5444 1437 5504 pensatum
1465 5439 1755 5508 accipiens,
1778 5457 1974 5512 aquam

404 5530 530 5571 vero
566 5518 633 5572 ad
680 5534 1011 5589 mensuram,
1060 5538 1249 5580 somno
1293 5536 1492 5589 autem,
1547 5530 1844 5598 parietibus
1890 5549 1976 5589 me

338 5604 341 5607 ’
402 5601 663 5660 duntaxat
688 5608 972 5677 inclinans,
1012 5614 1284 5682 surripere
1313 5615 1585 5685 paululum
1631 5617 1968 5675 l’estinabam.

405 5688 545 5755 Dixit
572 5692 737 5751 abbas
774 5696 1044 5758 Isidorus:
1077 5701 1135 5757 Si
1165 5703 1517 5772 cogitationes
1543 5719 1647 5761 non
1690 5705 1967 5777 habemus,
