3940 6438
170 300 269 356 675

1306 283 1309 285 ’
1364 287 1663 343 ΒΞΑῸΕΜΑ
1708 286 2218 340 ΜΟΝᾹΟΙΙΟΚΠΜ.

3330 286 3436 343 στι

168 418 223 475 id
248 423 351 480 at,
397 414 489 482 qui
533 409 738 482 plangit
786 414 1091 479 peccatum,
1142 413 1197 458 et
1232 402 1425 458 iterum
1465 399 1752 456 committit
1778 404 1827 459 Α
1854 404 2075 466 peccata
2105 406 2292 453 nostra
2334 398 2589 454 dicuntur
2632 400 2898 467 membra,
2926 401 3054 471 quia
3083 417 3180 473 per
3203 404 3447 460 membra

169 513 467 580 peccatum,
500 501 631 557 nihil
674 500 885 571 proﬁcit
923 498 1116 552 lavatio
1142 495 1257 565 ejus
1292 494 1483 565 (Eccli.
1507 491 1713 564 xxxnv).

702 611 928 669 CAPUT
982 609 1262 666 LXXVIII.

275 687 345 743 Ut
366 687 554 743 mentis
581 684 784 739 lumbos
808 682 1098 738 succinctos
1127 680 1313 735 habeat
1336 680 1642 732 monachus.

237 779 429 833 Petrus
444 775 720 846 apostolus
739 774 816 828 ait
835 790 848 826 :
874 771 1099 844 Propter
1116 769 1257 842 quod
1276 768 1526 823 succincti
1550 765 1753 820 lumbos

168 869 355 923 mentis
386 876 569 923 vestra:
607 865 664 920 in
707 864 945 927 veritate,
1002 861 1165 917 sobrii
1197 861 1421 931 perfecte
1466 866 1672 927 sperate
1697 858 1755 911 in

168 974 285 1013 eam
311 972 428 1027 qua:
455 956 676 1024 olfertur
699 953 840 1008 vobis
866 952 1115 1023 gratiam,
1150 950 1203 1004 in
1227 948 1595 1004 reuelationem
1619 946 1751 1001 Iesu

169 1044 367 1100 Christi
389 1044 442 1117 (1
468 1042 615 1099 Petr.
640 1042 699 1114 ι).
745 1042 822 1098 Ac
866 1042 912 1097 si
951 1042 1157 1096 diceret
1183 1039 1503 1095 monachis:
1542 1037 1755 1104 Quanto

169 1138 344 1208 major
368 1144 453 1192 est
477 1136 629 1191 vobis
653 1135 829 1206 gratia
856 1134 1143 1205 promissa,
1172 1140 1322 1187 tanto
1351 1130 1581 1200 amplius
1606 1129 1752 1200 digni

171 1243 292 1285 esse
320 1235 524 1291 curate,
553 1235 616 1282 ut
640 1242 760 1282 eam
795 1226 1080 1295 percipere
1106 1224 1354 1278 valeatis.
1392 1222 1461 1276 Et
1488 1230 1633 1276 recte
1665 1220 1752 1275 di-

169 1321 266 1384 cit,
311 1330 523 1390 spera're
567 1320 623 1372 in
669 1335 785 1373 eam
825 1333 942 1387 qua:
990 1316 1213 1386 offertur
1240 1316 1385 1369 vobis
1416 1314 1668 1384 gratiam,
1697 1313 1753 1368 in

171 1409 532 1465 reuelationem
575 1408 790 1464 Domini
836 1408 1009 1463 nostri
1056 1408 1185 1463 Jesu
1234 1405 1469 1470 Christi;
1508 1405 1633 1474 quia
1660 1404 1752 1474 qui

168 1499 464 1555 succinctis
506 1497 703 1553 lumbis
752 1498 970 1563 mentis,
1020 1497 1074 1552 id
1114 1504 1218 1563 est,
1260 1505 1315 1551 et
1343 1503 1522 1550 mente
1553 1502 1609 1549 et
1636 1509 1756 1548 cor-

166 1606 302 1662 pore
354 1597 535 1645 castus
593 1588 808 1644 Domini
863 1588 1152 1644 adventum
1204 1594 1503 1656 exspectat,
1558 1585 1754 1640 merito

167 1681 387 1752 quando
433 1679 719 1745 reveletur,
765 1688 964 1748 sperat.
996 1677 1133 1734 Hinc
1156 1685 1211 1734 et
1250 1677 1447 1733 Paulus
1483 1676 1756 1747 apostolus

168 1771 283 1825 ait:
329 1767 476 1824 State
508 1784 631 1839 ergo
674 1768 927 1822 succincti
970 1766 1172 1822 lumbos
1206 1775 1403 1821 vestros
1448 1767 1505 1821 in
1538 1767 1754 1821 veritate

169 1860 389 1934 (Ephes.
416 1859 516 1931 γι),
557 1860 611 1915 id
662 1868 766 1927 est,
813 1856 1041 1931 perfecti
1089 1865 1250 1924 state,
1298 1857 1509 1912 lumbos
1558 1856 1757 1911 mentis

167 1952 457 2018 succincti,
505 1951 609 2007 hoc
652 1957 755 2017 est,
801 1950 856 2004 in
882 1948 1027 2004 omni
1074 1948 1258 2019 prmlio
1284 1947 1515 2002 viriliter
1541 1961 1757 2017 praepa-

169 2042 301 2105 rati,
329 2048 385 2096 et
409 2041 477 2096 ab
500 2040 751 2095 omnibus
779 2038 925 2094 curis
949 2037 1130 2093 saecli
1156 2036 1410 2106 expediti.
1433 2036 1585 2103 Quod
1600 2036 1757 2106 juxta

169 2130 415 2187 membra
452 2130 634 2187 carnis
663 2137 717 2186 et
752 2128 1017 2200 corporis,
1062 2126 1241 2183 omnia
1284 2126 1527 2182 membra
1564 2125 1758 2180 anima:

170 2224 227 2278 in
256 2222 557 2293 Scripturis
584 2228 846 2276 vocentur
872 2219 1003 2274 nulli
1053 2218 1274 2274 dubium
1301 2225 1403 2272 est.
1458 2216 1536 2272 De
1559 2215 1757 2286 quibus

170 2327 345 2367 unum
384 2320 516 2383 puto
540 2309 662 2366 esse
685 2324 827 2365 nunc
874 2308 1198 2373 membrum,
1247 2306 1477 2370 lumbos,
1519 2320 1657 2374 quos
1697 2311 1760 2358 ut

170 2403 522 2474 accingamus
551 2418 582 2457 a
615 2401 850 2457 Veritate
876 2400 1210 2472 praecipitur.
1258 2398 1379 2455 Sint
1411 2397 1573 2451 lumbi
1604 2398 1758 2452 vestri

167 2492 461 2563 pra'cincti,
522 2500 571 2545 et
621 2490 849 2545 lucernae
891 2491 1132 2544 ardentes
1187 2488 1337 2560 (Luc.
1366 2487 1489 2561 xu).
1542 2486 1680 2542 Hinc
1703 2494 1760 2541 et

167 2582 439 2652 propheta
483 2580 593 2635 ait:
636 2580 903 2650 Accingite
946 2579 1148 2635 lumbos
1192 2577 1383 2635 vestros
1415 2596 1572 2650 super
1598 2579 1760 2634 ubera

170 2681 346 2727 vestra
388 2669 523 2742 (Isa.
550 2668 748 2742 χχχιι).
796 2669 875 2725 Ac
913 2669 960 2724 si
985 2669 1167 2724 dicat:
1214 2668 1271 2723 In
1305 2670 1468 2725 corde
1508 2668 1760 2725 libidines

170 2767 446 2826 resecate,
478 2776 546 2815 ne
591 2760 831 2815 exterius
860 2760 1091 2829 turpiter
1122 2760 1176 2814 in
1224 2759 1641 2816 fornicationem
1670 2776 1762 2816 ca-
1792 2765 1799 2771 '

170 2851 335 2907 datis.
367 2850 502 2906 Nam
524 2858 706 2906 castus
730 2865 957 2920 corpore
982 2866 1090 2905 non
1131 2860 1311 2906 tamen
1340 2852 1522 2916 corde,
1554 2852 1761 2906 nullum

172 2942 460 3014 prtemium
499 2941 665 2997 habet
708 2942 764 2997 in
809 2936 1248 3011 repromissione,
1294 2943 1423 3014 quia
1468 2944 1764 2999 secundum

173 3032 439 3088 Veritatis
467 3032 711 3088 dictum:
755 3032 860 3099 Qui
887 3032 1071 3088 viderit
1098 3032 1367 3088 mulierem
1407 3034 1477 3089 ad
1517 3035 1764 3106 concupi-

170 3121 425 3177 scendum
454 3139 569 3201 eam
609 3122 727 3193 jam
771 3124 1057 3178 moechatus
1100 3133 1175 3178 est
1220 3141 1338 3179 eam
1378 3126 1434 3180 in
1480 3126 1635 3180 corde
1662 3142 1758 3181 suo

174 3205 400 3285 (Matth.
421 3213 502 3277 v).
532 3210 735 3286 [στερη
758 3212 851 3268 lib.
874 3231 996 3281 vm,
1020 3232 1067 3269 c.
1092 3216 1179 3282 l9,
1211 3214 1376 3288 Man]
1408 3216 1465 3272 Si
1493 3232 1623 3289 ergo
1647 3219 1761 3287 pri-

170 3318 327 3358 mum
374 3301 758 3361 fornicationes
785 3306 1175 3375 prohibeantur
1205 3322 1237 3360 a
1278 3308 1464 3372 corde,
1495 3324 1602 3362 non
1634 3322 1764 3377 pro-

171 3400 441 3464 rumpunt
478 3394 534 3449 in
559 3410 743 3464 opere.
796 3394 935 3450 Sunt
962 3395 1202 3451 nonnulli
1240 3396 1515 3466 jnstorum
1559 3399 1651 3468 qui
1692 3399 1764 3453 ad

173 3485 748 3555 comprehendendum
813 3487 1025 3543 culmen
1089 3487 1442 3557 perfectionis
1506 3490 1761 3556 accincti,

173 3574 310 3629 dum
338 3573 531 3629 altiora
565 3575 793 3631 interius
819 3585 1099 3646 appetunt,
1128 3578 1367 3634 exterius
1394 3587 1588 3635 cuncta
1612 3581 1766 3635 dere-

171 3665 444 3736 linquunt,
475 3668 569 3737 qui
609 3668 771 3723 rebus
798 3669 998 3724 habitis
1020 3684 1078 3725 se
1099 3671 1323 3737 nudant,
1349 3671 1519 3742 gloria
1544 3673 1767 3729 honoris

172 3772 242 3813 se
270 3755 589 3828 exspoliant,
614 3758 705 3827 qui
732 3759 1071 3815 internorum
1101 3761 1489 3818 desideriorum
1514 3779 1612 3834 per
1629 3765 1767 3821 assi-

171 3847 439 3904 duitatem
469 3862 528 3903 se
555 3849 717 3904 amici
744 3850 993 3904 maeroris
1024 3850 1285 3917 alliciunt,
1332 3854 1534 3909 habere
1565 3857 1632 3910 de
1671 3870 1764 3910 ex-

174 3936 474 3993 terioribus
519 3938 944 3994 consolationem
979 3940 1189 4008 nolunt,
1236 3944 1327 4013 qui
1359 3945 1590 4000 internis
1634 3962 1765 4016 gau-

174 4028 288 4085 diis
324 4026 453 4083 dum
490 4038 670 4085 mente
715 4031 1053 4101 appropiant,
1105 4032 1272 4088 vitam
1322 4033 1377 4087 in
1425 4049 1483 4088 se
1525 4032 1768 4089 funditus

172 4134 456 4190 corporea
483 4119 855 4177 delectationis
897 4131 1112 4177 necant.
1163 4122 1383 4177 Talibus
1410 4138 1643 4191 namque
1668 4138 1768 4193 per

170 4209 407 4266 Paulum
434 4208 632 4266 dicitur
657 4230 672 4266 :
704 4210 905 4291 ἆζοι-ιιιί
931 4212 1068 4265 enim
1090 4213 1235 4276 estis,
1253 4223 1299 4265 et
1324 4213 1431 4266 vita
1453 4221 1621 4266 vestra
1645 4213 1768 4268 abs-

170 4298 392 4353 condita
433 4308 508 4353 est
553 4315 671 4353 cum
701 4298 908 4353 Christo
941 4300 996 4353 in
1029 4299 1140 4354 Deo
1175 4298 1370 4373 (Calas.
1412 4302 1518 4374 nt).
1558 4301 1765 4359 Horum

1857 496 2044 543 nostra
2090 504 2188 543 sua
2220 489 2491 558 complent
2533 489 2729 558 ollicia,
2776 492 2971 562 quibus
2998 508 3098 549 nos
3140 496 3450 550 consentire

1854 578 2147 647 Apostolus
2176 581 2425 651 prohibet
2464 582 2649 638 dicens
2678 601 2691 637 :
2745 582 2928 655 Neque
2956 586 3241 640 exhibeatis
3276 602 3445 640 mem-

1856 670 1952 727 bra
1988 681 2158 726 vestra
2183 688 2335 726 arma
2361 673 2654 743 iniquitatis
2700 684 2934 744 peccato,
2973 676 3064 731 sed
3097 677 3331 732 exhibete
3350 693 3442 734 vos

1856 759 1968 816 Deo
1999 760 2179 832 (Rom.
2208 761 2304 833 vi).
2351 760 2543 817 Omnia
2574 765 2720 819 enim
2766 767 3091 837 generaliter
3125 777 3345 837 peccata
3389 778 3448 825 et

1853 852 1987 906 vitia
2020 866 2188 906 unum
2217 850 2414 906 diaboli
2454 849 2663 906 faciunt
2706 868 2925 923 corpus,
2954 855 3107 924 cujus
3136 857 3449 926 specialiter

1850 943 1973 999 haec
2001 959 2121 1013 qute
2145 952 2445 1013 sequuntur
2465 944 2613 1008 vitia,
2639 943 2893 1001 dicuntur
2913 949 3175 1003 membra.
3206 949 3358 1006 Unde
3382 957 3446 1005 et

1854 1036 1910 1090 in
1929 1035 2167 1105 Epistola
2198 1036 2457 1091 scribitur
2483 1037 2552 1091 ad
2574 1036 2879 1094 Romanos:
2910 1040 3148 1095 Scientes
3173 1041 3288 1105 hoc,
3313 1044 3444 1112 quia

1853 1139 1998 1184 vetus
2032 1130 2185 1183 homo
2226 1139 2399 1183 noster
2434 1128 2594 1183 simul
2639 1132 2924 1201 crucifixus
2960 1142 3054 1196 est,
3106 1142 3162 1187 ut
3196 1134 3446 1188 destrua-

1853 1227 1943 1273 tur
1965 1234 2154 1289 corpus
2180 1219 2382 1294 peccati
2411 1217 2619 1290 (Ibid.),
2662 1220 2715 1274 id
2740 1230 2844 1287 est,
2872 1224 3098 1278 crimina
3126 1233 3291 1294 atque
3317 1240 3451 1295 pecu

1855 1312 1997 1374 cata,
2024 1323 2146 1379 quae
2170 1308 2332 1364 simul
2364 1325 2532 1364 unum
2557 1324 2755 1380 corpus
2791 1313 3042 1388 appellat,
3070 1316 3212 1382 quod
3239 1314 3448 1371 destrui

1854 1400 1987 1456 dicit
2033 1414 2132 1469 per
2159 1400 2359 1454 bonam
2387 1400 2554 1454 vitam
2585 1408 2641 1456 et
2667 1401 2826 1456 fidem
2874 1403 3217 1459 catholicam.
3255 1403 3445 1461 Omnis

1854 1491 2000 1546 enim
2030 1489 2374 1545 immundilia
2408 1498 2463 1544 et
2490 1490 2655 1546 libido
2689 1498 2796 1547 uno
2838 1494 3056 1550 nomine
3081 1504 3307 1551 vocatur
3334 1496 3447 1551 for-

1855 1581 2076 1645 nicatio,
2117 1598 2238 1652 quae
2265 1582 2311 1637 si
2340 1582 2577 1652 primum
2621 1581 2904 1638 auferatur
2946 1600 2975 1638 a
3015 1586 3195 1640 cordis
3237 1586 3443 1659 cogita-

1859 1674 2025 1739 tione,
2042 1674 2346 1744 prorumpit
2361 1674 2415 1727 in
2432 1688 2587 1742 opus.
2612 1674 2996 1729 Verumtamen
3017 1676 3063 1729 si
3090 1676 3452 1732 delectatione

1858 1765 1946 1820 vel
1966 1780 2232 1820 consensu
2255 1763 2421 1820 fuerit
2445 1764 2662 1829 laetata,
2709 1764 2784 1818 ita
2806 1766 3005 1820 crescit
3044 1766 3098 1820 in
3141 1768 3449 1834 colubrum,

1858 1862 1919 1909 ut
1944 1855 2226 1910 mortifero
2262 1870 2419 1910 suum
2465 1854 2754 1911 laetantem
2776 1855 2994 1911 occidat
3026 1870 3253 1912 veneno.
3304 1857 3453 1929 Ergo

1858 1960 1966 2001 non
2002 1945 2253 2011 lactetur,
2290 1944 2387 1999 sed
2433 1943 2792 1999 mortiﬂcetur
2816 1959 2846 1999 a
2890 1945 3067 2011 nobis,
3115 1961 3185 2001 ne
3216 1946 3450 2001 mortiﬁ-

1857 2049 2044 2091 cemur
2064 2035 2134 2091 ab
2154 2035 2265 2089 illa.
2297 2033 2657 2105 Cruciligatur
2689 2049 2721 2089 a
2752 2034 2931 2100 nobis,
2971 2049 3040 2089 ne
3064 2035 3453 2108 cruciﬁgamur

1857 2128 1926 2183 ab
1952 2126 2062 2184 illa.
2092 2126 2231 2183 Hinc
2255 2133 2311 2182 et
2338 2125 2538 2181 Paulus
2562 2126 2759 2182 iterum
2790 2126 2923 2182 dicit
2949 2144 2962 2180 :
2996 2125 3100 2192 Qui
3120 2137 3297 2183 autem
3319 2138 3448 2184 sunt

1858 2215 2076 2284 Christi,
2109 2234 2323 2273 carnem
2343 2234 2494 2273 suam
2519 2218 2893 2288 cruci/inruat
2921 2236 3041 2273 cum
3070 2220 3204 2275 vitiis
3228 2231 3279 2275 et
3316 2238 3448 2277 con-

1857 2311 2189 2381 cupiscentiis
2217 2307 2363 2382 (Gal.
2398 2324 2431 2364 ν
2453 2309 2494 2383 ).
2528 2308 2586 2365 Si
2612 2309 2793 2365 omnia
2818 2309 2981 2364 simul
3010 2311 3139 2365 vitia
3183 2312 3446 2368 crucifixa

1859 2408 2005 2465 sunt,
2033 2408 2089 2456 et
2131 2415 2260 2456 caro
2291 2401 2446 2470 quasi
2490 2400 2546 2455 in
2579 2414 2743 2457 cruce
2782 2400 3024 2470 pendens
3060 2400 3198 2455 nihil
3244 2417 3448 2457 concu-

1858 2493 2040 2564 piscit,
2071 2502 2132 2548 ut
2158 2493 2289 2564 quid
2332 2494 2492 2549 nobis
2539 2493 2736 2565 legem,
2771 2508 2892 2563 quae
2919 2485 3047 2548 data
3093 2501 3178 2549 est
3220 2496 3288 2549 ad
3316 2495 3452 2551 vitia

1859 2585 2200 2640 coercenda?
2230 2583 2402 2639 Simul
2445 2583 2575 2639 illud
2626 2583 2921 2639 notandum
2950 2585 3095 2655 quod
3130 2600 3225 2641 eos
3251 2584 3455 2642 dixerit

1859 2672 2056 2729 Christi
2082 2689 2224 2740 esse,
2253 2674 2348 2743 qui
2382 2686 2600 2728 carnem
2642 2688 2795 2727 suam
2834 2688 2958 2728 cum
2982 2673 3130 2728 vitiis
3170 2681 3226 2728 et
3251 2668 3454 2730 concu-

1858 2762 2139 2832 piscentiis
2162 2761 2554 2825 cruciﬁxerint,
2588 2770 2778 2816 contra
2807 2762 2927 2816 illos
2951 2763 3043 2832 qui
3082 2762 3252 2818 solam
3282 2763 3446 2818 lldem

1862 2852 2106 2909 sufﬁcere
2150 2854 2507 2907 arbitrantur.
2557 2852 2684 2907 Fuit
2727 2854 2951 2922 quidam
3001 2869 3169 2910 senex
3222 2871 3457 2927 magnus

1864 2945 2009 3000 inter
2035 2945 2415 3014 przevidentes,
2445 2944 2535 3015 qui
2586 2942 2888 2999 aflirmabat
2916 2945 3102 3001 dicens
3126 2961 3141 3000 :
3182 2947 3310 3016 quia
3338 2947 3453 3002 vir-

1865 3042 2033 3089 tutem
2064 3049 2225 3103 quam
2251 3034 2361 3089 vidi
2405 3041 2643 3088 stantem
2686 3048 2849 3103 super
2872 3034 3159 3104 baptisma,
3206 3037 3454 3094 eamdem

1864 3124 1972 3178 vidi
2001 3124 2162 3179 etiam
2200 3139 2366 3195 super
2387 3124 2770 3179 vestimentum
2811 3126 3084 3192 monachi,
3116 3130 3334 3197 quando
3360 3144 3455 3183 ac-

1863 3216 1995 3286 c'pit
2046 3216 2290 3271 habitum
2339 3216 2693 3286 spiritualem.
2746 3216 2972 3273 Cuidam
3032 3220 3151 3274 seni
3198 3219 3322 3275 data
3369 3228 3456 3276 est

1863 3307 2036 3377 gratia
2062 3306 2279 3361 videndi
2308 3322 2430 3376 qua:
2457 3306 2680 3372 fiebant,
2711 3315 2767 3362 et
2804 3308 3018 3363 dicebat
3043 3327 3055 3361 :
3089 3308 3223 3376 Quia
3264 3309 3374 3364 vidi
3399 3310 3453 3365 in

1863 3396 2113 3453 cmnobio
2140 3396 2431 3467 aliquando
2478 3395 2833 3452 meditantem
2859 3396 3087 3451 fratrem
3115 3398 3170 3452 in
3196 3398 3353 3463 cella,
3399 3407 3456 3454 et

1865 3504 1992 3545 ecce
2039 3488 2251 3543 daamon
2292 3488 2519 3543 veniens
2568 3489 2749 3543 stabat
2783 3495 2937 3543 extra
2971 3488 3162 3543 cellam
3187 3505 3202 3553 ;
3231 3497 3290 3544 et
3326 3490 3455 3545 dum

1864 3580 2034 3635 frater
2060 3580 2149 3635 ille
2171 3579 2547 3643 meditaretur,
2578 3594 2684 3634 non
2706 3578 3034 3650 praevalebat
3054 3580 3263 3651 ingredi
3289 3597 3304 3635 :
3329 3595 3455 3636 cum

1866 3680 2046 3727 autem
2066 3677 2335 3727 cessasset
2360 3685 2392 3724 a
2421 3669 2755 3736 meditando,
2785 3676 2913 3726 tunc
2937 3670 3341 3741 ingrediebatur
3366 3670 3459 3726 ille

1866 3765 2075 3819 daemon
2104 3763 2159 3818 in
2183 3761 2394 3818 cellam.

2432 3850 2658 3906 CAPUT
2699 3850 2915 3906 LXXX.

2313 3939 2388 3993 De
2416 3940 2591 4009 gratia
2623 3938 2999 4010 lacrumarum.

1940 4030 2212 4101 Scriptum
2242 4036 2328 4085 est
2346 4030 2475 4099 quia
2502 4028 2619 4083 Axa
2641 4028 2749 4083 lilia
2783 4028 2985 4100 Caleph
3015 4032 3299 4102 suspirans
3319 4033 3459 4092 dixit

1865 4122 2007 4194 patri
2036 4136 2174 4176 suo:
2228 4119 2312 4174 Da
2341 4120 2469 4174 mihi
2514 4119 2940 4176 benedictionem.
2992 4120 3211 4177 Terram
3244 4133 3458 4179 austra-

1867 4213 1968 4268 lem
1993 4222 2041 4267 et
2065 4220 2300 4267 arentem
2313 4210 2504 4265 dedisti
2532 4211 2679 4275 mihi,
2703 4211 2868 4282 junge
2887 4220 2936 4267 et
2959 4213 3236 4284 irriguum.
3262 4214 3333 4269 Et
3357 4215 3455 4270 de-

1868 4305 1945 4359 dit
1975 4304 2023 4358 ei
2052 4312 2200 4375 pater
2238 4319 2367 4358 suus
2408 4303 2668 4374 irriguum
2711 4306 2971 4375 superius,
3001 4315 3052 4360 et
3074 4306 3336 4377 irriguum
3366 4308 3454 4364 in-

170 4390 364 4458 itaquc
391 4403 577 4443 vocem
605 4387 893 4443 Psalmista
922 4399 1286 4459 expresserat,
1333 4406 1457 4445 cum
1505 4393 1719 4449 dicebat
1744 4412 1758 4449 :
1788 4421 1841 4480 Ι)
1867 4396 2033 4467 ferias
2083 4392 2220 4467 (los.
2271 4394 2402 4465 xv);
2448 4395 2554 4451 hoc
2600 4395 2921 4467 signiﬁcans
2950 4399 3095 4469 quod
3135 4414 3166 4454 a
3192 4398 3455 4457 Creatore

171 4477 515 4549 Concupiscit
564 4488 611 4533 et
662 4478 837 4548 deﬁcit
888 4480 1067 4535 anima
1113 4498 1226 4545 mea
1256 4482 1311 4536 in
1360 4483 1498 4551 atria
1549 4483 1765 4540 Domini

171 4568 356 4644 (Psal.
381 4569 630 4643 uuln).
665 4569 1010 4642 Concupiscit
1052 4588 1181 4628 vero
1224 4582 1281 4628 et
1308 4574 1489 4631 deﬁcit
1531 4578 1584 4630 in
1624 4578 1765 4633 atria

172 4660 295 4725 Dei,
339 4660 432 4730 qui
473 4674 595 4715 cum
632 4672 833 4716 aeterna
858 4662 1151 4730 desiderat,
1184 4665 1237 4718 in
1264 4680 1448 4720 amore
1494 4675 1766 4738 temppra-

172 4753 313 4807 lium
339 4767 455 4829 non
468 4752 744 4822 perdurat.
771 4751 915 4825 [Huc
938 4771 1099 4825 usque
1118 4753 1300 4828 Creg.]
1324 4755 1460 4811 Hinc
1482 4756 1766 4815 Psalmista

174 4844 379 4898 iterum
403 4844 530 4898 dicit
548 4845 767 4916 :Defetit
788 4846 845 4899 in
871 4844 1093 4900 salutari
1122 4858 1212 4902 tuo
1241 4850 1420 4902 anima
1446 4866 1561 4904 mea
1589 4847 1763 4922 (Psal.

173 4933 394 5008 cxvm).
443 4934 501 4990 In
532 4935 755 4991 salutari
780 4952 909 5008 ergo
954 4936 1049 4992 Dci
1079 4938 1316 4993 animam
1352 4939 1483 5008 justi
1511 4940 1765 5009 deficere,

175 5036 272 5084 est
310 5029 597 5097 prtesentis
644 5030 768 5083 vitae
795 5029 933 5084 bona
963 5031 1281 5086 teternitatis
1315 5033 1578 5089 electione
1616 5035 1769 5090 dese-

174 5131 331 5182 rere,
381 5133 631 5173 mansura
674 5135 937 5190 quaerere,
971 5130 1026 5177 ct
1074 5122 1130 5176 in
1173 5124 1335 5179 rebus
1388 5126 1769 5195 temporalibus

178 5209 436 5267 ﬁduciam
475 5225 584 5265 non
606 5210 824 5267 habere.

730 5301 956 5359 CAPUT
994 5303 1228 5359 LXXIX.

588 5384 660 5439 De
698 5387 1094 5455 ntortiﬁcatione
1120 5391 1379 5446 vitiorum.

168 5477 181 5483 ’
260 5476 397 5532 Hinc
424 5475 622 5531 Paulus
648 5478 920 5547 apostolus
942 5481 1018 5534 ait
1042 5496 1057 5535 :
1086 5481 1403 5553 Mortiﬁcate
1426 5486 1659 5541 membra
1687 5504 1771 5542 vc-

177 5580 299 5626 stra
319 5586 435 5641 qua:
468 5579 589 5624 sunt
611 5586 766 5641 super
789 5578 1005 5637 terram,
1037 5571 1458 5642 fornicationem,
1486 5578 1769 5633 immundi-

180 5660 343 5729 tiam,
387 5659 676 5728 libidinem,
706 5669 808 5716 etc.
859 5659 1054 5733 (Cales.
1080 5665 1186 5735 in).
1232 5665 1354 5722 Ideo
1401 5668 1513 5725 haec
1545 5670 1672 5726 vitia
1712 5680 1767 5728 et

1867 4497 1923 4545 et
1958 4486 2120 4542 Patre
2146 4494 2333 4541 nostro
2359 4486 2494 4553 Deo,
2529 4501 2653 4543 cum
2699 4503 2892 4560 magno
2917 4491 3119 4561 gemitu
3164 4495 3455 4563 quaerenda

1865 4588 1950 4636 est
1974 4576 2004 4634 a
2030 4579 2187 4634 nobis
2213 4578 2579 4648 lacrymarum
2625 4581 2823 4651 gratia.
2875 4581 3013 4637 Sunt
3044 4598 3276 4654 namque
3318 4599 3459 4641 non-

1868 4672 1998 4728 nulli
2028 4671 2121 4741 qui
2143 4671 2256 4742 jam
2285 4672 2390 4726 alia
2412 4673 2626 4729 Domini
2652 4672 3015 4745 perceperunt
3042 4676 3206 4742 dona,
3236 4693 3357 4748 qua:
3382 4679 3458 4735 si-

1868 4763 2160 4838 gnificabat
2205 4765 2457 4821 australis
2506 4772 2673 4831 terra,
2725 4767 2819 4823 sed
2864 4768 3040 4823 adhuc
3089 4768 3456 4842 lacrymarum

1869 4871 1976 4911 non
2017 4865 2344 4926 acceperunt
2386 4856 2636 4927 gratiam.
2683 4855 2948 4929 [Gregor.,
2983 4859 3073 4913 lib.
3110 4877 3173 4916 ιιι
3213 4860 3454 4932 Dialog.,

1868 4966 1913 5003 c.
1948 4944 2063 5018 54.]
2094 4948 2261 5003 Deum
2299 4947 2444 5003 enim
2470 4948 2661 5003 sitiens
2688 4949 2886 5015 anima,
2916 4951 3068 5021 prius
3094 4952 3289 5009 timore
3308 4968 3458 5010 com-

1868 5038 2145 5109 pungitur,
2183 5045 2309 5107 post
2333 5053 2537 5093 amore.
2586 5037 2745 5095 Prius
2771 5041 2915 5095 enim
2944 5057 3064 5098 sese
3100 5043 3155 5099 in
3196 5044 3455 5116 lacrymis

1871 5126 2055 5192 allicit,
2088 5128 2214 5197 quia
2262 5128 2395 5182 dum
2441 5129 2709 5185 malorum
2743 5147 2963 5188 suorum
3005 5137 3214 5203 recolit,
3244 5154 3345 5209 pro
3371 5139 3458 5195 his

1780 5280 1783 5283 λ
1870 5221 2076 5291 perpeti
2122 5219 2379 5290 supplicia
2432 5229 2634 5277 aeterna
2665 5225 3019 5293 pertimescit.
3057 5226 3149 5297 At,
3176 5245 3306 5285 vero
3330 5245 3456 5286 cum

1873 5309 2030 5380 longa
2073 5309 2325 5365 maeroris
2352 5311 2697 5368 anxietudine
2734 5312 2899 5371 fuerit
2944 5316 3174 5374 formido
3202 5336 3458 5376 consum-

1870 5414 1984 5476 pta,
2015 5406 2258 5474 quaedam
2292 5403 2408 5473 jam
2442 5406 2507 5460 de
2534 5408 2953 5479 prresumptione
2997 5411 3167 5465 venizc
3194 5412 3457 5468 securitas

1874 5494 2139 5560 nascitur,
2174 5502 2229 5550 et
2258 5495 2311 5548 in
2338 5509 2526 5551 amore
2569 5497 2869 5553 cmlestium
2898 5500 3214 5570 gaudiorum
3243 5501 3458 5558 animus

1872 5584 2257 5642 inflammatur.
2308 5586 2376 5641 Et
2398 5587 2492 5658 qui
2537 5589 2689 5658 prius
2735 5589 2897 5645 flebat
2939 5606 3007 5645 ne
3052 5590 3342 5644 duceretur
3386 5598 3457 5647 ad

1872 5675 2211 5745 supplicium,
2266 5679 2609 5747 postmodum
2668 5678 2797 5735 flere
2847 5679 3186 5736 amarissime
3241 5680 3457 5754 incipit,
