3940 6416
505 292 614 348 675
1777 268 2133 326 SMARAGDI
2173 264 2466 351 Auente
3697 264 3805 318 676

508 416 634 484 quia
675 406 921 466 diil'ertur
952 419 984 457 a
1025 412 1211 472 regno.
1255 390 1665 465 Contemplatur
1701 391 1903 444 ctenim
1942 402 2095 443 mens
2123 390 2172 448 Α
2196 394 2257 440 ut
2284 384 2380 439 lilii
2411 383 2506 438 Dei
2533 395 2655 484 esse
2678 380 3366 484 mereremur;.consecuti
3400 395 3628 484 sumus...
3663 381 3802 484 nunc

641 501 750 557 sint
773 496 849 553 illi
877 467 1114 564 angelici
1147 486 1326 552 chori,
1362 499 1484 554 quae
1525 481 1756 537 societas
1784 485 2096 534 sanctorum
2199 477 2398 530 iterum
2426 475 2567 529 idem
2595 471 2832 576 Joannes
2860 472 2938 525 ait
3021 467 3355 576 Charisshni,
3398 488 3543 576 nunc
3565 471 3670 540 ﬁlii

512 558 816 665 spirituum,
861 558 983 654 quae
1027 577 1284 648 majestas
1331 584 1549 630 reternzu
1590 569 1817 626 visionis
1856 567 1998 634 Dei_:
2045 573 2100 620 et
2200 581 2405 665 sumus,
2429 574 2475 617 et
2503 562 2735 665 nantium
2763 560 3009 665 apparuit
3032 560 3161 629 quid
3190 560 3387 663 erimus
3412 558 3468 627 (I
3493 559 3803 665 Joanlru).

512 649 741 753 amplius
766 649 975 750 plangit
996 673 1124 745 quia
1146 687 1178 725 a
1204 668 1363 725 bonis
1389 663 1720 737 perennibus
1741 664 1915 753 deest,
1936 672 2098 753 quam
2203 655 2562 753 Hinc-iterum
2607 653 2722 753 ipse
2827 649 3019 753 Etim
3042 651 3421 753 cognouimus:
3455 660 3507 705 et
3534 652 3806 753 credita-us

510 742 676 831 ﬂebat
690 742 863 842 pri-us,
895 742 1191 822 cum—mala
1222 768 1427 817 .eterna
1466 756 1763 813 metuebat.
1816 752 2015 822 Sicque
2045 749 2105 803 iit
2204 747 2451 842 charitati
2468 788 2482 811 ,
2507 762 2665 842 quam
2690 744 2843 842 liabet
2869 742 3012 797 Deus
3020 743 3270 842 inunobi:
3293 743 3346 842 (ξ
3366 743 3533 798 Joan.
3561 743 3682 842 ιν)ζ
3708 743 3810 800 Co.

513 876 573 923 ut
611 833 857 938 perfecta
908 856 1252 929 compunctio
1296 850 1604 909 formidinis
1641 848 1823 902 trahat
1860 844 2101 938 animum
2204 838 2489 938 gnovimus
2530 836 2657 938 Tria
2702 833 2865 938 .lesus
2901 842 2986 889 est
3020 833 3210 938 Filius-
3234 833 3330 891 Dei
3347 873 3383 938 Ζ.
3404 841 3463 887 et
3486 836 3620 938 quia
3646 836 3811 938 Dater

512 922 920 1027 compunctioni
947 922 1270 1006 dilectionis.
1320 942 1587 1013 Irriguum
1617 938 1815 1008 quippe
1856 932 2106 1003 superius
2207 928 2358 983 misit
2383 942 2506 1027 eum
2536 925 2875 1027 salvatorem
2899 922 3088 1027 mundi
3162 931 3211 976 et
3236 922 3504 1027 credimus
3527 924 3809 1027 cha‘ritati,

515 1013 715 1120 accipit
757 1044 959 1117 anima,
990 1056 1114 1096 cum
1156 1052 1277 1093 sese
1309 1036 1366 1090 in
1394 1029 1651 1102 lacrymis
1685 1026 1927 1084 caelestis
1954 1021 2106 1120 reg-ui
2207 1037 2369 1120 quam
2396 1019 2547 1120 liabet
2574 1018 2715 1120 Deus
2823 1015 2993 1070 nobis.
3032 1014 3171 1081 Quia
3198 1013 3452 1120 videlicet
3472 1029 3606 1120 cum
3634 1015 3812 1120 habe-

517 1101 790 1195 desiderio
834 1101 1046 1201 aliiigit.
1102 1129 1368 1199 Irriguum
1418 1101 1550 1179 vero
1610 1120 1837 1176 inferius
1891 1117 2106 1187 accipit,
2211 1119 2297 1167 ret
2325 1110 2575 1174 Unicum,
2603 1107 2777 1201 noluit
2810 1121 2932 1201 esse
2959 1120 3157 1201 unum,
3206 1104 3302 1158 sed
3412 1101 3620 1201 fratres
3642 1103 3813 1201 habe-

520 1242 646 1282 cum
670 1222 868 1280 inferni
912 1198 1175 1289 supplicia
1214 1198 1401 1271 rliendo
1436 1211 1795 1283 pertimescit.
1848 1207 2113 1263 Dicebant
2212 1210 2335 1267 ret,
2374 1200 2653 1271 adoptavit
2700 1199 2775 1253 illi
2818 1198 2989 1263 alios,
3034 1198 3126 1289 qui
3171 1213 3295 1254 cum
3338 1198 3433 1289 illo
3462 1198 3814 1268 possiderent

522 1318 595 1372 de
612 1315 809 1370 abbate
827 1288 1058 1366 Arsenio
1078 1308 1221 1378 quod
1246 1314 1360 1362 toto
1381 1313 1624 1373 tempore
1641 1301 1766 1356 vitae
1788 1313 1900 1353 sine
1920 1298 2114 1352 sedens
2212 1294 2378 1348 vitam
2407 1300 2690 1347 maternam.
2718 1289 2869 1343 Dixit
2892 1290 3059 1344 abbas
3093 1288 3306 1354 Pastor,
3346 1288 3475 1359 quia
3504 1289 3815 1358 interroga-

521 1406 594 1460 ad
625 1417 765 1473 opus
805 1414 1087 1461 manuum,
1116 1410 1358 1466 pannum
1388 1393 1624 1448 habebat
1654 1391 1712 1445 in
1745 1389 1866 1444 sinu
1893 1394 2118 1458 propter
2216 1383 2296 1437 vit
2320 1382 2540 1473 quidam
2571 1379 2743 1473 frater
2763 1378 3015 1473 abbatem
3042 1379 3375 1473 Premenem,
3407 1378 3604 1473 dicens
3632 1398 3646 1432 :
3676 1378 3816 1473 Quid

524 1468 818 1563 lacrimas,
839 1502 960 1558 quae
985 1487 1178 1543 crebro
1198 1484 1493 1540 currebant
1519 1498 1588 1537 ex
1611 1481 1786 1536 oculis
1805 1478 1943 1548 ejus.
1973 1476 2119 1531 Dixit
2217 1482 2305 1529 est
2335 1470 2479 1543 quod
2506 1471 2561 1527 in
2598 1469 2891 1563 Evangelia
2914 1469 3176 1524 Dominus
3205 1469 3373 1563 dicit:
3410 1468 3688 1563 Majorem
3720 1470 3818 1523 hac

525 1561 717 1639 sancta
758 1577 1068 1649 Synclctice
1093 1594 1106 1630 :
1133 1575 1314 1630 Labor
1338 1582 1424 1629 est
1449 1581 1505 1628 et
1531 1581 1811 1629 certamen
1841 1584 2112 1641 magnum,
2219 1566 2531 1620 charitatens
2562 1579 2713 1618 nemo
2748 1562 2933 1626 habet,
2973 1578 3132 1632 quam
3167 1570 3224 1616 ut
3253 1562 3370 1633 quis
3397 1561 3644 1616 animum
3666 1578 3819 1616 suam

528 1671 586 1726 in
611 1670 805 1741 primis
826 1668 918 1737 qui
954 1672 1344 1723 convertuntur
1365 1664 1434 1718 ad
1462 1663 1767 1726 Dominum,
1810 1668 1999 1731 postea
2023 1675 2119 1713 au-
2220 1671 2315 1726 pro
2360 1655 2533 1711 amico
2572 1662 2734 1725 ponat
2779 1652 2965 1724 (Joan.
2990 1652 3106 1724 xv).
3147 1652 3430 1720 Quomodo
3455 1652 3521 1707 iit
3545 1653 3697 1707 hoc?
3726 1653 3823 1708 Re-

528 1772 641 1820 tem
668 1761 1026 1817 inenarrabile
1073 1760 1329 1831 gaudium
1378 1760 1597 1814 habent.
1648 1756 1801 1812 Sicut
1828 1755 1973 1812 enim
2018 1754 2110 1824 qui
2140 1742 2188 1801 Β
2215 1743 2433 1813 spondit
2457 1758 2652 1797 senex:
2681 1741 2738 1797 Si
2767 1742 2891 1812 quis
2921 1743 3076 1798 audit
3108 1744 3338 1798 verbum
3378 1742 3588 1797 malum
3627 1759 3663 1797 a
3700 1759 3824 1814 pro-

530 1854 711 1924 ignem
742 1853 1039 1908 accendere
1062 1851 1275 1916 volunt,
1305 1854 1542 1920 primum
1572 1847 1930 1910 infamantur,
1960 1854 2017 1901 et
2041 1846 2122 1900 sic
2225 1836 2375 1892 Ximo
2417 1851 2517 1891 suo
2538 1876 2554 1901 ,
2598 1844 2655 1891 et
2698 1851 2823 1891 cum
2866 1835 3039 1906 possit
3081 1836 3198 1907 ipse
3235 1835 3433 1891 similia
3460 1834 3820 1907 respondere.

525 1944 774 1999 obtinent
806 1942 951 2011 qdod
978 1941 1188 2005 volunt,
1216 1941 1292 1994 ita
1315 1946 1530 2010 oportet
1555 1953 1655 1992 nos
1682 1937 1922 1992 divinum
1942 1936 2123 2006 ignem
2224 1936 2429 2001 pugnat
2451 1937 2632 1983 tamen
2664 1930 2716 1983 in
2742 1931 2906 1985 corde
2941 1944 3041 1984 suo
3062 1936 3292 1999 portare
3315 1927 3599 1993 laborem,
3630 1935 3695 1983 et
3719 1929 3823 1983 vim

532 2050 661 2090 cum
691 2033 950 2104 lacrymis
995 2040 1158 2100 atque
1187 2030 1466 2085 laboribus
1491 2028 1548 2081 in
1586 2027 1743 2081 nobis
1774 2025 1908 2095 ipsis
1935 2038 2125 2079 accen-

530 2130 682 2185 dere.
718 2127 994 2198 Scriptum
1017 2134 1105 2182 est
1125 2125 1271 2181 enim
1300 2125 1428 2194 quia
1465 2123 1608 2177 Deus
1634 2131 1810 2177 noster
1842 2122 1977 2192 ignis
2002 2138 2128 2175 con-

532 2235 744 2275 sumens
788 2228 863 2272 est
899 2217 1078 2290 (Deut.
1108 2231 1200 2281 tv;
1232 2214 1392 2269 Hebr.
1424 2213 1545 2285 xu).
1577 2213 1723 2268 Dixit
1761 2227 1927 2267 senex
1951 2226 1966 2266 :
1990 2211 2131 2279 Quo-

533 2311 697 2367 modo
732 2311 983 2365 umbram
1028 2322 1315 2391 cqrporum
1362 2313 1676 2361 nostrorum
1714 2305 1914 2375 ubique
1954 2306 2131 2361 nobis-

532 2416 659 2455 cum
690 2398 1147 2461 circumferimus,
1177 2397 1257 2451 sic
1281 2396 1542 2451 debemus
1571 2394 1755 2450 ﬂetum
1782 2411 1847 2450 ex
1876 2410 2132 2466 compun-

535 2491 719 2546 ctione
746 2489 949 2544 habere
975 2487 1257 2542 nobiscum
1281 2486 1590 2554 ubicunque
1616 2501 1822 2541 sumus.
1870 2486 2016 2542 Dixit
2043 2487 2133 2541 ab-

535 2582 637 2636 bas
662 2579 976 2651 Hyperitius
1003 2596 1017 2631 :
1044 2576 1215 2632 Nocte
1254 2585 1311 2632 et
1338 2576 1427 2630 die
1452 2576 1665 2631 laborat
1693 2576 2012 2642 monachus,
2051 2576 2132 2631 vi-

535 2670 729 2741 gilans,
766 2668 821 2723 in
864 2666 1203 2723 orationibus
1244 2682 1591 2737 permanens,
1634 2682 2004 2738 compungens
2029 2684 2128 2722 au-

539 2768 650 2815 tem
677 2774 771 2815 cor
800 2774 978 2821 suum,
1028 2758 1282 2828 producit
1325 2758 1618 2829 lacrymas,
1645 2766 1701 2813 et
1741 2758 1972 2814 celerius
2003 2773 2133 2829 pro—

540 2859 698 2905 vocat
739 2850 1169 2906 misericordiam
1199 2849 1313 2904 Dei.

1066 2936 1296 2993 CAPUT
1347 2937 1593 2992 LXXXI.

650 3029 726 3085 De
761 3047 821 3085 eo
855 3029 995 3101 quod
1023 3029 1196 3083 sancti
1223 3028 1469 3084 monachi
1494 3027 1597 3098 lilii
1619 3028 1719 3082 Dei
1744 3038 2021 3084 vocantur.

2228 2023 2331 2077 sibi
2368 2021 2501 2076 facit
2537 2035 2606 2075 ne
2634 2019 2774 2075 forte
2804 2019 3129 2091 respondeat
3159 2019 3234 2073 illi
3273 2018 3476 2073 malum
3518 2026 3585 2073 ut
3622 2019 3827 2074 contri-

2211 2119 2339 2166 -stet
2366 2111 2537 2175 illum,
2568 2111 2670 2165 iste
2693 2110 2816 2166 talis
2856 2111 3094 2165 animam
3130 2124 3284 2165 suam
3322 2109 3477 2179 ponit
3513 2121 3624 2179 pro
3653 2110 3828 2165 amico

2229 2217 2351 2258 suo.
2388 2202 2630 2273 Contigit
2655 2202 2947 2273 aliquando
2971 2203 3223 2258 abbatem
3248 2200 3397 2273 Pabo
3426 2203 3535 2258 iter
3558 2218 3696 2258 cum
3724 2202 3827 2257 fra—

2230 2292 2407 2347 tribus
2445 2293 2501 2347 in
2534 2270 2722 2362 partes
2750 2270 2983 2363 'Egypti
3012 2291 3221 2356 facere,
3251 2270 3533 2348 et'videns
3557 2294 3823 2363 quosdam

2231 2383 2522 2440 steculares
2550 2384 2823 2447 sedentes,
2856 2380 2987 2438 dicit
3011 2382 3092 2438 eis
3118 2400 3132 2435 :
3161 2381 3401 2453 Surgite,
3431 2389 3489 2437 et
3514 2382 3763 2437 salutate
3781 2390 3828 2436 et

2232 2473 2554 2529 oscuiamini
2591 2474 2917 2540 monachos,
2943 2481 3004 2528 ut
3031 2474 3446 2528 benedicamiui.
3487 2471 3830 2543 Frequenter

2232 2565 2379 2620 enim
2400 2580 2526 2620 cum
2552 2564 2665 2619 Deo
2698 2564 3011 2634 loquuntur,
3043 2572 3101 2619 et
3128 2572 3316 2620 sancta
3337 2573 3468 2620 sunt
3487 2580 3593 2620 ora
3620 2578 3830 2620 eorum.

2769 2656 2997 2712 CAPUT
3031 2654 3292 2711 LXXXII.

2236 2746 2392 2814 Quod
2415 2765 2480 2803 ex
2507 2747 2786 2804 virtutibus
2811 2748 3053 2812 virtutes,
3090 2756 3140 2802 et
3163 2763 3228 2801 ex
3254 2748 3390 2802 uitiis
3412 2748 3540 2802 vitia
3564 2748 3831 2803 oriuntur.

2304 2840 2507 2897 Omnes
2552 2843 2785 2898 virtutes
2833 2842 2888 2896 in
2938 2848 3227 2911 conspectu
3269 2839 3590 2895 Conditoris
3630 2841 3833 2897 vicaria

2234 2948 2337 3004 0pc
2362 2946 2423 2988 se
2446 2932 2760 2997 sublevant,
2800 2938 2861 2985 ut
2891 2929 3041 3002 (quia
3066 2945 3172 2984 una
3200 2930 3372 2985 virtus
3398 2929 3521 2984 sine
3561 2928 3675 2984 alia
3695 2971 3713 2996 ,
3753 2932 3827 2985 vel

2239 3024 2382 3080 nulla
2410 3032 2494 3078 est
2520 3024 2772 3089 omnino,
2811 3022 2894 3078 vel
2932 3021 3177 3095 minima)
3208 3021 3449 3077 vicissim
3477 3036 3542 3077 se
3574 3037 3683 3077 sua
3713 3039 3833 3078 eon-

610 3120 753 3177 Iiinc
783 3119 1042 3176 Dominus
1069 3119 1146 3173 ait
1173 3136 1186 3172 :
1210 3117 1363 3174 Beati
1384 3118 1611 3190 pacifici,
1641 3119 1890 3192 quoniam
1911 3119 2013 3189 ﬁlii
2032 3119 2131 3174 Dei
2158 3110 2203 3171 C
2229 3115 2510 3187 iunctione
2546 3113 2791 3169 fulciant.
2842 3112 2998 3167 Nulla
3036 3113 3178 3167 bona
3221 3119 3348 3168 sunt
3380 3120 3620 3178 cetera,
3665 3113 3714 3168 si
3752 3130 3834 3168 oc-

536 3215 864 3272 voeabuntur
910 3211 1129 3285 (Matth.
1162 3213 1239 3283 v).
1299 3212 1357 3267 in
1402 3226 1539 3282 pace
1585 3211 1847 3282 perfectio
1875 3220 1992 3276 est,
2039 3213 2129 3267 ubi
2234 3204 2365 3261 culti
2391 3204 2588 3275 judicis
2616 3203 2788 3260 oculis
2825 3203 3097 3259 castitatis
3133 3202 3443 3258 testimonio
3477 3218 3593 3258 non
3637 3218 3832 3275 appro-

539 3304 678 3362 nihil
713 3312 997 3376 repugnat.
1060 3302 1127 3357 Et
1154 3303 1276 3358 ideo
1305 3301 1401 3357 lilii
1427 3302 1524 3357 Dei
1553 3301 1766 3372 pacifici
1806 3309 1964 3367 sunt,
1996 3316 2132 3372 quo-
2233 3298 2450 3363 bentur,
2486 3297 2530 3351 si
2555 3297 2636 3350 vel
2658 3295 2972 3352 castitatem
2996 3294 3642 3360 humilitasdeserat,vel
3663 3296 3835 3351 humi-

540 3397 689 3451 niam
715 3394 852 3449 nihil
879 3395 934 3448 in
963 3393 1045 3448 eis
1074 3392 1281 3448 resistit
1322 3391 1452 3445 Deo.
1482 3389 1705 3456 Pacifici
1744 3399 1926 3445 autem
1958 3390 2013 3444 in
2049 3406 2132 3445 se-
2234 3387 2441 3443 Iitatem
2464 3388 2688 3442 castitas
2712 3386 3003 3456 reiinquat.
3026 3385 3183 3456 Apud
3207 3393 3485 3441 auctorem
3504 3386 3836 3442 humilitatis

543 3486 793 3557 metipsis
835 3493 995 3550 sunt,
1022 3485 1117 3554 qui
1143 3498 1333 3540 omnes
1368 3483 1533 3537 animi
1574 3482 1656 3538 sui
1703 3492 1883 3537 motus
1915 3498 2134 3551 compo-
2235 3485 2289 3533 et
2310 3478 2588 3534 munditiae
2614 3477 2871 3549 prodesse
2898 3476 3033 3532 nihil
3062 3476 3318 3548 prmvalet
3357 3477 3441 3531 vel
3480 3480 3732 3547 superba
3756 3496 3836 3534 ca-

544 3584 753 3640 nentes,
784 3574 921 3631 fiunt
944 3589 1171 3647 regnum
1198 3573 1316 3628 Dei.
1350 3571 1410 3628 Si
1439 3572 1532 3628 lilii
1563 3572 1660 3629 Dei
1688 3588 1897 3637 sumus,
1920 3572 2134 3642 paciﬁci
2235 3570 2424 3635 stitas,
2461 3568 2546 3622 vel
2590 3568 2869 3624 humilitas
2892 3567 3209 3639 inquinata.
3248 3567 3341 3623 Sic
3368 3569 3503 3624 vitio
3531 3570 3738 3625 vitium
3766 3572 3834 3642 gi-

542 3684 668 3725 esse
693 3668 971 3724 debemus.
998 3664 1262 3721 Pacificos
1287 3665 1433 3720 enim
1462 3678 1587 3719 esse
1606 3670 1822 3734 oportet
1846 3663 1940 3719 Dei
1972 3664 2131 3727 ﬁlios,

544 3770 602 3816 et
627 3759 880 3826 humiles,
912 3766 1094 3814 mente
1122 3758 1316 3823 mites,
1353 3756 1515 3813 corde
1557 3754 1852 3826 simplices,
1884 3770 2135 3811 sermone

545 3864 734 3922 puros,
766 3849 948 3903 animo
989 3848 1304 3903 innocentes
1326 3888 1342 3913 ,
1392 3845 1589 3902 all’ectu
1624 3846 1953 3911 concordes,
2001 3845 2137 3900 sibi-

547 3947 660 3994 met
708 3938 1036 3993 unanimiter
1078 3937 1433 3993 cohaerentes.
1492 3935 1631 4013 Hinc
1657 3944 1709 3992 et
1737 3935 1977 3992 Joannes
2009 3952 2138 4007 apo-

545 4029 718 4085 stolus
743 4029 821 4083 ait
845 4046 857 4082 :
899 4026 1080 4082 Videte
1101 4026 1310 4100 qualem
1333 4027 1648 4082 charitatem
1679 4028 1823 4082 dedit
1848 4028 1994 4083 nobis
2026 4026 2137 4081 Pa.-

524 4130 649 4185 ter,
691 4130 747 4173 ut
794 4118 897 4188 lilii
928 4118 1023 4173 Dei
1072 4118 1403 4173 nominemur
1444 4127 1494 4173 et
1541 4119 1708 4173 simus
1753 4118 1804 4190 (Ι
1830 4117 1993 4172 Joan.
2027 4116 2132 4190 ιιι).

2236 3661 2440 3732 gnitur,
2490 3661 2571 3715 sic
2610 3660 2787 3716 virtus
2832 3662 3034 3717 virtute
3077 3661 3383 3732 concipitur
3431 3659 3625 3734 [Isid.,
3664 3663 3761 3717 lib.
3801 3678 3834 3717 ιι

2239 3750 2434 3824 Sent.].
2475 3752 2557 3807 Ex
2592 3752 2725 3807 vitio
2761 3753 2905 3809 enim
2937 3753 3131 3809 vitium
3163 3753 3423 3824 gignitur,
3462 3754 3614 3810 sicut
3651 3757 3713 3810 in
3746 3756 3835 3810 Da-

2241 3843 2351 3907 vid,
2381 3844 2474 3913 qui
2500 3843 2627 3898 dum
2670 3858 2777 3900 non
2823 3844 3049 3899 evitavit
3087 3843 3444 3911 adulterium,
3494 3848 3834 3918 perpetravit

2241 3932 2593 3989 homicidium
2622 3931 2706 4003 (11
2739 3931 2865 4003 Reg.
2898 3932 2997 4006 χι).
3034 3933 3167 3988 item
3203 3934 3379 3989 virtus
3410 3935 3624 3990 virtute
3658 3936 3832 3991 concio

2239 4025 2409 4095 pitur,
2449 4025 2589 4079 sicut
2625 4040 2723 4095 per
2745 4025 3001 4081 virtutem
3034 4026 3358 4097 evangelica:
3395 4026 3829 4097 prmdicationis.

2238 4120 2497 4173 virtutem
2522 4119 2770 4189 martyrii
2796 4119 3020 4189 apostoli
3044 4126 3384 4175 meruerunt.
3435 4119 3590 4175 Dixit
3616 4130 3833 4177 sanctus

545 4211 740 4282 Magna
769 4218 855 4265 est
882 4210 1061 4280 gratia
1109 4209 1406 4265 conditoris
1443 4209 1615 4264 nostri
1650 4224 1813 4280 quam
1856 4208 2014 4264 nobis
2042 4208 2139 4263 do-
2240 4210 2540 4282 Gregorius
2563 4211 2689 4280 quia
2723 4212 2839 4266 hzec
2862 4211 2968 4266 tria
2994 4211 3163 4283 exigit
3195 4210 3338 4265 Deus
3368 4212 3436 4266 ab
3469 4213 3626 4268 omni
3661 4213 3832 4268 homi-

545 4301 718 4367 navit,
750 4308 810 4355 ut
833 4316 960 4356 cum
988 4315 1172 4356 amare
1209 4309 1266 4357 et
1299 4301 1613 4358 noverimus
1651 4308 1708 4355 et
1740 4301 2049 4370 possimus:
2081 4310 2138 4355 et
2242 4317 2311 4357 ne
2339 4303 2432 4373 qui
2468 4311 2555 4358 est
2591 4304 2919 4374 baptismum
2952 4313 3296 4368 consecutus,
3323 4303 3376 4359 id
3406 4311 3510 4369 est,
3552 4303 3725 4360 fidem
3760 4320 3834 4360 re-

545 4390 622 4445 ita
658 4405 863 4455 amare,
892 4399 951 4445 ut
976 4401 1189 4460 patrem
1220 4391 1345 4459 lilii,
1386 4407 1511 4449 cum
1548 4399 1603 4448 ct
1642 4392 1747 4447 hoc
1769 4406 2025 4460 magnum
2053 4404 2139 4446 cs-
2163 4451 2214 4467 λ
2244 4402 2389 4450 ctam
2411 4410 2479 4450 ex
2510 4402 2622 4450 tota
2646 4396 2824 4450 anima
2853 4404 2909 4451 et
2930 4396 3151 4462 virtute,
3189 4396 3386 4467 lingua:
3432 4397 3831 4452 continentiam

544 4489 652 4545 set,
688 4481 733 4535 si
781 4481 861 4537 sic
902 4451 1089 4537 amare
1136 4482 1288 4537 illum
1330 4498 1617 4552 possemus
1653 4451 1924 4552 quomodo
1954 4480 2141 4536 ﬁdeles
2163 4451 2217 4510 Β
2242 4493 2297 4539 et
2319 4486 2628 4540 castitatem
2659 4486 2925 4556 corporis.
2965 4486 3113 4542 Dixit
3140 4451 3314 4541 'abba‘s
3347 4485 3661 4556 Evagrius:
3694 4486 3832 4541 Men-

543 4573 694 4629 servi
725 4582 912 4629 amant
947 4575 1197 4635 dominos
1230 4591 1379 4631 suos.
1430 4560 1677 4643 Qualiter
1706 4583 1889 4630 autem
1923 4575 2016 4629 lilii
2044 4574 2139 4630 Dei
2242 4582 2354 4629 tem
2387 4583 2660 4631 errantem
2687 4576 2772 4630 vel
2798 4583 3079 4631 nutantem
3115 4575 3311 4632 solidat
3337 4575 3504 4632 lectio
3528 4584 3591 4631 et
3615 4578 3828 4649 vigilia.

543 4661 688 4718 ellici
720 4663 1049 4728 debeamus,
1102 4664 1246 4720 idem
1294 4663 1533 4720 Joannes
1576 4672 1828 4720 testatur.
1873 4663 2140 4736 Quotquot
2241 4675 2299 4720 et
2343 4667 2541 4722 oratio.
2601 4666 3111 4738 Coneupiseentiam
3149 4682 3280 4722 vero
3317 4682 3667 4723 marcescere
3711 4666 3833 4723 facit

548 4758 723 4803 autem
749 4761 1053 4821 receperunt
1077 4768 1222 4817 eum,
1245 4751 1391 4806 dedit
1416 4752 1491 4806 eis
1513 4761 1823 4824 potestatem
1862 4752 2001 4820 ﬁlios
2046 4752 2144 4807 Dei
2241 4756 2474 4821 esuries,
2511 4764 2568 4812 ct
2592 4757 2764 4823 labor,
2792 4767 2848 4814 et
2877 4757 3129 4814 solitudo.
3175 4757 3517 4812 Iracundiam
3541 4765 3730 4812 autem
3756 4770 3833 4809 re-

548 4842 666 4909 ﬁeri
690 4841 753 4896 iis
778 4843 869 4913 qui
894 4843 1112 4897 credunt
1144 4844 1200 4898 in
1236 4844 1444 4898 nomine
1481 4845 1597 4915 ejus
1627 4843 1809 4915 (Joan.
1841 4843 1903 4913 t).
1944 4843 2049 4900 Per
2078 4846 2140 4900 ii-
2180 4845 2184 4848 ⁴
2241 4849 2432 4918 primit
2452 4850 2775 4920 psalmodia,
2818 4859 2874 4906 et
2902 4850 3317 4922 longanimitas,
3351 4852 3413 4904 cf
3427 4849 3825 4905 misericordia.

551 4930 673 4984 dem
703 4945 834 4999 ergo
876 4940 932 4985 et
979 4931 1323 4988 dilectionem
1362 4932 1457 4988 lilii
1492 4934 1590 4989 Dei
1620 4932 1902 4990 cﬂicimur.
1945 4934 2134 5007 Magna
2244 4938 2352 4995 Sed
2372 4940 2488 4995 hzec
2506 4943 2826 5012 opportunis
2847 4943 3184 5012 temporibus
3205 4950 3260 4998 et
3283 4940 3558 4998 mensuris
3580 4942 3831 5012 congruis

551 5019 925 5076 benevolentia
952 5062 967 5086 ,
1020 5037 1214 5092 magna
1263 5022 1638 5080 misericordia
1674 5042 1688 5078 :
1741 5023 1945 5081 Unicus
1981 5034 2140 5081 natus
2245 5029 2522 5085 adhibitis.
2565 5030 2697 5097 Quae
2720 5041 2901 5087 autem
2930 5048 3038 5088 non
3069 5041 3394 5104 opportune,
3418 5032 3507 5087 vel
3533 5033 3660 5088 sine
3692 5048 3827 5087 men-

550 5117 655 5176 cst,
686 5120 741 5165 et
765 5111 936 5166 noluit
961 5128 1180 5168 manere
1209 5129 1368 5187 unus.
1423 5113 1530 5172 Sed
1557 5116 1699 5172 Deus
1729 5114 1958 5173 Unicum
1989 5132 2142 5171 cum-
2244 5133 2371 5174 sura
2402 5114 2559 5181 ﬁunt,
2590 5122 2654 5178 ad
2682 5138 2910 5192 parvum
2946 5131 3156 5194 tempus
3182 5122 3493 5193 proﬁciunt.

550 5202 785 5270 demque
814 5201 989 5271 ipsum
1017 5215 1177 5273 quem
1215 5214 1504 5275 genuerat,
1548 5214 1602 5261 et
1626 5221 1725 5277 per
1749 5221 1911 5276 quem
1946 5214 2139 5261 cuncta
2508 5201 2516 5209 ’
2759 5211 2989 5268 CAPUT
3042 5212 3321 5269 LXXXIII.

552 5298 864 5357 creaverat,
915 5292 1064 5348 misit
1103 5293 1159 5350 in
1205 5295 1350 5352 hunc
1389 5298 1680 5363 mundum,
1735 5305 1797 5352 ut
1842 5312 1949 5352 non
1995 5306 2141 5353 esset
2586 5301 2730 5367 Quid
2755 5304 2824 5357 sit
2846 5303 3036 5374 conﬁgi
3058 5302 3257 5359 Christi
3283 5305 3473 5358 cruci?

555 5396 727 5450 unus,
765 5382 861 5437 sed
899 5382 1099 5441 fratres
1124 5385 1349 5441 haberet
1376 5387 1683 5457 adoptatos.
1724 5386 1842 5442 Non
1866 5387 2012 5441 enim
2040 5402 2141 5442 nos
2319 5390 2538 5448 Tollcns
2560 5394 2858 5449 monachus
2892 5410 3110 5450 crucem
3136 5410 3290 5450 suam
3308 5435 3324 5459 ,
3352 5404 3409 5451 et
3442 5394 3729 5453 Christum
3758 5411 3831 5451 se-

555 5468 670 5527 nati
718 5488 906 5529 sumus
939 5472 1008 5528 de
1045 5474 1156 5529 Deo
1195 5491 1302 5545 quo
1335 5477 1495 5531 modo
1531 5476 1622 5532 ille
1661 5475 2015 5547 Unigenitus,
2047 5477 2142 5532 sed
2251 5495 2422 5551 quens
2445 5482 2789 5539 mortiﬁcatis
2815 5485 3075 5541 membris
3105 5500 3269 5556 super
3289 5493 3519 5552 terram,
3556 5496 3617 5542 et
3646 5486 3833 5542 mundo

559 5562 799 5633 adoptati
831 5577 930 5632 per
967 5564 1198 5635 gratiam
1227 5563 1347 5635 ejus
1374 5581 1580 5621 sumus.
1636 5566 1717 5620 Ex
1747 5581 1971 5621 munere
1996 5567 2142 5621 enim
2250 5579 2526 5636 mortuus,
2574 5581 2633 5627 et
2659 5574 3030 5645 conﬁguratus
3066 5575 3229 5629 morti
3264 5573 3395 5631 Jesu
3425 5575 3672 5641 Christi,
3712 5586 3767 5633 et
3788 5580 3831 5633 in

560 5654 740 5711 divino
760 5656 913 5727 prius
930 5664 1253 5729 potestatem
1279 5657 1584 5728 adoptionis
1608 5656 1933 5735 accepimus,
1958 5666 2143 5728 postea

2250 5660 2396 5733 ligno
2423 5662 2716 5722 Dominica:
2738 5666 3006 5735 passionis
3032 5665 3251 5733 aliixus,
3282 5666 3372 5721 hic
3399 5666 3704 5737 conﬁgitur
3727 5686 3834 5726 cru.
3902 5728 3903 5737 χ
