3940 6414
245 298 347 353 6ῖῖ

1442 293 1745 348 DIADEMA
1787 293 2293 349 MONACHORUM.

3394 307 3499 362 67R

245 416 293 469 ci
329 413 550 469 Christi.
589 412 688 478 Qui
717 411 942 481 vestigia
969 409 1085 478 ejus
1111 410 1183 462 ita
1219 416 1476 473 sectatur,
1512 415 1571 461 ut
1599 419 1827 462 conver-
1854 407 1908 466 Α
1931 404 2107 459 centia
2157 407 2294 460 bona
2335 415 2390 461 et
2419 422 2573 477 pura,
2620 411 2938 482 simplicitas
2983 423 3092 470 tota
3135 425 3191 472 et
3232 417 3366 474 ﬁdes
3393 436 3500 474 non

246 509 510 561 sationem
544 505 683 559 illius
709 505 906 558 imitari
939 503 1130 572 possit,
1163 509 1223 556 ut
1253 502 1322 556 sit
1349 508 1666 554 mansuetus
1687 499 1827 552 sicut

246 598 336 652 ille
367 597 487 662 fuit,
532 604 586 650 et
632 595 780 648 mitis
811 604 866 648 et
894 593 1113 647 humilis
1144 594 1336 657 corde,
1375 591 1692 646 verberatus
1718 605 1825 643 non

247 688 594 757 respondeat,
626 685 942 740 maledictus
969 699 1074 738 non
1105 682 1487 746 remaledicat,
1523 680 1618 734 sed
1645 679 1828 732 vincat

247 780 298 832 in
323 777 628 834 humilitate
661 777 998 847 superbiam;
1030 777 1132 830 iste
1161 790 1283 830 eum
1322 773 1486 828 Paulo
1520 772 1699 826 dicere
1732 787 1827 840 po-

247 877 391 923 test:
427 869 634 922 Christo
684 867 968 936 cruciﬁxus
1009 882 1125 920 sum
1166 865 1348 927 cruci,
1391 871 1473 928 et,
1511 864 1622 918 vico
1650 870 1827 915 autem

243 960 353 1028 irim
383 975 486 1011 non
509 974 627 1028 ego,
658 957 780 1012 uicit
804 973 921 1010 vero
943 957 997 1009 in
1021 972 1102 1008 me
1127 953 1364 1008 Christus
1402 951 1544 1024 (Gal.
1574 953 1659 1022 ιι).
1690 951 1827 1005 Bea-

249 1059 332 1104 tus
379 1049 714 1119 multumque
759 1047 888 1102 felix
917 1047 1010 1117 qui
1046 1047 1264 1100 vivente
1302 1047 1360 1100 in
1394 1060 1454 1100 se
1484 1043 1702 1099 Christo
1729 1057 1827 1112 per

245 1139 482 1211 singulas
512 1140 806 1203 orationes,
836 1139 1190 1207 cogitationes
1215 1145 1270 1192 et
1304 1151 1488 1206 opera,
1525 1143 1707 1204 potest
1744 1132 1826 1187 di-

244 1245 388 1295 cere,
430 1229 564 1284 Vivit
602 1231 657 1284 in
685 1246 767 1283 me
791 1227 1050 1292 Christus,
1066 1234 1140 1292 et,
1167 1227 1305 1293 quod
1329 1226 1437 1279 vivo
1455 1265 1470 1289 ,
1493 1226 1548 1277 in
1575 1223 1680 1291 [ide
1711 1223 1824 1277 vivo

249 1317 377 1373 Filii
405 1319 498 1373 Dei
528 1317 890 1390 (Ilud.).Vivit
909 1326 1091 1372 autem
1114 1317 1168 1370 in
1189 1331 1254 1371 eo
1275 1315 1522 1371 Christus
1543 1316 1595 1369 in
1617 1329 1724 1384 quo
1743 1314 1824 1368 vi-

245 1410 323 1462 vit
344 1408 872 1479 sapientia,justitia,
888 1407 1110 1472 veritas,
1127 1405 1505 1470 sanctiﬁcatio,
1521 1420 1626 1475 pax
1644 1412 1697 1457 et
1715 1404 1824 1458 for-

247 1498 440 1563 titudo,
469 1507 786 1567 caetertnque
813 1498 1063 1562 virtutes,
1094 1511 1227 1566 quas
1255 1499 1346 1565 qui
1371 1511 1474 1551 non
1507 1495 1687 1558 habet,
1713 1509 1822 1549 non

245 1598 425 1659 potest
459 1591 670 1656 dicere,
708 1590 826 1644 vivit
857 1590 911 1644 in
937 1606 1016 1643 me
1037 1589 1297 1643 Christus.
1351 1587 1494 1642 Vivit
1526 1602 1656 1642 vero
1686 1594 1741 1640 et
1765 1587 1818 1641 in

245 1695 312 1734 eo
366 1679 614 1735 Christus
640 1721 654 1744 ,
696 1680 787 1748 qui
838 1679 1060 1749 vestigia
1101 1686 1340 1734 sectatur
1392 1677 1528 1746 ejus,
1578 1686 1633 1733 et
1673 1677 1819 1732 nulla

1929 497 2072 552 ﬁcta.
2114 498 2205 553 llla
2232 508 2314 554 est
2341 502 2524 569 procul
2557 504 2720 560 dubio
2741 510 3070 564 conscientia
3095 511 3252 574 bona,
3279 513 3370 568 ubi
3393 530 3501 570 non

1927 597 2011 640 est
2039 589 2289 668 vitiorum
2334 594 2605 648 accusatio
2644 596 2750 650 ulla
2773 638 2791 656 ,
2843 614 3003 668 quam
3036 617 3138 656 nec
3171 606 3378 672 peccati
3412 621 3499 660 rc-

1927 677 2142 732 mordet
2182 679 2335 747 culpa
2359 720 2374 744 ,
2406 697 2508 736 nec
2557 684 2843 740 criminum
2893 689 3062 744 moles
3103 700 3351 758 accusat;
3381 709 3502 762 qua:

1927 766 2132 820 nullum
2161 769 2295 833 odit,
2328 770 2459 824 nulli
2483 784 2665 837 nocet,
2704 775 2836 828 nulli
2860 777 3126 845 detrahit,
3158 781 3362 837 nullum
3386 798 3503 838 mo-

1925 855 2104 922 lestat,
2134 858 2262 914 nulli
2292 861 2526 926 invidet,
2573 864 2666 918 sed
2701 867 2952 922 omnibus
2979 877 3062 924 est
3091 872 3299 935 suavis,
3325 874 3502 928 omni-

1925 947 2027 1002 bus
2055 947 2308 1014 innocua,
2348 953 2513 1018 mitis,
2571 955 2830 1022 paciﬁca,
2880 967 3042 1028 atque
3068 961 3316 1034 benigna.
3355 966 3503 1021 Dixit

1925 1036 2110 1108 abbas,
2138 1038 2386 1108 Agatbon
2433 1060 2445 1096 :
2497 1044 2614 1099 Non
2658 1047 2819 1102 debet
2859 1052 3155 1107 monachus
3189 1057 3503 1123 permittere

1926 1128 2273 1184 conscientia:
2317 1147 2429 1186 sua:
2470 1142 2531 1187 ut
2560 1145 2776 1190 accuset
2814 1154 2936 1192 eum
2983 1141 3040 1194 in
3068 1159 3392 1214 quacunque
3419 1163 3497 1202 re.

1924 1216 2226 1287 intelligere
2256 1235 2384 1290 ergo
2411 1222 2609 1278 debent
2633 1229 2884 1282 monachi
2923 1237 2981 1283 ut
3009 1232 3148 1285 sicut
3173 1235 3348 1304 angeli
3376 1250 3499 1290 enim

1927 1305 2122 1362 timore
2148 1315 2206 1362 et
2232 1317 2466 1366 tremore
2496 1312 2729 1384 hymnos
2767 1328 3022 1374 canentes
3050 1322 3310 1377 assistunt
3337 1324 3500 1380 Crea-

1926 1398 2051 1462 tori,
2077 1400 2152 1452 ita
2183 1407 2239 1454 et
2264 1403 2516 1458 monachi
2545 1405 2744 1462 debent
2764 1409 2818 1462 in
2842 1410 3155 1480 psalmodiis
3181 1428 3366 1468 coram
3387 1416 3499 1470 Deo

1924 1503 2048 1542 cum
2074 1499 2222 1568 metu
2247 1501 2301 1546 et
2329 1495 2493 1548 corde
2521 1511 2656 1566 puro
2686 1500 2982 1555 consistere
3025 1509 3266 1572 tempore
3297 1507 3498 1560 oratio-

1924 1580 2028 1634 nis.
2069 1579 2331 1637 Gloriatio
2383 1599 2513 1655 ergo
2555 1587 2825 1654 monachi,
2877 1599 2933 1644 et
2969 1589 3086 1645 laus
3121 1592 3174 1646 in
3211 1603 3498 1664 conspectu

1923 1670 2235 1740 angelorum
2293 1683 2349 1729 et
2389 1676 2687 1744 hominum,
2736 1681 3042 1747 humilitas,
3093 1694 3146 1739 et
3184 1685 3501 1754 simplicitas

247 1769 891 1839 mundiconcupiseentia
918 1769 1148 1838 capitur,
1169 1778 1229 1822 ut
1256 1769 1368 1824 Deo
1387 1769 1594 1832 vivens,
1621 1768 1816 1822 mundo

1925 1763 2122 1817 cordis.
2171 1763 2430 1820 Gloriatio
2480 1770 2768 1837 monachi,
2823 1775 3180 1830 mansuetudo
3230 1777 3411 1834 cordis
3445 1787 3504 1834 et

248 1868 492 1913 mortuus
515 1859 798 1913 videatur:
833 1857 1094 1923 Quoniam
1130 1875 1280 1912 omne
1304 1858 1443 1929 quod
1483 1868 1558 1912 est
1585 1858 1640 1911 in
1667 1874 1820 1911 mun-

247 1949 335 2012 do,
364 1949 782 2019 concupiscentia
826 1949 1001 2002 carnis
1028 1957 1126 2014 est,
1175 1957 1222 2002 et
1254 1948 1671 2017 concupiscentia
1697 1963 1820 2000 ocu-

246 2041 438 2107 lorum,
469 2051 518 2096 et
555 2042 796 2113 superbia
825 2043 941 2096 vilic
974 2040 1025 2113 (Ι
1049 2041 1211 2095 Joan.
1239 2039 1322 2113 ιι).
1363 2040 1609 2095 Monachi
1638 2049 1819 2093 autem

247 2132 509 2187 habentes
539 2132 742 2186 victum
779 2139 834 2194 et
871 2132 1252 2187 vestimentum
1279 2171 1294 2195 ,
1337 2131 1423 2184 his
1466 2131 1664 2184 debent
1699 2144 1820 2184 esse

246 2221 486 2275 contenti
516 2262 530 2286 ,
579 2222 705 2291 quia
753 2230 808 2276 et
847 2237 878 2276 a
921 2221 1204 2276 monachis
1236 2227 1552 2275 extraneum
1575 2228 1630 2273 et
1656 2236 1687 2274 a
1716 2220 1819 2274 ﬁde

247 2313 404 2367 debet
442 2328 563 2368 esse
597 2313 829 2368 alienum
860 2313 1120 2384 quidquid
1157 2312 1223 2366 de
1255 2313 1356 2367 hoc
1387 2311 1588 2366 mundo
1621 2326 1820 2366 concu-

246 2401 476 2470 piscitur
501 2403 584 2458 vel
615 2404 966 2468 desideratur,
999 2419 1123 2457 nam
1150 2402 1478 2473 superfluum
1502 2410 1603 2456 est.
1649 2402 1819 2456 Inter—

246 2501 466 2562 rogatus
495 2494 714 2562 quidam
737 2509 903 2549 senex
926 2510 956 2548 a
977 2495 1147 2552 fratre
1172 2494 1529 2564 quid'faceret
1556 2502 1619 2548 ut
1639 2494 1819 2548 salvus

244 2589 407 2644 esset,
441 2581 530 2636 ille
559 2583 862 2651 exspolians
909 2599 968 2638 se
1013 2585 1332 2640 vestimento
1360 2600 1478 2651 suo,
1516 2594 1571 2640 et
1595 2585 1819 2656 cingens

243 2672 456 2727 lumbos
477 2688 622 2738 suos,
645 2683 806 2745 atque
827 2677 1118 2732 extendens
1145 2692 1337 2731 manus
1357 2693 1503 2742 snas,
1526 2678 1662 2732 dixit
1685 2693 1700 2732 :
1727 2677 1820 2732 Sic

243 2764 405 2820 debet
452 2766 746 2821 monachus
787 2767 963 2822 nudus
1006 2781 1125 2822 esse
1164 2768 1232 2822 ab
1281 2767 1427 2822 omni
1462 2766 1691 2820 materia
1719 2782 1818 2821 sa:-

243 2855 386 2921 culi,
439 2864 494 2910 et
537 2856 853 2929 cruciﬁgere
894 2871 952 2912 se
989 2858 1249 2913 adversus
1295 2858 1627 2912 tcntationes
1653 2865 1816 2926 atque

241 2949 536 3002 certamina
587 2949 790 3004 mundi.
862 2950 1008 3004 Dixit
1055 2951 1223 3004 abbas
1267 2949 1582 3020 llyperitius
1627 2966 1638 3003 :
1677 2947 1816 3014 Quia

241 3045 392 3103 grata
419 3046 501 3092 est
527 3037 638 3094 Deo
666 3037 919 3094 monachi
947 3039 1250 3094 obedientia
1269 3079 1285 3103 ,
1333 3054 1494 3108 quam
1521 3037 1613 3107 qui
1644 3038 1817 3107 possi-

1920 1854 2213 1910 silentium.

2443 1935 2669 2006 CAPUT
2718 1951 2977 2009 Lxxxv.

1922 2036 1989 2091 Ut
2039 2039 2223 2094 divites
2256 2042 2360 2114 sint
2389 2044 2632 2114 monachi
2660 2044 2712 2114 in
2737 2045 2976 2114 operibus
3005 2046 3184 2112 bonis,
3222 2057 3270 2103 et
3291 2051 3501 2108 thesau-

2233 2111 2397 2164 rizent
2423 2112 2522 2164 sibi
2549 2111 2949 2180 fundamentum
2976 2116 3167 2170 bonum

1991 2219 2260 2286 Monachi,
2292 2223 2382 2291 qui
2429 2224 2623 2279 divites
2660 2241 2763 2280 non
2793 2235 2920 2281 sunt
2949 2229 3002 2283 in
3049 2231 3211 2285 rebus
3247 2236 3500 2297 terrenis,

1920 2309 2114 2364 divites
2143 2323 2263 2365 esse
2289 2312 2485 2366 debent
2522 2314 2576 2367 in
2604 2315 2892 2371 virtutibus
2914 2320 3116 2374 sanctis
3157 2329 3213 2375 et
3243 2325 3507 2392 operibus

1919 2399 2096 2464 bonis,
2127 2400 2251 2469 quia
2288 2403 2702 2470 nonqcarnales,
2734 2407 2828 2460 sed
2866 2408 3173 2477 spirituales
3209 2413 3408 2467 divitia:
3436 2415 3499 2467 li~

1918 2488 2114 2544 berant
2145 2491 2384 2546 animam
2428 2493 2480 2546 in
2513 2495 2600 2550 die
2625 2497 2877 2554 vindictae
2901 2509 2955 2556 et
2983 2501 3223 2558 ultionis.
3265 2505 3420 2560 Unde
3447 2514 3506 2562 et

1922 2575 2176 2633 Salomon
2203 2580 2278 2633 ait
2304 2598 2316 2633 :
2359 2569 2482 2635 Non
2507 2584 2792 2652 proderunt
2823 2587 3018 2642 divitia:
3047 2591 3100 2644 in
3141 2592 3226 2645 die
3259 2593 3496 2647 ultionis.

1918 2666 2142 2723 Justitia
2165 2680 2341 2724 autem
2372 2670 2613 2727 liberabit
2639 2693 2670 2729 a
2694 2687 2861 2731 morte
2897 2677 3085 2751 (Prov.
3115 2683 3212 2754 x1).
3280 2684 3500 2739 Funda-

1920 2767 2159 2822 mentum
2183 2761 2327 2814 enim
2356 2762 2499 2830 quod
2522 2764 2652 2818 dicit
2683 2754 2902 2832 bonum,
2933 2771 3044 2825 sive
3065 2771 3338 2828 Christum
3356 2815 3372 2840 ,
3422 2777 3499 2831 si-

1919 2864 1983 2903 ve
2008 2850 2270 2905 bonorum
2312 2867 2536 2923 operum
2580 2856 2847 2924 signiﬁcat
2886 2863 3188 2928 pratmimn,
3226 2866 3370 2932 quod
3396 2867 3499 2921 sibi

1920 2941 2289 3008 unusquisque
2325 2944 2624 2999 monachus
2659 2945 2797 3000 bene
2836 2956 2893 3002 et
2931 2948 3076 3016 justc
3105 2952 3336 3008 vivendo
3384 2955 3500 3010 the-

1922 3032 2162 3085 saurizat
2189 3033 2239 3086 in
2268 3033 2424 3099 ccelo,
2467 3043 2527 3088 ut
2553 3036 2660 3090 illic
2696 3035 2833 3092 bene
2869 3037 3141 3106 fundatus,
3170 3045 3322 3112 quasi
3348 3062 3494 3099 mons

241 3127 351 3191 det,
383 3131 525 3197 quod
552 3131 725 3198 poscit
749 3131 1056 3195 exauditur,
1089 3141 1143 3184 et
1169 3146 1290 3185 cum
1321 3129 1515 3184 ﬁducia
1545 3127 1816 3184 Crucilixo
1842 3106 1887 3167 (ἶ
1920 3124 2075 3189 Sion,
2114 3143 2214 3179 non
2247 3138 2510 3182 moveatur
2532 3129 2586 3182 in
2611 3139 2858 3183 arternum
2895 3129 3011 3201 (Ps.
3040 3133 3244 3203 cxxrv).
3297 3133 3499 3189 Domus

243 3221 460 3274 astabit.
501 3221 716 3276 Etenim
749 3223 1008 3277 Dominus
1049 3224 1128 3278 sic
1157 3223 1305 3276 venit
1340 3224 1407 3276 ad
1433 3235 1674 3285 crucem,
1713 3220 1817 3275 sci-

239 3308 408 3367 licet:
435 3309 636 3366 Factus
674 3313 916 3368 obediens
948 3329 1108 3384 usque
1128 3312 1198 3366 ad
1224 3321 1441 3366 mortem
1468 3310 1636 3382 (Phil.
1676 3308 1760 3382 ιι).

755 3424 982 3480 CAPUT
1017 3423 1298 3480 LXXXIV.

313 3509 382 3569 Ut
417 3517 662 3570 monachi
702 3534 794 3572 cor
819 3517 1043 3640 Itabzant
1077 3533 1264 3587 purum
1296 3527 1344 3572 et
1375 3517 1746 3572 conscientiam

957 3605 1135 3640 onum.

957 3605 1135 3642 onam.

311 3673 521 3729 Clamat
554 3676 697 3731 enim
735 3678 891 3733 nobis
916 3677 1201 3748 Scriptura
1228 3679 1452 3734 dicens:
1498 3677 1648 3759 Finis
1680 3695 1817 3748 prte-

237 3765 369 3834 cepti
403 3773 478 3818 est
517 3765 746 3820 Charitas
781 3767 846 3820 de
882 3767 1036 3821 corde
1077 3784 1209 3837 puro
1243 3778 1291 3822 et
1328 3768 1665 3822 conscientia‘
1681 3769 1816 3822 bona

238 3853 293 3925 (Ι
318 3853 452 3908 Tim.
481 3854 544 3928 ι).
582 3855 734 3911 Finis
761 3857 912 3923 dicit,
951 3858 1003 3914 id
1034 3866 1138 3925 est,
1165 3858 1427 3929 perfectio
1466 3860 1720 3929 praecepti
1760 3868 1816 3914 et

238 3946 402 4000 totius
445 3946 600 4018 legis.
662 3947 912 4004 Charitas
941 3963 1070 4022 ergo
1099 3966 1221 4020 quae
1250 3966 1350 4008 nos
1385 3952 1582 4006 charos
1625 3950 1735 4005 Deo
1760 3959 1816 4004 et

235 4036 544 4093 hominibus
588 4038 754 4104 facit,
801 4047 857 4093 et
896 4041 1054 4095 istius
1087 4041 1269 4096 smculi
1306 4049 1722 4109 contemptores,
1752 4055 1818 4095 ac

237 4124 503 4180 bonorum
548 4129 788 4182 omnium
835 4137 1139 4195 amatores,
1187 4129 1307 4184 fons
1334 4138 1420 4184 est.
1456 4130 1694 4184 omnium
1720 4129 1817 4184 bo-

236 4231 450 4281 norum,
477 4225 532 4271 ct
557 4219 709 4289 origo
735 4219 1146 4284 charismatum,
1195 4227 1250 4274 et
1282 4228 1599 4275 cunctarum
1638 4219 1816 4290 perfe-

232 4306 343 4360 ctio
370 4307 654 4361 virtutum.
694 4307 800 4363 Cor
826 4317 1005 4363 autem
1033 4323 1229 4377 purum
1260 4308 1390 4364 illud
1413 4317 1498 4364 est
1523 4310 1614 4364 ubi
1638 4309 1816 4365 nullus

235 4395 389 4450 dolus
417 4405 532 4461 cst,
578 4411 678 4450 nec
706 4397 925 4466 aliquod
961 4398 1572 4464 machinatur-malum;
1614 4400 1704 4454 ubi
1743 4401 1814 4454 si-

221 4483 453 4538 mulatio
481 4483 650 4548 nulla,
672 4482 766 4538 sed
794 4490 903 4538 tota
927 4483 1137 4553 paritas
1152 4492 1365 4554 regnat;
1386 4485 1479 4540 ubi
1504 4500 1614 4540 non
1639 4487 1805 4541 corde

223 4575 367 4627 aliud
391 4583 631 4637 tenetur,
648 4583 702 4630 et
719 4575 866 4629 aliud
884 4589 979 4630 ore
999 4575 1309 4645 profertur;
1348 4575 1440 4630 ubi
1458 4591 1569 4633 non
1596 4579 1808 4632 inveni-

223 4675 313 4720 tur
339 4665 470 4719 illud
502 4681 516 4719 :
545 4664 691 4720 Vana
711 4666 869 4720 locuti
885 4676 1027 4733 sunt,
1046 4669 1403 4738 unusquisque
1427 4669 1498 4723 ad
1507 4672 1810 4738 proximum

221 4757 554 4828 suamU’sal.
574 4757 672 4828 si).
693 4758 841 4812 Beati
857 4761 994 4814 enim
1026 4760 1218 4812 mumlo
1240 4761 1418 4826 corde,
1436 4763 1685 4832 quoniam
1712 4763 1817 4832 ipsi

228 4849 392 4901 Deum
459 4851 701 4903 videbant
759 4849 968 4915 (.llatth.
1007 4850 1081 4918 v).
1139 4850 1206 4904 Et
1243 4851 1489 4904 innocens
1541 4852 1806 4918 manibus,

225 4952 276 4994 et
309 4945 508 4995 mumlo
546 4944 724 5004 corde,
757 4944 840 4997 hic
862 4946 1088 5013 accipiet
1122 4945 1535 4998 benedictionem
1566 4962 1598 4997 a
1630 4944 1813 4998 Domi-

227 5048 296 5086 no
321 5031 493 5098 (Psal.
528 5034 708 5101 xxttt).
743 5033 1094 5090 Conscientia
1127 5036 1274 5088 enim
1303 5036 1395 5089 illa
1431 5037 1571 5090 bona
1607 5044 1712 5098 est,
1759 5039 1812 5091 in

234 5126 343 5177 qua
372 5127 476 5164 non
503 5119 629 5166 sunt
662 5127 824 5182 opera
854 5121 1094 5177 mortua,
1136 5113 1230 5168 sed
1255 5113 1324 5168 ab
1349 5115 1600 5170 omnibus
1625 5131 1813 5185 pecca-

238 5209 412 5253 torum
444 5203 689 5257 sordibus
734 5209 818 5258 est
861 5205 1136 5259 mundata.
1177 5203 1330 5260 Unde
1365 5213 1418 5260 et
1461 5207 1529 5260 ad
1556 5205 1812 5262 Hebraros

237 5290 432 5362 Paulus
457 5292 733 5360 apostolus
762 5294 876 5348 ait:
925 5294 1028 5361 Qui
1053 5312 1147 5366 per
1181 5294 1434 5367 Spiritum
1464 5307 1702 5351 sanctum
1732 5315 1812 5352 se-

235 5388 508 5454 metipsum
539 5388 720 5440 obtulit
749 5389 1142 5444 immaculatum
1171 5388 1301 5454 Deo,
1327 5371 1663 5444 et'mandavit
1690 5407 1814 5444 con-

234 5479 505 5532 scientiam
533 5490 766 5534 uostram
790 5481 855 5535 ab
883 5483 1123 5552 aperibus
1166 5485 1390 5537 mortuis
1415 5483 1602 5552 (Hebr.
1631 5483 1730 5555 ιχ),
1760 5484 1812 5538 id

237 5557 337 5631 est,
367 5573 622 5639 peccatis.
667 5570 840 5641 Opera
877 5574 1020 5628 cnim
1050 5584 1261 5628 mortua
1288 5572 1662 5644 intelliguntur
1686 5589 1814 5644 pee-

235 5669 377 5716 cata.
417 5661 493 5718 lbi
541 5677 670 5733 ergo
713 5675 794 5720 cst
827 5666 1158 5723 conscientia
1209 5666 1368 5733 bona,
1420 5666 1510 5722 ubi
1544 5673 1626 5721 cst
1664 5665 1815 5721 inno-

1917 3217 2055 3269 enim
2080 3229 2258 3270 ttastra
2287 3227 2500 3282 (eterna,
2531 3235 2632 3272 non
2655 3235 2813 3272 manu
2840 3219 2980 3288 facta
3010 3219 3094 3291 (II
3119 3220 3242 3275 Cor.
3273 3223 3349 3293 v),
3378 3239 3497 3294 qua:

1916 3308 2074 3362 bonis
2102 3309 2356 3379 operibus
2383 3310 2682 3364 aediﬁcatur
2714 3311 2766 3364 in
2807 3311 2944 3366 coelo
2966 3351 2980 3375 ,
3022 3312 3064 3365 si
3098 3329 3258 3382 supra
3298 3324 3500 3383 petram
3567 3297 3569 3299 1

1918 3396 2138 3470 (Matth.
2167 3398 2289 3470 vn),
2318 3399 2368 3452 id
2393 3407 2476 3453 est
2497 3415 2657 3469 supra
2689 3400 2963 3455 Christum
2988 3442 3003 3465 ,
3052 3401 3216 3456 fuerit
3255 3402 3498 3468 fundata,

1915 3505 1948 3545 a
1987 3491 2189 3546 nullius
2237 3478 2668 3561 supervenientis
2715 3493 2916 3564 impetu
2972 3493 3210 3563 patietur
3263 3495 3496 3550 ruinam.

1915 3580 2190 3638 Christum
2232 3584 2378 3639 enim
2426 3585 2590 3640 habet
2635 3569 3047 3640 fundamentum
3074 3625 3090 3650 ,
3137 3584 3259 3639 idco
3297 3586 3499 3640 nullius

1917 3671 2130 3728 timebit
2175 3673 2484 3744 impulsum.
2543 3674 2854 3730 Thesaurus
2877 3675 3020 3729 enim
3051 3683 3298 3730 terrenus
3318 3717 3333 3740 ,
3365 3678 3492 3746 quia

1916 3760 2191 3817 Christum
2223 3780 2330 3819 non
2355 3765 2519 3820 habet
2546 3765 2600 3818 in
2631 3764 3002 3831 fundamento,
3029 3781 3059 3820 a
3090 3765 3390 3823 latronibus
3416 3768 3497 3823 ef-

1915 3849 2124 3905 foditur
2163 3860 2220 3906 et
2265 3851 2495 3908 furatur.
2552 3854 2862 3909 Thesaurus
2896 3870 3024 3909 vero
3061 3856 3154 3925 qui
3192 3856 3246 3910 in
3278 3856 3431 3912 etatis
3467 3875 3498 3912 a

1917 3941 2120 3995 sanctis
2160 3943 2440 3996 monachis
2477 3942 2896 4004 thesaurizatur,
2940 3943 3064 4012 quia
3093 3944 3374 3998 Christum
3405 3947 3510 4000 ιω.

1916 4027 2006 4081 bet
2041 4029 2093 4082 in
2139 4026 2519 4092 fundamento,
2569 4045 2670 4084 nec
2701 4030 2956 4084 effoditur
2993 4046 3023 4084 a
3064 4031 3366 4088 latronibus
3398 4050 3502 4089 nec

1918 4115 2147 4170 furatur.
2213 4117 2287 4170 lbi
2336 4117 2480 4172 enim
2528 4133 2630 4174 nos
2675 4118 2789 4188 ipse
2820 4119 3080 4173 Dominus
3125 4120 3495 4178 tbcsaurizare

1909 4209 2107 4279 jubet,
2155 4227 2276 4266 cum
2322 4212 2456 4266 dicit
2502 4230 2513 4264 ε
2565 4212 2938 4269 Thesaurizate
2965 4214 3102 4267 vobis
3136 4214 3408 4270 thesauros
3440 4218 3496 4272 in

1917 4300 2064 4364 caelo,
2093 4301 2184 4355 ubi
2212 4318 2302 4355 nec
2332 4318 2533 4372 azrugo,
2573 4321 2665 4358 nec
2692 4304 2828 4358 tinea
2856 4306 3188 4372 exterminat,
3223 4324 3314 4362 nec
3351 4309 3496 4377 [ures

1919 4393 2200 4462 effodiunt,
2243 4403 2334 4448 aut
2363 4393 2613 4462 [urantur
2645 4396 2856 4468 (Matth.
2886 4397 2983 4467 vi).
3023 4397 3097 4452 lbi
3125 4407 3177 4454 et
3205 4399 3496 4470 Apostolus

1915 4498 2100 4537 veram
2151 4500 2250 4539 nos
2294 4485 2573 4540 denuntiat
2609 4489 3015 4556 apprehendere
3053 4490 3250 4556 vitam;
3283 4491 3328 4545 si
3362 4491 3490 4546 dum

1913 4576 2147 4632 vivimus
2170 4577 2223 4630 in
2253 4577 2536 4646 prmscnti,
2574 4579 2804 4635 sollicite
2835 4580 3046 4634 Domini
3074 4582 3494 4638 custodierimus

1911 4676 2202 4735 praecepta.
2245 4666 2394 4724 .Sine
2435 4667 2599 4723 dubio
2644 4669 2720 4722 illi
2765 4684 2948 4723 veram
2989 4672 3156 4724 vitam
3190 4671 3495 4742 apprehen-

1910 4757 2045 4810 dunt
2065 4757 2118 4810 in
2139 4755 2318 4811 futuro
2347 4758 2564 4823 smculo,
2593 4759 2683 4827 qui
2707 4759 2881 4815 adhuc
2909 4762 3147 4814 viventes
3177 4760 3230 4814 in
3263 4762 3486 4826 mundo,

1912 4851 2020 4906 illic
2056 4851 2319 4907 bonorum
2360 4867 2581 4908 suorum
2617 4869 2839 4924 operum
2877 4855 3116 4924 quotidie
3141 4856 3495 4927 sibimetipsis

1915 4940 2154 4995 condunt
2205 4943 2538 4998 thesaurum.
2609 4943 2746 4997 llinc
2786 4955 2842 4999 et
2885 4945 3013 5000 aliii
3057 4947 3316 5016 scriptum
3368 4956 3490 5003 est:

1915 5030 2062 5088 Pone
2087 5034 2390 5087 thesaurum
2413 5044 2560 5088 tuum
2599 5035 2653 5089 in
2679 5038 2949 5104 prameptis
2973 5036 3258 5099 Altissimi,
3289 5046 3338 5090 et
3364 5053 3492 5106 pro-

1915 5123 2050 5175 derit
2077 5122 2169 5174 tibi
2198 5125 2363 5192 magis
2386 5140 2542 5194 quam
2573 5139 2760 5176 aurum
2785 5123 2975 5195 (Eccli.
2995 5125 3495 5191 xx:s).Thesaurus

1915 5214 2058 5268 enim
2119 5221 2366 5268 terrenus
2411 5214 2625 5270 divitias
2671 5224 2853 5270 servat
2906 5215 3146 5272 fallaces.
3177 5217 3492 5271 Thesaurus

1913 5318 2044 5357 vero
2069 5302 2307 5358 caelestis
2326 5303 2492 5357 vitam
2525 5318 2709 5359 veram
2734 5306 2939 5374 pariter
2967 5316 3235 5378 praeparat
3267 5312 3322 5360 et
3338 5313 3496 5360 teter-

1915 5407 2060 5445 nam.
2127 5389 2207 5444 Ad
2256 5392 2717 5459 comparationem
2761 5393 2907 5448 enim
2956 5394 3114 5449 istius
3169 5392 3496 5446 transitoria:

1916 5484 2038 5538 vita:
2067 5482 2153 5536 illa
2185 5483 2383 5537 dicitur
2412 5499 2539 5537 vera
2580 5485 2686 5538 vita
2735 5486 2789 5539 in
2834 5502 2939 5555 qua
2985 5483 3271 5539 virtutibus
3300 5483 3497 5541 divites

1918 5574 2190 5638 monachi,
2214 5575 2266 5628 in
2297 5583 2556 5644 perpetuo
2589 5576 2816 5631 feliciter
2841 5591 2962 5629 cum
2999 5574 3214 5629 Christo
3243 5583 3495 5643 regnant.

1919 5667 2066 5722 Abiit
2105 5663 2394 5728 aliquando
2440 5665 2733 5722 Zacharias
2775 5665 2841 5718 ad
2870 5665 3121 5719 abbatem
3171 5678 3326 5718 suum
3373 5661 3497 5735 Syl-
