3940 6410
230 294 331 351 (78‘
1424 293 1535 347 DIA
1544 290 1729 347 DEMA
1770 289 2273 349 MONACHORUM.
3392 303 3496 356 682

233 405 359 460 talis
383 412 441 459 et
465 403 734 460 metuendi
773 402 987 475 judicis.
1024 403 1095 457 At
1118 402 1207 457 illa
1235 417 1540 457 memorans
1594 417 1815 473 Operam
1846 408 1895 466 Α
1922 400 2026 469 Qui
2055 418 2186 459 vero
2215 403 2726 474 sibimetipsinocet,
2743 410 2988 477 quamvis
3007 409 3129 466 aliis
3151 428 3259 468 non
3283 426 3497 483 noceat,

235 510 480 559 suorum,
504 493 889 559 eontremiscit,
919 500 976 549 et
994 492 1179 548 videns
1203 500 1257 547 et
1290 492 1640 549 considerans
1660 500 1813 545 actus
1916 493 2175 549 innocens
2226 510 2332 552 non
2365 504 2467 551 est.
2501 497 2577 552 De
2620 500 2838 568 propria
2888 500 3033 555 enim
3084 502 3391 560 innocentia
3442 508 3499 563 in

234 584 386 651 suos,
416 602 512 656 pro
540 595 750 641 metuet
768 584 1246 641 timorehorrendo
1258 583 1810 656 egredipertimescit.

235 675 439 731 Tamen
471 684 707 732 tremens
742 685 797 733 et
827 685 1072 732 metuens
1093 678 1163 732 ad
1186 685 1447 732 aeternum
1474 676 1650 746 pergit
1671 674 1815 744 judi-

229 768 399 823 cium.
433 768 585 825 Unde
609 769 839 825 sollicite
887 769 1047 823 debet
1075 768 1445 838 unusquisque
1474 766 1688 832 vivere,
1746 781 1815 821 ne

233 863 373 916 forte
399 862 450 914 in
479 859 851 929 iniquitatibus
881 858 994 912 suis
1020 858 1280 928 rapiatur,
1308 857 1574 926 simulque
1598 855 1816 910 finiatur

230 952 343 1007 vita
372 966 495 1006 cum
521 950 693 1020 culpa.
723 948 904 1020 (Isid.,
931 948 1023 1002 lib.
1044 964 1104 1002 ιιι
1125 947 1434 1018 Seut.,cap.
1458 945 1813 1018 6‘2.)Venturi

233 1043 379 1100 enim
426 1042 602 1095 exitus
655 1040 958 1111 ignorantia
996 1040 1198 1094 incerta
1229 1047 1344 1104 est,
1402 1046 1457 1093 et
1510 1038 1637 1093 dum
1677 1038 1814 1092 mori

232 1135 459 1204 quisque
490 1150 594 1186 non
640 1132 935 1197 existimat,
968 1130 1192 1187 tollitur.
1249 1128 1383 1182 Nam
1415 1129 1661 1183 incentor
1694 1128 1816 1189 dia-

228 1223 385 1277 bolus
412 1238 505 1277 eos
538 1238 671 1291 quos
714 1221 957 1275 viventes
994 1218 1241 1274 accendit
1291 1219 1360 1273 ad
1406 1218 1536 1272 vitia
1562 1258 1577 1283 ,
1627 1218 1815 1272 subito

226 1315 522 1368 morientes
550 1298 863 1384 pertrahere
886 1311 1075 1365 nititur
1103 1309 1170 1364 ad
1193 1317 1482 1375 tormenta,
1516 1316 1570 1362 et
1592 1316 1815 1378 repente

226 1405 361 1459 hora
386 1419 491 1474 qua
518 1403 787 1466 nesciunt,
816 1400 1109 1470 improviso
1138 1399 1287 1455 exitu
1320 1400 1625 1468 rapiuntur,
1654 1408 1815 1467 atque

226 1498 550 1552 absorbente
575 1494 857 1566 profundo,
885 1492 1162 1548 cruciandi
1191 1492 1410 1547 aeternis
1448 1491 1710 1561 gebenna:
1735 1490 1817 1543 in-

221 1589 430 1644 cendiis
476 1588 822 1655 deputantur.
880 1582 957 1638 De
1002 1582 1197 1653 quibus
1253 1582 1514 1652 scriptum
1543 1587 1664 1634 est:
1706 1578 1817 1631 Du-

222 1689 349 1735 cunt
381 1681 434 1733 in
471 1680 619 1734 bonis
660 1678 769 1732 dies
804 1693 948 1743 suos,
977 1675 1105 1730 etin
1142 1684 1333 1746 puncto
1380 1672 1448 1726 ad
1486 1671 1693 1741 inferna
1725 1671 1815 1724 de-

1917 585 2146 642 Domino
2176 588 2651 655 conlidensDavid,
2680 591 2857 646 aiebat
2882 608 2895 646 :
2916 592 3113 649 Judica
3139 612 3237 661 me,
3256 596 3495 664 Domine,

1913 679 2162 751 quoniam
2190 693 2284 750 ego
2311 678 2364 732 in
2391 679 2687 733 innocentia
2725 698 2840 735 mea
2877 682 3138 752 ingressus
3168 702 3317 752 sum,
3369 698 3417 743 et
3443 690 3498 743 in

1915 766 2142 822 Domino
2170 784 2418 839 sperans,
2465 786 2568 823 non
2594 769 2902 838 inﬁrmabar
2927 771 3260 849 (Psul.xxv).
3295 777 3363 833 Et
3397 779 3492 835 ite-

1917 872 2036 912 rum
2064 877 2078 913 :
2109 859 2224 930 Ego
2251 869 2423 913 autem
2455 861 2510 914 in
2551 861 2849 916 innocentia
2879 882 2995 918 mea
3046 867 3313 936 ingressus
3339 887 3452 925 sum
3479 913 3493 933 ,

1916 951 2115 1005 redime
2139 967 2244 1015 me,
2268 960 2316 1004 et
2344 952 2587 1006 miserere
2615 953 2717 1007 mei
2822 953 3026 1027 (IbidJ.
3150 958 3219 1013 Et
3265 961 3498 1017 interro-

1915 1054 2050 1109 gans
2074 1040 2515 1112 Dominum,quis
2543 1043 2801 1097 habitaret
2828 1030 3229 1103 intaber‘naculo
3255 1065 3374 1118 suo,
3405 1062 3500 1108 aut

1914 1131 2031 1201 quis
2060 1132 2398 1202 requiesceret
2445 1133 2500 1186 in
2527 1143 2701 1188 monte
2746 1143 2933 1189 sancto
2971 1138 3089 1208 ejus
3143 1137 3316 1211 (Psal.
3346 1141 3501 1207 xxv)’

1915 1236 2238 1291 responsum
2264 1223 2469 1278 audivit
2506 1223 2751 1278 divinum
2778 1218 2964 1281 dicens
2990 1245 3003 1280 :
3039 1227 3301 1286 Innocens
3331 1234 3501 1286 mani-

1917 1313 2011 1367 bus
2036 1323 2082 1368 et
2112 1313 2309 1369 mundo
2330 1315 2514 1380 corde,
2563 1317 2655 1387 qui
2681 1333 2785 1370 non
2815 1320 3010 1389 accepit
3033 1320 3086 1374 in
3108 1337 3245 1375 vano
3262 1325 3501 1379 animam

1916 1423 2092 1472 suam,
2125 1424 2217 1461 nec
2255 1408 2459 1477 juravit
2489 1409 2546 1462 in
2585 1408 2704 1463 dolo
2739 1411 3121 1480 proximo'suo.
3151 1411 3255 1467 Hie
3282 1416 3501 1485 accipiet

1918 1496 2326 1552 benedictionem
2357 1516 2389 1552 a
2423 1498 2669 1566 Domino,
2694 1511 2740 1554 et
2762 1500 3177 1557 misericordiae:
3201 1521 3234 1557 a
3270 1505 3379 1560 Deo
3413 1524 3499 1560 sa-

1917 1588 2082 1644 lutari
2100 1588 2196 1644 suo
2223 1588 2394 1663 (Psal.
2420 1591 2599 1662 χχιιι).
2630 1590 2707 1665 (I.
2746 1591 2960 1665 ωυρμ,
3001 1612 3159 1652 serm.
3190 1597 3253 1651 de
3280 1597 3497 1670 Ioseph.

1918 1678 2068 1732 vend.
2101 1695 2133 1732 a
2161 1677 2342 1752 fratr.)
2361 1678 2567 1746 Gaude,
2600 1681 2927 1748 innocentia,
2951 1690 3007 1738 et
3029 1685 3272 1753 exsulta;
3304 1688 3498 1758 gaude,

220 1770 475 1824 scendunt
494 1768 615 1841 (Job
661 1767 1106 1839 xxr).Pravorum
1128 1764 1272 1820 enim
1296 1763 1504 1816 animas
1531 1760 1809 1815 hominum
1839 1753 1885 1813 B
1915 1768 2157 1839 inquam,
2186 1770 2312 1840 quia
2341 1770 2543 1844 ubique
2583 1771 2750 1828 ίηωεδ
2797 1787 2857 1829 es
2884 1815 2899 1841 ’
2954 1774 3153 1844 ubique
3198 1753 3388 1833 scca”
3413 1797 3425 1832 ε
3454 1780 3500 1834 si

224 1868 488 1932 apostatae
537 1859 713 1928 angeli
756 1857 1036 1928 excipiunt
1076 1871 1106 1910 a
1159 1868 1385 1924 corpore
1421 1860 1719 1918 exeuntes,
1747 1859 1810 1906 ut

225 1955 339 2009 sint
368 1954 447 2009 eis
477 1953 577 2024 ipsi
630 1960 861 2007 tortores
889 1950 944 2004 in
982 1949 1158 2019 pmnis
1186 1948 1275 2019 qui
1299 1945 1518 2001 fuerunt
1557 1960 1809 2000 suasores

217 2048 282 2105 in
334 2051 497 2105 vitiis.
564 2047 751 2103 Finem
802 2062 930 2103 vero
961 2046 1232 2118 justorum
1281 2044 1544 2115 optimum
1595 2040 1809 2097 vocatio

223 2140 513 2213 tranquilla
528 2154 913 2211 nonnunquam
935 2127 1301 2201 commendat,
1335 2143 1395 2189 ut
1421 2148 1487 2189 ex
1518 2150 1583 2189 eo
1606 2132 1803 2188 intelli-

221 2243 420 2307 gantur
432 2234 497 2288 ad
513 2240 820 2288 sanctorum
837 2229 1149 2303 angelorum
1164 2227 1435 2299 pertinere
1450 2224 1805 2290 consortium,

219 2342 292 2381 ex
325 2341 431 2395 quo
459 2325 527 2379 ab
569 2325 673 2379 hoc
728 2337 957 2393 corpore
1006 2321 1124 2377 sine
1150 2319 1283 2375 dura
1306 2318 1593 2373 vexatione
1616 2316 1812 2372 tollun-

220 2428 329 2473 tur.
366 2415 516 2473 Uude
538 2426 592 2471 et
623 2430 725 2485 pro
751 2414 948 2469 talibus
973 2411 1220 2484 quamvis
1245 2410 1425 2481 pietas
1442 2408 1630 2481 jubeat
1657 2406 1806 2474 ﬂere,

222 2507 358 2563 fides
388 2514 570 2561 tamen
603 2512 750 2560 vetat
791 2504 996 2576 lugere.
1026 2501 1108 2556 llli
1128 2501 1277 2557 enim
1321 2508 1447 2555 sunt
1469 2497 1806 2570 deplorandi,

219 2613 356 2667 quos
384 2596 698 2651 barathrum
726 2593 979 2649 absorbet
1003 2591 1227 2657 inferni,
1258 2606 1366 2645 non
1409 2604 1545 2661 quos
1575 2587 1695 2643 aula
1722 2587 1811 2643 lae-

218 2687 501 2742 tilicandos
531 2684 729 2756 excipit
754 2683 1010 2757 paradisi.
1028 2681 1280 2752 Legimus
1295 2680 1361 2735 de
1388 2679 1621 2751 quodam
1652 2693 1803 2743 sene,

215 2780 312 2850 qui
340 2794 462 2834 cum
490 2785 793 2833 moreretur
820 2776 875 2832 in
925 2774 1148 2847 Scythi,
1175 2770 1653 2829 circumdederunt
1697 2771 1806 2826 fra-

221 2880 336 2941 tres
364 2870 561 2924 lectum
592 2868 711 2937 ejus
732 2908 748 2934 ,
796 2876 851 2923 et
885 2866 1183 2922 vestierunt
1205 2880 1327 2921 eum
1354 2905 1370 2929 ,
1426 2871 1483 2919 et
1522 2869 1807 2933 coeperunt

218 2961 369 3017 ﬂere.
403 2960 494 3015 llle
523 2967 703 3014 autem
736 2957 947 3029 aperuit
967 2956 1171 3022 oculos,
1212 2963 1269 3011 et
1293 2953 1433 3009 risit.
1464 2952 1677 3023 Adjecit
1704 2952 1805 3008 ite-

220 3070 339 3109 rum
371 3054 568 3108 ridere.
601 3050 715 3107 Hoc
746 3051 909 3105 etiam
936 3049 1139 3104 factum
1175 3056 1261 3104 est
1283 3047 1463 3103 tertio.
1493 3044 1649 3113 Quod
1677 3044 1801 3101 cu'm

1913 1861 2163 1929 tentaris,
2185 1862 2434 1933 proficis;
2472 1864 2518 1923 si
2547 1864 2871 1932 humiliaris,
2892 1867 3155 1938 erigaris;
3197 1869 3241 1924 si
3269 1886 3497 1942 pugnas,

1909 1950 2111 2017 vincis;
2142 1951 2188 2007 si
2219 1952 2505 2021 occideris,
2529 1955 2827 2025 coronaris.
2846 1956 2925 2011 Tu
2961 1957 3014 2011 in
3043 1959 3300 2013 servitute
3328 1960 3500 2015 libera

1908 2057 1991 2108 es,
2016 2042 2071 2097 in
2102 2043 2355 2114 periculis
2377 2052 2488 2099 tuta
2516 2085 2531 2110 .
2582 2046 2636 2105 in
2663 2048 2904 2104 custodia
2961 2048 3102 2104 laeta.
3168 2049 3288 2106 Tibi
3323 2052 3501 2106 omnis

1910 2140 2096 2189 reatus
2118 2133 2410 2202 addicitur,
2443 2136 2536 2191 tibi
2568 2137 2817 2194 universa
2835 2139 3038 2195 malitia
3064 2140 3396 2213 subjugatnr.
3425 2142 3502 2199 Te

1910 2231 2161 2294 potentes
2214 2223 2504 2293 honorant,
2547 2227 2850 2299 suscipiunt
2896 2231 3191 2303 principes,
3220 2245 3500 2305 magnates

1909 2314 2223 2384 exquirunt,
2256 2316 2422 2372 etiam
2453 2316 2528 2372 illi
2564 2327 2616 2373 te
2645 2334 3031 2391 nonnunquam
3068 2322 3381 2379 desiderant
3404 2327 3498 2396 qui

1910 2406 2250 2478 impugnant.
2283 2406 2403 2463 Tibi
2433 2409 2560 2464 boni
2605 2418 2818 2480 parent,
2846 2410 2972 2466 mali
3002 2411 3262 2469 invident.
3311 2415 3499 2472 Zelaut

1913 2500 2116 2568 tumuli,
2146 2500 2351 2558 inimici
2373 2504 2749 2569 succumbunt,
2778 2519 2879 2559 nec
2904 2522 3139 2577 unquam
3174 2509 3379 2578 potetis
3420 2510 3499 2563 vi-

1907 2587 2050 2643 ctrix
2077 2604 2182 2642 non
2212 2603 2357 2655 esse,
2384 2590 2597 2645 etiamsi
2635 2592 2731 2645 tibi
2764 2592 2908 2647 inter
2943 2594 3191 2651 homines
3225 2595 3396 2665 judex
3415 2596 3499 2668 ju-

1907 2685 2024 2735 stus
2058 2677 2308 2735 defuerit.
2333 2679 2597 2736 Dicebant
2625 2682 2691 2736 de
2713 2684 2909 2740 abbate
2930 2683 3099 2742 Paulo
3124 2689 3265 2758 quod
3290 2697 3501 2746 teneret

1906 2769 2157 2826 manibus
2185 2778 2425 2827 cerastas
2454 2772 2547 2844 qui
2586 2773 2838 2831 dicuntur
2862 2779 3097 2844 cornuti,
3123 2787 3177 2834 et
3211 2790 3493 2851 serpentes

1907 2867 1961 2916 et
1984 2861 2199 2933 aspides
2225 2870 2387 2933 atque
2449 2864 2785 2934 scorpiones.
2819 2875 2874 2922 et
2927 2869 3208 2926 scindebat
3257 2887 3353 2928 eos
3398 2888 3499 2945 per

1906 2951 2164 3006 medium.
2197 2950 2456 3008 Videntes
2503 2962 2684 3010 autem
2734 2956 2850 3012 hmo
2900 2956 3117 3026 fratres,
3156 2961 3496 3019 satisfacien-

1906 3050 1989 3098 tes
2023 3044 2074 3099 ei
2119 3044 2526 3116 interrogabant
2561 3060 2706 3114 eum,
2739 3048 3017 3105 dicentes:
3047 3050 3143 3107 Dic
3173 3054 3330 3111 nobis
3364 3056 3495 3126 quid

217 3145 468 3200 viderent
502 3142 718 3210 fratres,
751 3147 1077 3213 rogaverunt
1106 3156 1233 3196 eum
1264 3141 1510 3195 dicentes
1536 3156 1550 3192 :
1578 3137 1677 3195 Dic
1705 3153 1803 3195 no—
1829 3107 1874 3169 Ο
1905 3145 2161 3207 operatus
2187 3153 2247 3193 es
2274 3146 2335 3192 ut
2357 3138 2634 3209 acciperes
2658 3140 2886 3211 gratiam
2918 3142 3114 3198 istam?
3140 3143 3239 3212 Qui
3268 3147 3345 3201 ait
3368 3107 3452 3203 eis
3476 3166 3492 3204 :

220 3234 321 3299 bis,
345 3235 503 3301 abba,
534 3247 723 3303 quare,
760 3232 914 3287 nobis
964 3230 1235 3296 flentibus,
1266 3237 1323 3285 tu
1351 3229 1532 3286 rides?
1569 3228 1638 3286 Et
1664 3229 1804 3286 dixit

218 3326 299 3380 eis
331 3343 344 3379 :
373 3325 555 3380 Primo
584 3324 697 3389 risi,
724 3323 849 3393 quia
885 3336 981 3377 vos
1034 3321 1234 3377 timetis
1267 3328 1518 3376 mortem.
1548 3319 1800 3377 Secundo

219 3416 337 3481 risi,
365 3415 489 3485 quia
515 3430 621 3469 non
648 3415 779 3469 estis
824 3412 1020 3483 parati.
1055 3411 1237 3467 Tertio
1265 3420 1445 3468 autem
1482 3412 1577 3468 risi
1602 3453 1617 3479 ,
1672 3411 1799 3482 quia

216 3522 286 3562 ex
314 3507 497 3562 labore
523 3506 590 3560 ad
624 3504 865 3575 requiem
900 3505 1057 3559 vado.
1098 3500 1215 3558 lloc
1248 3519 1372 3559 cum
1403 3501 1653 3569 dixisset,
1682 3509 1798 3557 sta-

219 3597 316 3653 tim
342 3596 539 3652 clausit
556 3595 742 3652 oculos
770 3609 935 3650 senex
966 3595 1020 3649 in
1051 3602 1301 3650 mortem.
1332 3593 1597 3650 Dicebant
1635 3602 1692 3649 et
1731 3595 1798 3649 de

219 3688 413 3743 abbate
440 3687 594 3757 Sysoi
619 3685 764 3755 quod
800 3686 855 3740 in
880 3685 969 3740 die
1012 3686 1355 3742 dormitionis
1382 3701 1494 3741 suae
1543 3700 1665 3741 cum
1713 3700 1798 3740 se-

218 3777 410 3832 derent
436 3776 578 3831 circa
615 3789 740 3830 eum
766 3773 985 3839 fratres,
1011 3774 1281 3843 splenduit
1320 3785 1580 3845 tanquam
1611 3773 1692 3830 sol
1720 3773 1799 3828 fa-

214 3868 331 3924 cies
366 3865 503 3936 ejus,
535 3874 590 3922 et
612 3865 749 3922 dixit
775 3866 845 3921 ad
866 3879 959 3921 eos
982 3882 996 3918 :
1028 3864 1189 3929 Ecce,
1220 3864 1387 3921 abbas
1412 3864 1682 3922 Antonius
1706 3880 1799 3918 ve-

217 3960 317 4014 nit.
350 3959 417 4014 Et
436 3966 554 4029 post
576 3956 849 4028 paululum
872 3971 1086 4012 rursum
1109 3956 1240 4013 dicit
1253 3956 1333 4012 eis
1360 3974 1374 4011 :
1402 3957 1566 4021 Ecce,
1594 3956 1795 4011 chorus

215 4049 600 4121 prophetarum
645 4047 811 4104 venit.
844 4046 914 4101 Et
941 4046 1141 4102 iterum
1187 4045 1419 4117 amplius
1460 4044 1627 4100 facies
1677 4044 1797 4115 ejus

216 4138 566 4210 resplenduit,
596 4146 653 4195 et
676 4138 812 4193 dixit
837 4154 851 4190 :
877 4136 1041 4200 Ecce,
1068 4137 1267 4191 chorus
1307 4135 1677 4205 apostolorum
1702 4150 1795 4190 ve-

215 4235 325 4300 nit;
359 4243 413 4290 et
440 4233 726 4303 dupliciter
752 4230 963 4287 refulsit
1005 4230 1181 4287 adhuc
1212 4228 1381 4286 facies
1402 4226 1541 4297 ejus,
1575 4236 1632 4283 et
1666 4243 1794 4284 ecce

213 4327 330 4397 ipse
352 4341 475 4381 cum
502 4323 768 4394 aliquibus
794 4322 1134 4391 loquebatur.
1160 4320 1443 4392 Deprecati
1463 4327 1591 4375 sunt
1609 4327 1791 4376 autem

1903 3228 2171 3301 Ignoscite
2194 3230 2346 3296 mihi,
2373 3230 2583 3287 Patres.
2617 3230 2678 3287 Si
2699 3233 2821 3303 quis
2851 3235 3153 3303 possederit
3198 3239 3494 3307 puritatem

1902 3328 1960 3376 et
1984 3320 2365 3388 innocentiam,
2390 3323 2573 3377 omnia
2616 3323 2976 3395 subjiciuntur
3029 3325 3114 3390 ei,
3166 3328 3306 3382 sicut
3329 3327 3491 3396 Adae,

1902 3415 2119 3484 quando
2144 3419 2258 3469 erat
2283 3413 2333 3467 in
2363 3414 2613 3483 paradiso
2644 3422 2772 3470 ante
2801 3416 3306 3486 prmvaricationem
3336 3435 3490 3477 man-

1902 3506 2010 3560 dati
2044 3506 2232 3560 divini.

2509 3596 2736 3654 CAPUT
2779 3597 2889 3653 XC.

2224 3686 2364 3752 Quid
2388 3688 2456 3741 sit
2486 3689 2818 3758 sancti/icore
2839 3690 3124 3761 jejunium.

1970 3778 2107 3845 Quia
2163 3775 2458 3849 jejunantis
2515 3769 2727 3834 Dinnini
2789 3781 3047 3838 victorias
3103 3795 3485 3855 recensentes,

1902 3870 2231 3939 triumphum
2257 3877 2459 3925 nosti-te
2497 3871 2688 3926 salutis
2709 3875 3049 3943 agnovimus,
3068 3875 3270 3947 jejuuia
3297 3890 3488 3936 nostra

1900 3959 2176 4030 religionis
2215 3959 2617 4015 sanctificemus
2670 3962 2963 4032 obsequiis.
3002 3964 3142 4032 Quid
3193 3978 3371 4024 autem
3401 3981 3487 4027 est

1896 4050 2071 4115 aliud,
2124 4048 2454 4118 sancti/icore
2499 4049 2767 4119 jejunium
2814 4051 3082 4124 (10:21.1),
3139 4056 3241 4112 nisi
3288 4057 3485 4126 jejunii

1895 4154 2058 4195 causa
2098 4146 2285 4193 sancta
2306 4138 2466 4205 velle,
2481 4137 2630 4207 justa
2660 4138 2861 4207 facere,
2891 4142 3074 4214 iniqua
3095 4146 3289 4202 vitare.
3343 4147 3484 4204 Sau-

1895 4228 2212 4286 ctillcatille
2229 4227 2519 4297 jejunium,
2544 4231 2636 4299 qui
2663 4229 2911 4291 flammas
2947 4234 3221 4292 saevientis
3261 4237 3483 4295 iracun-

1893 4321 2014 4386 diae,
2040 4329 2336 4377 mansuetae
2364 4322 2563 4377 mentis
2599 4321 2966 4393 placabilitate
2994 4328 3300 4401 restinguit.
3336 4330 3478 4389 San—

212 4417 362 4472 illum
411 4429 568 4471 senes
597 4453 613 4479 ,
669 4414 944 4469 dicentes:
985 4411 1120 4469 Cum
1140 4427 1249 4483 quo
1269 4412 1540 4483 loqueris,
1592 4414 1791 4469 Pater?
1814 4411 2095 4510 Detiflcat
2114 4411 2414 4482 jejunium,
2458 4413 2551 4482 qui
2600 4413 2942 4472 lascivientes
2973 4419 3161 4477 oculos
3208 4425 3353 4495 turpi
3407 4427 3480 4484 ab

213 4508 317 4577 Qui
345 4509 482 4564 dixit
504 4507 623 4564 eis:
655 4507 792 4562 Ecce
821 4506 995 4577 angeli
1019 4514 1284 4563 venerunt
1308 4507 1554 4577 accipere
1599 4522 1707 4572 me,
1732 4515 1787 4564 et

211 4613 345 4670 rogo
378 4605 440 4652 ut
482 4596 723 4652 dimittar
747 4596 1009 4666 paenitere
1037 4597 1326 4652 modicum.
1369 4595 1567 4652 Dicunt
1593 4598 1644 4653 ei
1691 4613 1783 4654 se-

212 4692 431 4747 niores:
462 4687 579 4744 Non
611 4688 818 4760 indiges
836 4688 1173 4760 pmpitentia,
1196 4688 1378 4744 Pater.
1421 4689 1569 4745 Dixit
1602 4697 1783 4746 autem

211 4781 359 4839 illis:
389 4778 529 4837 Vere
558 4779 742 4836 nescio
790 4779 1075 4850 meipsum,
1099 4779 1182 4835 vel
1229 4780 1443 4836 initium
1487 4781 1784 4852 sumpsisse

211 4872 523 4944 pmnitendi.
562 4872 631 4927 Et
648 4879 1012 4943 cognoverunt
1034 4886 1222 4928 omnes
1245 4872 1370 4942 quia
1391 4872 1666 4943 perfectus
1691 4888 1780 4929 es-

212 4969 312 5017 set.
336 4962 402 5016 Et
434 4977 621 5019 rursus
665 4962 845 5017 subito
891 4961 1031 5018 facta
1068 4971 1152 5017 est
1176 4963 1343 5020 facies
1370 4963 1486 5034 ejus
1511 4965 1654 5021 sicut
1679 4965 1781 5031 sol,

212 5058 267 5106 et
292 5051 585 5107 timuerunt
612 5067 820 5107 omnes.
849 5051 997 5107 Dixit
1016 5065 1198 5111 autem
1225 5054 1306 5111 eis
1334 5072 1347 5108 :
1381 5056 1601 5121 Videte,
1655 5071 1783 5112 ecce

212 5141 470 5201 Dominus
517 5142 666 5197 venit
714 5142 937 5203 dicens:
966 5142 1220 5199 Auferam
1267 5142 1402 5215 [Αι.,
1431 5143 1640 5216 afferte]
1688 5160 1785 5200 vas

211 5233 340 5291 mihi
387 5233 668 5290 electionis
688 5234 879 5290 eremi.
895 5234 961 5295 Et
980 5235 1235 5291 continuo
1251 5235 1484 5293 reddidit
1506 5236 1779 5305 spiritum.

211 5323 279 5379 Et
305 5321 449 5379 facto
471 5321 676 5394 fulgore
703 5324 940 5395 repletus
989 5333 1076 5380 est
1108 5332 1252 5382 totus
1302 5325 1453 5381 locus
1500 5326 1589 5381 ille
1615 5327 1782 5383 odore

209 5412 517 5470 suavitatis.

719 5502 948 5560 CAPUT
983 5504 1270 5565 LXXXIX.

790 5593 866 5649 De
901 5597 1221 5653 innocentia.

278 5685 371 5744 lllc
400 5704 523 5745 vere
553 5689 810 5743 innocens
830 5696 915 5741 est
944 5687 1034 5759 qui
1062 5704 1163 5743 nec
1195 5690 1314 5747 aliis
1340 5707 1437 5748 nec
1464 5688 1560 5749 sibi
1601 5703 1779 5753 nocet.

684 5783 957 5842 Parnm.
1012 5778 1142 5841 Cll.

1893 4510 2118 4573 aspectu
2146 4502 2373 4557 habenis
2414 4504 2682 4561 castitatis
2708 4507 2924 4562 avertit.
2952 4506 3266 4581 (Maximus,
3289 4515 3477 4574 uomit.

1893 4594 1944 4658 l,
1975 4593 2041 4647 de
2069 4592 2272 4664 jejunio
2319 4591 2795 4668 Quodrogesimte.)
2821 4595 3138 4656 Sanetiflcat
3181 4603 3471 4678 jejunium,

1891 4683 1982 4753 qui
2018 4683 2388 4739 conviciorum
2407 4684 2587 4755 jaeula
2608 4695 2764 4742 scuto
2802 4689 3079 4758 patientiae
3115 4709 3434 4765 repercussa
3456 4744 3472 4768 ,

1890 4775 2169 4845 dispergit.
2206 4773 2524 4832 Sanctiﬁcat
2558 4775 2846 4849 jejunium,
2874 4783 2966 4852 qui
3010 4784 3331 4858 litigantium
3381 4802 3474 4848 tu-

1890 4866 2091 4923 multus
2112 4865 2320 4937 paciflci
2348 4870 2615 4925 sermonis
2641 4879 2696 4925 et
2739 4871 2936 4942 linguae
2960 4876 3326 4945 prudentioris
3353 4894 3475 4940 arte

1886 4959 2199 5027 compescit.
2241 4956 2558 5017 Sanctiﬁcat
2603 4959 2901 5032 jejunium,
2933 4968 3028 5037 qui
3076 4984 3473 5045 consurgentes

1886 5050 1940 5106 in
1972 5052 2263 5121 semetipso
2285 5067 2545 5109 vanorum
2593 5056 2981 5126 cogitationum
3007 5062 3193 5132 spinas
3237 5080 3472 5141 evange-

1882 5144 1989 5200 lico
2016 5145 2258 5203 suleante
2282 5160 2523 5213 vomere,
2549 5148 2699 5204 velut
2721 5151 2940 5219 quidam
2973 5159 3214 5224 pectoris
3235 5161 3316 5215 sui
3343 5176 3472 5217 ara-

1885 5243 1986 5299 tor,
2010 5236 2233 5293 excidit.
2261 5235 2576 5294 Sanctiﬁcat
2591 5237 2878 5310 jejunium,
2906 5246 2997 5316 qui
3026 5246 3240 5319 inopias
3266 5267 3469 5323 egeno-

1885 5342 2006 5382 rum
2034 5342 2133 5398 pro
2155 5327 2457 5398 quantitate
2482 5329 2795 5388 substantiae
2813 5349 2929 5389 sum
2942 5336 3252 5395 miserantis
3273 5356 3467 5400 manus

1883 5420 2218 5477 humanitate
2231 5420 2457 5476 solatur.
2480 5421 2739 5493 Apprime
2752 5427 3057 5483 sanctificat
3071 5429 3162 5486 ille
3173 5430 3463 5502 jejunium,

1883 5514 1974 5583 qui
2002 5523 2099 5585 per
2120 5515 2302 5571 omnia
2330 5514 2616 5585 praeceptis
2640 5516 2835 5573 divina:
2862 5518 2995 5589 legis
3033 5519 3271 5576 intentus
3293 5562 3310 5588 ,
3349 5523 3468 5582 dia.

1887 5604 2056 5661 bolica
2084 5620 2113 5660 a
2138 5605 2300 5662 corde
2320 5620 2420 5660 suo
2446 5607 2652 5675 respuit
2699 5615 3047 5663 tentamenta.
3076 5609 3144 5664 Et
3186 5610 3326 5677 ideo,
3352 5614 3468 5673 fra-

1886 5703 1996 5753 tres
2018 5693 2343 5762 cbarissimi,
2380 5696 2425 5751 si
2463 5697 2713 5754 volumus
2739 5700 2847 5753 Deo
2897 5698 3087 5763 placita
3116 5703 3369 5762 exhibere
3386 5709 3471 5780 je.

2939 5790 3017 5849 22
