3940 6410
472 253 579 312 683

1764 244 1901 303 SMA
1910 243 2046 301 MC
2056 244 2119 300 Dl
2158 240 2450 298 ABBATIS

3661 245 3772 302 σω

464 368 646 443 junia,
674 368 842 424 simus
880 367 933 422 in
964 365 1069 421 ﬁde
1103 364 1291 431 fortes,
1322 362 1375 418 in
1416 362 1637 431 iudiciis
1654 360 1817 431 justi,
1846 362 1902 417 in
1928 361 2063 417 ami—
2092 363 2139 422 A
2168 356 2453 413 domestici
2483 356 2807 423 efﬁciamur,
2850 366 3118 428 quatenus
3155 367 3342 416 sancta
3385 357 3580 430 hujus,
3603 368 3663 414 ut
3687 362 3773 416 di-

470 461 602 516 citia
640 459 846 523 ﬁdeles,
875 458 927 512 in
956 456 1168 528 injuriis
1191 456 1457 526 patientes
1481 495 1495 520 ,
1548 454 1603 508 in
1627 452 2065 509 contentionibus

470 551 759 616 moderati,
788 548 1119 620 refugientes
1167 544 1530 617 turpiloquia,
1578 545 1841 601 adversus
1880 544 2061 613 iniqua

467 649 800 706 constantes,
825 640 879 695 in
908 639 1175 695 conviviis
1222 639 1409 705 sobrii,
1443 640 1497 694 in
1529 636 1897 707 voluptatibus
1929 650 2062 691 con-

466 734 726 799 tinentes,
750 733 804 788 in
827 733 1100 789 charitate
1121 731 1417 803 simplices,
1442 732 1584 785 inter
1613 728 1870 785 subdolus
1896 725 2062 790 cauti,

463 825 817 882 condolentes
844 826 1113 891 tristibus,
1148 825 1565 881 contumacibus
1606 822 1960 885 resistentes,
2008 820 2063 874 in

464 918 869 989 suspicionibus
915 916 1065 988 parci
1090 957 1108 982 ,
1164 916 1306 971 inter
1333 914 1654 984 maliloquos
1684 911 1875 978 taciti,
1920 910 2065 965 inter

464 1008 700 1064 humiles
726 1007 1047 1078 comquales.
1075 1006 1132 1062 Si
1174 1004 1481 1075 hujusmodi
1525 1003 1823 1059 virtutibus
1875 1010 2063 1057 nostra

462 1099 798 1156 voluerimus
825 1099 1168 1155 sanctiﬁcarc
1189 1098 1417 1169 jejunia,
1448 1097 1723 1152 tribuente
1745 1094 1975 1149 Domino
1995 1096 2065 1150 ad

464 1192 813 1247 testivitatem
857 1190 1135 1246 Paschalis
1177 1190 1404 1261 gratim,
1452 1196 1509 1243 et
1559 1187 1627 1242 ad
1666 1187 1861 1259 gaudia
1901 1186 2066 1240 ctele-

435 1279 627 1340 'stium
655 1284 1077 1355 promissionum
1103 1283 1408 1339 indubitata
1440 1279 1654 1344 ﬁducia,
1684 1287 1739 1335 et
1778 1279 2063 1335 conscien-

465 1378 540 1432 tia
563 1377 767 1432 lcetiorc
793 1378 1077 1433 veniemus

1057 1506 1286 1563 CAPUT
1322 1505 1457 1562 XCI.

918 1599 1059 1666 Quid
1083 1599 1151 1654 sit
1184 1598 1312 1652 bene
1330 1597 1601 1668 jejunare.

2165 459 2322 505 ctum.
2345 458 2446 513 est,
2481 449 2792 519 epulatione
2819 451 2964 521 digni
2988 451 3351 508 inveniamur.

2733 540 2963 597 CAPUT
3003 542 3180 598 XCIII.

2166 628 2323 704 De‘eo
2351 631 2490 701 quod
2516 631 2689 704 otnnis
2713 631 2907 704 electus
2929 642 3085 704 atque
3109 634 3372 704 perfectus
3400 635 3697 692 monachus
3716 642 3767 687 et

2236 700 2413 765 homo,
2442 709 2489 755 et
2520 701 2735 767 vitulus,
2766 712 2814 755 et
2860 702 2962 767 leo,
2986 700 3034 757 et
3074 700 3252 774 aquila
3273 705 3577 775 ﬁguraliter
3602 708 3696 761 sit.

2234 790 2423 846 Omnis
2454 793 2656 848 ctenim
2678 792 2884 849 electus
2906 803 3068 864 atque
3114 796 3166 850 in
3204 797 3291 851 via
3324 796 3539 852 Domini
3580 798 3767 870 perfe»

2165 891 2286 937 ctus
2305 891 2360 937 et
2383 884 2545 939 homo
2565 894 2620 939 et
2641 886 2876 951 vitulus,
2923 897 2979 942 et
3016 888 3100 943 leo
3143 890 3325 953 simul,
3358 899 3414 945 et
3445 893 3626 961 aquila
3655 903 3765 949 est.

2165 972 2338 1029 Homo
2367 975 2512 1030 enim
2538 976 2804 1032 rationale
2845 988 2929 1033 est
2962 980 3184 1035 animal.
3235 980 3448 1039 Vitulus
3476 994 3659 1039 autem
3710 987 3768 1041 in

2166 1066 2492 1121 sacriﬁcium
2525 1070 2752 1124 mactari
2794 1071 2951 1126 solet.
2985 1072 3094 1126 Leo
3124 1089 3254 1129 vero
3271 1073 3427 1130 fortis
3455 1088 3540 1130 est
3563 1078 3763 1141 bestia,

2165 1157 2308 1211 sicut
2333 1158 2592 1229 scriptum
2634 1169 2758 1216 est:
2793 1161 2896 1216 Leo
2945 1163 3267 1233 fanissinnts
3312 1167 3601 1223 bestiarum
3628 1212 3641 1232 ,
3694 1173 3767 1225 ad

2166 1242 2363 1308 nullius
2386 1257 2586 1325 pavebit
2614 1275 2887 1313 occursum
2905 1257 3090 1331 (Prov.
3112 1263 3266 1333 xxx).
3282 1265 3476 1335 Aquila
3502 1268 3567 1320 ad
3591 1269 3764 1323 subii-

2166 1348 2273 1402 mia
2301 1358 2513 1415 evonat,
2561 1359 2617 1405 et
2660 1352 3070 1411 irreverheratis
3103 1357 3277 1412 oculis
3315 1359 3447 1414 solis
3475 1362 3644 1416 radiis
3680 1363 3769 1417 in—

2166 1439 2355 1494 tendit.
2387 1440 2576 1496 Omnis
2608 1442 2790 1513 itaque
2814 1446 2906 1514 qui
2967 1447 3021 1500 in
3049 1448 3260 1504 ratione
3304 1450 3578 1520 perfectus
3634 1463 3762 1518 est,

2167 1528 2328 1583 homo
2356 1538 2457 1584 est.
2494 1530 2558 1584 Et
2580 1533 2835 1602 quoniam
2865 1536 3216 1607 semetipsum
3241 1540 3311 1595 ab
3360 1541 3523 1611 hujus
3570 1545 3768 1599 mundi

2164 1618 2440 1688 voluptate
2468 1623 2778 1690 mortificat,
2816 1625 3017 1681 vitulus
3046 1638 3149 1683 est.
3182 1628 3319 1696 Quia
3349 1646 3482 1686 vero
3514 1633 3632 1703 ipsa
3663 1651 3764 1690 sua

534 1712 905 1785 llencjejunat
932 1713 1239 1783 quicunque
1266 1709 1502 1765 esuriem
1532 1724 1708 1776 suam,
1729 1706 2062 1778 refcctipau-
2090 1724 2140 1786 Β
2168 1722 2468 1782 spontanea
2509 1716 2928 1773 mortiﬁcatione
2955 1729 3145 1777 contra
3172 1722 3399 1779 adversa
3434 1728 3623 1781 omnia
3655 1726 3771 1782 for-

462 1808 609 1878 peris
640 1806 892 1861 satietate
914 1812 1205 1859 sustentat.
1238 1802 1383 1857 Bene
1402 1800 1617 1869 jejunat
1645 1803 1738 1872 qui
1776 1799 1942 1854 divini
1971 1814 2063 1854 re-

458 1898 980 1963 cordatiouejullicii
1026 1896 1379 1966 semetipsum
1410 1894 1712 1959 refrenans,
1739 1894 1807 1949 ab
1832 1893 1980 1949 omni
2004 1908 2065 1948 se

456 1990 841 2046 illecebrarum
894 1988 1172 2058 voluptate
1195 1986 1500 2057 suspendit.
1529 1986 1676 2040 Bene
1706 1982 1936 2053 jejunat,
1967 1983 2063 2054 qui

459 2095 683 2136 carnem
712 2095 866 2136 suam
895 2080 1151 2134 vitiorum
1211 2076 1453 2148 germina
1495 2074 1885 2147 pullulantem,
1939 2089 2064 2130 san-

460 2179 674 2225 ctarum
704 2169 1056 2225 meditatione
1098 2168 1381 2233 virtutum,
1423 2174 1479 2222 et
1517 2165 1831 2221 sobrietatis
1877 2177 2064 2220 amore

460 2263 711 2334 castigat.
742 2261 889 2317 Bene
911 2258 1145 2332 jejunat,
1173 2259 1266 2330 qui
1299 2258 1571 2314 fraternas
1593 2256 1821 2329 injurias
1847 2255 2063 2327 paciﬁci

457 2350 700 2421 pectoris
722 2350 944 2404 lenitate
972 2347 1217 2403 dimittit.
1258 2346 1509 2419 (Maxim.
1542 2345 1684 2399 hom.
1709 2345 1773 2409 '5,
1803 2344 1867 2399 de
1909 2344 2065 2416 Jeju-

460 2446 549 2500 nio
577 2441 936 2515 Quadrages.)
958 2441 1343 2498 Gratissimum
1368 2440 1480 2495 Deo
1528 2437 1703 2493 defert
1751 2436 2018 2507 jejunium
2043 2478 2059 2502 ,

457 2534 552 2605 qui
584 2542 821 2589 mentem
846 2548 1001 2587 suam
1042 2547 1072 2585 a
1109 2531 1292 2602 pravis
1325 2528 1761 2602 cogitationibus,
1790 2527 1978 2583 oculos
2029 2541 2059 2581 a

456 2626 917 2696 concupiscentia,
954 2624 1194 2696 linguam
1218 2638 1515 2693 manusque
1538 2636 1570 2675 a
1596 2621 1689 2677 lite
1710 2620 1966 2677 custodit.
1994 2618 2061 2674 Et

458 2719 539 2773 sic
556 2717 823 2789 jejunium
844 2724 1089 2772 nostrqu
1104 2715 1405 2771 sanctiﬁcet
1425 2714 1672 2780 castitas,
1685 2720 1845 2769 ornet
1858 2711 2063 2782 patien-

460 2808 556 2873 tia,
582 2805 888 2877 benignitas
932 2805 1133 2872 foveat,
1182 2804 1553 2862 misericordia
1602 2804 1872 2867 laetiﬁcet.
1912 2818 2062 2860 com-

460 2897 677 2952 mendet
694 2897 992 2963 humilitas,
1007 2905 1067 2953 ut
1088 2897 1304 2968 gemino
1325 2898 1559 2968 quodam
1583 2896 1830 2968 corporis
1870 2894 2063 2951 animi-

458 3004 565 3060 que
586 2986 794 3059 jejunio
805 2989 999 3045 divinae
1014 3004 1112 3046 nos
1136 2989 1326 3062 gratia:
1352 3004 1571 3060 semper
1589 2988 2056 3045 commendemus.

1022 3126 1252 3184 CAPUT
1294 3125 1453 3182 XCII.

458 3216 537 3273 De
562 3233 621 3289 eo
646 3229 785 3289 quoa
817 3226 1078 3289 scriptum
1123 3226 1199 3272 est
1221 3231 1240 3269 :
1268 3216 1420 3289 Multi
1463 3216 1534 3271 ab
1577 3215 1803 3273 Oriente
1832 3227 1911 3289 et
1959 3215 2060 3273 Oc-

527 3288 743 3344 cideute
766 3288 1030 3353 venient,
1085 3296 1142 3342 et
1166 3288 1489 3342 recumbent
1512 3303 1635 3342 cum
1680 3288 1979 3354 Abraham,
2003 3298 2060 3342 et

527 3358 702 3424 Isaae,
726 3367 781 3414 et
797 3357 966 3414 Jacob
995 3358 1051 3412 in
1083 3371 1251 3429 regno
1277 3356 1539 3413 caelorum
1567 3356 1785 3428 (Matth.
1819 3358 1962 3430 vin).

535 3471 689 3526 Multi
713 3472 913 3527 venient
935 3471 1001 3526 ab
1030 3469 1246 3526 Oriente
1265 3480 1315 3524 et
1345 3469 1646 3537 Occidente,
1670 3481 1717 3527 et
1740 3472 2057 3540 recumbent,

460 3578 568 3619 non
597 3562 887 3618 carnaliter
900 3561 1167 3632 jacentes,
1200 3561 1292 3617 sed
1331 3561 1689 3632 spiritualiter
1718 3563 2059 3633 requiescen-

462 3666 576 3721 tes;
600 3671 707 3711 non
735 3654 1108 3725 temporaliter
1120 3661 1391 3724 potantes,
1409 3654 1504 3710 sed
1523 3662 1729 3712 aeterne
1751 3655 2057 3727 epulantes.

462 3746 777 3801 llecumbent
805 3746 859 3801 in
887 3762 1046 3816 regno
1067 3745 1187 3811 Dei,
1215 3746 1304 3801 ubi
1332 3745 1424 3802 lu!
1467 3755 1523 3803 et
1552 3748 1785 3827 species,
1811 3749 1902 3805 ubi
1924 3749 2058 3807 lati-

460 3837 538 3893 tia
558 3845 615 3892 et
635 3836 948 3902 exsultatio,
964 3836 1055 3892 ubi
1076 3835 1247 3907 gloria
1271 3844 1327 3891 et
1348 3837 1676 3906 benedictio,
1694 3839 1785 3896 ubi
1807 3838 1895 3895 lux
1923 3855 2057 3897 ocu-

459 3931 637 3986 lorum
665 3936 721 3985 et
742 3928 1054 4001 longmvitas
1079 3928 1206 3985 vita:
1233 3937 1451 3986 (£16er
1474 3948 1488 3985 :
1515 3930 1607 3986 ubi
1635 3946 1826 3987 omnes
1853 3931 2058 4003 jucun-

461 4022 683 4085 dantur,
708 4021 799 4079 ubi
832 4035 1024 4077 omnes
1049 4021 1308 4092 gaudent,
1332 4021 1425 4077 ubi
1467 4020 1659 4077 Patres
1699 4021 1778 4077 illi
1804 4023 1949 4078 beati
1977 4037 2060 4078 re-

459 4120 754 4186 cumbunt;
783 4119 876 4176 ubi
894 4133 1085 4175 omnes
1106 4120 1385 4191 propheta:
1409 4119 1777 4190 requiescunt,
1804 4119 1896 4175 ubi
1921 4135 2058 4191 apo»

460 4210 586 4268 stoli
610 4217 668 4268 et
708 4210 1057 4283 evangelista:
1104 4224 1273 4282 super
1302 4211 1567 4281 gloriosos
1595 4211 1787 4268 sedent
1808 4212 2056 4277 thronos,

461 4304 554 4361 ubi
578 4303 865 4361 multitudo
901 4312 1204 4376 martyrum
1254 4303 1308 4358 in
1334 4303 1509 4376 gloria
1535 4312 1742 4360 aeterna
1769 4302 2055 4373 gloriatur,

461 4394 553 4450 ubi
582 4394 873 4466 copiosius
893 4394 1166 4467 virginum
1197 4394 1254 4449 in
1282 4394 1482 4450 saecula
1515 4392 1786 4460 exsultat,
1832 4401 2061 4465 portans

462 4502 723 4542 coronam
754 4486 1114 4544 immaculata:
1143 4486 1496 4557 virginitatis.
1523 4486 1707 4558 (Aug.,
1732 4503 1890 4541 serm.
1919 4488 1968 4550 l,
1993 4486 2060 4540 de

462 4576 595 4644 festo
623 4578 856 4634 omnium
880 4577 1232 4648 sanctorum.)
1262 4577 1308 4633 Ο
1333 4577 1631 4634 dulcissimi
1677 4577 1900 4645 fratres,
1922 4594 2059 4632 uua-

464 4668 628 4725 nimis
644 4671 955 4735 conventio,
983 4669 1179 4725 hilaris
1201 4670 1572 4739 congregatio,
1596 4668 1807 4741 fulgens
1832 4668 2059 4738 conjun-

463 4763 592 4818 ctio.
623 4765 702 4821 Ita
723 4774 810 4822 est
845 4781 878 4820 a
908 4765 1108 4821 seculo
1155 4764 1494 4834 bene-placita
1522 4774 1581 4819 et
1601 4766 1917 4821 annuntiata
1964 4782 2061 4823 ex-

463 4854 703 4921 sultatio,
732 4855 839 4911 ista
866 4855 935 4910 ab
957 4855 1116 4910 initio
1141 4864 1364 4910 narrata
1390 4855 1626 4926 requies.
1651 4855 1709 4910 ln
1727 4855 1884 4912 istam
1902 4857 2057 4914 festi-

466 4953 667 5000 narunt
692 4946 772 5001 ire
793 4960 985 5001 omnes
1016 4946 1306 5001 Dominum
1325 4946 1631 5016 diligentes,
1662 4947 1731 5002 ad
1757 4947 1915 5004 istam
1946 4950 2059 5006 col—

466 5040 708 5111 liguntur
730 5049 923 5095 omnes
947 5054 1014 5094 ex
1061 5039 1313 5111 gentibus
1346 5039 1574 5096 Domino
1599 5041 1902 5110 credentes,
1934 5044 2060 5099 reli-

465 5130 773 5204 giositatem
801 5140 1102 5198 servantes,
1119 5133 1175 5188 in
1200 5147 1321 5188 eam
1349 5141 1404 5189 et
1428 5149 1529 5190 nos
1540 5149 1731 5191 omnes
1747 5150 2053 5208 pergamus.

466 5223 512 5278 Ο
539 5221 776 5296 religiosi
807 5222 903 5279 ﬁlii
925 5224 1042 5289 Dei,
1068 5226 1137 5280 ad
1167 5224 1326 5280 istam
1353 5226 1503 5282 omni
1546 5227 1746 5286 virtute
1772 5238 1955 5285 nostra
1982 5229 2060 5284 fe-

467 5315 751 5371 stinemus.
781 5314 923 5372 Nihil
972 5332 1071 5372 nos
1093 5324 1335 5383 revocet,
1364 5317 1499 5373 nihil
1553 5334 1653 5374 nos
1687 5321 1946 5385 retardet,
1979 5320 2062 5374 ni-

471 5406 546 5460 hil
585 5420 684 5461 nos
714 5406 970 5477 impediat
998 5408 1065 5462 ad
1092 5408 1195 5464 hoc
1219 5409 1577 5465 desiderabile
1599 5425 1891 5481 properare
1924 5427 2062 5466 con-

470 5496 690 5551 virium.
723 5495 950 5552 Omnem
981 5498 1359 5571 negligentiam
1381 5516 1412 5555 a
1456 5502 1614 5557 nobis
1643 5501 2062 5570 pellamus,‘om-

473 5600 704 5656 nemque
727 5587 989 5644 desidiam
1009 5588 1077 5644 ab
1103 5590 1306 5657 animo,
1333 5601 1389 5647 et
1407 5591 1653 5660 corporis
1675 5590 2058 5661 impedimenta

473 5690 504 5728 ι
536 5679 688 5733 nobis
708 5678 1077 5750 projiciamus,
1114 5691 1172 5738 ut
1200 5681 1361 5754 hujus
1388 5681 1743 5738 beatitudinis
1761 5691 1815 5738 et
1846 5682 2056 5753 requiei

2167 1805 2453 1861 titudinem
2473 1808 2787 1864 securitatis
2814 1810 3001 1878 habet,
3032 1811 3119 1868 leo
3154 1821 3257 1870 est.
3293 1814 3449 1870 Unde
3495 1818 3769 1888 scriptum

2165 1904 2249 1951 cst
2273 1914 2286 1949 :
2324 1897 2513 1953 Justus
2535 1909 2710 1955 autem
2730 1902 2885 1972 quasi
2910 1901 2991 1958 leo
3024 1904 3312 1974 conﬁdens,
3336 1908 3532 1963 absone
3561 1919 3770 1966 terrore

2161 1987 2261 2040 erit
2285 1983 2467 2058 (Prov.
2486 1990 2701 2061 XXVIII).
2719 1989 2855 2059 Quia
2870 2006 3001 2048 vero
3026 1995 3329 2052 sublimiter
3351 2000 3770 2072 contemplatur

2160 2093 2226 2133 ca
2258 2094 2379 2150 quae
2409 2081 2651 2138 coelestia
2677 2092 2838 2155 atque
2865 2097 3072 2145 acterna
3101 2093 3444 2163 sunt,aquila
3466 2104 3573 2151 est.
3593 2096 3771 2169 Igitur

2164 2174 2418 2241 quoniam
2440 2174 2624 2244 justus
2661 2194 2759 2250 per
2780 2181 3046 2239 rationem
3067 2184 3255 2251 homo,
3281 2202 3381 2257 per
3424 2190 3765 2247 sacriﬁcium

2163 2264 2597 2324 mortiticationis
2624 2284 2735 2326 sum
2762 2271 2985 2340 vitulus,
3010 2290 3109 2346 per
3128 2274 3505 2337 fortitudinem
3548 2284 3771 2339 securi-

2163 2356 2295 2413 tatis
2320 2356 2424 2425 leo,
2451 2374 2552 2430 per
2574 2364 3089 2435 contemplationem
3119 2384 3250 2426 vero
3277 2371 3513 2430 efﬁcitur
3553 2377 3766 2446 aquila,

2164 2457 2313 2505 recte
2341 2467 2439 2522 per
2466 2452 2583 2510 haec
2625 2466 2817 2512 sancta
2857 2459 3114 2516 animalia
3153 2462 3357 2534 signari
3386 2470 3771 2541 unusquisque

2160 2539 2437 2611 perfectus
2461 2552 2658 2614 potest.
2679 2546 2815 2615 Quia
2852 2550 3298 2624 omnisintentio,
3318 2558 3609 2631 omnisque
3635 2539 3770 2618 con-

2163 2631 2442 2703 templatio
2467 2645 2778 2694 sanctorum
2819 2655 2983 2712 super
3009 2658 3069 2698 se
3103 2646 3295 2713 tendit,
3318 2655 3381 2705 ut
3430 2649 3563 2707 illud
3591 2655 3771 2722 possit

2162 2723 2388 2795 adipisci
2422 2726 2566 2797 quod
2595 2728 2649 2783 in
2677 2729 2994 2789 caelestibus
3021 2736 3247 2806 appetit.
3281 2735 3410 2796 Sive
3437 2742 3587 2797 enim
3620 2744 3771 2800 bono

2160 2816 2335 2885 operi,
2364 2831 2460 2873 seu
2484 2819 2692 2876 caelesti
2726 2821 2968 2895 invigilct
2992 2828 3459 2898 contemplationi,
3490 2840 3624 2889 tunc
3669 2851 3769 2891 ve-

2162 2908 2362 2963 raciter
2384 2910 2489 2965 hoe
2514 2913 2659 2982 quod
2685 2914 2798 2985 agit
2850 2915 3050 2972 bonum
3077 2926 3160 2974 est
3204 2922 3425 2990 quando
3456 2924 3508 2978 ei
3546 2919 3771 2995 placere

2161 3002 2500 3073 concupiscit
2521 3018 2554 3060 a
2579 3021 2688 3076 quo
2733 3016 2837 3062 est.
2868 3008 2983 3077 Qua
3018 3010 3071 3073 in
3101 3027 3160 3067 re
3202 3017 3539 3083 pulsandum
3567 3033 3659 3076 est
3709 3031 3772 3076 ut

2088 3093 2132 3155 C
2163 3108 2327 3149 omne
2374 3093 2575 3150 bonum
2606 3098 2747 3166 quod
2792 3100 2973 3171 agitur
3020 3117 3119 3172 per
3148 3104 3502 3163 intentionem
3550 3124 3773 3180 semper

2160 3183 2228 3238 ad
2252 3183 2498 3240 ctelestia
2535 3184 2763 3243 levetur.
2797 3188 2968 3246 Electi
3013 3201 3196 3249 autem
3243 3196 3371 3265 quia
3411 3207 3466 3253 et
3514 3200 3569 3254 in
3624 3203 3771 3259 lieno

2110 3318 2115 3321 .
2160 3290 2324 3345 opere
2348 3278 2705 3349 omnipotenti
2731 3282 2844 3337 Deo
2867 3282 3083 3354 placere
3111 3296 3391 3357 appetunt,
3422 3301 3478 3345 et
3498 3307 3599 3362 per
3626 3309 3762 3351 eon-

2162 3366 2530 3438 templationis
2555 3371 2786 3441 gratiam
2813 3381 3072 3431 reternam
3096 3374 3211 3445 jam
3236 3377 3630 3437 beatitudinem
3664 3386 3763 3441 de-

2159 3468 2382 3528 gustare
2410 3462 2827 3533 coneupiscunt,
2855 3463 3020 3535 facies
3066 3476 3115 3522 et
3160 3484 3359 3538 pennas
3401 3470 3634 3542 desuper
3679 3492 3777 3531 a-

2159 3552 2381 3607 tendtmt
2406 3553 2624 3627 (Ezech.
2653 3558 2715 3628 ι).

2736 3649 2966 3709 CAPUT
3001 3652 3186 3710 XCIV.

2159 3737 2238 3794 De
2249 3754 2309 3794 eo
2324 3740 2461 3811 quod
2477 3740 2756 3812 Apostolus
2768 3743 2871 3797 ait:
2885 3742 3025 3801 Caro
3037 3746 3393 3817 concupiscit,
3408 3759 3512 3805 etc.
3535 3748 3767 3824 (Cum).

2227 3849 2675 3922 Concupiscentia
2712 3857 2892 3912 carnis
2910 3866 2997 3913 est
3045 3867 3225 3915 motus
3251 3860 3450 3917 animze
3478 3864 3663 3933 turpis
3710 3865 3768 3921 in

2160 3942 2410 3998 ali‘ectnm
2456 3944 2689 4001 sordida:
2718 3946 3114 4007 delectationis.
3146 3950 3602 4024 Concupiscentia
3634 3971 3770 4016 vero

2159 4037 2383 4107 spiritus
2414 4046 2499 4095 est
2522 4041 2721 4098 ardens
2760 4042 2987 4099 intentio
3017 4045 3215 4102 mentis
3242 4046 3295 4101 in
3321 4046 3593 4104 desideria
3639 4067 3771 4107 san-

2159 4140 2262 4184 etre
2280 4128 2517 4185 virtutis.
2534 4131 2637 4187 Ista
2662 4132 2766 4189 sibi
2792 4135 3196 4193 consentientes
3216 4138 3385 4193 mittit
3408 4140 3476 4194 ad
3509 4155 3766 4210 regnum,

2160 4220 2247 4276 illa
2312 4222 2383 4277 ad
2442 4222 2764 4294 supplicium
2826 4214 3236 4295 scmpiternum'.
3305 4226 3770 4300 Concupiscentia

2161 4326 2397 4383 namque
2422 4314 2606 4369 carnis
2632 4315 2868 4385 primum
2904 4316 3191 4375 illecebras
3217 4319 3474 4375 vitiorum
3522 4322 3576 4376 in
3611 4324 3768 4396 cog-

2083 4448 2138 4509 D
2163 4403 2460 4459 tationibus
2490 4405 2681 4476 gignit.
2697 4406 3149 4478 Concupiscentia
3179 4425 3309 4467 vero
3330 4412 3561 4482 spiritus
3582 4430 3768 4472 econ-

2166 4497 2336 4553 trario
2386 4498 2742 4568 cogitationes
2817 4510 3036 4559 sanctas
3091 4504 3463 4561 indesinenter
3510 4512 3742 4580 opponit

2165 4588 2259 4643 [ila
2297 4589 2494 4645 faliulis
2534 4591 2691 4646 vanis
2745 4592 3053 4649 oblectatur
3101 4604 3159 4650 ct
3206 4596 3417 4663 verbis,
3447 4599 3552 4655 ista
3616 4600 3771 4658 Scri-

2164 4690 2448 4750 pturarum
2479 4684 2926 4741 meditationibus
2962 4695 3127 4758 atque
3150 4691 3455 4760 praeceptis.
3486 4691 3584 4748 llla
3640 4711 3769 4766 gau~

2167 4772 2258 4826 det
2310 4775 2633 4843 spectaculis
2690 4791 2873 4831 rerum
2929 4780 3307 4847 terrestrium,
3363 4782 3464 4837 ista
3517 4796 3768 4842 contem-

2162 4863 2402 4934 platione
2444 4867 2748 4923 cmlestium
2784 4871 3124 4941 gaudiorum.
3164 4872 3257 4927 Illa
3301 4883 3519 4929 terrena
3567 4880 3766 4947 gaudia

2163 4955 2377 5024 quaerit,
2407 4955 2511 5012 ista
2550 4962 2782 5029 gemitus
2809 4970 2865 5015 et
2889 4962 3122 5032 suspiria
3168 4964 3356 5018 trahit.
3386 4965 3481 5021 llla
3537 4967 3592 5022 in
3618 4985 3768 5025 som-

2163 5063 2293 5103 num
2319 5057 2481 5119 atque
2512 5052 2787 5122 pigritiam
2834 5070 3033 5127 corpus
3074 5058 3301 5123 relaxat,
3344 5061 3449 5117 ista
3479 5062 3534 5117 in
3565 5064 3769 5135 vigiliis

2161 5147 2218 5192 et
2262 5144 2694 5211 competentibus
2731 5145 3071 5203 orationibus
3119 5148 3386 5205 elaborat.
3418 5151 3515 5207 llla
3545 5169 3650 5224 per
3692 5157 3770 5213 in-

2162 5231 2396 5304 gluviem
2427 5234 2700 5292 illecebris
2749 5238 2959 5294 ventris
3002 5247 3059 5295 et
3097 5241 3366 5298 desiderio
3401 5247 3647 5316 gutturis
3691 5248 3771 5303 in-

2162 5333 2378 5391 :estuat,
2413 5326 2512 5381 ista
2537 5327 2885 5398 semetipsam
2916 5327 3138 5398 jejuniis
3167 5339 3222 5387 et
3248 5331 3597 5392 abstinentia:
3643 5353 3771 5393 cru-

2162 5416 2395 5471 ciatibus
2423 5424 2681 5472 macerat.
2706 5417 2797 5472 Illa
2816 5418 3042 5474 luxuria:
3066 5421 3280 5477 subdita
3305 5424 3546 5494 turpium
3574 5442 3772 5498 perpe-

2164 5507 2455 5562 trationum
2479 5507 2723 5575 allectus,
2748 5525 2885 5591 quos
2909 5510 3207 5569 intentione
3227 5513 3583 5585 cogitationis
3632 5521 3771 5591 agit,

2163 5596 2493 5666 perfectione
2516 5588 2809 5658 voluntatis
2854 5602 3072 5673 explere
3094 5605 3403 5670 contendit;
3445 5606 3555 5663 ista

2165 5687 2293 5743 tatis
2329 5697 2384 5744 et
2435 5676 2724 5761 pudieitife'
2751 5694 3089 5750 honestatem
3135 5695 3325 5768 diligit.
3368 5696 3463 5754 llla
3517 5702 3778 5763 avaritia
