3940 6410
256 261 363 319 635

1436 244 1739 304 DlADEMA
1782 238 2287 297 MONACHORUM.

3418 233 3522 289 086

259 375 475 431 ﬂamma
500 387 773 433 succensa.
798 368 1001 440 appetit
1026 367 1234 422 lucrum
1256 406 1271 429 ,
1321 372 1374 418 et
1411 364 1547 432 fugit
1570 369 1833 430 tcmpora-
1861 358 1909 416 Α
1937 353 2076 408 hom.
2106 352 2185 423 4.)
2215 352 2353 408 Ante
2385 350 2577 406 faciem
2613 349 2810 420 quippe
2841 348 3139 413 ambulare,
3176 359 3259 406 est
3288 359 3525 406 auterth

260 465 390 520 lium
421 465 615 518 damna
669 475 878 519 rerum;
921 460 1022 514 ista
1052 464 1402 533 contemnens
1446 452 1722 512 mundum,
1753 464 1840 503 so-

262 557 371 611 lum
413 556 514 610 sibi
549 555 782 609 vindicat
811 551 1105 607 Christum.
1147 548 1238 603 [lla
1271 547 1449 601 invida
1480 543 1683 599 nullum
1735 542 1839 597 sibi

259 647 592 718 superiorem
631 645 713 699 vel
750 644 1009 714 atqualem
1034 656 1153 697 esse
1176 638 1460 710 permittit,
1489 637 1584 690 sed
1625 636 1840 689 interno

259 737 430 791 livore
455 734 696 789 vulneris
718 733 783 787 de
807 739 1125 787 cunctorum
1164 726 1403 798 profectu
1433 723 1693 788 tabescit;
1735 722 1839 776 ista

256 831 658 884 decunctorum
686 824 978 879 virtutibus
1001 822 1221 893 gaudet,
1251 827 1305 873 et
1327 818 1565 872 minores
1611 814 1712 869 sibi
1738 826 1839 883 pro

254 920 522 975 charitate
549 917 829 987 praeponit.
851 915 941 969 Illa
969 920 1276 969 exarstuans
1304 908 1437 964 nihil
1461 906 1840 977 atquanimiter

256 1017 458 1080 portat,
482 1009 575 1063 sed
611 1006 923 1077 perturbata
959 1010 1140 1059 mente
1162 1016 1333 1071 usque
1358 999 1425 1055 ad
1463 1011 1622 1054 voces
1647 995 1841 1050 tumulo

166 1100 169 1101 ⁷
254 1110 370 1154 tum
399 1098 632 1162 exaltat;
684 1096 785 1151 ista
831 1094 974 1150 nulla
1002 1092 1413 1162 exasperatione
1447 1097 1714 1153 movetur,
1743 1088 1840 1143 sed

256 1204 355 1258 per
378 1185 779 1255 tranquillitatis
807 1183 1272 1239 mansuetudinem
1295 1181 1566 1252 patienter
1583 1179 1837 1234 sustinet.

253 1278 348 1332 Illa
373 1277 588 1332 tristitia
615 1275 875 1340 inficitur,
904 1276 1031 1329 dum
1079 1272 1335 1344 qumlibet
1366 1271 1593 1326 adversa
1623 1283 1842 1340 persen-

255 1370 420 1433 serit;
460 1370 560 1424 ista
590 1368 736 1422 nullo
757 1381 991 1421 maerore
1013 1365 1296 1436 frangitur,
1315 1364 1410 1419 sed
1430 1363 1593 1418 etiam
1614 1361 1757 1417 mala
1773 1362 1840 1417 de

253 1458 516 1529 proximis
554 1466 799 1526 portans,
825 1454 1182 1510 abduteriore
1209 1452 1406 1525 gaudio
1434 1468 1539 1507 non
1568 1460 1835 1506 movetur.

254 1549 347 1605 Illa
372 1549 666 1604 ambitione
692 1548 956 1604 honorum
1006 1546 1268 1611 inficitur,
1290 1554 1343 1600 et
1376 1543 1628 1599 humanis
1669 1543 1841 1599 laudi-

253 1641 356 1696 bus
377 1639 463 1695 vel
491 1638 759 1694 illecebris
786 1652 938 1692 vanae
961 1636 1146 1708 gloria:
1188 1635 1484 1701 delinitur;
1526 1634 1627 1689 ista
1658 1633 1839 1688 humi-

1942 459 2001 498 ra
2029 452 2233 514 petere.
2266 443 2322 498 In
2346 440 2600 512 pnescnti
2625 455 2757 496 vero
2782 440 3176 505 ambularo,cst
3200 443 3523 514 sibimetipsi

1939 537 2218 591 absentem
2262 549 2368 588 non
2398 547 2537 589 esse.
2568 531 2757 588 Omnis
2782 531 2982 586 ctenim
3028 530 3209 600 justus
3242 534 3334 602 qui
3357 535 3524 591 vitam

1937 640 2094 681 suam
2119 624 2385 681 sollicitus
2408 622 2621 693 aspicit,
2640 628 2698 677 et
2726 621 3012 691 diligenter
3026 622 3333 677 considerat
3351 640 3525 693 quan-

1940 722 2054 770 tum
2081 715 2326 786 quotidie
2346 714 2402 768 in
2429 712 2587 768 bonis
2618 720 2850 777 crescat,
2884 720 2978 766 aut
3010 709 3243 767 fortasse
3261 723 3527 783 quantum

1940 824 1970 863 a
1994 808 2147 863 bonis
2176 807 2475 869 decrescat,
2507 805 2611 859 iste
2634 803 2762 874 quia
2787 818 2849 858 se
2872 810 3000 857 ante
3025 815 3084 857 se
3120 803 3295 872 ponit,
3342 817 3528 859 coram

1939 913 1999 953 se
2028 896 2287 961 ambulat,
2317 894 2516 966 quippe
2540 894 2636 964 qui
2653 892 2944 963 vigilanter
2971 892 3117 947 videt
3144 901 3324 947 utrum
3342 903 3530 964 surgat

1941 1002 2010 1043 an
2043 986 2265 1044 deﬂuat.
2290 986 2549 1057 Quisquis
2574 998 2707 1041 vero
2734 984 2861 1039 vitae
2891 999 3003 1039 sua:
3030 986 3333 1041 custodiam
3358 986 3531 1056 negli-

1939 1081 2040 1150 git,
2070 1080 2341 1136 discutere
2365 1078 2509 1149 quod
2536 1079 2670 1149 agit,
2691 1092 2827 1148 qum-
2842 1076 3101 1146 loquitur,
3137 1092 3259 1147 qua:
3299 1078 3525 1148 cogitat,

1940 1182 2036 1228 aut
2060 1173 2310 1242 despicit,
2338 1180 2432 1226 aut
2450 1172 2647 1234 nescit,
2673 1185 2862 1226 coram
2886 1184 2945 1224 se
2962 1183 3070 1223 non
3103 1169 3366 1235 ambulat,
3396 1170 3525 1240 quia

1940 1265 2119 1336 qualis
2140 1266 2213 1320 sit
2236 1264 2291 1319 in
2318 1263 2432 1320 suis
2456 1262 2700 1319 moribus
2728 1260 2815 1318 vel
2864 1259 3076 1315 actibus
3122 1260 3356 1331 ignorat.
3413 1260 3531 1316 Nec

1941 1357 2263 1426 sibimetipsi
2294 1369 2531 1426 prarsens
2589 1362 2696 1419 est,
2749 1352 2843 1423 qui
2888 1350 3240 1422 semetipsum
3286 1352 3531 1421 quotidie

1940 1459 2196 1505 excutere
2222 1454 2386 1517 atque
2424 1458 2755 1517 cognoscere
2803 1439 3070 1497 sollicitus
3121 1456 3227 1496 non
3276 1449 3378 1497 est.
3435 1441 3531 1498 llle

1940 1550 2122 1595 autem
2151 1537 2420 1597 veraciter
2447 1551 2508 1593 se
2543 1542 2673 1591 ante
2723 1549 2785 1591 sc
2822 1532 2995 1604 ponit,
3046 1532 3260 1604 sibique
3290 1533 3346 1588 in
3391 1548 3533 1604 prte-

1941 1630 2082 1687 senti
2112 1638 2217 1696 est,
2233 1629 2324 1699 qui
2352 1643 2412 1684 se
2436 1628 2489 1682 in
2517 1627 2633 1683 suis
2644 1625 2855 1681 actibus
2879 1631 3138 1693 tanquam
3158 1623 3322 1680 alium
3346 1634 3526 1680 atten-

255 1732 461 1787 litatem
497 1738 675 1796 amat,
699 1738 755 1786 et
777 1729 879 1785 soli
919 1728 1029 1784 Deo
1069 1742 1168 1784 suo
1200 1727 1292 1800 qui
1322 1727 1599 1797 inspector
1637 1724 1838 1781 mentis
1865 1710 1912 1769 Β
1940 1720 2037 1776 dit.
2070 1717 2146 1791 (11
2153 1735 2216 1773 uc
2236 1733 2399 1789 usque
2425 1713 2668 1789 Gregor.)
2709 1714 2979 1771 Debemus
3005 1728 3136 1785 ergo
3166 1716 3529 1785 nosmetipsos

254 1831 359 1888 est,
388 1822 605 1893 placere
633 1822 882 1877 delectat.
922 1819 1017 1875 Illa
1049 1818 1231 1874 inﬂata
1274 1818 1545 1889 superbia:
1580 1815 1723 1874 fastu
1743 1831 1841 1873 cor

254 1914 511 1969 miserum
550 1912 760 1977 elevat;
807 1912 909 1967 ista
938 1905 1009 1966 ne
1040 1926 1070 1965 a
1096 1910 1421 1965 celsitudine
1449 1923 1549 1964 sua
1577 1918 1799 1964 corruat
1819 1947 1837 1974 ,

255 2017 425 2071 usque
468 2002 525 2056 in
563 2000 748 2056 inﬁma
774 2000 1009 2072 seipsam
1036 2000 1305 2055 humiliat.
1359 1999 1469 2055 Sed
1495 1998 1626 2069 quid
1650 1997 1841 2068 plura?

252 2092 700 2162 Concupiscentia
719 2093 921 2156 carnis,
944 2092 999 2147 in
1045 2091 1287 2147 omnium
1310 2089 1568 2145 vition
1604 2088 1843 2143 multitu-

254 2182 435 2237 dinem
484 2183 587 2237 sibi
628 2183 1040 2239 consentientes
1066 2181 1395 2252 prtecipitat.
1438 2178 1841 2249 Concupiscen-

256 2274 329 2327 tia
354 2289 484 2330 vero
524 2274 746 2343 spiritus
768 2281 1004 2329 mentem
1030 2272 1256 2338 lassam,
1278 2284 1348 2326 ne
1377 2268 1613 2335 deficiat,
1641 2283 1736 2340 spe
1755 2267 1841 2323 fu-

253 2373 392 2418 tura:
413 2362 594 2435 gloria:
613 2364 947 2428 corroborat.

821 2461 1050 2520 CAPUT
1083 2460 1247 2518 XCV.

256 2550 398 2618 Quid
415 2554 484 2608 sit
505 2553 728 2623 impetus
748 2553 986 2624 spiritus,
1029 2563 1079 2607 et
1107 2552 1234 2625 quid
1259 2552 1328 2607 sit
1371 2552 1594 2623 impetus
1640 2553 1839 2608 carnis.

324 2642 382 2697 In
410 2642 601 2698 electis
638 2651 696 2698 et
721 2643 966 2713 reprobis
1004 2642 1204 2697 diversi
1239 2650 1369 2698 sunt
1427 2643 1661 2713 impetus
1707 2659 1723 2696 :
1782 2642 1841 2697 in

253 2734 441 2790 electis
467 2735 719 2791 videlicet
745 2735 981 2804 impetus
1006 2735 1251 2805 spiritus,
1277 2737 1333 2791 in
1375 2736 1624 2807 reprobis
1673 2735 1844 2805 impc-

256 2835 343 2881 tus
366 2826 567 2881 carnis.
596 2826 833 2896 Impetus
851 2827 1051 2897 quippe
1074 2827 1258 2882 carnis
1288 2828 1356 2883 ad
1378 2826 1587 2891 odium,
1620 2826 1688 2881 ad
1728 2826 1844 2881 ela-

255 2917 482 2983 tionem,
521 2917 590 2973 ad
634 2918 1056 2985 immunditiam,
1087 2919 1156 2974 ad
1185 2918 1455 2989 rapinam,
1482 2919 1549 2973 ad
1602 2917 1844 2974 exterio-

255 3024 372 3064 rem
416 3007 667 3079 gloriam,
720 3008 790 3063 ad
840 3008 1240 3076 crudelitatem,
1287 3009 1355 3065 ad
1404 3009 1719 3081 perﬁdiam,
1771 3009 1841 3065 ad

1939 1808 2167 1865 sollicite
2188 1807 2329 1863 sicut
2366 1806 2503 1863 alios
2525 1807 2733 1874 videre,
2773 1817 2981 1878 nosque
3025 1803 3192 1874 ipsos,
3218 1813 3279 1859 ut
3318 1805 3527 1859 dictum

1937 1907 2041 1963 est,
2066 1907 2194 1954 ante
2224 1913 2324 1954 nos
2348 1912 2575 1968 ponere,
2606 1898 2738 1953 etin
2787 1897 3000 1954 cunctis
3046 1911 3168 1967 qua:
3201 1896 3414 1966 agimus
3442 1894 3527 1950 in—
3586 1886 3593 1889 '

1940 1991 2112 2047 terius
2135 1998 2192 2045 et
2224 1990 2467 2046 exterius
2491 2006 2591 2046 nos
2620 1990 2912 2061 diligenter
2931 1989 3209 2046 custodire
3237 1988 3525 2045 debemus.

2503 2082 2730 2139 CAPUT
2749 2080 2952 2137 XCVII.

1938 2173 2018 2229 De
2042 2189 2103 2229 eo
2125 2175 2269 2245 quod
2300 2174 2550 2245 scriptum
2573 2182 2649 2227 est
2674 2171 2885 2245 _:_0mni
2938 2172 3187 2245 custodia
3216 2185 3373 2227 serva
3426 2181 3528 2226 cor

2482 2253 2631 2298 tuum
2665 2240 2850 2310 (Prov.
2880 2241 2978 2312 tv).

2014 2353 2161 2411 Dicis
2205 2353 2458 2421 fortasse,
2505 2353 2774 2424 quomodo
2819 2367 3040 2424 possum
3092 2351 3370 2409 custodire
3421 2365 3523 2410 cor

1940 2463 2143 2515 meum,
2174 2456 2235 2503 ut
2258 2447 2399 2502 mala
2426 2462 2532 2502 non
2560 2445 2946 2518 cogitet?Audi
2973 2444 3214 2501 breviter
3225 2446 3489 2502 rationem
3506 2485 3524 2502 .

1941 2538 2107 2595 Potes
2134 2538 2434 2602 evidenter,
2461 2538 2506 2592 si
2538 2538 2718 2593 divina
2749 2546 2805 2594 et
2832 2537 3074 2593 cmlestia
3095 2537 3396 2594 meditcris.
3420 2535 3519 2594 Ta-

1941 2644 2065 2683 men
2094 2629 2200 2683 tria
2228 2637 2357 2684 sunt
2393 2644 2514 2698 qua:
2565 2636 2796 2698 possunt
2823 2644 2854 2684 a
2902 2627 3060 2684 malis
3106 2627 3527 2699 cogitationibus

1940 2719 2179 2774 animam
2206 2718 2439 2775 liberare
2463 2736 2476 2772 :
2506 2718 2687 2789 vigilia
2717 2729 2930 2785 sancta,
2959 2719 3138 2774 oratio
3191 2725 3248 2774 et
3299 2719 3528 2777 medita-

1942 2812 2040 2867 tio.
2078 2809 2282 2866 Harum
2327 2811 2622 2867 assiduitas
2667 2812 2879 2867 confert
2926 2812 3123 2868 animm
3151 2811 3523 2881 stabilitatem,

1941 2912 2004 2959 ut
2030 2903 2187 2959 bonis
2211 2903 2632 2975 cogitationibus
2655 2913 2837 2961 etnon
2889 2904 3049 2962 malis
3101 2914 3416 2977 occupetur.
3465 2907 3529 2965 Si

1942 2994 2026 3049 vis
2051 2993 2107 3048 in
2134 2994 2335 3050 mundo
2358 3008 2454 3050 cor
2476 2996 2736 3049 mundum
2774 2994 2995 3062 habere,
3026 2995 3116 3052 dic
3149 3010 3275 3052 cum
3303 2996 3476 3054 David
3506 3016 3522 3052 :

254 3056 709 3169 despe:alione;n,
771 3098 840 3154 ad
881 3098 1045 3165 iram,
1091 3098 1159 3154 ad
1211 3056 1514 3170 ξυνείδῖαά
1531 3056 1837 3170 νοιιιρίειιοε
1867 3056 1912 3119 C
1946 3086 2231 3141 Heditatus
2262 3103 2381 3142 sum
2404 3096 2554 3142 nocte
2608 3103 2727 3142 cum
2760 3088 2919 3142 corde
2942 3104 3077 3156 meo,
3106 3098 3157 3144 et
3208 3088 3529 3147 ventilabam

256 3192 498 3247 animum
526 3191 772 3262 impellit.
802 3190 1041 3263 Impetus
1065 3208 1196 3248 vero
1245 3191 1469 3262 spiritus
1496 3192 1568 3248 ad
1601 3192 1843 3248 charita-

257 3292 385 3349 tem,
412 3285 479 3339 ad
504 3284 886 3350 humilitatem,
916 3285 984 3339 ad
1009 3284 1422 3351 continentiam,
1446 3284 1515 3340 ad
1530 3284 1840 3355 largitatem

228 3362 661 3443 “misericordizn,
692 3377 760 3432 ad
788 3376 1103 3431 interiorem
1142 3375 1466 3446 profectum,
1524 3376 1593 3431 ad
1621 3375 1842 3446 pictatis

254 3482 454 3537 opera,
516 3467 587 3523 ad
630 3476 958 3523 aeternorum
1014 3465 1195 3534 fidem,
1241 3469 1310 3523 ad
1356 3481 1509 3540 spem
1560 3466 1842 3538 sequentis

256 3558 470 3629 gaudii,
534 3557 601 3613 ad
626 3558 966 3628 patientiam,
1000 3558 1068 3613 ad
1087 3571 1300 3629 pacem,
1328 3559 1397 3613 ad
1443 3557 1839 3613 consideratio-

256 3666 378 3706 nem
429 3650 554 3705 vitae
596 3649 921 3705 immortalis
962 3657 1020 3705 et
1047 3649 1321 3722 lacrymas
1338 3658 1580 3705 mentem
1624 3659 1841 3721 pertra-

257 3745 358 3799 hit.
388 3743 540 3799 Unde
560 3755 785 3798 necesse
808 3751 895 3797 est
918 3751 979 3797 ut
1004 3757 1196 3812 magna
1237 3757 1453 3812 semper
1496 3757 1628 3797 cura
1658 3742 1841 3799 consi-

257 3834 451 3889 derare
477 3833 770 3889 debeamus
813 3832 870 3887 in
897 3846 1060 3888 omne
1101 3833 1247 3903 quod
1292 3833 1529 3903 agimus,
1585 3847 1693 3902 quo
1737 3847 1840 3888 nos

259 3922 491 3993 impetus
511 3922 676 3978 ducat
703 3940 718 3977 :
744 3928 1144 3981 utrumnostra
1169 3921 1441 3993 cogitatio.
1466 3921 1841 3992 perimpctum

257 4002 530 4069 carnis'an
560 4028 657 4085 per
686 4013 943 4085 impetum
986 4012 1213 4085 spiritus
1261 4012 1588 4083 impellatur.
1640 4010 1840 4066 Amare

257 4105 406 4160 enim
438 4113 676 4171 terrena,
702 4104 1021 4175 temporalia
1064 4104 1286 4160 asternis
1321 4116 1655 4175 praeponere,
1689 4109 1842 4157 exte-

258 4200 400 4254 riora
426 4201 569 4255 bona
597 4214 703 4254 non
739 4198 806 4254 ad
835 4213 994 4254 usum
1028 4195 1336 4251 necessaria
1372 4194 1599 4258 habere,
1645 4194 1745 4256 sed,
1767 4192 1839 4248 ad

261 4289 588 4360 voluptatem
613 4288 1020 4357 concupiscere,
1046 4285 1305 4342 ultionem
1334 4285 1402 4341 de
1440 4283 1668 4341 inimico
1690 4298 1840 4354 quas-

259 4396 400 4446 rere,
424 4382 489 4435 de
509 4379 685 4435 azmuli
708 4395 837 4434 casu
865 4380 1119 4447 gaudere,
1156 4378 1390 4446 impetus
1413 4376 1595 4432 carnis
1616 4383 1719 4431 est;
1764 4374 1836 4429 At
1859 4401 1915 4463 Β

259 4480 450 4525 contra
480 4484 663 4525 amare
685 4469 948 4535 cmlestia,
983 4478 1336 4525 contemnere
1365 4466 1704 4532 transitoria,
1728 4480 1835 4520 non

259 4563 326 4617 ad
354 4561 588 4616 fmctum
612 4561 906 4633 voluptatis
932 4561 1248 4624 transitura,
1275 4559 1369 4616 scd
1422 4560 1490 4615 ad
1539 4575 1699 4614 usum
1743 4573 1838 4613 ne-

258 4654 533 4709 cessitatis
558 4667 819 4723 qumrcre,
850 4655 915 4708 de
943 4653 1145 4709 inimici
1178 4662 1353 4709 morte
1389 4652 1616 4717 tristari,
1666 4653 1839 4721 impe-

259 4755 349 4801 tus
368 4745 595 4816 spiritus
615 4754 717 4800 est.
754 4745 820 4800 Et
841 4745 967 4816 quia
1010 4744 1236 4815 perfecti
1266 4746 1466 4815 quique
1517 4746 1570 4801 in
1608 4745 1727 4801 istis
1775 4761 1837 4803 se

258 4851 475 4909 semper
517 4837 809 4893 virtutibus
837 4846 1117 4902 exercent,
1161 4846 1308 4892 recte
1340 4853 1482 4892 nunc
1516 4839 1582 4892 dc
1629 4837 1835 4893 sanctis

260 4928 583 4986 animalibus
610 4929 850 4985 dicitur:
890 4927 988 4983 Ubi
1013 4939 1124 4984 erat
1158 4930 1378 5000 impetus
1416 4930 1654 5001 spiritus,
1706 4928 1833 4983 illuc

258 5018 629 5089 gradiebantur
657 5019 873 5094 (Ezech.
898 5019 961 5092 I).

823 5131 1049 5190 CAPUT
1080 5133 1263 5189 XCVI.

261 5221 339 5278 De
365 5239 425 5278 eo
463 5224 601 5295 quod
641 5226 993 5308 unusquisque
1014 5225 1197 5308 justus
1216 5235 1263 5279 et
1288 5226 1633 5308 antefaciem
1658 5243 1831 5293 suam,

630 5304 677 5348 et
707 5294 885 5348 coram
906 5294 1055 5363 facie
1081 5312 1179 5350 sua
1202 5294 1458 5351 ambulat.

328 5384 468 5440 Ante
497 5383 687 5440 faciem
713 5400 843 5455 ergo
868 5402 1020 5442 suam
1068 5388 1309 5458 graditur
1345 5387 1556 5457 justus,
1596 5388 1722 5457 quia
1766 5388 1835 5443 ad

260 5491 323 5531 ea
346 5491 467 5546 qua:
506 5476 821 5546 reliquerat,
853 5478 1000 5534 nullo
1037 5479 1153 5549 jam
1183 5480 1425 5550 appetitu
1455 5479 1668 5551 aspicit,
1699 5489 1754 5535 et
1780 5474 1834 5534 in

262 5570 478 5624 :rternis
504 5584 625 5640 qua:
653 5571 878 5641 appetit,
903 5571 1004 5626 sub
1028 5571 1501 5643 contemplationis
1523 5587 1634 5629 sua:
1655 5571 1833 5639 oculo,

256 5663 387 5719 boni
424 5664 603 5736 operis
623 5666 812 5737 pedem
840 5665 1009 5737 ponit.
1045 5663 1222 5738 (Greg.
1260 5665 1348 5721 tib.
1381 5681 1397 5721 ι
1442 5681 1598 5737 super
1640 5663 1832 5721 Ezerh.

1939 3181 1996 3235 in
2023 3196 2105 3234 me
2131 3180 2377 3252 spiritum
2400 3195 2574 3234 meum
2605 3177 2723 3252 (Ps.
2748 3177 2955 3253 LXXVI).
2975 3179 3246 3249 Quantum
3268 3188 3528 3238 cortuum

1940 3271 2254 3328 meditando
2279 3271 2608 3337 domaveris,
2663 3281 2875 3327 tantum
2920 3273 3207 3330 sublimius
3235 3285 3528 3345 conseque-

1942 3365 2021 3419 ris
2046 3362 2353 3433 praemium,
2381 3370 2438 3418 et
2462 3361 2697 3418 clariore
2726 3363 3009 3433 sapientia:
3036 3371 3093 3419 et
3112 3364 3530 3420 scicntiazlumi-

1941 3470 2013 3511 ne
2034 3454 2282 3527 fulgebls.
2316 3452 2377 3510 Si
2406 3453 2588 3519 vis,ut
2621 3456 2870 3527 superius
2892 3456 3095 3511 dictum
3109 3463 3217 3523 est,
3243 3472 3341 3513 cor
3364 3472 3528 3513 mun-

1941 3545 2068 3601 dum
2098 3544 2321 3611 habere,
2349 3561 2625 3616 nunquam
2668 3555 2719 3601 te
2749 3546 3000 3603 inanibus
3029 3546 3223 3605 fabulis
3269 3562 3529 3621 occupes.

1940 3635 2210 3707 Quidquid
2235 3643 2389 3707 turpe
2414 3646 2497 3691 est
2530 3643 2588 3692 et
2613 3644 2802 3692 contra
2852 3639 3197 3694 sanctitatem
3246 3654 3528 3709 nunquam

1939 3743 2035 3790 aut
2055 3750 2206 3807 agas,
2250 3743 2347 3789 aut
2393 3734 2679 3790 delecteris
2733 3734 2943 3789 audire.
2996 3732 3116 3788 Jam
3171 3749 3292 3805 qua:
3343 3735 3529 3791 smculi

1939 3834 2092 3881 crant
2119 3825 2439 3897 deposuisti.
2467 3825 2735 3881 Christum
2768 3814 3051 3880 Dominum
3076 3826 3298 3881 induisti
3344 3826 3523 3899 (Rom.

1941 3917 2086 3991 xm).
2129 3916 2258 3973 Vide
2278 3917 2423 3973 uade
2451 3927 2586 3973 tecto
2611 3918 2881 3985 virtutum,
2934 3919 3158 3991 pristina
3208 3921 3529 3991 qua'siturus

1941 4009 2245 4064 vestimenta
2263 4008 2548 4069 descendas
2575 4008 2792 4081 (Matth.
2831 4007 3003 4082 utv).
3044 4025 3145 4065 nec
3170 4010 3235 4066 dc
3258 4026 3390 4083 agro
3443 4028 3528 4067 re-

1942 4103 2175 4159 vertaris
2201 4103 2443 4174 domum,
2480 4119 2557 4158 ne
2585 4103 2855 4160 fimbriam
2909 4101 3227 4170 Salvatoris,
3286 4120 3385 4161 nec
3412 4105 3530 4160 cin-

1940 4194 2132 4249 cinnos
2148 4193 2325 4248 noctis
2349 4208 2473 4248 rore
2527 4193 2883 4259 madefactos,
2927 4209 3065 4263 quos
3119 4194 3287 4252 semel
3343 4204 3530 4252 tenere

1939 4281 2156 4353 cepisti
2185 4280 2475 4351 aliquando
2505 4281 2751 4336 dimittas
2784 4298 2798 4335 :
2833 4281 2963 4337 Esto
2988 4292 3044 4337 ut
3075 4282 3263 4338 domus
3301 4282 3528 4355 ftmdatu

1938 4390 2097 4445 super
2121 4382 2320 4443 petram
2346 4370 2540 4443 (Matth
2560 4370 2701 4441 .vn),
2732 4372 2878 4426 nulla
2912 4380 2963 4428 te
2991 4388 3124 4428 aura
3154 4374 3338 4430 seculi
3364 4373 3530 4444 hujus

1939 4466 2233 4531 concutiat,
2277 4464 2454 4520 nullus
2501 4472 2553 4520 te
2584 4471 2776 4529 ventus
2818 4463 3074 4519 desiderii
3114 4467 3267 4535 pravi
3305 4475 3523 4522 exurat.

1941 4564 2071 4618 Esto
2083 4561 2200 4633 apis
2221 4558 2663 4631 prudentissima,
2679 4556 2860 4612 favum
2876 4556 3051 4612 mellis
3072 4572 3236 4627 opera
3264 4566 3353 4613 tua
3376 4575 3527 4616 com-

1938 4663 2166 4726 ponant,
2195 4660 2255 4707 ut
2279 4659 2371 4707 tua
2395 4650 2678 4706 dulcedine
2706 4649 2871 4703 saties
2900 4647 3197 4704 Christum.
3227 4648 3526 4720 Supervola

1936 4747 2066 4803 vitia
2086 4753 2143 4802 et
2168 4744 2449 4814 continges
2472 4757 2595 4798 eum
2615 4741 2706 4813 qui
2734 4740 2831 4795 tibi
2859 4740 2991 4795 dicit
3019 4759 3033 4795 :
3069 4739 3180 4811 Ego
3214 4743 3312 4813 ﬂos
3329 4747 3523 4816 campi,

1938 4851 1985 4896 et
2017 4842 2114 4911 [los
2148 4838 2262 4914 agri
2303 4836 2479 4909 (Cant.
2512 4837 2594 4907 ιι).
2631 4835 2871 4905 Dccerpe
2894 4832 3054 4889 flores
3073 4848 3170 4904 per
3212 4834 3526 4907 Scriptnras

1939 4944 2180 5000 sanctas,
2202 4941 2263 4987 ut
2289 4933 2439 4987 dicas
2468 4946 2591 4986 cum
2607 4929 2874 4999 Propheta
2906 4946 2919 4982 :
2949 4927 3219 4983 Eructavit
3247 4946 3336 4984 cor
3350 4948 3524 4987 meum

1939 5028 2151 5083 uerbum
2186 5025 2398 5090 bonum,
2446 5024 2563 5079 dico
2607 5041 2701 5094 ego
2755 5038 2914 5093 opera
2957 5039 3072 5076 mea
3136 5024 3264 5094 regi.
3317 5024 3524 5096 Lingua

1941 5135 2055 5172 mea
2080 5116 2315 5170 calamus
2327 5114 2514 5168 scribta
2525 5113 2769 5168 velociter
2780 5113 3053 5167 scribentis
3075 5111 3191 5185 (Ps.
3210 5115 3379 5187 κων).
3398 5116 3530 5171 Illos

1940 5223 2069 5279 ergo
2097 5206 2329 5269 imitare,
2355 5204 2476 5258 illos
2499 5218 2726 5273 sequere
2747 5202 2840 5273 qui
2854 5203 2956 5258 ista
2978 5203 3165 5277 audire
3185 5216 3519 5272 meruerunt,

1936 5311 2166 5369 quarunt
2198 5294 2438 5359 habitus,
2474 5308 2673 5359 sermo,
2710 5293 2975 5360 incessus,
3005 5294 3138 5360 vita,
3180 5292 3406 5348 formam
3437 5296 3520 5351 in-

1937 5388 2210 5445 tuentibus
2234 5386 2496 5456 prmbent.
2529 5383 2662 5440 Nam
2691 5384 2814 5441 illos
2836 5399 2974 5455 quos
2998 5385 3200 5441 videris
3228 5385 3281 5439 in
3298 5385 3518 5443 modum

1935 5480 2164 5536 turturis
2186 5480 2413 5550 pingere
2474 5477 2768 5542 incessum,
2813 5477 3080 5542 curiosos,
3130 5474 3408 5541 verbosos,
3461 5479 3520 5536 in

1936 5571 2048 5627 n'sn
2078 5569 2287 5637 faciles,
2314 5570 2431 5626 sine
2462 5572 2688 5641 pudore,
2747 5568 2865 5625 sine
2904 5564 3243 5629 verecundia,
3304 5563 3517 5626 fabulas

1936 5663 2106 5719 aniles
2133 5670 2188 5718 et
2211 5677 2380 5720 vanas
2434 5662 2754 5730 referentes,
2785 5660 2852 5717 ad
2907 5671 3123 5717 cursum
3179 5660 3386 5728 tardos,
3446 5661 3517 5712 ad
