3940 6416
407 231 508 286 65:7

403 450 463 494 ut
494 440 639 494 fares
667 438 921 491 ardentes
972 435 1337 503 hucillucqne
1383 442 1544 486 vente
1582 433 1749 487 animi
1798 431 1980 494 ﬂante,

401 534 669 591 scintillas
694 530 1146 601 concupiscentia:
1192 537 1476 598 spargunt,
1522 534 1661 581 etut
1707 532 1826 580 rota
1870 523 1985 579 vol-

401 636 621 689 vuntur,
660 625 749 694 qui
801 622 1020 693 proprio
1075 622 1199 691 igne
1234 626 1555 688 torquentur
1611 616 1667 672 in
1714 616 1984 685 sartagine

401 720 568 774 menti
622 734 764 783 suae,
794 717 914 781 hes,
943 725 1003 770 ut
1031 714 1165 778 dixi,
1196 714 1399 775 devita,
1434 712 1559 781 quia
1590 709 1852 781 scriptum
1909 708 1985 763 le-

400 812 664 882 gis:Cnm
685 821 868 867 sancto
897 808 1248 870 sanctnseris,
1282 817 1328 859 et
1360 821 1478 859 cum
1512 818 1752 875 perverso
1779 817 1983 871 perver-

299 950 306 961 ,
399 908 525 962 leris
551 904 670 976 (Ps.
701 902 859 974 xvn).
892 901 1134 956 Humiles
1162 914 1292 953 vero
1322 896 1657 957 obedientes.
1695 892 1984 948 lectionem

398 1008 664 1063 amantes,
691 995 923 1051 orationi
948 994 1231 1053 instantes,
1264 1003 1384 1043 ama
1413 996 1469 1041 et
1494 985 1674 1055 dilige,
1723 992 1984 1050 tanquam

400 1094 642 1148 membra
669 1090 893 1146 Christi.
927 1087 1208 1155 lllosques
1234 1092 1287 1137 te
1334 1080 1579 1135 devitarc
1626 1076 1830 1140 monui,
1876 1090 1982 1128 non

400 1184 670 1245 attendas,
707 1180 877 1250 magis
901 1178 1020 1232 volo
1072 1186 1132 1230 ut
1180 1183 1232 1228 te
1282 1173 1508 1228 timeant
1561 1178 1618 1224 et
1661 1167 1985 1222 temulentur

401 1274 547 1338 mali,
578 1274 699 1327 loni
732 1287 859 1324 vero
888 1268 1112 1338 diligant
1135 1274 1189 1319 et
1214 1262 1531 1333 suscipiant.

944 1420 1171 1477 CAPUT
1192 1417 1398 1475 XCVIII

398 1558 538 1624 Quid
580 1557 836 1625 signi/iret
860 1553 998 1624 quod
1030 1553 1161 1606 dixit
1187 1551 1327 1605 Deus
1368 1550 1437 1604 ad
1473 1550 1739 1603 Abraham
1768 1562 1787 1599 :
1816 1548 1984 1617 Egre-

465 1649 597 1703 dere
620 1650 685 1702 de
736 1656 880 1699 terra
910 1654 1019 1706 tua,
1056 1652 1108 1697 et
1136 1644 1203 1696 de
1237 1641 1559 1713 cognatione
1608 1647 1722 1704 tua,
1752 1646 1809 1693 et
1854 1636 1979 1692 veni

465 1744 518 1794 in
550 1751 749 1794 terram
771 1751 935 1807 quam
974 1744 1351 1791 monstravere
1383 1734 1480 1789 tibi
1519 1731 1673 1806 (Gen.
1705 1729 1828 1803 xu).

402 1878 411 1887 ’
463 1899 530 1952 Et
563 1913 684 1962 nos,
719 1895 917 1950 fratres
965 1893 1295 1957 charissimi,
1350 1891 1416 1946 ad
1471 1888 1778 1959 exeinplum
1835 1886 1982 1943 beati

388 1989 621 2044 Abrahae
660 1987 1040 2058 pervenientes
1070 2002 1083 2037 :
1118 1982 1476 2052 Egrediamur
1523 1978 1587 2034 de
1608 1988 1749 2032 terra
1778 1986 1981 2039 nostra,

388 2090 437 2133 et
470 2081 533 2133 de
565 2079 876 2148 cognatione
898 2086 1099 2139 nostra,
1127 2083 1174 2129 et
1206 2074 1473 2128 veniamus
1500 2071 1569 2125 ad
1598 2081 1792 2124 terram
1821 2084 1981 2140 quant

390 2171 539 2227 nobis
560 2171 784 2225 daturus
810 2178 887 2224 est
910 2168 1169 2223 Dominus
1191 2174 1312 2236 post
1335 2166 1491 2220 istam
1522 2164 1709 2218 vitam.
1738 2161 1867 2228 Qua:
1898 2168 1983 2215 est

389 2271 536 2319 terra
558 2271 744 2317 nostra
778 2261 843 2316 de
882 2275 989 2329 qua
1017 2257 1198 2329 egredi
1229 2258 1507 2328 jubemur,
1542 2254 1648 2308 nisi
1698 2267 1829 2307 caro
1884 2266 1981 2304 ne-

387 2358 543 2414 stra?
572 2355 758 2429 (Ang.,
794 2371 954 2409 serm.
986 2352 1077 2419 54,
1121 2354 1259 2406 inter
1285 2348 1535 2421 append.)
1577 2347 1726 2402 Bene
1756 2360 1886 2414 ergo
1914 2345 1982 2399 de

386 2460 534 2506 terra
570 2449 864 2520 egreditur,
904 2447 994 2516 qui
1027 2444 1276 2501 carnales
1327 2441 1795 2511 ceucupisccntias
1845 2454 1979 2494 con-

386 2555 658 2604 temnens,
683 2550 739 2595 et
766 2540 1071 2593 voluntates
1093 2537 1341 2608 proprias
1367 2534 1512 2589 velut
1535 2547 1800 2588 venenum
1857 2531 1976 2585 dia-

388 2638 495 2692 boli
535 2636 761 2704 respuit,
788 2632 1087 2688 etlcctieni
1117 2630 1198 2684 vel
1219 2629 1449 2685 orationi
1490 2626 1806 2695 frequenter
1844 2625 1978 2679 insi-

385 2729 484 2784 stit
522 2745 536 2781 :
564 2728 702 2782 bene
726 2725 795 2781 de
839 2732 985 2778 terra
1035 2738 1133 2778 sua
1163 2722 1463 2792 egreditur,
1493 2719 1583 2788 qui
1625 2718 1980 2788 cupiditatem

385 2821 618 2892 spernit,
655 2827 711 2874 et
755 2816 1188 2873 misericordiam
1242 2813 1438 2883 diligit,
1494 2810 1766 2866 luxuriam
1815 2809 1978 2880 fugit,

387 2914 733 2985 amplectitur
760 2911 1093 2966 castitatem.
1124 2908 1267 2962 Bene
1301 2906 1368 2960 de
1392 2913 1533 2960 terra
1563 2919 1659 2958 sua
1682 2901 1978 2972 egreditur,

350 3062 356 3069 _
386 3006 477 3076 qui
506 3002 767 3057 malitiam
797 3000 1019 3064 deserit,
1054 3006 1115 3053 ut
1154 3005 1342 3053 teneat
1390 2994 1741 3057 charitatem,
1787 3006 1980 3060 super-

1684 192 2046 283 ειιΑῐιΑςυι
2084 224 2373 285 auarus

402 364 645 405 mensam
675 356 910 418 paratos,
941 345 1006 399 ad
1022 342 1564 414 jejuninmingrates,
1597 355 1827 411 quorum
1842 341 1985 397 oeuli
2015 350 2064 408 Α

3569 230 3680 287 658

2649 342 2874 400 CAPUT
2921 343 3108 400 XCIX.

2315 480 2389 533 De
2419 481 2668 550 martyrio
2691 482 2829 550 quod
2864 481 2916 534 in
2938 497 3066 549 per:
3086 480 3336 534 Ecciesim
3367 481 3450 549 ﬁt.

2161 614 2317 686 (Aug.
2348 632 2450 669 ser.
2493 615 2620 677 250,
2657 617 2721 670 de
2762 616 2942 686 temp.)
2995 616 3163 673 Nemo
3217 618 3386 684 dicat,
3444 617 3682 689 fratres,

2087 706 2230 775 quod
2261 708 2596 775 temporibus
2620 709 2821 763 nostris
2862 704 3161 779 martyrum
3205 713 3508 767 certamina
3557 729 3687 771 esse

2088 813 2195 853 non
2223 798 2450 868 possint.
2484 800 2818 858 llahctenim
2846 811 3015 870 ctpax
3032 810 3217 856 nostra
3242 814 3513 875 martyres
3527 821 3681 861 suos.

2086 886 2223 944 Nam
2253 890 2393 944 sicut
2419 888 2734 959 frequenter
2760 892 3153 960 suggessimus,
3191 893 3531 951 iracundiam
3582 898 3683 951 mi-

2087 980 2280 1050 tigare,
2312 980 2587 1036 libidinem
2614 980 2819 1051 fugere,
2864 983 3133 1051 justitiam
3167 985 3479 1050 custodire,
3504 988 3686 1042 avari-

2091 1070 2219 1126 tiam
2250 1079 2620 1128 contemnere.
2643 1088 2774 1141 pars
2801 1088 2995 1144 magna
3028 1075 3281 1145 martyrii
3311 1085 3415 1132 cst.
3447 1075 3566 1132 Non
3597 1078 3680 1132 in-

2087 1179 2325 1235 congrue
2348 1164 2554 1219 dictum
2584 1175 2690 1227 est,
2719 1166 3005 1220 avaritiam
3033 1175 3411 1233 contemnere,
3458 1170 3686 1225 iracun-

2087 1255 2232 1311 diam
2252 1255 2529 1324 mitigare,
2557 1254 2832 1311 libidinem
2885 1255 3072 1326 fugere
3107 1276 3120 1312 :
3150 1261 3551 1316 contemnenda
3597 1268 3685 1317 est

2084 1348 2233 1401 en'm
2254 1348 2505 1410 avaritia.
2537 1364 2659 1417 qua:
2684 1350 2839 1403 nobis
2860 1350 2982 1405 ideo
3009 1351 3195 1421 iniqua
3217 1352 3370 1409 lucra
3389 1365 3677 1424 procurat,

2084 1446 2146 1494 ut
2174 1455 2276 1494 nos
2297 1456 2425 1494 suos
2452 1439 2639 1495 faciat.
2680 1440 2862 1497 Nostri
2904 1444 3051 1497 enim
3089 1460 3356 1511 essemus,
3381 1447 3428 1502 si
3460 1447 3552 1502 illa
3583 1463 3690 1504 no-

2087 1540 2199 1587 stra
2227 1547 2331 1588 non
2365 1542 2528 1587 esset.
2559 1534 2746 1604 Iniqua
2790 1544 2876 1590 est
2903 1538 3154 1603 avaritia,
3186 1554 3308 1608 quae
3330 1540 3478 1595 velut
3509 1542 3674 1613 ignis.

2086 1631 2291 1693 quanto
2323 1624 2446 1694 plus
2470 1626 2689 1694 accipit,
2724 1634 2875 1682 tante
2900 1629 3132 1699 amplius
3185 1632 3395 1700 quierit.
3455 1634 3683 1688 Iracun-

2009 1702 2058 1761 Β
2085 1715 2172 1770 dia
2205 1730 2335 1769 vero
2365 1716 2661 1786 mitiganda
2691 1731 2795 1783 est,
2851 1734 2973 1788 qua:
3000 1720 3154 1790 prius
3197 1723 3462 1778 uecituris
3516 1732 3680 1779 nocet

2085 1822 2249 1876 quam
2276 1809 2557 1864 necendis.
2588 1808 2743 1875 Quod
2794 1820 2979 1865 autem
3027 1811 3306 1867 iibidinem
3360 1813 3675 1884 fugiendam

2084 1913 2205 1955 esse
2227 1900 2592 1970 suggerimus,
2608 1899 2886 1971 apostolus
2906 1900 3105 1957 Paulus
3122 1902 3406 1958 evidenter
3419 1905 3681 1968 ostendit,

2083 1990 2176 2059 qui
2227 2006 2355 2046 cum
2420 1992 2675 2047 omnibus
2717 1993 2868 2049 vitiis
2916 1994 3242 2064 pricdicaret
3292 1997 3683 2063 resistendum,

2085 2081 2211 2136 dum
2234 2091 2423 2137 contra
2452 2083 2727 2139 libidinem
2754 2085 3089 2155 loqueretur,
3116 2100 3225 2141 non
3252 2087 3391 2143 dixit
3421 2089 3684 2153 resistite,

2085 2170 2181 2224 sed
2212 2171 2380 2241 fugite
2407 2174 2809 2242 fornicationem
2857 2176 2913 2245 (I
2962 2176 3085 2231 Cor.
3132 2177 3231 2251 vr).
3280 2177 3360 2233 Ac
3405 2180 3449 2234 si
3488 2191 3681 2234 contra

2087 2260 2293 2332 reliqua
2317 2263 2470 2327 vitia,
2495 2264 2606 2319 Deo
2637 2266 2953 2332 auxiliante,
2996 2268 3260 2324 debemus
3316 2270 3370 2323 in
3421 2269 3680 2339 presenti

2088 2355 2363 2420 resistere,
2394 2355 2675 2413 libidinem
2720 2374 2852 2414 vero
2900 2360 3159 2428 fugiendo
3207 2375 3487 2431 superare.
3534 2360 3684 2431 Ergo

2084 2454 2276 2501 contra
2298 2446 2538 2505 libidinis
2565 2450 2827 2521 impetum
2875 2452 3220 2521 apprehende
3251 2455 3452 2524 fugam,
3508 2453 3553 2507 si
3597 2453 3682 2509 vis

2083 2538 2331 2595 obtinere
2355 2541 2658 2597 victoriam.
2705 2542 2814 2598 Nec
2837 2544 2932 2599 tibi
2956 2545 3294 2601 verecundia
3327 2545 3400 2600 sit
3420 2544 3608 2614 fugere
3630 2545 3680 2601 si

2083 2631 2348 2685 castitatis
2367 2633 2603 2701 palmam
2635 2634 2913 2691 desideras
2952 2637 3219 2692 obtinere.
3259 2637 3431 2703 Unde,
3476 2637 3692 2693 fratres

2083 2720 2411 2787 cbarissimi,
2458 2723 2528 2779 ab
2580 2726 2834 2781 omnibus
2873 2726 3222 2795 Christianis,
3274 2728 3543 2798 praecipue
3596 2737 3682 2784 ta-

2084 2828 2207 2869 men
2234 2829 2264 2868 a
2290 2813 2506 2871 clericis
2527 2815 2610 2870 vel
2646 2818 2949 2883 monachis,
3004 2818 3223 2888 indigna
3287 2827 3342 2874 et
3388 2820 3676 2876 inhonesta

2084 2905 2427 2963 familiaritas
2460 2907 2713 2979 fugienda
2739 2920 2857 2975 est;
2890 2911 3018 2980 quia
3042 2911 3161 2967 sine
3191 2912 3300 2966 ulla
3341 2913 3681 2968 dubitatione

2084 2998 2176 3068 qui
2204 2998 2629 3055 familiaritatem
2661 3017 2768 3055 non
2812 3000 2928 3055 vult
2959 3002 3134 3056 vitare
3187 3012 3516 3071 suspectam,
3565 3004 3676 3059 cizc

387 3095 529 3147 Nam
566 3091 796 3162 spernit,
825 3097 883 3144 οι
922 3095 1161 3143 sectatur
1213 3085 1598 3141 humilitatem.
1651 3081 1792 3149 Quid
1849 3096 1980 3152 ergo
2008 3079 2051 3140 C
2084 3090 2352 3144 delabitur
2423 3091 2477 3145 in
2534 3092 2768 3146 ruinam.
2828 3091 2975 3148 Inter
3013 3093 3194 3147 ninnia
3239 3093 3675 3148 Christianorum

384 3190 452 3243 de
476 3196 620 3241 terra
650 3184 838 3257 egredi
870 3191 976 3247 est,
1005 3181 1110 3237 nisi
1132 3180 1313 3235 omnia
1337 3186 1559 3249 peccata
1600 3187 1655 3232 et
1701 3177 1832 3232 vitia
1858 3192 1980 3232 car-

386 3278 527 3332 nalia
552 3273 893 3346 relinquere?
915 3273 982 3327 Et
1012 3273 1149 3336 rcni,
1188 3270 1364 3341 inquit
1384 3268 1666 3334 Dominus,
1690 3269 1745 3322 in
1760 3279 1976 3333 terram,

384 3385 542 3440 «lutum
571 3376 931 3421 monstravere
964 3364 1059 3418 tibi
1100 3362 1257 3435 (Gen.
1312 3359 1433 3432 xu).
1486 3360 1629 3431 Ergo
1677 3360 1724 3414 si
1775 3368 1977 3414 terram

388 3471 629 3516 nostram
685 3458 1066 3527 relinquimus,
1127 3455 1198 3510 ad
1248 3464 1450 3508 terram
1510 3470 1673 3523 quam
1740 3454 1979 3509 ostendit

389 3553 645 3607 Dominus
678 3550 977 3605 veniemus.
1003 3548 1134 3615 Qua:
1164 3556 1342 3602 tamen
1371 3554 1456 3602 est
1483 3555 1628 3601 terra
1675 3546 1779 3599 ista
1814 3559 1978 3615 quam

391 3644 667 3699 lioluinus.
688 3643 943 3712 dignatur
965 3639 1291 3695 ostendere?
1319 3638 1449 3694 Sine
1475 3638 1640 3694 dubio
1669 3638 1974 3704 credamus,

386 3739 514 3806 quia
566 3736 682 3805 ipsa
710 3743 794 3789 est
822 3733 888 3787 dc
913 3748 1017 3801 qua
1042 3730 1310 3801 Propheta
1333 3729 1549 3785 dicebat
1569 3748 1580 3781 :
1603 3726 1774 3783 Credo
1806 3729 1979 3784 ridere

388 3829 524 3882 boote
546 3825 763 3879 Domini
779 3826 833 3878 in
854 3834 998 3878 terra
1028 3823 1306 3891 viventium
1338 3820 1457 3894 (Ps.
1479 3820 1651 3887 xxvi).
1670 3820 1814 3890 Ergo
1833 3831 1976 3875 terra

385 3917 629 3989 corporis
657 3916 829 3971 nostri
873 3915 1088 3985 quando
1116 3914 1326 3985 magnis
1372 3913 1693 3969 criminibus
1745 3913 1974 3969 famula-

388 4023 496 4077 tur,
530 4020 676 4067 terra
712 4009 1057 4064 morientium
1084 4022 1205 4062 esse
1231 4006 1602 4077 cognoscitur.
1653 4005 1791 4059 Cum
1845 4022 1976 4061 vem

384 4105 675 4159 virtutibus
704 4118 925 4174 operam
951 4101 1180 4167 dederit,
1221 4099 1277 4153 in
1310 4108 1453 4155 terra
1479 4099 1778 4154 viventium
1796 4107 1976 4154 trans-

384 4198 701 4271 migrationc
732 4196 1044 4252 felicissima
1073 4200 1463 4249 commutatur.
1497 4190 1605 4246 Sed
1662 4192 1767 4246 hoc
1819 4206 1972 4261 ergo,

386 4294 581 4348 fratres
602 4291 928 4355 charissimi,
968 4305 1073 4344 non
1100 4294 1257 4343 extra
1278 4301 1395 4348 nos,
1423 4284 1519 4341 sed
1550 4284 1697 4339 intus
1721 4284 1777 4338 in
1792 4283 1974 4348 nobis,

384 4406 506 4443 cium
540 4389 633 4442 Dei
675 4389 846 4458 gratia
873 4401 1161 4456 possumus
1183 4397 1439 4439 exercere
1493 4381 1540 4437 si
1587 4381 1861 4436 volumus.
1914 4379 1974 4435 Si

383 4481 530 4534 enim
552 4490 771 4550 peccata
799 4479 1178 4549 relinquimus,
1205 4486 1262 4530 et
1283 4474 1472 4530 virtuti
1503 4488 1727 4543 operam
1758 4475 1973 4535 damus,

385 4578 450 4629 cie
468 4585 611 4630 terra
641 4575 992 4630 morientium
1031 4573 1265 4627 feliciter
1278 4570 1483 4641 egressi
1500 4584 1711 4634 sumus,
1728 4568 1850 4624 etin
1864 4576 1976 4622 ter—

391 4686 507 4722 ram
526 4669 820 4723 viventium
846 4667 1074 4721 feliciter
1090 4665 1388 4719 veniemus.
1422 4662 1489 4716 Et
1510 4660 1630 4715 ideo
1653 4660 1746 4729 qui
1769 4659 1977 4714 solebat

390 4760 733 4823 maledicere,
786 4759 1106 4820 lzeuedicat;
1156 4764 1212 4810 et
1262 4755 1353 4822 ηιιί
1400 4752 1612 4806 solebat
1664 4752 1972 4815 detrahere,

385 4866 598 4919 sinnper
627 4851 769 4918 quod
792 4850 990 4903 bonum
1014 4856 1099 4902 est
1126 4847 1339 4900 studeat
1366 4844 1630 4915 proferre.
1685 4842 1787 4909 Qui
1835 4842 1975 4897 sole~

388 4945 477 4996 imt
506 4942 836 4996 iracundiam
866 4941 917 4993 in
948 4940 1111 4995 corde
1142 4952 1488 5000 conservare,
1520 4937 1841 5006 patientiam
1899 4944 1975 4990 te-

387 5043 533 5090 neat.
565 5033 665 5100 Qui
690 5047 776 5087 res
802 5032 1008 5087 alienas
1029 5030 1237 5086 solebat
1259 5028 1533 5094 invadere,
1564 5029 1630 5084 de
1658 5028 1820 5084 rebus
1848 5044 1975 5098 pro.

386 5126 519 5193 priis
542 5125 756 5178 studeat
775 5139 1021 5194 erogare.
1050 5123 1151 5190 Qui
1174 5124 1227 5177 in
1257 5122 1472 5192 negotio
1497 5121 1737 5179 fraudem
1768 5122 1970 5191 facere,

386 5226 442 5271 ct
469 5233 568 5288 per
589 5225 822 5271 stateras
849 5216 932 5269 vel
958 5230 1242 5269 mensuras
1282 5214 1525 5285 duplices
1584 5214 1733 5270 lucra
1783 5217 1970 5271 nmndi

386 5311 711 5381 conquirere
733 5310 963 5375 solebat,
992 5310 1060 5363 ab
1088 5310 1232 5364 omni
1261 5308 1451 5363 fraude
1472 5316 1526 5363 ct
1546 5309 1614 5362 ab
1664 5310 1811 5363 omni
1870 5309 1972 5362 ini-

386 5406 597 5473 quitate
634 5419 789 5458 suum
817 5402 1057 5456 animum
1113 5417 1211 5472 per
1240 5402 1613 5471 pmnitcntiam
1646 5400 1728 5454 vel
1761 5401 1973 5454 miseri-

388 5500 626 5552 (-ordiam
658 5496 949 5553 contendat
975 5496 1203 5564 erigere.
1257 5494 1372 5547 Hoc
1426 5509 1549 5563 ergo
1583 5494 1743 5562 agite,
1780 5492 1971 5559 fratres

387 5589 702 5652 (durissimi,
731 5598 779 5643 et
806 5586 948 5643 Dens
976 5588 1123 5658 paris
1141 5597 1188 5641 et
1218 5582 1511 5639 diiertionis
1555 5582 1652 5636 erit
1708 5598 1761 5635 vc
1774 5581 1971 5635 bisrnm

390 5682 475 5753 (il
504 5684 624 5737 (Sor.
661 5684 803 5757 xm).

2082 3183 2381 3236 certamina
2421 3199 2449 3238 s
2484 3182 2535 3236 la
2567 3183 2791 3238 duriora
2838 3196 2964 3238 sunt
2995 3186 3177 3253 praelia
3236 3187 3529 3247 castitatis.
3582 3188 3677 3242 ubi

2080 3276 2396 3343 quotidiana
2428 3291 2608 3347 pugna
2654 3287 2758 3342 cst,
2791 3286 2849 3331 et
2874 3293 2997 3331 rara
3036 3279 3282 3332 victoria.
3313 3278 3547 3334 Cravcm
3580 3295 3679 3335 ca-

2080 3369 2238 3422 stitas
2264 3369 2457 3422 sortita
2498 3378 2584 3423 est
2619 3369 2920 3433 inimicum,
2947 3371 3040 3439 qui
3074 3370 3315 3440 quotidie
3347 3372 3582 3426 vincitur
3619 3383 3676 3428 et

2079 3464 2331 3547 timetur;
2349 3461 2417 3514 Et
2442 3461 2581 3523 ideo.
2615 3460 2886 3529 sicutjam
2913 3462 3120 3517 dictum
3143 3472 3247 3527 est,
3268 3478 3426 3517 nemo
3452 3476 3511 3518 se
3536 3462 3673 3519 falsa

2080 3553 2376 3607 securitate
2407 3552 2669 3622 decipiat,
2703 3568 2804 3607 nec
2844 3553 2912 3608 de
2968 3554 3081 3608 suis
3125 3554 3332 3608 viribus
3372 3554 3677 3624 periculose

2076 3652 2390 3711 praesumat,
2419 3644 2512 3697 sed
2554 3643 2742 3697 audiat
2787 3643 3102 3712 Apostolum
3131 3645 3401 3699 dicentem
3434 3663 3447 3698 :
3486 3644 3678 3716 Fugite

2081 3736 2503 3805 fornicationem.
2561 3734 2630 3789 Et
2677 3736 2817 3799 ideo,
2865 3736 3173 3791 charissimi
3213 3735 3427 3802 fratres,
3484 3747 3677 3792 contra

2080 3827 2361 3882 mortifera
2398 3827 2768 3882 blandimenta
2800 3836 2854 3882 et
2900 3836 3091 3882 contra
3144 3829 3418 3899 adjutores
3472 3830 3675 3885 diaboli

2079 3920 2172 3991 qui
2203 3919 2629 3975 familiaritatem
2652 3928 2967 3989 suspectam
3017 3921 3216 3976 habere
3263 3937 3363 3976 nec
3419 3930 3675 3977 metuunt

2078 4029 2178 4068 nec
2199 4013 2549 4072 erubescunt,
2583 4027 2652 4067 ne
2684 4028 2781 4065 nos
2802 4013 3050 4082 exemplo
3094 4029 3193 4069 suo
3234 4014 3528 4083 decipiant,
3577 4013 3677 4069 Dei

2080 4100 2631 4175 adjutoriumjugitei'
2657 4102 3005 4173 implercmus
3027 4112 3087 4158 ut
3115 4119 3211 4159 nos
3246 4104 3311 4158 de
3360 4103 3545 4160 laqueo
3592 4122 3676 4159 re-

2082 4200 2323 4253 mmtium
2351 4198 2574 4252 liberare
2596 4193 2714 4267 (Ps.
2740 4194 2931 4267 cum)
2952 4197 3205 4268 dignetur
3233 4211 3247 4250 :
3277 4196 3511 4252 scientes
3526 4198 3673 4266 quod

2084 4290 2137 4344 in
2161 4291 2228 4347 iis
2263 4289 2421 4345 malis
2444 4305 2566 4361 qua:
2589 4303 2752 4359 supra
2794 4288 3031 4342 diximus
3052 4289 3307 4343 omnibus
3343 4287 3675 4343 Christianis

2082 4384 2411 4455 quotidiana
2430 4384 2694 4454 martyria
2735 4384 2930 4438 deesse
2953 4399 3059 4439 non
3106 4391 3350 4453 possunt.
3412 4383 3469 4437 Si
3522 4384 3673 4438 enim

2084 4476 2327 4539 castitas,
2359 4484 2416 4530 et
2437 4476 2664 4540 veritas,
2686 4482 2742 4529 et
2762 4473 2973 4543 iustitia
3002 4473 3251 4529 Christus
3276 4485 3380 4540 cst,
3404 4476 3549 4530 sicut
3584 4474 3675 4530 ille

2080 4570 2172 4637 qui
2200 4569 2486 4624 insidiatur
2510 4575 2829 4637 persecutor
2856 4577 2960 4631 cst,
2999 4567 3073 4621 ita
3110 4575 3165 4621 ct
3188 4568 3275 4622 ille
3324 4583 3414 4637 qm
3449 4568 3562 4622 ha'c
3616 4576 3672 4623 rt

2080 4659 2133 4713 in
2158 4658 2280 4728 aliis
2298 4657 2586 4713 defensare
2614 4666 2670 4712 et
2699 4658 2754 4711 in
2779 4673 2837 4711 se
2880 4657 3154 4712 custodire
3180 4656 3433 4719 voluerit,
3466 4667 3676 4728 martyr

2078 4754 2203 4808 erit.
2230 4753 2297 4808 Et
2318 4754 2439 4809 ideo
2465 4754 2558 4824 qui
2596 4755 2710 4808 haac
2742 4764 2851 4809 tota
2882 4754 3048 4808 animi
3075 4754 3277 4809 virtute
3305 4763 3361 4809 et
3401 4756 3514 4824 ipse
3540 4755 3672 4816 dili-

2080 4847 2175 4916 git,
2200 4857 2254 4901 ct
2275 4856 2334 4902 ut
2359 4847 2449 4901 alii
2479 4846 2724 4916 diligant,
2770 4855 2826 4901 et
2876 4846 3059 4900 verbis
3094 4846 3253 4900 simul
3300 4855 3355 4901 et
3410 4846 3675 4917 exemplis

2083 4941 2341 5001 ostendit,
2362 4948 2419 4994 et
2440 4940 2744 5010 ubicunque
2777 4956 2902 5009 pax,
2932 4939 3133 4994 veritas
3154 4939 3237 4992 vel
3263 4937 3502 5007 justitia,
3556 4940 3672 4993 sive

2082 5032 2305 5087 castitas
2335 5030 2606 5094 laborant,
2647 5039 2909 5100 quantum
2950 5029 3209 5097 praevalet
3253 5030 3419 5083 etiam
3447 5027 3591 5085 ultro
3611 5045 3676 5087 se

2083 5124 2301 5196 ingerit,
2329 5132 2383 5177 ct
2418 5124 2714 5177 secundum
2740 5122 2884 5192 quod
2910 5122 3057 5178 vires
3081 5121 3169 5177 ha‘.
3191 5122 3352 5186 norit,
3383 5121 3670 5177 defensare

2078 5217 2376 5280 contendit,
2434 5216 2683 5287 martyrii
2712 5230 2968 5270 coronam
3004 5215 3235 5270 Domino
3288 5225 3672 5271 rcmuncrante

2075 5308 2360 5378 percipiet.
2393 5307 2498 5363 Sed
2525 5306 2659 5362 dicit
2686 5305 2883 5376 aliquis
2912 5306 3094 5371 homo,
3143 5305 3366 5360 Juvenis
3408 5322 3551 5373 sum,
3588 5308 3672 5363 fa-

2078 5398 2217 5453 ciam
2255 5400 2397 5467 quod
2439 5398 2671 5453 delectat
2719 5398 2900 5463 modo,
2950 5406 3007 5452 et
3051 5407 3235 5469 postea
3292 5399 3669 5469 paenitentiam

2078 5507 2258 5562 agam.
2296 5486 2411 5548 ilec
2439 5492 2725 5545 estdicere
2750 5508 2763 5542 τ
2794 5491 3097 5545 Pcrcutiam
3132 5507 3217 5545 me
3239 5492 3440 5545 crndcii
3469 5492 3667 5561 gladio,

2079 5595 2134 5639 et
2155 5588 2494 5655 postmodum
2532 5586 2597 5639 al
2638 5586 2906 5638 medicum
2937 5602 2998 5639 va
3022 5586 3148 5638 fam.
3188 5585 3253 5638 lit
3300 5586 3472 5639 nescit
3522 5586 3668 5655 quod

2081 5678 2240 5733 unius
2264 5679 2410 5733 hora:
2457 5686 2657 5748 puncto
2681 5676 2873 5731 vulnus
2900 5679 3210 5743 exhibetur,
3237 5678 3331 5733 scd
3383 5678 3471 5733 vix
3504 5678 3669 5749 longe
