3940 6404
435 434 527 489 691

507 543 610 612 Qui
650 539 836 597 sordes
861 536 1055 591 anima:
1096 530 1420 599 illuvicsque
1440 525 1608 581 lavet.

436 635 745 693 (lbrismate
769 628 990 701 perfuso
1016 626 1384 696 lacrymarum
1425 616 1570 672 fusio
1597 612 1735 670 fonti

508 723 851 801 Equiparat,
884 716 1125 774 maculas
1150 712 1314 783 tergit
1339 717 1402 765 ut
1429 708 1521 763 ille
1551 705 1768 774 nigras,

438 813 631 886 'l‘ergit
659 797 717 867 et
743 810 959 865 ablutos
986 803 1231 876 paradisi
1260 800 1365 855 rite
1397 797 1652 860 colonos;

510 901 691 959 Ellicit
716 909 777 956 ut
800 897 1039 955 habeant
1060 895 1176 967 iam
1202 892 1323 949 sine
1348 889 1455 944 line
1483 887 1652 949 cives,

440 996 545 1067 Qui
573 994 780 1067 jugiter
803 990 982 1047 laudis
1009 987 1225 1059 possint
1257 980 1570 1054 persolvere
1602 983 1786 1048 grates

515 1088 714 1145 Vivere
738 1097 864 1141 cum
888 1079 1120 1137 Domino
1145 1088 1362 1145 semper
1386 1079 1443 1126 et
1467 1082 1589 1125 esse
1614 1080 1736 1123 suo.

821 1189 1117 1256 INCIPIT
1157 1177 1652 1247 PROOEMIUM.

516 1299 653 1356 Cum
687 1293 875 1353 turbas
913 1287 1274 1362 plurimorum
1313 1291 1596 1337 cernerem
1637 1274 2031 1331 monachorum

444 1396 502 1451 in
542 1390 691 1450 beati
720 1383 932 1460 Regula
968 1375 1287 1442 Benedicti,
1331 1368 1813 1441 interpretationes
1838 1365 2033 1420 verbo-

446 1501 569 1544 rum
586 1526 603 1552 ,
647 1491 705 1539 et
744 1454 1083 1536 intellectam
1112 1468 1451 1525 diversarum
1478 1457 1895 1521 sententiarum,
1918 1454 2032 1510 dis-

446 1578 859 1644 cretionemque
913 1563 1245 1637 iudiciorum
1300 1553 1571 1626 sagaciter
1615 1561 1861 1621 quaerere
1915 1544 2035 1616 plu-

447 1639 880 1735 rimorum,
893 1657 1141 1712 variante
1166 1646 1385 1706 modulo
1404 1644 1556 1701 varia
1583 1641 1643 1695 fit
1656 1639 1959 1708 culparum,
1975 1642 2038 1690 ut

446 1733 920 1835 expositioni—ejus
944 1761 1166 1820 operam
1194 1743 1381 1800 darem
1398 1779 1414 1806 ,
1456 1745 1513 1793 et
1541 1750 1572 1790 a
1600 1733 1807 1804 meipso
1833 1736 2034 1793 motus,

447 1865 507 1913 et
521 1822 597 1911 ab
619 1851 742 1908 aliis
763 1822 884 1904 sum
909 1849 1152 1900 coactus.
1187 1836 1255 1891 Et
1279 1830 1530 1904 quamvis
1553 1826 1675 1898 ejus
1695 1822 2038 1895 expositione

447 1960 558 2003 non
579 1942 861 2012 indigeant
880 1931 1044 1997 docti,
1068 1938 1252 1985 tamen
1274 1920 1504 1992 simplex
1526 1914 1861 1985 simplicibus
1882 1917 2036 1982 grata

450 2046 537 2093 est
561 2032 680 2104 ejus
697 2001 977 2099 expositio
1005 2014 1312 2080 monachis,
1350 2010 1442 2082 qui
1472 2022 1571 2080 per
1598 2004 1717 2076 ejus
1746 2001 2042 2058 observan-

451 2089 682 2185 tiam'ad
707 2089 953 2178 coelestia
978 2110 1206 2181 cupiunt
1232 2102 1501 2161 scandere
1527 2109 1718 2168 regna,
1755 2092 1823 2149 de
1845 2106 1911 2147 ea
1933 2089 2049 2145 fre-

453 2225 687 2291 quenter
714 2211 903 2268 audire
926 2205 1011 2261 vel
1048 2199 1261 2257 modica
1291 2193 1606 2251 desiderant
1629 2187 1796 2243 verba
1823 2198 1838 2239 :
1868 2191 1926 2239 et
1950 2182 2044 2253 qui

456 2271 578 2379 eius
604 2310 855 2363 tenentes
882 2292 1267 2354 rectitudinem
1290 2327 1305 2349 .
1354 2292 1561 2341 aeterna
1592 2285 1815 2348 sperant
1838 2271 2048 2346 perfrui

457 2366 817 2458 beatitudine,
861 2389 1059 2448 crebro
1101 2378 1411 2452 regularem
1439 2371 1679 2445 gaudent
1706 2366 1898 2422 audire
1929 2378 2048 2420 ser-

464 2455 701 2546 nionem.
738 2455 905 2552 cuius
924 2474 1140 2533 Domini
1166 2467 1469 2541 opitulante
1495 2461 1670 2535 gratia
1694 2457 1807 2529 jam
1832 2455 2050 2513 ordina-

464 2584 566 2638 tim
589 2576 849 2646 incipiam
878 2580 1150 2641 exponere
1179 2561 1364 2617 verba.

971 2684 1562 2770 EXPOSITIO

668 3087 1036 3151 PROLOGUS
1072 3080 1379 3142 REGULIE
1419 3081 1480 3136 Β.
1507 3071 1867 3135 BENEDICTI

958 3191 1152 3235 PATRIS
1188 3185 1570 3230 IIONACHORUI.

547 3277 822 3337 Obsculta.
885 3273 1013 3329 llaec
1058 3284 1158 3325 nos
1201 3263 1477 3322 hortantis
1526 3259 1672 3317 beati
1721 3256 1887 3312 verba

474 3368 776 3430 Benedicti.
822 3366 918 3422 ille
944 3362 1178 3428 etenim,
1221 3357 1429 3430 Spiritu
1465 3361 1653 3410 sancto
1681 3348 1953 3420 repletus,
2000 3351 2064 3397 ut

476 3479 580 3521 nos
604 3460 673 3518 ad
698 3458 924 3516 meliora
951 3453 1385 3528 proficiscamur,
1424 3447 1697 3502 hortatur.
1749 3439 1890 3496 Sunt
1916 3436 2063 3492 enim

477 3556 573 3629 qui
596 3568 723 3612 eum
752 3565 887 3607 ausu
918 3527 1210 3604 temerario
1248 3538 1653 3612 reprehendere
1683 3542 1954 3590 conantur
1982 3527 2065 3585 di-

478 3621 704 3705 centes:
739 3640 995 3698 Ausculta
1031 3635 1217 3692 debuit
1256 3633 1458 3697 dicere,
1502 3642 1612 3683 non
1658 3621 1918 3686 obsculta,
1963 3633 2063 3675 ne-

480 3738 721 3797 scientes
756 3733 885 3806 quia
919 3730 1063 3787 sicut
1096 3734 1247 3782 recte
1278 3723 1478 3781 dicitur
1504 3717 1697 3774 obaudi
1718 3757 1733 3782 ,
1773 3721 1831 3770 et
1852 3711 2065 3767 obtem-

480 3843 638 3902 pera,
663 3835 718 3884 et
738 3802 1068 3886 obsecunda,
1089 3824 1146 3874 et
1167 3816 1270 3872 alia
1296 3813 1463 3869 multa
1487 3810 1637 3875 talia,
1664 3807 1739 3862 ita
1765 3802 2069 3861 rectissime

484 3920 590 3978 dici
616 3925 815 3991 potest,
840 3912 1026 3971 obscul
1036 3920 1109 3967 ta.

559 3986 730 4080 O—ﬁli.
768 4005 814 4063 0
843 4002 1146 4073 interiectio
1171 4014 1272 4072 pro
1297 3994 1528 4055 diversis
1552 3988 1801 4048 sensibus
1827 3986 2072 4041 diversas

486 4076 655 4161 habet
672 4099 1119 4174 significationes.
1145 4090 1450 4163 Aliquoties
1472 4081 1812 4145 admirantis,
1829 4085 1889 4134 ut
1910 4076 2067 4132 illud:

487 4200 536 4256 0
562 4172 964 4272 quam—pulchra
989 4201 1064 4247 est
1089 4198 1233 4245 casta
1259 4180 1524 4258 generatio
1548 4175 1699 4250 (Sap.
1725 4172 1822 4247 tv).
1857 4172 2075 4240 Aliquo-

487 4262 593 4347 ties
620 4262 873 4354 dolentis,
898 4293 959 4340 ut
989 4281 1118 4338 illud
1142 4297 1155 4334 ε
1192 4275 1237 4332 0
1267 4292 1356 4331 vos
1386 4286 1585 4336 omnes,
1609 4267 1698 4340 qui
1724 4262 1961 4319 transitis
1987 4276 2079 4329 per

489 4398 650 4447 utam,
691 4346 927 4437 aidetevsi
956 4383 1031 4431 est
1063 4370 1216 4427 dolor
1239 4378 1296 4422 ut
1323 4373 1397 4421 est
1423 4360 1577 4417 dolor
1602 4346 2074 4426 meus(Thren.|c1).

491 4441 792 4546 Aliquoties
811 4467 1049 4541 optantis
1068 4460 1314 4520 continet
1332 4451 1806 4527 significationem,
1827 4452 1886 4499 ut
1910 4441 2042 4496 illud
2063 4458 2075 4493 :

495 4567 543 4623 0
572 4565 816 4631 Domine,
847 4539 1030 4617 salvos
1074 4571 1168 4610 nos
1207 4552 1313 4623 fac.
1358 4544 1402 4603 0
1430 4545 1676 4607 Domine,
1704 4539 1829 4593 bene
1859 4547 2082 4605 prospe-

492 4623 813 4729 rare(Psal:
829 4647 1019 4722 cxvn).
1052 4645 1225 4714 Quam
1256 4648 1311 4696 et
1336 4637 1426 4693 hic
1454 4629 1851 4689 rationabiliter
1876 4623 2083 4680 obtinet

494 4716 790 4803 vim.‘Nam
811 4750 867 4796 et
886 4716 988 4794 lilii
1004 4734 1221 4791 nomine
1238 4742 1364 4785 eum
1386 4721 1592 4796 placuit
1610 4716 1903 4790 appellare,
1920 4726 2081 4783 quem

498 4837 673 4895 voluit
699 4835 905 4890 habere
934 4827 1289 4883 imitatorem.
1337 4817 1582 4885 Quatuor
1609 4809 1754 4864 enim
1785 4805 1960 4861 modis
1988 4802 2082 4857 lilii

502 4926 875 5000 appellantur:
898 4928 1114 4982 natura,
1137 4908 1460 4971 imitatione,
1485 4899 1796 4972 ad0ptinne,
1813 4893 2080 4952 doctrina.

504 5023 608 5078 llic
633 5026 815 5075 autem
842 5028 949 5070 non
979 5015 1171 5065 natura
1192 5046 1206 5071 ,
1242 5018 1348 5058 non
1381 4996 1688 5069 adoptione,
1715 4991 1811 5048 sed
1837 4987 2083 5045 doctrina

504 5077 592 5169 vel
632 5105 936 5166 imitatione
976 5099 1118 5156 filius
1163 5092 1485 5166 appellatur,
1517 5086 1608 5157 qui
1638 5084 1703 5139 ad
1731 5077 2083 5139 obscultanda

506 5198 756 5275 magistri
782 5199 1052 5267 prteccpta
1081 5190 1350 5245 hortatur.

582 5258 874 5360 Praecepta.
903 5258 1179 5350 Praecepta
1203 5283 1329 5332 sunt
1350 5287 1468 5344 quze
1491 5259 1584 5325 aut
1606 5265 1732 5337 quid
1758 5258 2084 5317 faciendum,

511 5390 607 5441 aut
630 5350 776 5454 quid.
795 5391 903 5433 non
940 5369 1244 5428 faciendum
1274 5366 1346 5421 sit
1372 5363 1609 5418 docent:
1649 5350 1975 5410 faciendum,
2010 5352 2088 5407 ut,

511 5475 671 5546 dilige
692 5468 976 5527 Dominum
1003 5463 1166 5518 Deum
1192 5469 1363 5522 tuam,
1389 5462 1443 5509 et
1469 5452 1673 5505 honora
1696 5451 1897 5514 patrem
1922 5447 2090 5499 tuum,

1729 405 2005 463 SMARAG
2012 404 2078 461 Dl
2109 401 2400 460 ABBATIS

2043 522 2096 581 Α
2120 514 2380 583 Quamvis
2403 512 2550 569 enim
2579 510 2802 566 abusive
2827 509 3011 580 plures
3035 510 3301 563 vocentur
3325 501 3577 573 magistri
3596 542 3614 568 ,
3642 511 3710 559 ut

3597 387 3708 448 892

2121 615 2208 663 est
2246 605 2380 661 illud
2419 605 2475 660 in
2514 602 2883 659 Ecclesiasten
2912 601 2980 657 de
3007 599 3127 671 lege
3155 596 3401 667 legisque
3430 592 3710 649 latoribus

2122 696 2328 753 dictum
2347 736 2363 761 ,
2393 693 2528 763 Qua:
2557 709 2657 764 per
2683 692 3070 764 magistrorum
3106 686 3397 744 consilium
3425 686 3549 740 data
3573 689 3714 740 sunt

2123 802 2158 842 a
2185 794 2406 857 pastore
2432 800 2575 851 uno,
2626 799 2767 840 unus
2813 792 2995 838 tamen
3038 794 3138 851 per
3166 786 3417 833 naturam
3450 784 3537 832 est
3564 777 3712 831 Deus

2123 876 2385 947 magister
2410 884 2469 932 et
2493 874 2676 931 Pater.
2724 874 2845 944 Ipse
2871 872 3018 927 enim
3045 870 3159 925 ait:
3200 868 3269 923 Et
3297 867 3514 922 Patrem
3550 864 3714 919 nolite

2126 979 2311 1019 vocare
2335 980 2493 1036 super
2517 973 2733 1018 terram.
2767 960 2918 1017 Unus
2943 970 3019 1015 est
3046 959 3186 1014 enim
3214 955 3381 1012 Pater
3403 965 3591 1015 vester,
3620 953 3715 1025 qui

2126 1056 2183 1110 in
2208 1055 2348 1112 caelis
2376 1066 2451 1111 est
2477 1048 2882 1128 (Hattluxru).
2899 1047 3251 1107 Nevocemini
3274 1046 3548 1118 magistri,
3581 1044 3715 1116 quia

2126 1146 2391 1220 magister
2412 1155 2596 1203 vester
2622 1161 2762 1201 unus
2785 1153 2869 1202 est
2891 1143 3164 1200 Christus.
3203 1140 3315 1196 Nos
3339 1154 3469 1195 vero
3495 1137 3719 1209 quando

2129 1247 2340 1311 patrem
2363 1253 2624 1295 vocamus
2663 1236 2971 1300 hominem,
3014 1234 3279 1290 honorem
3320 1230 3465 1286 aetati
3507 1228 3712 1284 deferi-

2128 1344 2271 1394 mus,
2299 1344 2409 1385 non
2440 1334 2720 1384 auctorem
2750 1333 2957 1381 nostra:
2982 1323 3110 1378 vita:
3133 1319 3497 1378 ostendimus.
3547 1316 3721 1388 Magi-

2131 1430 2246 1478 ster
2271 1434 2404 1475 vero
2439 1433 2510 1475 ex
2547 1415 2826 1473 consortio
2851 1413 2971 1470 veri
3011 1410 3259 1482 magistri
3295 1408 3571 1463 veraciter
3606 1404 3718 1461 dici

2132 1518 2347 1582 potest:
2384 1508 2513 1578 quia
2540 1507 2683 1563 sicut
2709 1520 2811 1576 per
2834 1510 3088 1559 naturam
3114 1515 3258 1555 unus
3289 1498 3456 1562 Dens,
3493 1505 3548 1551 et
3578 1494 3725 1549 filius

2133 1617 2245 1658 non
2271 1598 2590 1672 praeiudicat
2615 1595 2831 1654 caeteris
2849 1635 2865 1661 ,
2910 1608 2983 1649 ne
3013 1607 3114 1663 per
3142 1589 3492 1659 adoptionem
3521 1586 3598 1640 dii
3624 1599 3724 1639 vo-

2137 1699 2330 1750 centur
2355 1698 2411 1747 et
2436 1689 2557 1755 ﬁlii,
2579 1689 2654 1744 ita
2679 1701 2822 1742 unus
2844 1692 3002 1755 pater
3023 1692 3077 1737 et
3104 1679 3366 1751 magister
3391 1692 3498 1731 non
3531 1674 3728 1745 prmiu-

2138 1786 2288 1842 dicat
2314 1784 2435 1839 aliis
2459 1792 2520 1837 ut
2544 1778 2770 1836 abusive
2795 1784 2981 1849 patres
3009 1772 3349 1844 appellentur
3373 1776 3428 1824 et
3453 1766 3724 1837 magistri.

2142 1876 2398 1948 Magister
2443 1874 2552 1928 dux
2572 1911 2588 1935 ,
2643 1868 2996 1940 gubernator,
3044 1870 3366 1933 precemur,
3404 1856 3490 1912 vel
3536 1857 3732 1929 doctor
3772 1864 3775 1868 '

2142 1946 2480 2035 intelligitur.
2547 1955 2726 2030 Cujus'
2772 1950 3096 2026 etymologia
3149 1964 3182 2004 a
3228 1946 3420 2003 Graeco
3475 1954 3733 1999 sermone

2141 2069 2322 2116 steron
2345 2053 2628 2113 descendit
2654 2071 2668 2105 :
2699 2049 2891 2107 Grazce
2918 2045 3064 2102 enim
3101 2053 3276 2098 πει-οη
3311 2038 3477 2095 statio
3506 2035 3729 2091 dicitur.

2144 2154 2288 2221 Ergo
2340 2147 2599 2220 magister
2649 2142 2843 2200 Latino
2892 2150 3142 2195 sermone
3191 2132 3366 2203 major
3424 2125 3735 2184 visitatione

2148 2243 2228 2317 [in
2257 2238 2512 2311 statione]
2549 2243 2776 2293 vocatur

2219 2330 2291 2385 Et
2318 2307 2515 2395 inclinti
2545 2340 2729 2380 aurem
2753 2319 2926 2377 cordis
2951 2318 3048 2373 tui.
3080 2314 3242 2370 Auris
3266 2312 3411 2369 enim
3433 2307 3615 2366 θοι-ὤς
3637 2321 3738 2362 no-

2150 2422 2251 2479 stri
2278 2428 2407 2475 tunc
2435 2416 2502 2474 ad
2528 2413 2852 2471 audiendum
2877 2407 3149 2464 veraciter
3171 2403 3486 2466 inclinatur,
3518 2398 3740 2469 quando

2153 2506 2453 2565 admonitio
2480 2504 2552 2576 pii
2577 2501 2769 2573 patris,
2794 2499 2845 2555 id
2869 2507 2975 2563 est,
2997 2493 3234 2560 Domini,
3266 2507 3297 2547 a
3325 2489 3480 2545 nobis
3505 2485 3741 2542 libenter

2155 2598 2374 2655 auditur
2398 2603 2452 2651 et
2480 2591 2773 2649 ellicaciter
2795 2586 3073 2658 impletur,
3100 2582 3317 2654 quando
3342 2577 3625 2635 humiliter
3650 2591 3741 2630 ex-

2154 2690 2373 2760 cipitur,
2396 2694 2452 2743 et
2471 2699 2610 2757 puro
2635 2680 2796 2738 corde
2823 2687 3056 2735 tenetur.
3089 2675 3242 2731 lianc
3267 2686 3453 2727 aurem
3475 2669 3743 2724 Dominus

2155 2756 2407 2851 quaerens
2433 2756 2684 2833 dicebat:
2720 2769 2825 2836 Qui
2860 2768 3014 2822 habet
3053 2778 3233 2819 aurem
3263 2758 3515 2815 audiendi
3552 2756 3740 2810 audiat

2160 2844 2376 2944 (Matth.
2402 2865 2503 2938 χι).
2553 2862 2715 2919 Auris
2749 2859 2895 2916 enim
2929 2856 2999 2912 ab
3028 2851 3295 2911 audiendo
3322 2849 3408 2904 vel
3442 2844 3745 2902 hauriendo

2158 2969 2405 3019 vocatur.
2447 2956 2611 3012 Auris
2637 2954 2784 3011 enim
2812 2948 3056 3021 corporis
3084 2943 3321 3003 hominis
3345 2953 3528 3005 voces,
3548 2935 3745 2993 .eordis

2161 3062 2345 3110 autem
2373 3050 2523 3106 auris
2549 3046 2884 3104 intellectum
2910 3038 3092 3096 haurit
3117 3033 3404 3093 sermonis.

2237 3146 2302 3200 Et
2367 3140 2799 3197 admonitionem.
2862 3128 3174 3187 Admonitio
3236 3121 3455 3196 proprie
3517 3117 3745 3181 dicitur,

1935 3260 2060 3309 sum
2087 3224 2133 3287 Ο
2164 3237 2381 3310 quando
2408 3250 2473 3288 ea
2499 3233 2554 3287 in
2585 3229 2784 3302 quibus
2809 3224 3089 3281 exciderat
3113 3220 3298 3281 homo,
3328 3214 3398 3270 ad
3422 3209 3747 3267 memoriam

2163 3298 2519 3389 reducuntur.
2574 3298 2623 3376 Ᾰ
2659 3316 2894 3391 paradisi
2932 3313 3078 3370 enim
3120 3308 3335 3380 gaudio,
3382 3298 3749 3358 exsultatione

2165 3433 2220 3481 et
2250 3421 2420 3494 gloria
2451 3431 2550 3488 per
2577 3407 3001 3469 inobedientiam
3031 3402 3162 3458 Adte
3199 3394 3528 3470 generaliter
3557 3400 3753 3444 omnes

2166 3512 2516 3573 recessimus,
2554 3504 2650 3560 sed
2687 3500 2756 3557 ad
2793 3514 2857 3554 ea
2895 3509 3015 3566 qua}
3047 3508 3145 3564 per
3175 3482 3596 3545 inobedientiam
3627 3493 3753 3549 per-

2169 3603 2431 3665 didimus,
2472 3592 2733 3653 imitando
2768 3587 2973 3646 Christi
3012 3579 3411 3641 obedientiam,
3450 3574 3543 3645 qui
3579 3572 3757 3642 factus

2169 3659 2256 3753 est
2280 3659 2522 3748 obediens
2554 3683 2707 3740 Patri
2741 3693 2916 3751 usque
2943 3676 3011 3731 ad
3041 3682 3262 3729 mortem
3290 3664 3512 3740 (Philip.
3537 3659 3623 3733 ιι),
3664 3674 3756 3715 re-

2171 3788 2289 3845 dire
2313 3783 2590 3838 debemus.

2242 3874 2330 3930 Pii
2365 3869 2558 3926 Patris.
2600 3865 2729 3921 Pius
2760 3860 2905 3917 enim
2943 3857 3109 3912 Pater
3148 3848 3366 3922 proprie
3406 3845 3494 3900 ille
3534 3842 3758 3906 dicitur,

2174 3968 2265 4041 qui
2311 3963 2557 4021 cordium
2600 3958 2828 4013 aliorum
2876 3949 3184 4020 impietates
3223 3942 3468 3996 valenter
3505 3933 3760 3991 remittit.

2175 4025 2273 4119 fini
2302 4053 2587 4113 Psalmista
2615 4049 2730 4104 ait:
2760 4043 2909 4109 Dixi,
2941 4031 3240 4109 conﬁtebor
3264 4032 3540 4088 adversum
3568 4041 3652 4080 me
3679 4025 3766 4078 in-

2167 4149 2407 4226 justitias
2427 4160 2569 4201 meas
2585 4139 2828 4201 Domino,
2844 4144 2891 4190 et
2915 4142 2973 4188 tu
2990 4126 3234 4186 remisisti
3254 4123 3570 4193 impietatem
3587 4113 3764 4170 cordis

2176 4214 2280 4299 mei
2311 4237 2487 4314 (Psal.
2514 4232 2689 4304 xxxi).
2742 4229 2873 4285 Pius
2918 4224 3063 4280 enim
3111 4221 3253 4276 Deus
3302 4214 3503 4271 dicitur
3543 4215 3768 4281 propter

2180 4298 2559 4394 clementiam,
2594 4321 2987 4396 benignitatem
3016 4320 3072 4369 et
3096 4305 3546 4368 misericordiam.
3582 4298 3769 4354 Pietas

2180 4426 2326 4484 enim
2354 4422 2531 4478 Patris
2556 4426 2639 4475 est
2659 4387 2889 4488 iustitia,
2919 4421 3039 4478 qua:
3066 4400 3304 4475 proprie,
3330 4404 3390 4451 ut
3414 4394 3492 4449 ait
3512 4387 3770 4460 Augusti-

2182 4534 2303 4585 nus,
2327 4515 2424 4572 Dei
2455 4511 2632 4568 cnltus
2658 4480 2998 4573 intelligitur.
3035 4496 3198 4551 Pater
3220 4490 3363 4545 enim
3387 4483 3604 4557 proprie
3625 4480 3771 4533 Deus

2105 4561 2159 4621 Β
2186 4561 2335 4668 εοιιιε
2362 4606 2583 4669 dicitur,
2615 4599 2774 4671 quia,
2813 4561 2875 4650 ut
2900 4593 2977 4647 ait
3000 4583 3321 4658 Apostolus,
3365 4594 3429 4634 ea:
3467 4575 3559 4631 illo
3599 4572 3770 4626 omnis

2186 4700 2475 4774 paternitas
2505 4696 2558 4750 in
2587 4663 2714 4747 cmlo
2749 4696 2797 4743 et
2831 4687 2887 4740 in
2914 4694 3052 4738 terra
3083 4677 3387 4733 nominatur
3417 4666 3633 4739 (Ep/tes.
3663 4663 3769 4731 ιιι).

2187 4754 2325 4848 Diam
2354 4797 2409 4844 et
2438 4786 2527 4841 ille
2553 4784 2609 4838 in
2635 4775 2932 4847 Evangelio
2957 4770 3088 4827 dicit
3112 4786 3125 4822 :
3168 4765 3238 4820 Et
3265 4771 3468 4835 patrem
3496 4754 3656 4810 nolite
3685 4767 3773 4808 ro-

2190 4899 2312 4940 care
2352 4893 2511 4949 super
2547 4884 2760 4928 terram.
2816 4864 2963 4920 Unus
3001 4872 3076 4917 est
3114 4860 3253 4915 enim
3283 4854 3444 4908 Pater
3472 4858 3659 4912 vester,
3685 4844 3776 4917 qui

2292 4936 2347 5027 in
2377 4936 2516 5024 caelis
2544 4961 2761 5038 (Matth.
2789 4955 2962 5027 χχιιι).
2987 4954 3052 5009 Et
3068 4966 3160 5024 per
3184 4945 3501 5016 prophetam
3539 4939 3655 5009 ipse
3691 4936 3772 4991 lu—

2194 5065 2378 5137 quitur
2405 5060 2588 5115 dicens
2618 5076 2631 5109 :
2668 5054 2889 5109 Patrem
2915 5026 3139 5100 vocabis
3167 5053 3284 5101 me,
3323 5043 3379 5089 et
3414 5039 3539 5103 post
3576 5044 3666 5083 mc
3702 5026 3773 5081 in-

2195 5117 2345 5229 gredi
2374 5167 2482 5208 non
2509 5144 2765 5204 cessabis.
2808 5139 2877 5195 Et
2902 5136 2987 5192 cui
3019 5127 3344 5204 generaliter
3371 5119 3581 5184 omnis,
3617 5117 3777 5171 Pater

2198 5256 2372 5303 noster
2395 5241 2484 5308 qui
2511 5256 2565 5295 es
2593 5238 2649 5291 in
2677 5232 2842 5296 caelis,
2878 5227 3078 5283 clamat
3101 5219 3365 5277 Ecclesia.
3413 5211 3568 5281 Quod
3597 5218 3778 5264 autem

2199 5337 2332 5394 dicit
2355 5333 2571 5387 libenter
2592 5325 2784 5395 excipe,
2809 5315 2957 5375 intell
2984 5315 3129 5385 gitur
3149 5308 3413 5370 studiose,
3438 5310 3782 5368 summopere

2200 5438 2253 5483 et.
2279 5438 2488 5482 summa
2507 5418 2803 5474 voluntate.
2836 5407 3100 5475 Excipere
3120 5401 3268 5458 enim
3293 5397 3492 5453 dicitur
3512 5390 3783 5461 accipere,

2203 5517 2285 5570 vel
2312 5513 2607 5582 suscipere.

2278 5576 2533 5660 Addidit:
2582 5598 2646 5651 Et
2686 5592 2960 5664 rﬂicacitcr
2998 5584 3219 5655 romple.
3264 5576 3567 5635 Eliieaeitcr
3605 5577 3787 5624 autem

2209 5695 2457 5755 faciliter,
2485 5687 2752 5759 expedite,
2785 5678 3062 5743 velociter,
3092 5675 3507 5746 perseveranter
3541 5660 3625 5716 vel
3657 5656 3790 5730 vigi-

2210 5791 2384 5846 lanter
2434 5779 2773 5852 intelligitur.
2830 5772 2990 5829 Venit
3040 5768 3185 5824 enim
3233 5764 3333 5819 hoc
3389 5753 3710 5816 adverbium
3762 5763 3792 5802 a

514 5574 571 5621 et
604 5564 845 5633 reliqua;
887 5572 994 5613 non
1028 5551 1367 5611 faciendum,
1406 5551 1496 5605 ut,
1544 5536 1663 5590 Non
1695 5529 1928 5593 occides,
1976 5525 2096 5580 Non

516 5652 890 5718 ma'ehaberis,
936 5646 1058 5703 Non
1101 5643 1301 5713 furtum
1342 5632 1503 5705 {acies
1533 5622 1732 5699 (Exod.
1764 5618 1891 5692 xx),
1937 5624 1990 5672 et
2027 5615 2099 5670 si-

523 5746 689 5800 milia.

596 5834 749 5904 Quod
776 5840 955 5888 autem
982 5824 1107 5881 dicit
1144 5814 1400 5890 Magistri,
1434 5803 1855 5874 subintelligitur
1879 5794 2098 5855 Christi.
