3940 6442
213 401 321 463 693

1218 358 1225 363 '
1265 395 1622 455 COMMENT.
1665 394 1733 452 IN
1775 395 1937 453 ΠΕΟ.
1980 397 2041 454 S.
2082 397 2469 457 BENEDICTI.

3394 400 3498 457 69"

214 492 437 577 nomine
463 518 672 590 efﬁcax,
723 514 850 586 quia
890 511 1094 569 nullam
1134 511 1298 568 habet
1339 509 1710 567 dililcultatem
1748 508 1803 563 in
1831 511 1885 571 Α
1909 510 2042 566 vitio
2069 510 2211 567 mala
2240 512 2425 568 omnia
2470 511 2746 569 nutriente
2788 521 3184 575 concrescunt,
3247 519 3302 566 et
3358 513 3498 567 bona

103 652 111 660 .
215 613 487 670 faciendo.

292 702 360 759 Ut
383 703 452 757 ad
470 718 591 756 eum
610 717 703 771 per
723 697 1030 754 obedientia:
1049 695 1280 750 laborem
1304 695 1508 760 redeas,
1533 712 1565 747 a
1586 710 1689 764 quo
1716 707 1809 762 per

217 792 586 849 inobedientia:
613 789 875 845 desidiam
911 803 1218 843 recesseras.
1255 784 1410 852 Quod
1435 791 1617 839 autem
1645 781 1807 848 dicit,

220 896 276 941 ut
299 885 371 939 ad
390 900 529 944 eum,
550 880 872 937 subauditur
886 877 1075 933 Deum.
1103 876 1149 931 A
1170 876 1282 931 Deo
1302 875 1468 937 enim,
1486 873 1629 929 sicut
1646 886 1810 942 supra
1866 881 1880 889 ’

220 980 426 1034 dictum
449 982 556 1040 est,
577 974 693 1029 sive
714 971 1044 1042 generaliter
1065 970 1119 1024 in
1141 967 1314 1022 Adam
1335 980 1524 1022 omnes
1544 973 1600 1020 et
1621 964 1810 1030 Evam,

220 1071 342 1125 sive
367 1066 676 1139 specialiter
700 1063 1072 1134 unusquisque
1100 1071 1348 1116 nostrum
1374 1073 1473 1129 per
1498 1056 1814 1112 inobedien-

223 1162 315 1215 tia:
336 1161 532 1215 vitium
554 1157 929 1225 desidiamque
951 1153 1132 1209 cordis
1158 1150 1503 1208 recessimus.
1541 1148 1623 1203 Ad
1652 1162 1813 1218 quem

220 1267 325 1306 nos
351 1265 452 1321 per
473 1247 795 1305 obedientia
823 1243 1185 1301 humilitatem
1227 1243 1580 1311 laboremque
1619 1241 1815 1295 beatus

224 1343 551 1399 Benedictus
579 1342 831 1396 hortatur
857 1338 1055 1393 redire.
1100 1335 1417 1393 Obedientia
1444 1334 1589 1390 enim
1619 1332 1818 1388 dicitur

227 1434 529 1498 humilitas,
552 1428 1007 1500 obtemperantia,
1042 1440 1109 1482 eo
1131 1425 1276 1495 quod
1302 1422 1580 1479 humiliter
1598 1422 1820 1477 obediat

228 1526 314 1580 vel
352 1526 691 1593 obtemperet
732 1519 1040 1591 imperanti.
1087 1517 1267 1573 Labor
1309 1516 1457 1572 enim
1498 1514 1818 1570 obedientia:

228 1625 460 1672 vocatur
497 1614 675 1670 omnis
712 1614 950 1667 humana
992 1610 1136 1665 actio
1176 1616 1397 1671 nostra,
1441 1623 1565 1677 quae
1602 1606 1747 1677 juste
1786 1622 1817 1661 a

231 1710 466 1765 Domino
491 1708 777 1778 imperata,
805 1704 876 1759 ab
902 1703 1243 1759 auditoribus
1266 1709 1350 1757 est
1377 1702 1673 1757 secundum
1704 1700 1816 1757 dis-

233 1802 549 1858 tributionis
591 1801 821 1871 gratiam
864 1799 1148 1854 humiliter
1187 1798 1498 1869 adimpleta.
1548 1796 1626 1851 De
1675 1798 1818 1852 bono

1909 600 2091 655 omnia
2120 616 2189 656 ne
2208 603 2497 673 perﬁciant
2518 604 2660 658 mala
2685 613 2936 675 soporato
2961 605 3250 675 quiescunt
3299 605 3371 660 Dc
3397 607 3502 661 hoc

1909 693 2055 749 enim
2083 693 2215 749 vitio
2242 709 2341 764 per
2383 694 2730 751 Sal’omoncm
2758 698 2958 752 dicitur
2986 716 2999 752 :
3037 697 3264 769 Pigrcdo
3293 699 3497 752 immit-

1910 787 1973 840 tit
2001 803 2239 857 soporem
2267 785 2451 861 (Prov.
2489 788 2628 856 XIX).
2670 791 2901 862 Pigredo
2923 794 3069 849 enim
3114 796 3351 864 torpenti
3383 796 3503 851 ani-

1914 892 2004 931 mo
2040 892 2292 948 soporem
2322 879 2588 945 immittit,
2616 882 2760 951 quod
2790 896 2950 951 quem
2979 884 3033 951 in
3067 884 3224 940 bonis
3244 888 3502 957 operibus

1915 968 2157 1039 tepidum
2186 969 2514 1039 tardumque
2546 971 2818 1027 invenerit
2845 1012 2861 1039 ,
2892 987 2963 1028 ne
2989 974 3042 1028 in
3069 974 3225 1030 bonis
3251 984 3466 1032 crescat
3488 1018 3503 1037 .

1914 1067 1971 1113 ct
2014 1058 2203 1115 oculos
2241 1060 2423 1117 cordis
2449 1061 2674 1129 claudit,
2725 1072 2781 1120 et
2809 1080 3004 1120 manus
3038 1065 3186 1137 ligat.
3226 1066 3332 1122 Per
3357 1084 3506 1124 eum-

1916 1151 2038 1205 dem
2078 1151 2221 1205 enim
2249 1149 2594 1209 Salomoncm
2623 1154 2824 1210 dicitur
2853 1173 2870 1210 :
2899 1153 3128 1227 PrOpter
3162 1158 3331 1229 frigus
3365 1160 3511 1230 piger

1917 1257 2073 1295 arare
2108 1241 2274 1296 noluit
2301 1239 2487 1315 (Prov.
2515 1261 2588 1298 xx
2671 1245 2710 1317 ).
2740 1246 2968 1316 Propter
2993 1246 3166 1319 frigus
3191 1250 3389 1319 quippe
3431 1250 3512 1320 pi-

1918 1348 2015 1403 gcr
2039 1349 2145 1389 non
2168 1343 2309 1402 arat,
2341 1337 2470 1407 quia
2507 1337 2727 1393 desidia:
2754 1345 2998 1409 tempore
3031 1341 3364 1396 constrictus
3385 1358 3512 1413 age—

1919 1440 1979 1479 re
2002 1441 2123 1494 quae
2151 1427 2311 1482 debet
2343 1427 2482 1483 bona
2531 1428 2859 1486 dissimulat.
2902 1430 2970 1485 Et
2999 1432 3127 1500 dum
3169 1446 3335 1503 parva
3369 1433 3511 1486 mala

1922 1519 2133 1585 metuit,
2158 1519 2373 1591 Operari
2401 1520 2543 1575 bona
2573 1520 2809 1577 maxima
2832 1524 3221 1594 praetermittit.
3250 1523 3327 1580 De
3354 1525 3511 1596 pigro

1920 1623 2136 1678 quoque
2182 1604 2329 1666 recte
2371 1612 2651 1667 subditur:
2686 1612 3012 1669 Mendicabit
3050 1625 3256 1681 a'state,
3301 1628 3352 1671 et
3407 1634 3514 1671 non

1921 1697 2136 1753 dabitur
2171 1700 2220 1755 ei
2309 1700 2515 1772 (lbid.).
2603 1703 2741 1770 Quia
2780 1705 2871 1775 qui
2916 1705 2971 1759 in
3016 1707 3273 1777 prtesenti
3311 1708 3514 1763 sarculo

1923 1790 1977 1844 in
2005 1790 2162 1846 bonis
2192 1793 2446 1861 operibus
2468 1809 2576 1848 non
2600 1796 2827 1850 desudat
2849 1836 2865 1862 ,
2898 1810 3020 1851 cum
3049 1806 3262 1870 tempus
3287 1799 3515 1855 retribu-

233 1902 417 1949 autem
449 1864 770 1949 obedientia:
800 1908 899 1963 per
923 1892 1270 1947 Salomonem
1303 1891 1540 1945 dicitur:
1572 1889 1669 1944 Vir
1702 1889 1822 1945 obe—
1850 1864 1897 1924 Β
1928 1883 2091 1938 tionis
2132 1884 2443 1953 advenerit,
2489 1902 2520 1940 a
2549 1889 2817 1943 mercedis
2859 1905 3086 1946 munere
3124 1897 3308 1946 mente
3337 1906 3511 1947 vacua

230 1972 401 2039 cliens.
419 1983 652 2055 loquitur
679 1984 926 2038 victorias
968 1981 1153 2049 (Prov.
1180 1978 1434 2051 Πηληι-
1462 1982 1659 2052 quippe
1690 1980 1822 2036 obe-

234 2076 394 2131 diens
420 2075 680 2130 victorias
706 2073 970 2144 loquitur,
999 2073 1124 2142 quia
1156 2073 1283 2127 dum
1313 2072 1686 2141 unusquisque
1715 2070 1823 2126 cies

232 2174 451 2223 ctorum
504 2181 606 2236 per
652 2165 975 2221 obedientia:
1024 2163 1389 2219 humilitatem
1442 2163 1557 2218 Deo
1603 2178 1662 2218 se
1711 2171 1825 2218 toto

233 2259 424 2315 animo
451 2258 659 2322 subdit,
691 2266 748 2312 et
771 2253 887 2326 ejus
911 2264 1182 2327 praecepta
1214 2254 1496 2310 humiliter
1526 2254 1742 2326 implet,
1772 2261 1827 2309 et

231 2364 337 2420 pro
361 2349 450 2404 his
476 2348 728 2403 omnibus
750 2362 858 2402 non
886 2346 1010 2413 sibi,
1037 2345 1131 2401 sed
1156 2345 1267 2400 Deo
1289 2345 1492 2417 gratias
1517 2344 1648 2415 agit,
1676 2351 1731 2398 et
1759 2344 1827 2398 ab

237 2438 624 2494 inobedientia:
652 2437 811 2508 culpa
840 2430 1135 2491 miserante
1174 2434 1287 2489 Deo
1326 2434 1464 2489 liber
1488 2432 1741 2497 cllicitur,
1773 2439 1830 2487 et

235 2529 304 2584 de
334 2529 668 2585 iuobcdienti
707 2528 1051 2599 triumphans
1083 2526 1297 2581 diabolo
1336 2525 1390 2579 in
1429 2524 1625 2580 ctelum
1655 2523 1829 2579 victor

237 2623 503 2678 ascendit.
535 2621 632 2676 Vir
652 2622 798 2677 enim
830 2621 1073 2676 obediens
1102 2619 1352 2674 victorias
1379 2617 1632 2690 loquitur,
1656 2632 1830 2687 quan-

237 2714 705 2784 do-unusquisque
726 2713 857 2768 vitia
883 2712 1077 2779 calcat,
1120 2711 1490 2781 vitiorumque
1528 2708 1669 2764 bella
1716 2708 1825 2765 for-

240 2806 372 2861 titer
399 2813 653 2876 superat,
698 2805 771 2860 ita
810 2812 873 2861 ut
915 2820 1037 2860 cum
1081 2802 1247 2858 Paulo
1288 2802 1471 2859 dicat:
1512 2800 1619 2858 Sed
1656 2803 1710 2856 in
1748 2802 1829 2857 his

240 2896 482 2951 omnibus
503 2912 811 2967 superamus
832 2904 1044 2966 propter
1062 2911 1202 2960 eum,
1225 2894 1315 2965 qui
1335 2892 1518 2947 dilexit
1539 2909 1633 2947 nos
1648 2891 1827 2964 (Rom.

238 2986 382 3058 vm).
417 2987 486 3041 Et
506 3001 605 3056 pro
629 2986 766 3040 tanti
788 2985 1044 3055 triumphi
1070 2983 1297 3040 victoria
1318 3000 1429 3039 non
1453 2984 1577 3047 sibi,
1604 2984 1701 3039 sed
1721 2984 1834 3040 Deo

241 3077 434 3131 tribuit
470 3076 718 3148 gloriam.
766 3076 849 3131 Ad
881 3076 1049 3130 Deum
1092 3075 1235 3129 enim
1274 3090 1373 3146 per
1399 3075 1725 3131 obedientia
1752 3074 1834 3131 la-

243 3167 432 3221 borem
460 3165 720 3231 redimus,
740 3164 959 3234 quando
977 3180 1040 3218 ea
1061 3178 1182 3233 qua:
1205 3164 1364 3219 nobis
1388 3170 1514 3219 sunt
1537 3171 1830 3235 praecepta,

239 3258 372 3314 totis
390 3257 600 3313 viribus
622 3257 902 3312 humiliter
921 3254 1301 3325 adimplemus,
1319 3254 1534 3326 quando
1552 3254 1832 3327 propriam

239 3350 581 3407 voluntatem
607 3351 855 3417 odimus,
891 3359 946 3405 et
977 3349 1239 3405 desideria
1267 3349 1440 3404 carnis
1478 3365 1583 3404 non
1619 3347 1834 3420 perﬁci-

241 3458 360 3496 mas
390 3440 535 3513 (Gal.
560 3442 649 3514 v);
690 3442 906 3511 quando
932 3441 1345 3512 persecutionem
1371 3456 1467 3511 pro
1489 3439 1705 3510 justitia
1731 3456 1831 3510 pa-

240 3529 433 3584 tienter
471 3530 759 3585 toleramus
794 3529 1009 3602 (Matth.
1038 3546 1092 3595 v,
1124 3529 1276 3583 Rom.
1304 3528 1436 3599 xu);
1484 3529 1703 3600 quando
1741 3546 1833 3585 nec

239 3624 443 3679 malum
480 3642 578 3696 pro
603 3626 766 3692 malo,
806 3643 897 3681 nec
926 3625 1263 3680 maledictum
1295 3624 1562 3679 reddimus
1596 3641 1691 3695 pro
1723 3640 1838 3679 ma-

240 3713 433 3769 ledicto
464 3714 519 3786 (I
544 3715 688 3769 Petr.
717 3716 832 3786 tu);
879 3717 1095 3786 quando
1124 3732 1225 3772 nec
1253 3716 1437 3771 dolum
1466 3716 1521 3771 in
1551 3716 1717 3772 corde
1752 3725 1834 3771 te-

240 3821 460 3871 nemus,
482 3822 574 3860 nec
595 3806 888 3860 iracundia:
911 3800 1111 3876 tempus
1137 3824 1462 3864 reservamus
1484 3807 1700 3881 (Ephes.
1722 3808 1832 3882 tv);

243 3899 469 3971 quando
504 3908 765 3971 pra'cepta
792 3899 1005 3954 Domini
1042 3901 1196 3970 factis
1225 3903 1458 3974 quotidie
1492 3903 1840 3975 adimplemus

246 3992 392 4063 (Jac.
418 3990 481 4065 ι),
508 3999 565 4048 et
590 3991 862 4048 seniorum
890 3990 1198 4051 nostrorum
1223 3994 1560 4065 jussionibus
1585 3996 1639 4050 in
1660 3995 1840 4051 omni-

247 4084 350 4139 bus
380 4084 696 4151 obedimus;
729 4084 948 4155 quando
974 4085 1204 4139 orationi
1231 4084 1528 4156 frequenter
1548 4085 1839 4140 insistimus

236 4173 427 4247 '(Rom.
455 4173 581 4248 xu),
612 4173 835 4246 vigiliis,
871 4175 1127 4246 jejuuiis,
1163 4173 1545 4247 lacrymisque,
1581 4182 1629 4229 et
1660 4174 1841 4231 multis

245 4264 536 4329 laboribus,
566 4266 885 4337 diversisque
916 4266 1281 4337 afﬂictionibus
1311 4266 1625 4336 castigatum
1649 4284 1839 4338 corpus

1921 1978 2152 2049 jejunat.
2191 1979 2234 2034 E
2261 1981 2539 2036 contrario
2563 1983 2630 2037 de
2655 1981 2883 2040 formica
2912 1984 3053 2040 idem
3097 1984 3355 2041 Salomon
3386 1987 3464 2042 ait
3501 1999 3513 2033 ε

1930 2067 2194 2126 Formica:
2211 2056 2436 2143 populus
2464 2073 2710 2144 inﬁrmus
2748 2086 2904 2146 parat
2939 2077 2995 2132 in
3025 2094 3189 2133 messe
3217 2078 3390 2133 cibum
3415 2079 3517 2134 sibi

1928 2159 2114 2231 (Prov.
2141 2161 2299 2233 xxx).
2326 2162 2394 2217 Et
2414 2178 2515 2233 per
2539 2163 2799 2221 formicas
2826 2166 2928 2222 nisi
2955 2175 3174 2222 strenua
3196 2168 3306 2223 vita
3335 2184 3520 2224 mona-

1927 2252 2153 2307 chorum
2180 2253 2448 2325 signatur,
2475 2256 2600 2325 quia
2625 2257 2692 2313 ad
2718 2259 3180 2328 comparationem
3211 2268 3518 2316 amatorum

1929 2341 2111 2396 szeculi
2148 2341 2329 2411 hujus,
2358 2360 2454 2415 per
2481 2346 2804 2402 humilitatis
2827 2350 3058 2421 gratiam
3085 2349 3235 2406 velut
3275 2350 3519 2407 formicae

1928 2429 2141 2486 minimi
2167 2433 2440 2489 videntur.
2467 2430 2533 2490 lli
2555 2436 2701 2491 enim
2727 2440 2983 2508 prtesenti
3024 2440 3078 2495 in
3116 2441 3229 2495 vita
3273 2441 3423 2497 velut
3466 2443 3520 2497 in

1929 2535 2109 2577 messe
2148 2521 2385 2579 fructum
2433 2525 2699 2582 bonorum
2753 2544 3000 2600 operum,
3051 2531 3195 2588 unde
3239 2532 3293 2587 in
3338 2532 3523 2589 futuro

1930 2612 2221 2682 gaudeant,
2253 2631 2584 2688 congregare
2606 2635 2711 2674 non
2735 2629 2972 2678 cessant.
3002 2620 3139 2679 Item
3167 2624 3233 2679 de
3261 2624 3524 2681 obedien-

1931 2704 2078 2760 tibus
2113 2712 2169 2760 et
2224 2706 2667 2767 inobedientibus
2724 2714 2987 2785 scriptum
3036 2724 3157 2771 est:
3194 2715 3345 2772 Meus
3387 2718 3524 2789 justi

1932 2793 2275 2849 meditabitur
2344 2798 2693 2854 obedientiam
2726 2842 2742 2866 ,
2804 2819 2864 2857 os
2934 2804 3216 2875 impiorum
3284 2823 3527 2877 perversa

1934 2881 2118 2955 (Prov.
2134 2902 2223 2953 xv,
2240 2887 2318 2959 χ).
2346 2888 2646 2950 Monachus
2668 2890 2814 2948 enim
2843 2895 3065 2951 humilis
3087 2896 3213 2951 dum
3249 2898 3525 2953 seniorum

1935 2993 2159 3034 suorum
2188 2979 2418 3051 imperio
2446 2984 2517 3040 ob
2547 2999 2791 3040 amorem
2836 2995 3056 3043 aeterna:
3084 2988 3208 3044 vita:
3231 2990 3413 3045 studet
3433 3004 3529 3060 pa-

1937 3084 2084 3136 rere,
2132 3072 2285 3142 prius
2318 3073 2685 3131 obedientiam
2732 3077 3031 3133 meditatur
3075 3078 3129 3132 in
3178 3080 3525 3151 cogitatione.

1936 3161 2260 3221 lnobediens
2290 3180 2423 3222 vero
2461 3165 2590 3222 dum
2608 3167 2881 3241 [majorum
2901 3166 3054 3237 jussu
3093 3170 3393 3225 contemnit
3422 3169 3525 3225 im-

1937 3253 2106 3325 plere,
2135 3254 2318 3312 verbis
2357 3256 2682 3327 procacibus
2718 3250 3071 3314 contradicit.
3093 3257 3197 3313 lStc
3221 3258 3365 3313 enim
3402 3258 3529 3316 talis

1933 3347 2066 3404 Adae
2096 3348 2519 3406 inobedientiam
2544 3350 2810 3407 imitando
2833 3351 3040 3408 recedit
3067 3367 3100 3407 a
3127 3351 3259 3407 Deo.
3294 3351 3527 3408 Humilis

1936 3448 2117 3496 autem
2140 3442 2439 3498 monachus
2460 3442 2659 3500 Christi
2691 3443 3055 3500 obedientiam
3078 3445 3343 3502 imitando
3382 3446 3526 3502 redit

1938 3532 2007 3588 ad
2038 3532 2346 3589 Dominum.
2374 3533 2546 3590 Adam
2575 3535 2723 3591 enim
2748 3536 3016 3606 peccavit,
3062 3536 3157 3592 sed
3194 3551 3296 3593 nec
3334 3551 3529 3608 pecca—

1938 3633 2051 3681 tum
2082 3643 2240 3684 suum
2271 3628 2544 3697 cognovit,
2583 3644 2686 3685 nec
2713 3630 2922 3700 peccati
2956 3630 3170 3685 veniam
3214 3630 3527 3701 postulavit.

1939 3717 2179 3773 Christus
2205 3727 2388 3774 autem
2408 3729 2677 3790 peccatum
2700 3737 2802 3776 non
2830 3721 2977 3792 fecit,
2999 3737 3092 3776 nec
3108 3720 3263 3777 dolus
3291 3723 3529 3777 inventas

1937 3816 2014 3861 est
2043 3808 2098 3861 in
2127 3824 2217 3862 ore
2243 3808 2360 3878 ejus
2385 3808 2436 3878 (l
2468 3807 2613 3863 Petr.
2645 3808 2729 3880 ιι),
2763 3812 2858 3866 sed
2884 3821 2941 3866 ut
2972 3798 3127 3867 nos'a
3148 3822 3361 3883 peccato
3385 3812 3529 3868 redi-

1938 3909 2140 3965 meret,
2191 3900 2366 3967 factus
2404 3911 2479 3955 est
2521 3901 2768 3957 obcdiens
2801 3900 2954 3957 Patri
2992 3920 3153 3974 usque
3204 3905 3274 3958 ad
3306 3912 3529 3960 mortem

1941 3985 2108 4060 (Phil.
2142 3989 2240 4055 tl);
2271 3999 2324 4043 et
2353 3991 2600 4045 innocens
2635 4009 2731 4060 pro
2760 3993 2910 4047 nobis
2937 3994 3234 4063 passionem
3281 4004 3531 4050 mortem-

1943 4088 2042 4141 que
2066 4075 2338 4138 sustinuit,
2368 4074 2516 4128 nobis
2538 4074 2838 4144 relinquens
2866 4078 3186 4150 exemplum,
3213 4088 3268 4133 ut
3298 4081 3518 4135 imitan-

1958 4181 2038 4228 tes
2061 4188 2179 4227 eum
2213 4189 2500 4244 sequamur
2523 4173 2738 4242 vestigia
2764 4173 2882 4244 ejus
2912 4174 2960 4245 (ι
2994 4174 3135 4231 Petr.
3154 4176 3236 4245 ιι).
3263 4175 3292 4229 Ι
3296 4194 3328 4230 n
3343 4177 3516 4233 Adam

1948 4261 2096 4315 enim
2124 4266 2341 4316 cadente
2366 4278 2542 4317 omnes
2582 4263 2882 4331 cecidimus,
2908 4275 2955 4319 et
2999 4267 3176 4321 omnia
3205 4266 3339 4321 bona
3388 4284 3513 4339 ope-

246 4356 306 4412 in
333 4357 635 4411 servitutem
667 4355 982 4426 redigimus;
1022 4371 1227 4409 crucem
1255 4363 1487 4409 nostram
1515 4353 1769 4419 tollimus,
1792 4364 1843 4410 et
1940 4368 2001 4407 ra
2051 4358 2398 4422 perdidimus.
2456 4357 2523 4412 In
2592 4357 2800 4414 Christo
2872 4355 3061 4414 'autem
3130 4364 3513 4417 resurrrrcinms

249 4449 563 4518 abnegantes
585 4448 927 4517 nosmetipsos
955 4454 1071 4517 post
1093 4445 1361 4500 Christum
1385 4460 1596 4499 currere
1623 4444 1842 4514 [estina-
1945 4442 1969 4496 l
2000 4440 2125 4497 Cor.
2172 4440 2296 4515 xv),
2327 4449 2383 4495 et
2410 4440 2616 4511 majora
2645 4449 2702 4497 et
2725 4443 2844 4498 sine
2873 4442 2982 4499 line
3012 4459 3269 4500 mansura
3317 4446 3531 4515 recepi~

248 4556 365 4594 mus
385 4538 437 4611 (Ι
462 4537 585 4594 Cor.
609 4554 706 4603 vn,
733 4536 936 4593 Coloss.
962 4553 1037 4605 IV,
1068 4536 1095 4591 I
1120 4536 1244 4592 Cor.
1270 4536 1370 4609 ιιι).
1409 4537 1588 4593 Labor
1615 4554 1842 4609 prorsus
1867 4587 1919 4611 η
1946 4549 2067 4589 mus
2097 4550 2110 4588 :
2142 4533 2216 4588 ita
2248 4542 2451 4600 tamen,
2486 4533 2530 4590 si
2575 4543 2994 4605 perseveranter
3021 4534 3138 4605 ejus
3179 4536 3407 4607 vestigia
3456 4547 3535 4593 tce

240 4628 568 4685 «obedientia
596 4637 681 4686 est
705 4630 882 4685 omnis
908 4646 1009 4701 pro
1041 4631 1149 4685 Deo
1177 4630 1470 4702 castigatio
1498 4632 1761 4701 corporis,
1789 4642 1845 4688 et
1870 4627 1919 4646 ν
1947 4643 2192 4684 neamus.
2253 4627 2427 4682 Adam
2465 4642 2565 4683 nos
2592 4628 2906 4684 obnoxiavit
2937 4628 3099 4684 malis
3140 4628 3391 4684 omnibus
3437 4644 3537 4700 per

249 4720 466 4775 aliiictio
494 4721 698 4787 cordis,
725 4720 927 4787 vilitas,
958 4720 1137 4776 omnis
1166 4721 1470 4790 despectio,
1515 4730 1568 4775 et
1608 4721 1843 4792 abjectio

246 4798 661 4867 monachorum.
718 4811 843 4866 Haec
885 4811 1031 4867 enim
1073 4821 1159 4868 cst
1198 4822 1349 4868 arcta
1397 4821 1451 4870 et
1497 4823 1724 4885 angusta
1755 4815 1842 4870 via

250 4916 371 4972 qua:
406 4918 508 4973 per
545 4918 603 4959 se
643 4904 953 4974 gradientes
993 4906 1062 4960 ad
1098 4907 1266 4961 vitam
1306 4907 1557 4978 perducit
1582 4917 1842 4964 aeternam

252 4992 469 5062 (Matth.
507 5009 630 5059 1m,
687 4993 861 5050 Marc.
896 5012 1029 5064 Vill,
1078 4995 1209 5051 Luc.
1238 4997 1337 5069 ιχ).
1392 4999 1451 5054 ln
1494 5001 1599 5055 hac
1642 5000 1844 5057 ctenim

251 5087 482 5143 ﬁdeliter
529 5088 879 5155 laborantes,
935 5098 991 5146 et
1041 5107 1213 5162 usque
1265 5091 1319 5146 in
1372 5091 1535 5149 ﬁnem
1584 5109 1842 5165 perseve-

252 5188 437 5236 rantes
498 5181 566 5235 ad
629 5182 953 5238 aeternitatis
1015 5182 1320 5239 satietatem
1385 5183 1845 5257 refectionemque

251 5273 464 5328 invitati
516 5274 869 5330 merebuntur
913 5274 1153 5329 audire:
1194 5271 1373 5329 Venite
1417 5274 1487 5329 ad
1537 5291 1619 5329 me
1666 5293 1845 5331 omnes

252 5364 342 5436 qui
382 5364 658 5432 laboratis,
702 5375 751 5420 et
797 5367 999 5421 onerati
1041 5366 1195 5432 estis,
1244 5374 1291 5419 et
1320 5381 1413 5436 ego
1454 5365 1688 5434 reﬁciam
1730 5383 1842 5433 vos,

253 5455 383 5510 dicit
429 5454 690 5511 Dominus
736 5454 952 5529 (Matth.
1008 5456 1110 5527 ιιι).
1166 5454 1320 5512 Sicut
1363 5454 1511 5510 enim
1566 5455 1847 5514 humilitas
1902 5450 1905 5453 ’

254 5545 557 5601 obedicndo
600 5546 906 5602 obedientia
959 5547 1161 5603 dicitur
1192 5587 1207 5613 ,
1239 5547 1313 5601 ita
1369 5546 1626 5615 superbia
1660 5546 1848 5602 inobe—

254 5633 838 5693 diendoinobcdicntia
865 5637 1086 5693 dicitur.
1125 5636 1342 5693 Desidia
1380 5643 1585 5703 autem,
1628 5636 1846 5706 pigritia

257 5728 341 5785 vel
370 5728 598 5784 tarditas
624 5730 841 5786 dicitur.
873 5730 1025 5787 Unde
1050 5738 1105 5785 ct
1148 5729 1202 5785 hi
1233 5729 1325 5801 qui
1358 5728 1426 5783 ad
1470 5728 1673 5784 bonum
1710 5747 1847 5801 opus

258 5822 398 5877 tardi
445 5821 693 5896 pigrique
732 5822 1081 5880 inveniuntur
1127 5822 1339 5878 desides
1393 5830 1677 5878 vocantur.
1727 5823 1845 5892 Quo

1943 4719 2219 4789 propriam
2252 4717 2488 4789 culpam,
2517 4719 2611 4774 sed
2637 4718 2838 4774 Christi
2873 4735 2972 4776 nos
3000 4719 3251 4776 liberavit
3269 4721 3537 4777 adventus

1944 4824 2042 4880 per
2060 4808 2318 4879 gratiam.
2352 4808 2420 4863 Et
2448 4816 2509 4864 ut
2539 4816 2710 4866 totum
2739 4809 2934 4877 dicam,
2990 4810 3356 4868 inobedientia
3406 4810 3540 4869 Adae

1946 4901 2103 4957 nobis
2125 4901 2348 4957 abstulit
2374 4901 2708 4973 paradisum,
2738 4903 3043 4959 obedientia
3085 4901 3288 4960 Christi
3318 4903 3539 4961 donavit

1945 5005 2001 5053 et
2052 5011 2298 5067 regnum.
2339 4995 2481 5067 Ergo
2530 4995 2622 5066 qui
2677 5011 2776 5066 per
2834 4996 3213 5053 inobedientia:
3272 4996 3539 5053 desidiam

1947 5088 2278 5144 recessimus
2300 5104 2331 5143 a
2354 5087 2487 5155 Deo,
2513 5104 2613 5159 per
2638 5088 2962 5145 obedientia:
2988 5089 3230 5147 laborem
3253 5091 3540 5147 redeamus

1947 5179 2018 5233 ad
2048 5178 2237 5243 Deum,
2281 5185 2342 5232 ut
2376 5178 2670 5249 impleatur
2703 5179 2756 5235 in
2793 5181 2949 5236 nobis
2987 5199 3001 5234 :
3050 5179 3157 5235 Per
3197 5180 3361 5237 aliam
3400 5181 3540 5237 viam

1946 5271 2139 5337 reversi
2159 5279 2281 5326 sunt
2305 5270 2362 5324 in
2394 5272 2657 5341 regionem
2680 5289 2833 5326 suam
2861 5273 3014 5345 (Luc.
3042 5274 3124 5343 ιι).

2021 5360 2103 5415 Ad
2140 5369 2189 5415 te
2222 5376 2345 5431 ergo
2383 5360 2513 5415 mihi
2550 5378 2723 5417 sermo
2748 5362 3015 5433 dirigitur.
3042 5363 3193 5418 Multi
3220 5364 3398 5420 hocin
3419 5361 3541 5421 loco

1948 5466 2115 5517 meus,
2157 5466 2260 5522 pro
2291 5451 2420 5507 mihi
2462 5452 2620 5524 quasi
2667 5453 3020 5510 emendantes
3073 5463 3411 5511 commutare
3447 5467 3542 5510 eo-

1950 5539 2150 5597 nantur
2173 5584 2189 5609 ,
2216 5543 2524 5601 nescientes
2546 5543 2690 5614 quod
2714 5545 2819 5601 hoc
2847 5560 3043 5617 genere
3067 5545 3356 5602 locutionis
3381 5544 3537 5603 multi

1948 5624 2402 5689 scholasticorum
2445 5636 2696 5693 doctores
2749 5639 2833 5694 usi
2872 5646 3001 5719 sunt
3052 5653 3066 5692 :
3110 5639 3251 5693 sicut
3302 5636 3538 5707 quodam

1949 5726 2069 5782 loco
2119 5726 2312 5782 beatus
2355 5726 2651 5799 Gregorius
2687 5730 2763 5784 ait
2799 5747 2811 5784 :
2849 5730 2972 5783 "me
2999 5729 3132 5783 mihi
3172 5729 3239 5784 ad
3275 5743 3370 5784 eos
3395 5729 3541 5787 dicta

1951 5820 2076 5876 sint.
2110 5818 2175 5874 Et
2221 5817 2388 5875 alibi:
2420 5819 2541 5876 Jam
2582 5817 2725 5877 cnim
2772 5821 2904 5877 mihi
2942 5822 3007 5877 ad
3056 5838 3151 5878 vos
3195 5839 3372 5879 sermo
3412 5837 3542 5880 con-
