3940 6436
218 336 330 395 637

1267 340 1622 401 conamur.
1663 344 1732 400 IN
1772 344 1931 402 auc.
1976 345 2032 403 s.
2076 330 2457 409 BENEDICTI.

3395 366 3500 424 698

220 460 633 525 cmitcutiosos,
682 462 817 515 istos
860 458 991 513 facit
1034 438 1386 516 mansuetudo
1418 463 1692 532 pacificos.
1739 459 1819 515 Illi
1846 466 1897 525 Α
1923 479 2045 520 mus
2071 468 2193 536 quia
2218 470 2485 538 quantum
2505 475 2558 528 in
2582 480 2834 545 praesenti
2867 482 2974 536 vita
2997 480 3320 539 obedientize
3344 499 3500 543 arma

223 569 333 627 per
367 553 678 622 superbiam
712 566 812 620 pro
841 550 955 605 suis
989 548 1284 607 honoribus
1316 551 1561 623 litigant,
1591 553 1682 608 isti
1725 566 1821 623 per

225 645 601 701 humilitatem
656 643 795 697 alter
845 642 1074 697 alterum
1125 643 1439 699 existimant
1490 646 1823 714 superiorem

227 737 361 793 sibi.
395 737 503 791 Per
529 736 648 791 illos
677 735 968 808 Babylonia
1005 737 1228 806 regitur,
1261 753 1359 808 per
1382 739 1515 793 istos
1535 739 1665 794 etin
1688 739 1824 794 istos

228 845 262 883 a
300 828 534 883 Domino
566 825 869 882 Jerusalem
900 828 1137 883 cmlestis
1169 829 1597 884 administratur.
1626 829 1825 886 Milites

229 919 421 975 saeculi
454 919 788 989 prosperitas
809 918 1041 984 extollit,
1065 919 1366 974 adversitas
1396 918 1595 987 dejicit,
1625 920 1827 974 milites

231 1021 425 1067 autem
457 1012 553 1066 Dei
588 1012 704 1067 sive
739 1011 795 1065 in
831 1010 1157 1067 adversitate
1180 1051 1195 1076 ,
1233 1011 1347 1066 sive
1380 1012 1436 1066 in
1465 1012 1827 1081 prosperitate

234 1105 547 1160 immobiles
573 1111 945 1175 perseverant.

316 1194 638 1251 Obedientia:
675 1196 963 1267 fortissima
991 1206 1145 1269 atque
1166 1198 1426 1268 prwclara
1457 1214 1606 1253 arma
1636 1199 1822 1253 sumis.

234 1289 409 1344 Arma
443 1289 588 1343 enim
610 1288 927 1343 obedientite
953 1288 1075 1343 ideo
1109 1288 1403 1344 fortissima
1430 1289 1621 1345 beatus
1655 1290 1830 1345 nomi-

238 1384 396 1439 navit
419 1383 758 1445 Benedictus,
792 1384 917 1453 quia
956 1398 1146 1439 omnes
1169 1384 1434 1440 humanos
1470 1386 1705 1453 labores,
1732 1388 1827 1457 qui

237 1475 547 1530 voluntarie
591 1473 754 1538 ﬁunt,
788 1473 1108 1549 obedientiae
1137 1475 1291 1530 labor
1330 1485 1638 1545 exsuperat.
1688 1477 1829 1545 Quid

240 1566 391 1622 enim
430 1563 624 1619 fortius
654 1578 775 1619 esse
806 1571 984 1634 potest
1012 1579 1171 1633 quam
1202 1574 1263 1620 ut
1284 1581 1342 1621 se
1372 1566 1535 1621 homo
1555 1583 1622 1622 ex
1655 1568 1830 1622 omni-

237 1659 347 1713 bus
379 1670 595 1711 servum
637 1655 801 1711 faciat
831 1656 1163 1711 homini?Et
1202 1664 1284 1722 ut,
1327 1673 1452 1712 cum
1485 1658 1555 1712 sit
1594 1658 1736 1713 liber
1777 1668 1833 1713 et

241 1749 564 1812 honoratus,
601 1747 750 1802 velut
800 1748 905 1802 vile
956 1748 1284 1818 mancipium
1320 1749 1742 1821 despectumque
1769 1768 1827 1807 se

1923 556 2217 614 fortissima
2242 572 2369 617 sunt
2392 565 2445 619 in
2464 569 2797 636 operatione,
2819 578 3028 627 tantum
3048 573 3309 644 praeclara
3339 584 3505 634 erant

1922 649 1979 703 in
2008 659 2211 707 aeterna
2252 659 2711 717 remuneratione.
2756 663 2822 717 Et
2847 672 3108 734 quantum
3139 668 3193 722 in
3234 670 3502 726 exercita.

1925 742 2071 799 tione
2109 747 2391 814 praesentis
2434 748 2559 805 vita:
2603 750 2805 808 fuerint
2842 752 3133 811 fortissima
3155 798 3169 822 ,
3205 766 3414 815 tantum
3444 761 3501 814 in

1925 834 2105 892 futura
2127 840 2314 909 requie
2334 849 2493 896 erunt
2514 844 2796 911 przeclara.
2821 847 3094 915 Quantum
3123 850 3178 904 in
3196 851 3282 904 via
3309 866 3501 922 aspera

1925 935 1981 982 et
2013 930 2222 999 gravia,
2253 941 2460 987 tantum
2510 935 2564 989 in
2603 939 2956 1005 perventione
2989 947 3147 994 erunt
3189 955 3400 998 amoma
3446 951 3503 999 et

1926 1017 2083 1073 levia.
2116 1020 2385 1086 Quantum
2419 1024 2472 1078 in
2500 1028 2752 1094 praesenti
2781 1029 3054 1097 despecta,
3094 1037 3306 1085 tantum
3333 1031 3387 1085 in
3415 1032 3501 1086 fu-

1926 1114 2051 1164 turo
2094 1119 2255 1165 erant
2284 1112 2568 1169 honorata.
2618 1116 3007 1173 Obedientibus
3046 1120 3190 1174 enim
3218 1120 3505 1190 Apostolus

1929 1201 2006 1255 ait
2031 1215 2045 1254 :
2072 1199 2271 1256 Μοῖραί
2324 1205 2463 1257 enim
2498 1206 2624 1258 estis
2645 1245 2659 1269 ,
2689 1215 2739 1259 et
2766 1207 2871 1260 rita
2903 1217 3071 1261 rastra
3099 1207 3404 1262 abscondita
3430 1218 3505 1263 est

1926 1308 2046 1347 cum
2092 1292 2298 1347 Christo
2324 1296 2378 1348 in
2417 1294 2546 1349 Deo.
2592 1294 2725 1349 Cum
2768 1298 2905 1351 enim
2936 1296 3175 1353 Christus
3208 1301 3508 1371 apparuerit

1930 1382 2037 1436 vita
2067 1391 2256 1445 rectm,
2286 1394 2412 1437 tunc
2442 1393 2489 1437 et
2523 1400 2611 1438 vos
2655 1386 2970 1455 apparebitis
2996 1402 3114 1441 cum
3141 1387 3234 1441 illo
3261 1388 3314 1442 in
3340 1388 3512 1458 gloria

1933 1469 2132 1538 (Calas.
2162 1472 2265 1542 ιιι).
2319 1474 2393 1527 De
2422 1474 2610 1529 iisdem
2640 1475 2774 1545 ipsis
2798 1485 2855 1530 et
2879 1477 3140 1532 Dominus
3165 1476 3312 1532 Patri
3337 1479 3509 1533 dicit:

1933 1560 2116 1627 Pater,
2138 1578 2266 1633 quos
2307 1562 2497 1618 dedisti
2524 1565 2669 1628 mihi,
2698 1566 2811 1620 volo
2840 1577 2915 1632 ut,
2942 1566 3031 1620 ubi
3071 1583 3164 1638 ego
3186 1582 3325 1633 sum,
3350 1578 3399 1622 et
3426 1568 3510 1622 illi

1930 1653 2034 1707 sint
2065 1664 2285 1718 mecum,
2312 1664 2367 1707 ut
2390 1655 2596 1709 videant
2625 1655 2921 1710 claritatem
2962 1672 3150 1712 meam.
3184 1657 3254 1711 Et
3284 1676 3376 1729 ego
3401 1658 3512 1713 cla-

1936 1742 2163 1806 ritatem,
2188 1760 2346 1813 quam
2373 1745 2562 1799 dedisti
2592 1747 2743 1810 mihi,
2768 1746 2888 1800 dedi
2915 1748 2989 1801 eis
3026 1748 3209 1818 (Joau.
3237 1750 3394 1819 xvu).
3447 1749 3514 1803 Et

242 1839 460 1894 cunctis
473 1838 723 1894 exhibeat
745 1847 799 1894 et
820 1838 1124 1907 abiectum;
1150 1840 1224 1894 ita
1246 1849 1305 1895 ut
1329 1841 1501 1896 dicat:
1520 1842 1635 1913 Ego
1656 1851 1829 1896 autem
1858 1832 1906 1891 B
1934 1848 2058 1887 cum
2108 1834 2365 1903 apostolis
2401 1836 2626 1890 audiunt
2650 1853 2664 1890 :
2690 1836 2853 1891 Amen
2904 1838 3021 1892 dico
3051 1838 3193 1892 vobis
3230 1840 3371 1909 quod
3398 1856 3510 1904 τοι,

240 1946 363 1985 sum
414 1931 625 1996 vermis,
660 1940 709 1984 et
765 1947 869 1985 non
919 1931 1094 1996 homo,
1148 1932 1482 2002 opprobrium
1534 1935 1828 1999 hominum,

240 2030 295 2075 et
345 2021 570 2090 objectio
620 2019 803 2090 plebis.
842 2020 982 2088 Quid
1014 2021 1211 2078 fortius
1248 2038 1412 2091 quam
1440 2031 1502 2078 ut
1543 2039 1832 2094 percussus

242 2108 299 2165 in
323 2110 541 2164 maxilla
564 2110 799 2179 praebeat
825 2110 1016 2178 aliam;
1046 2113 1312 2168 anferenti
1335 2115 1572 2170 tunicam
1596 2116 1834 2171 dimittat

242 2210 299 2255 et
321 2201 573 2270 pallium;
613 2202 922 2270 angariatus
969 2204 1244 2271 milliario,
1291 2207 1453 2260 vadat
1488 2217 1544 2261 et
1580 2206 1718 2262 duo?
1767 2207 1837 2262 Et

243 2290 299 2346 in
324 2291 411 2345 bis
435 2291 685 2346 omnibus
711 2292 958 2361 gaudeat,
993 2295 1135 2363 quod
1161 2295 1355 2365 dignus
1386 2303 1471 2350 est
1493 2295 1714 2350 habitus
1733 2311 1833 2366 pro

244 2382 465 2436 nomine
493 2381 703 2435 Domini
738 2384 1093 2438 contumelias
1124 2386 1257 2454 pati.
1295 2385 1434 2453 Quid
1455 2385 1601 2440 enim
1638 2385 1833 2443 for1ius

244 2482 339 2527 aut
372 2473 560 2528 durius
582 2488 702 2529 esse
725 2483 904 2544 potest
929 2490 1091 2545 quam
1125 2484 1184 2529 ut
1209 2476 1372 2530 homo
1402 2476 1617 2533 homini
1644 2475 1834 2531 volun-

247 2566 383 2622 tarie
403 2582 462 2621 se
485 2566 538 2620 in
563 2568 710 2621 omni
757 2567 953 2623 subdat
991 2566 1297 2623 obedientia
1313 2569 1335 2608 9
1360 2576 1414 2624 et
1440 2568 1606 2624 duras
1625 2578 1681 2624 et
1704 2584 1835 2624 cou-

246 2658 445 2712 trarias
468 2658 521 2711 in
557 2658 671 2728 ipsa
702 2660 1005 2715 obcdicntia
1045 2660 1316 2730 patienter
1354 2658 1531 2715 illatas
1568 2659 1834 2714 sustineat

245 2748 504 2817 injurias?
527 2765 693 2820 quam
723 2760 783 2806 ut
814 2752 962 2806 omni
1010 2752 1219 2806 vilitate
1247 2760 1303 2806 et
1330 2751 1673 2805 extremitate
1704 2764 1834 2803 con-

247 2851 429 2898 tentus
466 2846 554 2908 sit,
578 2852 631 2899 et
653 2845 721 2899 ad
743 2845 924 2899 omnia
958 2861 1078 2915 quae
1112 2844 1185 2898 illi
1210 2844 1562 2914 injunguntur
1583 2849 1829 2911 paratus,

247 2944 302 2990 et
336 2936 586 2990 omnibus
608 2952 665 2991 se
706 2935 1017 2991 inferiorem
1044 2944 1097 2992 ct
1121 2937 1366 2990 viliorem
1392 2949 1501 2989 non
1535 2933 1709 2988 solum
1734 2948 1832 2987 sua

248 3026 431 3098 lingua
475 3028 820 3096 pronuntiet,
869 3030 963 3083 sed
1007 3029 1175 3083 etiam
1216 3027 1378 3083 corde
1421 3025 1727 3081 existimet?
1778 3034 1834 3079 et

248 3118 554 3187 ubicunque
584 3117 763 3182 fuerit,
793 3118 995 3172 sederit
1028 3117 1113 3173 vel
1139 3117 1448 3181 ambularit,
1479 3115 1740 3170 inclinato
1763 3114 1833 3169 sit

1928 1925 2019 1996 qui
2051 1924 2330 1994 reliquistis
2364 1926 2562 1992 omnia,
2585 1937 2633 1981 et
2670 1929 2830 1982 secuti
2859 1931 2982 1983 estis
3011 1946 3111 1993 me,
3141 1931 3198 1983 in
3229 1946 3476 1999 regeneru
3495 1957 3507 1969 ~

1933 2017 2071 2070 tione
2097 2033 2210 2070 cum
2222 2017 2466 2074 sederit!"
2468 2018 2586 2073 ilius
2608 2019 2832 2073 hominis
2854 2018 2906 2073 in
2928 2021 3048 2074 sede
3065 2021 3356 2090 maiestatis
3376 2037 3513 2085 suae,

1932 2108 2173 2162 sedebitis
2200 2118 2249 2162 et
2277 2126 2361 2162 vos
2388 2125 2547 2179 super
2569 2110 2843 2164 duodecim
2885 2112 3034 2166 sedes
3050 2112 3353 2181 judicantes
3379 2113 3516 2167 duo-

1932 2188 2098 2259 decim
2128 2205 2293 2258 tribus
2316 2205 2485 2258 Israel
2514 2205 2731 2276 (Matth.
2761 2205 2898 2278 xix).

2004 2296 2070 2351 In
2096 2298 2279 2368 primis
2305 2305 2359 2349 ut
2383 2296 2633 2366 quidquid
2664 2296 2923 2366 agendum
2966 2296 3181 2350 inchoo:
3209 2296 3420 2349 bonum.
3454 2294 3512 2347 lu

1931 2389 2143 2460 primis,
2173 2390 2225 2443 id
2247 2396 2330 2443 est
2360 2389 2411 2442 in
2440 2389 2593 2442 initio
2628 2388 3054 2443 conversationis
3084 2388 3171 2443 vel
3212 2387 3515 2442 inchoatio-

1932 2480 2018 2535 nis
2048 2478 2173 2535 boni
2202 2480 2383 2550 Operis
2426 2478 2577 2533 dicit.
2626 2479 2857 2535 insidias
2885 2480 3026 2535 inter
3069 2488 3121 2534 te
3148 2486 3203 2533 et
3233 2479 3514 2547 antiquum

1933 2585 2239 2646 serpentem
2267 2591 2386 2633 esse
2414 2575 2672 2646 intellige,
2708 2575 2988 2630 monache.
3040 2575 3118 2629 Tu
3152 2574 3313 2635 illius,
3340 2588 3517 2642 quan-

1933 2677 2048 2723 tum
2092 2666 2369 2736 prmvales,
2413 2666 2665 2721 nocivum
2714 2677 2935 2721 contere
2983 2674 3175 2736 caput;
3229 2666 3355 2734 quia
3401 2665 3515 2729 ille,

1933 2766 2196 2827 quantum
2235 2757 2484 2820 valuerit,
2518 2772 2621 2811 non
2669 2759 2902 2811 cessabit
2948 2756 3193 2811 insidiari
3238 2756 3516 2811 calcaueo.

1934 2846 2088 2901 Tunc
2128 2846 2272 2901 enim
2302 2846 2601 2916 prudenter
2646 2854 2806 2914 caput
2854 2847 3125 2915 serpentis
3177 2844 3433 2907 conteris,
3469 2843 3517 2899 si

1933 2939 2147 2994 initium
2186 2935 2341 2992 make
2381 2934 2743 3006 suggestionis
2790 2935 2906 3004 ejus
2948 2952 3047 2990 nec
3093 2935 3383 2996 censentis,
3416 2949 3518 2988 nec

1934 3028 2154 3098 recipis,
2183 3035 2238 3082 et
2277 3026 2325 3081 si
2371 3027 2662 3097 cogitando
2693 3025 2907 3093 recipis,
2941 3025 3253 3079 meditando
3281 3038 3389 3077 non
3417 3037 3517 3076 nu-

1938 3119 2055 3173 tris.
2094 3118 2207 3185 llle,
2237 3117 2482 3187 inquam,
2506 3124 2671 3187 caput
2692 3116 2960 3185 serpentis
2988 3117 3125 3170 bene
3145 3114 3398 3178 conterit,
3424 3114 3518 3181 qui

250 3222 465 3278 semper
489 3208 667 3276 capite
696 3216 753 3262 et
776 3207 895 3262 ﬁxis
920 3224 1134 3278 semper
1155 3209 1207 3262 in
1233 3216 1434 3262 terram
1453 3207 1654 3272 oculis;
1681 3222 1832 3261 reum
1862 3180 1907 3243 ί)
1939 3207 2309 3280 suggestiones
2353 3206 2468 3275 ejus
2515 3222 2616 3261 nec
2643 3205 2931 3277 cogitando
2962 3205 3216 3269 ruminat,
3249 3220 3347 3258 nec
3375 3203 3519 3258 dele—

250 3314 306 3354 se
357 3299 423 3353 de
466 3298 704 3369 peccatis
743 3300 856 3352 suis
887 3299 1161 3353 existimet
1206 3296 1835 3361 dicens:Domine,uon

249 3406 366 3444 sum
394 3391 586 3461 dignus
612 3390 852 3460 aspicere
886 3397 940 3443 et
970 3390 1154 3444 videre
1185 3388 1525 3443 altitudinem
1560 3386 1682 3442 eteli
1722 3400 1835 3456 prie

250 3482 530 3553 injustitiis
576 3482 731 3536 meis.
784 3480 1077 3536 Videamus
1124 3497 1223 3536 cur
1266 3480 1459 3535 beatus
1510 3477 1836 3532 Benedictus

248 3574 567 3629 obedientite
594 3590 743 3628 arma
774 3574 1072 3629 fortissima
1102 3573 1303 3629 dixerit
1348 3583 1510 3642 atque
1551 3572 1831 3642 praeclara.

246 3664 370 3719 Ideo
402 3662 714 3725 fortissima,
740 3665 865 3731 quia
887 3679 1073 3718 omnes
1102 3664 1325 3719 humani
1350 3663 1562 3735 generis
1594 3662 1831 3726 labores,

243 3757 339 3828 qui
373 3753 680 3809 voluntarie
715 3754 869 3819 ﬁunt,
911 3762 972 3807 ut
1009 3770 1172 3824 supra
1222 3756 1480 3819 diximus,
1510 3754 1836 3809 obedientite

243 3845 400 3903 labor
434 3842 1101 3913 exsuperat:Fortissima
1140 3852 1276 3897 sunt
1319 3846 1463 3898 enim
1513 3842 1835 3899 obedientiae

247 3951 423 4001 arma,
449 3941 510 3988 ut
542 3935 771 4005 abneget
799 3936 962 3991 homo
1007 3934 1357 4004 semetipsum
1391 3935 1526 4000 sibi;
1551 3935 1831 4005 praeclara,

247 4034 308 4082 ut
331 4033 591 4094 sequatur
609 4023 904 4079 Christum.
923 4024 1263 4089 Fortissima,
1280 4033 1339 4078 ut
1359 4025 1592 4081 declinet
1615 4042 1645 4080 a
1669 4027 1829 4094 malo;

249 4116 528 4190 praeclara,
563 4124 619 4170 ut
663 4115 829 4171 faciat
872 4118 1095 4173 bonum.
1148 4116 1498 4181 Fortissimo,
1528 4132 1596 4172 ne
1644 4117 1836 4174 reddat

252 4209 451 4265 malum
481 4208 580 4279 pro
608 4209 781 4276 malo;
820 4209 1094 4280 praeclara,
1122 4217 1181 4263 ut
1213 4209 1403 4263 reddat
1431 4223 1531 4278 pro
1560 4208 1704 4264 malo
1738 4209 1836 4263 bo-

253 4317 399 4356 num.
432 4301 770 4367 Fortissima,
796 4318 862 4358 ne
892 4302 1302 4357 maledicentem
1338 4301 1656 4368 maledicat;
1696 4316 1835 4371 prte-

253 4391 415 4455 clara,
443 4399 497 4445 ut
542 4393 702 4446 etiam
740 4393 1045 4448 benedicat.
1100 4391 1438 4456 Fortissime,
1485 4406 1554 4446 ne
1586 4392 1642 4446 in
1673 4391 1836 4447 corde

253 4489 432 4536 teneat
483 4483 695 4547 odium;
744 4483 1024 4552 pneclara,
1067 4491 1128 4537 ut
1175 4493 1431 4552 tauquam
1471 4483 1830 4552 semetipsum

253 4572 435 4644 diligat
478 4573 754 4627 inimicum
781 4582 835 4628 et
877 4575 1202 4644 proximum.
1234 4573 1554 4629 Fortissima
1582 4574 1637 4628 in
1679 4572 1830 4642 abje-

252 4665 457 4729 ctione;
499 4664 756 4734 prmclara
801 4666 853 4720 in
899 4667 1229 4735 operatione.
1266 4664 1583 4721 Fortissima
1614 4666 1669 4721 in
1697 4667 1832 4722 tole-

251 4756 450 4817 rantia;
478 4755 737 4824 prazclara
780 4759 832 4810 in
865 4756 1188 4811 obedientia.
1224 4757 1545 4813 Fortissima
1573 4759 1627 4813 in
1658 4761 1831 4815 conti-

250 4853 414 4899 nuato
457 4845 692 4917 jejunio;
737 4847 996 4916 praeclara
1042 4847 1098 4902 in
1136 4848 1474 4904 recreatione
1504 4864 1826 4919 pauperum.

204 4926 213 4935 ⁷’
252 4934 585 5004 Fortissima,
602 4936 725 4993 Sint
746 4937 912 4993 lumbi
937 4940 1103 4994 vestri
1131 4941 1443 5011 praecincti;
1471 4941 1749 5010 praeclara,
1767 4940 1835 4995 Et

253 5026 483 5083 lucerna:
530 5030 802 5086 ardentes.
843 5030 901 5084 In
936 5030 1269 5087 inﬁrmitatis
1316 5031 1598 5086 tolerantia
1650 5032 1832 5087 fortis-

252 5118 408 5185 sima,
437 5119 494 5173 in
538 5119 850 5176 visitatione
898 5120 1130 5175 aliorum
1162 5121 1501 5176 inﬁrmorum
1546 5123 1827 5191 prteclara.

254 5211 329 5268 Ne
355 5213 610 5269 vanitatis
638 5213 921 5271 mendacio
948 5214 1250 5269 resolvatur
1292 5213 1620 5279 fortissima;
1653 5223 1715 5268 ut
1741 5229 1832 5268 ve-

252 5305 464 5361 ritatem
494 5307 656 5363 corde
685 5315 738 5363 et
757 5323 852 5363 ore
877 5307 1127 5380 loquatur
1147 5307 1432 5379 praeclara.
1466 5306 1525 5360 In
1552 5308 1831 5363 tolerando

252 5395 516 5468 patienter
544 5396 768 5465 injurias
812 5398 1105 5454 fortissima
1132 5415 1147 5465 ;
1194 5400 1247 5454 in
1278 5413 1385 5453 non
1415 5397 1663 5454 faciendo
1692 5397 1828 5453 tole-

257 5490 449 5544 randas
475 5491 754 5561 pneclara.
794 5491 851 5547 In
883 5493 1208 5548 refrenando
1234 5493 1527 5563 appetitum
1554 5493 1693 5563 gulze
1722 5492 1833 5547 for-

257 5581 490 5647 tissima;
526 5584 581 5637 in
612 5582 935 5655 frugalitatis
956 5593 1011 5640 et
1032 5585 1312 5655 parcitatis
1339 5599 1523 5641 amore
1543 5586 1827 5655 praeclara.

257 5673 310 5729 lu
362 5677 611 5745 corporis
666 5679 1025 5750 castigatione
1079 5677 1405 5744 fortissima;
1460 5679 1513 5732 in
1565 5678 1832 5733 castitatis

261 5782 435 5825 amore
464 5769 743 5841 praeclara.
779 5771 886 5827 Sed
920 5780 975 5828 et
1004 5772 1105 5828 hoc
1134 5769 1402 5826 veraciter
1427 5768 1605 5824 dicere
1635 5783 1827 5839 possu-

1854 4526 1907 4586 D

1935 3302 2134 3354 ctando
2179 3297 2360 3364 fovet,
2397 3312 2498 3353 nec
2548 3296 2858 3352 meditando
2906 3296 3108 3359 nutrit,
3151 3310 3250 3349 nec
3291 3308 3522 3349 consen-

1936 3391 2155 3456 tieudo,
2187 3405 2290 3446 nec
2346 3390 2632 3445 nutriendo
2681 3389 2750 3444 ad
2802 3388 3010 3459 peccati
3062 3385 3517 3457 perpetrationem

1934 3483 2203 3552 perducit.
2233 3482 2301 3537 Et
2327 3484 2431 3537 hoc
2457 3482 2616 3538 modo
2638 3480 2730 3552 qui
2762 3488 2926 3550 caput
2950 3480 3219 3550 serpentis
3264 3478 3516 3542 conterit,

1936 3584 2109 3632 totum
2137 3593 2167 3630 a
2197 3591 2256 3631 se
2299 3575 2499 3631 diaboli
2551 3590 2746 3645 corpus
2793 3574 3023 3643 repellit.
3091 3572 3329 3628 Callidus
3373 3570 3518 3625 enim

1935 3683 2158 3737 serpens
2184 3674 2238 3722 et
2262 3665 2523 3732 lubricus,
2547 3667 2640 3722 ubi
2668 3674 2829 3737 caput
2860 3665 3220 3736 suggestionis
3242 3679 3352 3719 sua:
3374 3678 3521 3718 mer-

1935 3762 2089 3825 serit,
2124 3770 2267 3816 totus
2295 3771 2521 3816 conatur
2568 3759 2738 3826 illabi,
2770 3767 2830 3813 ut
2864 3774 2893 3813 a
2921 3774 3029 3829 quo
3081 3757 3222 3813 male
3271 3764 3521 3827 receptus

1934 3859 2020 3907 est
2066 3860 2230 3914 totus,
2262 3850 2404 3905 male
2456 3849 2682 3920 recipiat
2716 3858 2918 3915 totum,
2955 3857 3010 3904 et
3054 3849 3196 3903 male
3240 3856 3517 3918 receptum

1934 3941 2074 3995 male
2108 3940 2384 4010 possideat
2427 3940 2686 3993 vinctum.
2746 3938 2922 4008 Caput
2967 3953 3096 4007 ergo
3142 3939 3430 4008 serpentis,
3462 3934 3519 3989 id

1933 4040 2017 4086 est
2055 4030 2452 4100 suggestionem
2479 4028 2672 4083 diaboli
2695 4070 2709 4094 ,
2736 4029 2913 4083 bonus
2950 4029 3250 4083 monachus
3278 4029 3332 4081 in
3362 4028 3518 4084 initio

1933 4128 2201 4184 conterat,
2232 4135 2302 4173 ne.
2331 4119 2447 4188 ejus
2477 4120 2530 4173 in
2558 4117 2664 4172 line
2690 4118 2959 4188 possessio
2996 4117 3110 4170 ﬁat.
3155 4116 3302 4171 Bene
3330 4124 3519 4170 conte‘

1934 4220 2039 4275 rat,
2067 4227 2135 4265 ne
2162 4211 2304 4264 male
2327 4218 2670 4275 conteratur;
2699 4206 2879 4274 feriat,
2898 4222 2965 4263 ne
2991 4207 3250 4274 feriatur;
3283 4206 3517 4268 occidat,

1933 4317 2002 4356 ne
2032 4301 2329 4357 occidatur.
2377 4300 2445 4355 Et
2490 4301 2543 4355 in
2589 4300 2676 4354 his
2717 4300 2970 4355 omnibus
2999 4297 3158 4353 fortis
3202 4299 3379 4353 victor
3405 4297 3521 4352 cxi-

1934 4401 2106 4458 stens,
2138 4407 2246 4447 non
2273 4392 2376 4447 sibi
2406 4390 2612 4457 laudes,
2644 4391 2736 4444 sed
2766 4391 2999 4446 creatori
3038 4404 3136 4445 suo
3167 4387 3369 4443 referat
3401 4403 3521 4458 gra-

1937 4494 2037 4550 tes,
2064 4500 2097 4538 a
2140 4499 2249 4554 quo
2297 4483 2506 4552 accepit
2556 4490 2615 4536 ut
2658 4482 2922 4545 vinceret,
2956 4495 3025 4535 ne
3073 4480 3249 4534 victus
3292 4479 3515 4549 periret.

1932 4576 2079 4647 Ergo
2124 4584 2293 4631 totam
2337 4574 2718 4631 sollicitudinis
2748 4589 2859 4629 sua:
2902 4573 3204 4628 custodiam
3244 4572 3311 4626 ad
3337 4572 3516 4626 calca-

1931 4681 2093 4721 neum
2121 4674 2379 4721 extremae
2403 4666 2527 4720 vitae
2547 4679 2657 4719 suae
2676 4664 2931 4735 providus
2957 4662 3254 4718 monachus
3281 4676 3511 4717 conver-

1933 4768 2033 4825 tat,
2066 4775 2134 4815 ne
2158 4768 2424 4815 venenato
2449 4773 2633 4813 morsu
2661 4757 2929 4827 serpentis
2949 4755 3281 4825 improvidus
3303 4759 3514 4825 pereat.

1934 4852 2074 4920 Quid
2122 4850 2269 4906 enim
2318 4864 2415 4921 per
2458 4848 2696 4905 hominis
2739 4846 3092 4903 calcaneum?
3121 4861 3248 4899 num
3303 4856 3519 4914 tempus

1932 4943 2058 4997 viue
2082 4941 2421 5012 signiﬁcatur
2457 4938 2801 4995 extremum?
2828 4936 2969 5005 Quid
2995 4936 3222 4992 callidus
3255 4936 3519 4990 insidians

1938 5035 2188 5090 inimicus
2231 5032 2488 5105 pestifero
2531 5033 2693 5089 dente
2738 5032 2993 5103 percutit,
3028 5030 3073 5084 si
3101 5044 3131 5083 a
3165 5029 3410 5084 custodia
3435 5025 3516 5080 sui

1937 5126 2151 5179 animus
2179 5123 2321 5179 male
2356 5138 2521 5178 sanus
2550 5123 2793 5177 recedit?
2824 5121 2987 5191 Ergo,
3015 5120 3302 5183 monaehe,
3332 5115 3519 5172 salut's

1938 5223 2045 5269 tua!
2073 5215 2198 5269 audi
2224 5214 2530 5276 consilium,
2563 5222 2620 5267 et
2644 5212 2826 5281 operis
2855 5211 2932 5265 tui
2965 5209 3194 5283 sollicite
3225 5221 3378 5261 serva
3406 5203 3519 5259 eal-

1936 5320 2187 5369 caneum,
2214 5321 2281 5359 ne
2310 5305 2364 5359 in
2394 5303 2500 5358 ﬁne
2530 5304 2657 5358 vitae
2688 5310 2793 5356 tute
2825 5302 3086 5371 deceptus
3118 5297 3345 5366 alicujus
3366 5310 3519 5351 erro-

1935 5399 2013 5452 ris
2041 5396 2240 5451 labaris
2265 5396 2320 5450 in
2351 5395 2586 5450 devium.
2611 5393 2679 5448 Et
2706 5393 2795 5447 ubi
2821 5382 3081 5463 sperabas
3107 5390 3350 5459 recipere
3377 5400 3515 5455 prae-

1932 5488 2122 5552 mium,
2158 5486 2233 5542 ibi
2269 5487 2527 5555 deceptus
2571 5484 2814 5539 invenias
2861 5483 3276 5541 detrimentum;
3321 5485 3377 5530 et
3422 5475 3516 5531 ubi

1934 5579 2191 5649 sperabas
2222 5577 2376 5633 Lotus
2407 5578 2669 5633 scandere
2699 5575 2914 5637 coelum,
2947 5573 3017 5627 ibi
3048 5568 3219 5624 tristis
3254 5566 3518 5636 mergaris

1936 5674 1989 5728 in
2019 5678 2303 5737 tartarum,
2334 5679 2391 5726 et
2434 5670 2682 5725 incautus
2712 5668 2891 5723 subito
2919 5663 3113 5734 perdas
3140 5659 3282 5729 quod
3308 5658 3398 5711 diu
3427 5672 3519 5712 ac~

1935 5764 2194 5837 quisitum
2241 5762 2293 5817 in
2341 5770 2602 5819 aeternum
2652 5759 2852 5815 habere
2896 5763 3128 5826 poteras.
3181 5748 3322 5817 Quid
3365 5749 3511 5804 enim
