3940 6416
1763 314 2118 374 SMARAGDI
2152 313 2444 373 ABBATIS

3628 316 3735 373 700

462 447 686 519 prodest
732 440 935 500 homini
972 453 1109 510 opus
1148 439 1350 494 bonum
1387 436 1666 500 inchoare,
1695 442 1886 490 etnon
1913 447 2041 503 per-
2070 436 2121 496 Α
2145 429 2292 484 Abba
2324 428 2485 485 Pater
2513 428 2687 503 (Rom.
2717 410 2858 502 vin).
2895 430 2963 486 Et
2992 429 3284 501 adoptione
3333 441 3549 501 recepta
3591 431 3734 487 ﬁlio-

466 537 662 594 ﬁcere?
692 534 815 589 Non
841 533 1002 597 enim,
1025 530 1104 585 ait
1131 529 1437 600 Scriptura,
1461 528 1554 599 qui
1583 524 1926 589 inchoaverit,
1950 521 2043 577 sed

459 629 549 699 qui
574 625 991 697 perseveraverit,
1008 622 1185 678 salvus
1210 623 1308 676 erit
1325 619 1542 693 (Matth.
1564 635 1599 673 x
1622 628 1671 674 et
1698 615 1872 689 xxrv).
1900 615 2047 671 Inter

460 728 657 775 cetera
690 717 836 773 enim
884 713 1276 771 sacriﬁciorum
1315 726 1514 782 genera
1556 708 1787 765 Domino
1828 706 2048 776 iubetur

458 807 645 865 oﬁ'erri
674 806 868 864 cauda.
898 804 1053 860 Sicut
1076 803 1223 858 enim
1253 801 1309 857 in
1334 800 1612 865 calcaneo,
1644 799 1719 853 ita
1763 797 1886 852 ﬁnis
1925 811 2046 852 cor-

456 903 611 976 poris
654 901 959 958 ostenditur
999 900 1056 954 in
1100 899 1294 954 cauda.
1345 896 1414 951 Et
1439 896 1529 951 ille
1566 896 1704 950 bene
1727 892 1955 948 caudam
1991 892 2046 947 in

460 993 733 1050 sacriﬁcio
759 991 991 1046 Domino
1011 988 1278 1052 immolat,
1311 985 1403 1056 qui
1430 985 1485 1040 in
1512 984 1656 1039 bono
1683 996 1848 1052 opere
1874 995 2047 1050 usque

460 1085 519 1140 in
550 1083 710 1138 ﬁnem
737 1088 1071 1153 perseverat.
1120 1077 1358 1134 Caudam
1385 1074 1530 1131 enim
1578 1073 1769 1130 hostias
1817 1071 2047 1127 Domino

460 1174 739 1230 oderimus
762 1212 779 1237 ,
813 1169 1030 1242 quando
1074 1183 1211 1239 opus
1267 1166 1470 1221 bonum
1516 1162 1887 1233 perseveranti
1936 1160 2047 1217 ﬁne

461 1265 812 1335 complemus.
837 1262 971 1317 Nam
991 1268 1046 1316 et
1066 1259 1290 1329 Joseph,
1310 1257 1402 1327 qui
1424 1262 1615 1311 auctus
1635 1254 2043 1324 interpretatur,

460 1355 617 1411 talari
647 1354 826 1408 tunica
868 1351 1095 1407 vestitus
1123 1363 1245 1405 esse
1287 1346 1633 1404 describitur.
1666 1344 1873 1400 Tunica
1903 1345 2046 1399 enim

459 1462 568 1516 qua
620 1446 839 1501 indutus
898 1450 1018 1498 erat
1067 1438 1532 1512 perseverantiam
1578 1436 1737 1493 bonis
1785 1436 2044 1508 operibus

459 1538 750 1608 signiﬁcat.
787 1535 883 1590 llle
928 1542 1111 1588 autem
1157 1531 1316 1587 talari
1363 1529 1544 1585 tunica
1585 1528 1776 1585 vivens
1820 1537 2048 1584 ornatus

459 1627 683 1692 incedit,
711 1627 804 1697 qui
830 1625 1123 1680 virtutibus
1144 1631 1298 1678 actus
1326 1622 1381 1676 in
1401 1622 1566 1686 bono,
1593 1620 1738 1690 quod
1759 1619 1948 1688 coepit,
1973 1620 2044 1674 ad

455 1719 919 1792 perseverantiam
948 1716 1138 1780 tendit,
1166 1722 1223 1770 et
1248 1715 1449 1769 bonum
1492 1712 1636 1782 quod
1665 1725 1829 1781 agere
1856 1710 2046 1780 erepit,

458 1784 833 1880 imperfectum
862 1822 970 1862 non
993 1806 1271 1875 relinquit.
1319 1803 1590 1857 Extendat
1631 1817 1763 1871 ergo
1805 1801 2044 1871 prudens
2075 1784 2121 1843 Β

458 1898 758 1953 monachus
800 1897 1037 1951 tunicam
1082 1895 1211 1952 boni
1234 1894 1416 1965 operis
1441 1892 1527 1947 sui
1554 1906 1727 1961 usque
1749 1892 1818 1946 ad
1854 1890 2043 1954 talum,

456 2002 530 2044 ne
556 1988 835 2043 inimicum
883 1985 1108 2041 humani
1151 1984 1365 2054 generis
1399 1982 1637 2053 patiatur
1682 1980 1962 2045 infestum,
1990 1988 2047 2036 et

461 2080 882 2151 perseverantia:
913 2079 1094 2134 tunica
1138 2078 1342 2132 nudum
1378 2076 1433 2131 in
1467 2074 1796 2146 profundum
1838 2081 2047 2144 mergat

459 2170 753 2235 infernum,
778 2177 871 2223 aut
894 2169 1093 2240 partim
1123 2168 1378 2223 vestitum
1401 2165 1708 2235 partimque
1735 2172 2044 2219 truncatum

458 2259 528 2313 ad
555 2259 907 2330 ignominiam
937 2259 990 2313 in
1018 2266 1281 2313 aeternum
1327 2263 1614 2311 conservet
1654 2254 2042 2309 damnandum.

463 2346 675 2405 Talaris
697 2363 827 2418 ergo
848 2350 1014 2420 pedes
1037 2349 1429 2404 monachorum
1456 2356 1872 2416 perseveranter
1892 2354 2048 2401 ornet

456 2447 516 2495 et
545 2440 775 2504 muniat,
795 2447 853 2494 ut
877 2440 931 2494 in
949 2438 1053 2494 ﬁne
1066 2438 1192 2492 vitio
1209 2438 1319 2492 Deo
1335 2436 1454 2491 illos
1477 2434 1706 2491 feliciter
1730 2434 1938 2501 reddat,
1954 2434 2046 2490 ubi

459 2542 584 2582 cum
599 2527 874 2583 felicitatis
887 2528 1055 2598 gloria
1069 2534 1272 2583 aeterna
1287 2541 1486 2595 conseq
1494 2534 1651 2580 natur
1664 2534 1717 2583 et
1732 2526 1973 2596 praemia.

533 2617 610 2670 Ab
637 2633 697 2671 eo
721 2617 901 2687 perﬁci
930 2617 1310 2671 instantissima
1344 2616 1583 2671 oratione
1625 2615 1897 2685 deposcas.
1939 2614 2046 2671 Sed

460 2715 524 2762 ut
566 2706 682 2761 haec
725 2706 847 2771 tibi,
878 2706 1126 2777 quisquis
1162 2720 1253 2769 es,
1304 2704 1586 2769 monacho,
1622 2705 1734 2760 Deo
1782 2704 2047 2776 largiente

460 2796 802 2866 proveniant,
830 2813 938 2854 non
964 2798 1134 2863 tarde,
1163 2812 1271 2853 non
1296 2796 1500 2867 tepide,
1527 2796 1624 2852 sed
1649 2796 2046 2851 instantissima

457 2886 708 2944 oratione
732 2888 982 2958 deposce.
1013 2887 1153 2943 Audi
1178 2887 1498 2958 Apostolum
1526 2887 1594 2943 de
1626 2887 1886 2944 instantia
1916 2904 2045 2943 ora-

462 2981 622 3037 tionis
664 2997 763 3038 nos
818 2990 1146 3038 monentem.
1193 2983 1287 3037 Ait
1335 2983 1482 3040 enim
1510 3001 1524 3038 :
1554 2983 1759 3039 Instate
1816 2984 2044 3039 orationi

451 3068 805 3138 rigilantesin
827 3086 889 3124 ea
915 3070 1140 3141 (Coloss.
1164 3088 1238 3140 Iv,
1263 3074 1344 3143 ἱ).
1380 3074 1444 3129 Et
1472 3075 1669 3129 iterum
1702 3089 1718 3130 :
1754 3071 1982 3143 l’igilate
1998 3081 2050 3126 et
2092 3142 2111 3155 ὴ

450 3173 600 3217 orate
626 3163 840 3234 (Matth.
864 3182 1013 3233 XXVI;
1050 3166 1224 3223 Marc.
1257 3170 1398 3238 xm).
1420 3166 1639 3222 Etalihi
1661 3166 1800 3223 dicit
1826 3184 1841 3221 :
1869 3166 2048 3238 Opor-

450 3266 525 3310 tet
553 3258 688 3311 enim
749 3274 953 3328 semper
1009 3276 1188 3327 orare,
1224 3269 1274 3315 et
1302 3276 1595 3329 numquam
1620 3260 1845 3329 deficere
1887 3259 2047 3330 (Luc.

452 3349 635 3419 svnt).
666 3348 900 3405 Multum
928 3353 1075 3407 enim
1112 3353 1273 3417 valet,
1337 3354 1416 3408 ait
1472 3356 1799 3423 Apostolus.
1867 3354 2043 3409 oratio

447 3431 582 3501 μειιὶ
629 3432 846 3486 assidua
894 3432 1037 3504 (Jac.
1087 3432 1164 3503 v).
1215 3434 1403 3489 Oratio
1453 3434 1583 3489 Elia:
1627 3435 1749 3491 caeli
1793 3439 2043 3494 cardines

452 3520 670 3586 clausit,
699 3524 874 3578 oratio
900 3524 1137 3579 Daniclis
1175 3524 1391 3579 leonum
1420 3541 1516 3581 ora
1552 3526 1839 3591 conclusit,
1869 3530 2044 3584 oratio

426 3600 619 3666 ‘tt'ium
667 3629 957 3683 puerorum
1019 3615 1294 3670 caminum
1337 3614 1479 3686 ignis
1520 3618 1819 3685 exstinxit,
1865 3624 2043 3676 oratio

446 3702 819 3758 ecclesiastica
851 3704 998 3759 Petri
1030 3705 1239 3760 vincula
1264 3706 1445 3771 solvit,
1471 3708 1648 3763 oratio
1683 3708 1919 3765 Cornelii
1946 3727 2044 3767 au-

455 3807 547 3846 res
587 3793 798 3847 Domini
825 3795 1152 3863 pcnetravit,
1182 3796 1356 3852 oratio
1385 3797 1439 3851 in
1466 3813 1630 3854 cruce
1657 3798 1853 3853 latroni
1882 3815 2042 3869 para-

451 3884 633 3939 disum
664 3887 894 3955 aperuit.
927 3886 1044 3942 Non
1072 3888 1215 3942 enim
1246 3888 1429 3959 pigeat
1459 3888 1727 3945 instanter
1747 3904 1906 3945 orare
1933 3908 2042 3948 mo-

455 3978 709 4042 nachum,
740 3979 865 4049 quia
897 3994 1056 4049 quem
1084 3990 1209 4036 orat
1231 3982 1593 4037 habitatorem
1625 3983 1768 4038 inter
1792 4000 1853 4039 se
1877 3984 2041 4039 habet

457 4068 763 4124 Dominum.
830 4069 923 4127 Sic
965 4070 1109 4125 enim
1153 4071 1237 4127 ait
1272 4070 1604 4142 Apostolus:
1634 4072 1902 4144 Templum
1942 4073 2040 4128 Dei

450 4162 576 4218 estis
600 4176 619 4214 .'
643 4171 699 4217 et
727 4162 958 4234 Spiritus
978 4163 1193 4219 Domini
1222 4164 1424 4220 habitat
1460 4166 1515 4220 in
1545 4166 1685 4221 vobis
1710 4166 1760 4237 (I
1796 4166 1917 4220 Cor.
1945 4183 2034 4233 m;

454 4252 518 4308 Il
550 4253 672 4308 Cor.
746 4255 839 4326 vi).
889 4253 1009 4310 Cito
1053 4255 1200 4310 enim
1227 4256 1295 4310 ab
1324 4255 1630 4314 habitatore
1676 4258 2041 4313 exaudiuntur

452 4345 700 4411 Domino,
731 4349 821 4417 qui
848 4349 966 4419 ejus
994 4348 1349 4405 habitationis
1384 4350 1644 4420 templum
1668 4357 1724 4405 et
1754 4351 2039 4407 habitacu-

450 4435 564 4492 lum
595 4438 747 4493 ﬁunt.
781 4438 918 4493 lnl’ra
946 4457 1006 4495 se
1031 4441 1175 4495 enim
1205 4449 1387 4509 portat
1419 4457 1580 4510 quem
1617 4449 1803 4511 rogat,
1831 4442 1942 4497 imo
1966 4444 2035 4497 ab

451 4527 544 4583 illo
582 4530 869 4585 exauditur
909 4546 942 4585 a
983 4546 1091 4599 quo
1137 4540 1406 4602 portatur.
1440 4524 1688 4598 Qui'vult
1732 4548 1862 4603 ergo
1897 4548 2035 4601 opus

452 4624 652 4678 bonum
676 4624 742 4678 ad
770 4623 1155 4693 perfectionem
1186 4624 1502 4692 perducere,
1524 4623 1759 4678 orationi
1782 4622 2035 4692 frequen-

452 4725 537 4770 ter
574 4717 736 4771 debet
778 4717 1105 4771 incumbere.
1151 4716 1339 4771 Oratio
1382 4716 1530 4770 enim
1576 4716 1901 4785 supplicatio
1948 4716 2034 4771 vel

452 4809 640 4876 petitio
675 4809 891 4862 dicitur.
931 4807 1083 4861 Dicta
1116 4816 1296 4860 autem
1321 4806 1520 4869 oratio,
1545 4806 1701 4882 quasi
1729 4806 1842 4861 oris
1871 4809 2029 4863 ratio.

449 4904 749 4956 Contextus
771 4907 950 4954 autem
978 4899 1264 4953 verborum
1297 4896 1415 4952 sine
1441 4897 1767 4966 scnsu,quia
1791 4914 1896 4954 non
1919 4901 2034 4956 oris

452 4997 614 5052 ratio.

526 5084 592 5140 Ut
621 5086 711 5158 qui
740 5102 833 5139 nos
869 5086 923 5139 in
964 5084 1197 5154 ﬁliorum
1232 5100 1445 5138 numero
1488 5083 1738 5153 dignatus
1776 5094 1851 5139 est
1890 5102 2042 5139 com-

450 5186 656 5248 putare.
713 5175 867 5247 Tunc
914 5175 1059 5230 enim
1106 5190 1205 5230 nos
1253 5175 1511 5231 Dominus
1548 5176 1785 5246 primum
1825 5176 2039 5232 miscri-

451 5267 692 5323 corditer
713 5267 765 5321 in
794 5268 1027 5322 liliornm
1048 5269 1299 5340 dignatus
1319 5277 1402 5324 est
1430 5285 1658 5325 numero
1688 5277 2030 5337 computare,

453 5359 671 5431 quando
695 5375 818 5414 eum
844 5375 942 5429 per
971 5360 1127 5414 [idem
1160 5361 1571 5416 meminerimus
1601 5360 1867 5428 recipere,
1891 5357 2035 5412 sicut

453 5448 779 5519 evangelista
809 5448 1047 5507 Joannes
1067 5450 1181 5505 ait:
1208 5449 1471 5520 Quotquot
1511 5460 1685 5503 autent
1730 5459 2031 5517 receperunt

453 5557 593 5605 eum,
635 5541 777 5595 dedit
823 5544 898 5596 cis
939 5553 1241 5613 potestatem
1282 5543 1422 5609 ﬁlios
1463 5542 1560 5595 Dei
1592 5542 1709 5609 ﬁeri
1749 5542 1933 5607 (Joan.
1966 5546 2026 5613 t):

456 5630 669 5700 quando
696 5647 797 5685 non
820 5632 1057 5701 spiritum
1083 5631 1345 5685 servitutis
1369 5631 1420 5683 iu
1443 5631 1648 5693 timore,
1674 5630 1762 5682 sed
1788 5631 2030 5698 spiritum

464 5720 742 5789 arripimus
791 5724 1085 5793 adoptionis
1133 5722 1401 5791 ﬁliorum,
1453 5723 1503 5774 in
1552 5737 1651 5791 quo
1698 5721 2028 5788 clamamus,

2061 4486 2114 4545 D

2146 535 2267 574 rum
2312 520 2757 577 abrenuntiamus
2801 522 3052 587 diabolo,
3086 531 3142 578 et
3178 523 3436 592 operibus
3483 521 3627 592 ejus,
3672 533 3732 580 et

2145 613 2359 684 pompis
2384 611 2501 681 ejus
2530 614 2584 669 in
2609 606 2912 683 baptismo;
2945 621 3132 683 postea
3163 620 3344 667 autem
3388 613 3444 668 in
3490 613 3728 669 ﬁliorum

2147 718 2376 759 numero
2401 704 2698 774 computati
2725 719 2933 768 sumus,
2960 700 3178 773 quando
3216 717 3315 773 per
3355 705 3730 773 conversionis

2146 795 2379 865 gratiam
2432 794 2787 864 relinquimus
2843 793 3146 859 mundum,
3198 800 3258 848 et
3312 795 3482 850 secuti
3533 810 3730 851 sumus

2145 886 2441 950 Christum,
2463 887 2744 942 audientes
2763 886 3050 956 Propheta:
3072 901 3259 941 vocem
3281 886 3544 941 dicentis:
3564 887 3726 950 Audi,

2142 975 2283 1045 ﬁlia,
2309 987 2358 1030 et
2386 976 2523 1041 vide,
2553 986 2601 1031 et
2632 975 2932 1033 obliviscere
2969 974 3220 1047 populum
3250 987 3419 1043 tuum,
3443 987 3491 1031 et
3514 978 3731 1031 domum

2145 1069 2317 1139 patris
2345 1069 2423 1123 tui
2461 1066 2635 1141 (Psal.
2659 1068 2830 1141 xuv).
2868 1068 3097 1136 Quando
3118 1068 3271 1123 obliti
3301 1082 3490 1123 sumus
3517 1075 3729 1136 patrem

2146 1162 2425 1226 mundum,
2456 1160 2549 1229 qui
2582 1175 2681 1215 nos
2725 1159 2870 1215 male
2897 1159 3149 1216 lactando
3191 1158 3438 1221 nutrivit,
3468 1167 3524 1212 et
3551 1158 3729 1212 secuti

2145 1267 2335 1308 sunms
2362 1261 2571 1323 patrem
2600 1252 2913 1321 Christum,
2943 1253 3035 1323 qui
3080 1269 3179 1310 nos
3224 1253 3362 1308 bene
3411 1250 3729 1322 castigando

2146 1342 2390 1409 lactavit,
2419 1350 2475 1398 et
2502 1345 2639 1399 bene
2684 1343 2916 1399 lactator
2959 1344 3209 1400 hortatus
3236 1351 3321 1399 est
3365 1342 3590 1398 dicens:
3618 1340 3730 1396 Pa-

2145 1444 2277 1489 trem
2317 1436 2580 1491 invocabis
2624 1452 2728 1503 me,
2757 1446 2807 1491 et
2843 1446 2960 1508 post
3004 1453 3085 1491 me
3121 1436 3326 1507 ingredi
3369 1435 3730 1491 non-cessabis

2149 1524 2370 1596 (Jerem.
2402 1524 2507 1597 ιιι).
2538 1525 2728 1598 Magna
2755 1526 2997 1596 dignatio
3026 1526 3121 1582 Dei
3151 1525 3362 1581 Patris!
3397 1524 3507 1580 Nos
3531 1526 3589 1591 in
3616 1540 3730 1580 scr-

2145 1630 2336 1669 vorum
2357 1630 2480 1670 esse
2523 1632 2751 1671 numero
2782 1632 2889 1671 non
2920 1632 3215 1682 meremur,
3252 1617 3340 1672 ille
3370 1632 3470 1672 nos
3499 1617 3553 1672 in
3584 1617 3725 1671 ﬁlio-

2150 1723 2269 1762 rum
2311 1723 2536 1762 numero
2573 1716 2888 1779 computare
2932 1724 3038 1763 non
3082 1708 3421 1781 dedignatur.
3467 1708 3731 1773 Grandis,

2149 1798 2391 1867 inquam,
2421 1797 2659 1869 dignatio
2682 1807 2789 1864 est,
2812 1810 2894 1864 ut,
2923 1816 3042 1853 cum
3072 1800 3235 1854 simus
3276 1798 3590 1854 naturaliter
3627 1800 3730 1869 lilii

2147 1888 2262 1953 irae,
2288 1897 2335 1942 et
2357 1888 2423 1942 ab
2453 1888 2680 1958 infamia
2717 1899 3038 1960 peccatores,
3068 1889 3165 1959 ﬁlii
3188 1888 3287 1943 Dei
3314 1889 3730 1944 misericorditer

2148 1998 2411 2048 vocemur,
2434 1992 2479 2036 et
2503 1982 2756 2036 harredes.
2784 1981 3034 2037 eredes
3056 1981 3264 2053 quidem
3287 1981 3403 2047 Dei,
3430 1982 3729 2037 colueredes

2147 2082 2323 2127 autem
2348 2070 2545 2128 Christi
2568 2072 2784 2144 (Ephes.
2811 2089 2874 2140 ιι;
2899 2072 3051 2128 Rom.
3077 2073 3219 2144 vm).
3250 2072 3440 2142 Magna
3460 2074 3729 2130 bonorum

2146 2172 2233 2219 est
2259 2164 2401 2234 apud
2430 2163 2599 2218 Deum
2639 2163 2858 2219 Patrem
2884 2165 3144 2221 exaltatio
3176 2166 3587 2230 monachorum,
3609 2165 3731 2235 qui-

2145 2252 2249 2309 bus
2289 2254 2613 2324 permissum
2661 2262 2775 2321 est,
2804 2265 2861 2309 ut
2906 2255 3138 2327 fulgeant
3183 2257 3316 2311 sicut
3359 2255 3439 2310 sol
3480 2257 3535 2310 in
3568 2272 3730 2326 regno

2144 2343 3043 2420 caelorum(Matth.mt),etsedeant
3083 2364 3241 2418 super
3266 2346 3542 2400 duodectm
3583 2348 3729 2402 thro-

2147 2449 2263 2499 nos,
2281 2434 2583 2504 judicantes
2631 2435 2908 2490 duodecim
2937 2436 3101 2491 tribus
3140 2434 3311 2491 Israel
3338 2435 3555 2505 (Matth.
3588 2436 3725 2507 xIx),

2144 2525 2240 2594 qui
2269 2539 2300 2578 a
2327 2524 2557 2581 Domino
2583 2542 2707 2581 cum
2746 2528 3008 2597 apostolis
3054 2528 3315 2584 audient:
3348 2526 3496 2584 Sicut
3542 2528 3728 2585 dilexit

2145 2630 2227 2669 me
2256 2611 2441 2682 Pater,
2471 2616 2635 2671 dilexi
2657 2634 2769 2684 vos,
2796 2629 2999 2674 manete
3024 2620 3079 2673 in
3102 2619 3375 2675 dilectione
3394 2637 3510 2675 mea
3540 2620 3729 2693 (Joan.

2144 2708 2257 2778 xv).
2280 2707 2349 2761 Et
2376 2708 2573 2763 dicitur
2596 2727 2610 2763 :
2633 2708 2761 2764 1am
2797 2728 2901 2766 non
2931 2711 3104 2767 dicam
3131 2729 3218 2767 vos
3238 2729 3436 2779 servos,
3465 2712 3558 2768 sed
3591 2715 3727 2768 ami-

2144 2820 2233 2858 cos
2255 2816 2274 2854 :
2304 2812 2351 2857 et
2392 2804 2569 2860 videbo
2611 2822 2719 2870 vos,
2746 2815 2796 2861 et
2829 2806 3075 2877 gaudebit
3106 2824 3198 2862 cor
3228 2818 3472 2874 vestrum,
3502 2818 3551 2863 et
3591 2826 3726 2879 gau-

2143 2894 2292 2947 dium
2331 2904 2555 2949 restrum
2602 2912 2753 2950 nemo
2795 2897 2937 2951 tollet
2969 2914 3002 2951 a
3043 2898 3204 2953 vobis.
3264 2898 3330 2951 Et
3378 2899 3727 2970 quodcunque

2142 2981 2393 3052 petieritis
2422 2982 2637 3037 Patrem
2672 2984 2727 3038 in
2767 2985 2974 3039 nomine
3003 3002 3137 3050 meo,
3183 2985 3329 3039 dabit
3370 2986 3508 3039 vobis
3541 2984 3723 3057 (Joan.

2147 3071 2283 3146 xvi).
2319 3073 2557 3131 Grandis
2576 3074 2816 3146 dignatio
2844 3085 2950 3143 est,
2972 3092 3072 3148 pro
3096 3076 3291 3148 quibus
3317 3075 3487 3133 Filius
3510 3076 3727 3132 Patrem

2146 3173 2339 3221 exorat
2365 3166 2551 3221 dicens
2575 3180 2589 3221 :
2619 3164 2779 3221 Pater
2795 3176 3161 3233 sancte,serva
3184 3183 3272 3222 eos
3297 3168 3350 3221 in
3373 3169 3583 3223 nomine
3609 3178 3726 3234 tuo,

2147 3266 2204 3311 ut
2238 3258 2342 3312 sint
2381 3275 2563 3324 unum,
2597 3259 2729 3313 sicut
2758 3269 2804 3313 et
2833 3276 2925 3314 nos
2967 3276 3130 3313 unum
3157 3276 3338 3314 suntus
3363 3269 3451 3315 :et
3479 3260 3615 3325 volo,
3640 3270 3722 3327 ut,

2146 3350 2234 3404 ubi
2262 3366 2355 3420 ego
2394 3366 2531 3417 sunt,
2555 3361 2601 3405 et
2626 3349 2705 3404 illi
2725 3352 2831 3405 sint
2858 3368 3078 3416 mecum,
3103 3360 3159 3405 ut
3195 3351 3398 3406 videant
3433 3349 3728 3407 claritatem

2145 3456 2314 3494 meam
2336 3454 2354 3492 :
2373 3451 2421 3495 et
2450 3458 2543 3511 ego
2573 3441 2890 3508 claritatem,
2921 3460 3079 3514 quam
3105 3443 3297 3498 dedisti
3332 3444 3481 3510 mihi,
3505 3444 3627 3498 dedi
3650 3446 3726 3498 eis

2146 3528 2327 3601 (Joan.
2352 3532 2487 3605 xvu)
2981 3531 2985 3534 ’

2217 3618 2342 3673 Non
2366 3619 2548 3675 debeat
2572 3621 2859 3694 aliquando
2887 3624 2953 3677 de
2976 3624 3129 3678 ntalis
3153 3624 3356 3678 actibus
3383 3624 3573 3678 nostris
3595 3642 3723 3679 con-

2143 3710 2367 3765 tristari.
2402 3711 2571 3768 Actus
2597 3715 2665 3769 ab
2699 3716 2906 3786 agendo
2936 3723 2993 3770 ct
3019 3715 3232 3770 actione
3261 3731 3460 3769 nomen
3491 3716 3722 3785 accepit.

2143 3801 2319 3872 Opera
2341 3804 2485 3858 enim
2512 3813 2717 3867 nostra,
2743 3807 2857 3860 sive
2883 3808 3023 3861 bona
3050 3807 3164 3862 sive
3193 3805 3355 3871 mala,
3379 3816 3532 3861 actus
3553 3807 3721 3861 nostri

2142 3892 2469 3963 signiﬁcant.
2504 3894 2561 3950 Si
2604 3897 2748 3950 enim
2799 3906 2941 3950 recta
2991 3896 3193 3952 fuerint
3219 3913 3383 3967 opera
3421 3906 3626 3961 nostra,
3655 3898 3723 3953 de

2142 3983 2229 4039 bis
2256 3985 2467 4040 actibus
2510 3987 2711 4040 nostris
2761 3987 3019 4042 Dominus
3067 3988 3276 4043 lauatus
3323 3989 3575 4043 exsultat.
3627 3990 3722 4043 Sin

2141 4084 2324 4132 autem
2352 4076 2555 4133 fuerint
2576 4094 2761 4150 prava,
2789 4081 3146 4135 contristatus
3175 4081 3240 4136 de
3269 4081 3374 4136 illis
3412 4082 3565 4150 punit
3609 4082 3718 4146 illa,

2141 4184 2197 4224 et
2230 4184 2328 4226 nos
2358 4171 2684 4227 condemnat
2706 4180 2761 4226 et
2780 4172 3006 4243 judicat.
3043 4172 3197 4227 Sicut
3222 4174 3363 4228 enim
3392 4174 3532 4229 Deus
3560 4175 3724 4230 Pater

2141 4259 2197 4314 in
2225 4259 2349 4316 ﬁliis
2376 4261 2590 4316 instatur
2620 4261 2831 4327 electis,
2860 4263 2931 4316 ita
2982 4263 3231 4317 tristatur
3258 4263 3310 4317 in
3341 4265 3602 4333 reprobis.
3632 4265 3724 4320 Ait

2139 4354 2283 4408 enim
2315 4353 2569 4411 Salomon
2604 4356 2656 4410 in
2681 4356 3027 4413 Proverbiis:
3064 4357 3235 4413 Filius
3258 4360 3467 4429 sapiens
3488 4358 3722 4429 Ιατὶρεᾱί

2137 4454 2360 4513 patrem,
2385 4445 2531 4514 ﬁlius
2574 4456 2749 4500 autent
2783 4447 2977 4501 stultus
3008 4450 3253 4502 ma'stitia
3286 4458 3359 4502 est
3389 4449 3571 4503 matris
3609 4467 3724 4503 sua:

2144 4531 2324 4605 (Prov.
2342 4536 2419 4605 x).
2444 4535 2581 4602 Quia
2606 4552 2711 4590 non
2733 4536 2904 4592 solum
2928 4539 3070 4593 Dens
3086 4538 3244 4594 Pater
3264 4538 3317 4593 in
3340 4538 3447 4592 lilio
3468 4552 3720 4609 nequam,

2141 4625 2236 4679 sed
2278 4634 2334 4680 et
2372 4634 2546 4680 mater
2573 4636 2759 4682 saneta
2801 4630 3157 4685 contristatur
3191 4629 3453 4685 Ecclesia.
3503 4631 3638 4685 Nam
3666 4638 3724 4686 et

2139 4714 2429 4784 Apostolus
2468 4717 2580 4771 ait:
2610 4716 2789 4771 Nolite
2823 4720 3121 4773 contristari
3163 4716 3415 4789 Spiritum
3456 4729 3719 4785 sanctum,

2141 4807 2195 4860 in
2220 4824 2322 4879 quo
2345 4807 2538 4878 signati
2566 4809 2690 4863 estis
2712 4808 2871 4879 (Eph.
2901 4807 2996 4879 ιν).
3021 4808 3283 4878 Spiritum
3307 4810 3449 4865 enim
3472 4818 3722 4865 sanctum

2141 4901 2555 4966 contristamus,
2594 4902 2809 4970 quando
2836 4917 2898 4956 ea
2933 4917 3054 4971 quze
3099 4918 3203 4956 non
3248 4911 3374 4958 sunt
3422 4902 3496 4956 illi
3526 4903 3721 4973 placita

2144 4993 2374 5064 agimus,
2405 5000 2460 5047 et
2504 5008 2625 5063 qua:
2669 4993 2869 5064 placita
2911 5003 3039 5049 sunt
3088 4994 3163 5049 illi
3192 5010 3353 5066 agere
3386 5010 3717 5049 recusamus.

2142 5083 2393 5139 Omnium
2413 5086 2559 5140 enim
2581 5087 2842 5141 bonorum
2865 5095 3049 5141 auctor
3069 5096 3153 5142 est
3174 5086 3439 5149 Christus,
3457 5086 3720 5141 malorum

2139 5183 2320 5229 autem
2364 5174 2632 5231 diabolus.
2670 5178 2746 5232 De
2788 5178 2876 5232 his
2913 5185 3095 5231 autem
3131 5192 3266 5246 quos
3291 5180 3344 5231 in
3378 5176 3491 5232 suis
3517 5177 3723 5232 sanctis

2137 5268 2350 5324 actibus
2375 5269 2637 5339 perﬁcere
2662 5270 2858 5333 cernit,
2890 5278 2947 5324 et
2974 5283 3221 5325 crescere
3268 5269 3520 5334 laetatur;
3544 5268 3609 5323 de
3635 5268 3722 5322 his

2137 5370 2320 5417 autem
2358 5378 2496 5431 quos
2521 5363 2575 5416 in
2604 5362 2802 5417 diaboli
2833 5362 3041 5416 actibus
3072 5363 3312 5416 irretitus
3352 5361 3496 5414 videt
3540 5368 3594 5415 et
3626 5360 3717 5413 de.-

2137 5452 2282 5507 ditos
2301 5453 2680 5508 contristatur.
2706 5452 3028 5507 Contristari
3050 5453 3194 5507 cnim
3223 5453 3362 5508 Deus
3390 5453 3585 5507 dicitur
3612 5468 3718 5506 non

2137 5544 2373 5613 proprie,
2405 5544 2498 5599 sed
2547 5544 2786 5598 abusive.
2831 5542 2873 5595 A
2911 5552 3097 5598 nostro
3140 5544 3283 5597 enim
3337 5560 3433 5597 usu
3482 5551 3717 5597 tractum

2139 5641 2240 5687 est.
2277 5633 2408 5688 Nam
2439 5634 2602 5695 Deus.
2624 5624 2717 5702 qui
2745 5649 2957 5702 semper
2992 5633 3131 5687 idem
3164 5633 3275 5702 ipse
3308 5642 3408 5699 est,
3442 5649 3715 5703 nunquam

2139 5725 2511 5793 contristatur,
2539 5725 2662 5794 quia
2696 5741 2969 5794 nunquam
2995 5733 3251 5780 mutatur.
