3940 6556
203 409 329 469 τοι
1304 412 1659 470 COMMENT.
1700 411 1769 468 IN
1811 409 1971 467 REG.
2017 409 2074 466 S.
2119 410 2506 477 BENEDICTI.
2844 420 2853 429 “
3433 417 3537 473 7οΞ

295 528 407 585 Ita
428 528 580 584 enim
608 527 659 584 ei
679 529 823 584 omni
847 536 1076 600 tempore
1099 529 1163 585 de
1185 528 1332 584 bouis
1357 529 1466 584 suis
1497 530 1554 584 in
1582 528 1731 584 nobis
1757 545 1847 599 pa-
1878 528 1922 588 Α
1947 541 2106 581 orare
2136 529 2412 598 praecepit.
2445 528 2610 585 Pater
2636 529 2782 584 enim
2815 521 3093 600 dignitatis
3120 541 3176 585 ct
3204 511 3426 588 honoris
3450 544 3536 590 est

209 620 480 678 randum
523 630 619 676 est.
648 620 917 692 Tempora
963 630 1146 677 autem
1175 638 1207 677 a
1241 632 1390 677 motu
1434 622 1673 677 siderum
1719 626 1847 676 sunt
1948 631 2166 671 nomen.
2197 616 2352 684 Quod
2380 619 2651 674 veraciter
2679 619 2733 673 in
2757 619 2873 689 ipso
2899 618 3008 673 Deo
3031 629 3246 675 constat
3268 638 3387 677 esse
3412 639 3537 695 per-

211 714 415 770 dicta.
475 714 629 770 Unde
661 724 717 768 et
751 713 926 778 Deus,
961 729 1083 770 cum
1126 715 1244 769 haec
1287 714 1619 778 institueret,
1664 712 1839 767 dixit:
1943 706 2168 763 fectum.
2215 709 2293 763 De
2319 708 2412 763 illo
2458 710 2606 765 enim
2647 709 2938 779 Apostolus
2964 710 3042 764 ait
3075 729 3087 764 :
3122 711 3208 765 Ex
3236 730 3339 783 quo
3364 715 3535 770 omnis

218 801 302 858 Ut
349 804 473 859 sint
501 810 557 858 tn
584 804 737 874 signa
761 813 809 857 et
838 813 1069 875 tempora
1103 814 1153 858 et
1186 804 1299 859 dies
1323 814 1370 858 et
1397 820 1563 858 annos
1592 802 1746 874 (Gen.
1778 802 1840 872 1),
1941 799 2230 870 paternitas
2254 800 2312 853 in
2338 797 2502 865 cwlis,
2530 809 2577 854 et
2612 800 2669 855 in
2692 809 2830 853 terra
2857 802 3159 855 nominatur
3179 800 3395 873 (Ephes.
3423 802 3529 874 ιιι).

214 894 283 948 id
318 902 422 950 est
454 895 510 948 in
546 894 727 965 aliquo
774 893 1021 948 mutabili
1061 902 1233 960 motu,
1275 893 1429 963 cujus
1476 893 1622 948 aliud
1666 893 1841 963 prius,
1941 888 2011 943 Et
2038 891 2146 961 ipse
2177 889 2417 961 spiritus,
2442 905 2596 961 quem
2631 891 2926 960 accepimus
2973 891 3027 943 in
3073 890 3349 961 baptismo;
3382 896 3501 949 testi
3514 925 3530 935 -

215 987 390 1041 aliud
425 994 704 1057 posterius
746 987 1042 1056 praeteriit,
1070 1001 1136 1040 eo
1178 985 1322 1055 quod
1364 984 1525 1039 simul
1567 999 1688 1040 esse
1732 999 1840 1038 non
1940 983 2175 1035 monium
2201 980 2367 1034 reddit
2388 980 2595 1052 spiritui
2617 980 2976 1051 nostro,quod
2998 997 3178 1035 sumus
3198 981 3298 1050 ﬁlii
3324 982 3440 1037 Dei.
3470 985 3534 1040 Si

215 1083 504 1147 possunt.
548 1076 815 1146 Tempora
865 1075 1014 1130 enim
1062 1075 1373 1139 momentis,
1412 1073 1583 1137 boris,
1629 1073 1839 1139 diebus,
1940 1084 2115 1128 autem
2158 1073 2260 1142 ﬁlii
2305 1073 2424 1140 Dei,
2470 1083 2517 1128 et
2564 1072 2797 1128 lueredes
2835 1087 2854 1124 :
2885 1072 3117 1128 hwredes
3157 1074 3367 1144 quidem
3412 1076 3531 1143 Dei,

218 1168 435 1233 annis,
485 1168 695 1234 lustris,
725 1168 939 1223 sceculis
979 1176 1036 1223 et
1079 1169 1292 1224 actibus
1338 1169 1670 1224 dividuntur.
1702 1167 1841 1223 Nam
1941 1165 2233 1218 cohavredes
2259 1173 2434 1218 autem
2471 1163 2666 1218 Christi
2698 1161 2876 1236 (Rom.
2906 1163 3049 1235 vm).
3084 1163 3258 1231 Quam
3298 1167 3532 1221 lueredi-

218 1256 474 1326 proprie
512 1272 611 1312 nec
656 1266 872 1312 centum
919 1257 1047 1312 anni
1097 1266 1222 1313 sunt
1261 1274 1427 1313 unum
1474 1266 1710 1328 tempus,
1740 1273 1839 1314 nec

219 1361 389 1402 unus
442 1349 666 1414 mensis,
703 1365 807 1405 nec
846 1351 990 1414 dies,
1024 1367 1125 1407 nec
1152 1352 1319 1417 hora;
1364 1352 1491 1421 quia
1542 1367 1667 1406 cum
1693 1352 1838 1407 aliud

222 1438 478 1503 transit,
507 1437 654 1493 aliud
682 1441 920 1506 advenit,
951 1441 1114 1496 simul
1141 1457 1308 1496 unum
1338 1457 1461 1496 esse
1495 1457 1601 1496 non
1639 1450 1833 1511 potest.

222 1528 404 1596 Quod
428 1538 611 1584 autem
634 1531 785 1597 dicit,
805 1532 880 1585 ita
904 1532 953 1586 ei
973 1532 1264 1602 parendum
1289 1541 1384 1597 est,
1420 1532 1838 1603 subintelligitur

223 1636 378 1676 vero
406 1622 526 1693 regi
554 1618 790 1688 Christo,
822 1623 910 1679 cui
947 1623 1197 1693 superius
1229 1623 1538 1679 obedientia
1564 1632 1835 1679 armatum

227 1712 609 1768 militaturum
636 1713 773 1769 dixit
806 1727 927 1769 esse
955 1714 1298 1769 monachum.
1343 1711 1649 1767 Parendum
1680 1712 1832 1779 dicit,

228 1804 292 1858 id
331 1813 429 1860 est
474 1805 854 1870 obediendum,
879 1805 1285 1874 obsequendum
1326 1804 1411 1860 vel
1450 1804 1829 1875 obtemperan-

1940 1265 2107 1311 tatem
2133 1256 2238 1310 alio
2283 1255 2402 1311 loco
2446 1254 2735 1325 Apostolus
2766 1254 3157 1324 incorruptam,
3201 1264 3257 1311 et
3283 1257 3533 1312 inconta-

1940 1350 2232 1414 minatam,
2274 1356 2330 1403 et
2382 1348 2885 1404 immarccscibilem
2943 1349 3212 1421 appellat;
3264 1359 3319 1404 et
3376 1351 3534 1407 nobis

1939 1453 2058 1492 eam
2095 1439 2148 1492 in
2178 1438 2331 1493 etnlis
2359 1446 2734 1493 conservatam
2781 1456 2904 1495 esse
2928 1441 3213 1511 promittit.
3243 1441 3358 1509 Ipse
3383 1442 3529 1495 enim

1936 1527 2029 1597 qui
2055 1526 2203 1582 dedit
2230 1527 2385 1581 nobis
2412 1535 2734 1597 potestatem
2756 1527 2897 1583 ﬁlios
2924 1529 3019 1583 Dei
3051 1528 3188 1593 fieri,
3215 1529 3331 1600 ipse
3363 1530 3528 1587 etiam

1938 1620 2085 1678 dedit
2123 1621 2280 1676 nobis
2317 1629 2641 1691 potestatem
2682 1620 3050 1676 hmrcditatcm
3092 1621 3148 1675 in
3196 1622 3352 1676 caelis
3380 1623 3528 1677 acci-

1935 1728 2066 1783 pere
2109 1730 2122 1765 :
2165 1712 2213 1766 si
2267 1720 2447 1767 tamen
2497 1712 2632 1767 salvi
2681 1714 3215 1782 persevcravcrimus
3264 1730 3433 1785 usque
3474 1714 3528 1769 in

1937 1802 2121 1858 ﬁnem.
2150 1802 2619 1873 lncorruptibilem
2666 1802 2786 1856 ideo
2816 1802 3093 1859 caelestem
3123 1803 3260 1859 dixit
3304 1803 3530 1858 lueredi-

230 1895 398 1950 dum.
430 1894 586 1963 Quod
610 1910 742 1951 vero
768 1895 921 1960 dicit,
952 1896 1365 1964 omnitempore,
1389 1894 1445 1948 in
1474 1894 1750 1962 prosperis
1779 1902 1833 1948 et
1861 1878 1908 1937 Β
1937 1899 2121 1958 tatem,
2168 1892 2295 1962 quia
2336 1907 2439 1948 nec
2481 1892 2631 1947 senio
2678 1892 2938 1962 tangitur,
2988 1907 3087 1947 nec
3139 1890 3394 1959 foedatur,
3427 1909 3526 1949 nec

232 1986 298 2041 iu
342 1988 594 2043 adversis
634 1987 874 2058 intelligo
918 1988 1145 2043 dictum.
1178 1986 1332 2053 Quod
1377 2002 1510 2057 ergo
1544 1985 1727 2040 intulit
1765 1986 1832 2040 de

232 2081 356 2134 suis
380 2080 531 2134 bonis
551 2081 600 2134 ei
618 2095 729 2134 esse
754 2079 1064 2149 parendum,
1082 2078 1316 2134 ostendit
1343 2079 1489 2148 quod
1512 2078 1648 2133 nihil
1688 2078 1831 2133 unde

234 2171 292 2225 ci
342 2185 539 2241 parere
565 2170 851 2241 possimus,
883 2169 1145 2225 habemus
1183 2169 1252 2224 de
1298 2177 1508 2224 nostro.
1552 2168 1693 2239 Ergo
1736 2168 1830 2237 qui

238 2275 349 2315 nec
398 2260 538 2315 velle
582 2275 868 2330 possumus
907 2260 1111 2314 habere
1155 2258 1223 2314 de
1266 2267 1476 2325 nostro,
1511 2256 1830 2313 festinemus

239 2351 320 2405 illi
350 2353 497 2406 omni
520 2361 750 2422 tempore
775 2364 971 2422 parere
997 2351 1064 2406 de
1090 2366 1209 2406 suo.
1258 2350 1408 2406 Tunc
1441 2349 1588 2406 enim
1622 2350 1735 2405 Deo
1764 2352 1829 2405 de

238 2440 407 2496 bonis
454 2441 568 2498 suis
600 2457 883 2511 paremus,
917 2441 1132 2511 quando
1158 2441 1221 2495 de
1251 2440 1491 2510 acceptis
1540 2439 1829 2494 virtutibus

238 2548 357 2587 non
385 2534 560 2598 nobis,
579 2533 675 2589 sed
695 2532 770 2586 illi
795 2532 998 2604 gratias
1020 2531 1250 2602 agimus,
1275 2531 1490 2600 quando
1513 2529 1655 2584 illius
1678 2545 1829 2583 man-

241 2624 373 2678 data
398 2624 756 2694 prmdicantes
782 2638 877 2678 ore
903 2622 1236 2692 complcmus
1256 2628 1311 2676 et
1332 2635 1518 2691 opere,
1547 2620 1688 2676 sicut
1716 2620 1829 2690 ipse

241 2714 323 2768 ait
349 2731 364 2767 :
390 2712 450 2769 Si
467 2713 683 2785 diligitis
706 2730 806 2779 me,
828 2713 1084 2768 mandata
1110 2728 1225 2766 mea
1246 2720 1448 2766 servate
1467 2711 1652 2781 (Joan.
1677 2711 1822 2783 xw);

240 2802 462 2875 quando
496 2805 853 2875 nosmetipsos
882 2805 1213 2875 abnegantes
1238 2816 1564 2872 crucemque
1591 2801 1826 2857 ferentes

242 2886 527 2964 sequimur
550 2894 835 2949 Dominum
866 2902 978 2948 toto
1001 2893 1168 2950 corde
1194 2892 1469 2957 lzetantes;
1494 2891 1710 2962 quando
1736 2906 1827 2948 ac-

241 2994 403 3056 cepto
426 2987 633 3041 semine
653 2985 801 3041 verbi
824 2986 988 3041 corde
1013 2985 1176 3051 bono,
1206 2992 1263 3041 et
1281 2985 1487 3055 optimo
1509 2984 1649 3040 etab
1675 2984 1823 3040 omni

242 3076 464 3132 malitiae
488 3075 619 3132 ftece
644 3083 896 3149 purgato,
923 3076 1065 3131 aliud
1098 3075 1454 3141 tricesimum,
1488 3075 1633 3130 aliud
1662 3090 1821 3130 sexa-

243 3170 504 3243 gesimum
522 3211 537 3237 ,
565 3170 710 3225 aliud
737 3185 867 3225 vero
894 3169 1251 3224 centesimum
1285 3167 1561 3223 reddimus
1586 3166 1821 3221 fructum

245 3259 460 3331 (Matth.
510 3276 648 3326 xm;
683 3259 855 3314 Marc.
887 3258 998 3331 1v);
1051 3259 1270 3330 quando
1312 3265 1534 3327 accepto
1580 3257 1822 3327 pecunia:

247 3350 468 3414 talento,
514 3350 584 3404 ad
633 3350 924 3406 Dominum
975 3365 1098 3405 cum
1148 3364 1345 3421 magno
1389 3349 1628 3404 redimus
1670 3348 1821 3402 lucro

245 3439 396 3511 (Luc.
428 3454 552 3508 xu;
583 3441 778 3495 Matth.
817 3441 999 3515 xvm);
1030 3441 1249 3511 quando
1292 3439 1540 3512 peccauti
1581 3439 1634 3494 in
1666 3438 1823 3494 nobis

245 3547 350 3587 non
392 3532 563 3588 solum
586 3522 789 3604 Septies
814 3534 1157 3597 dimittimus,
1189 3534 1282 3589 sed
1316 3548 1485 3604 usque
1512 3530 1821 3602 septuagies

244 3623 482 3695 septies-(
502 3623 781 3693 Luc,xvm
815 3624 869 3693 );
902 3625 1118 3694 quando
1142 3627 1195 3680 in
1225 3625 1422 3681 summi
1451 3626 1593 3695 regis
1621 3623 1823 3693 nuptiis

244 3712 451 3766 invitati
473 3727 595 3766 cum
615 3720 767 3766 veste
788 3714 1151 3769 recumbimus
1172 3715 1393 3785 nuptiali
1418 3713 1636 3787 (Matth.
1662 3713 1817 3787 xxu),

243 3815 312 3856 ne
342 3807 434 3852 aut
478 3813 603 3852 cum
636 3798 727 3852 illo
766 3799 858 3867 qui
897 3798 1053 3853 fratri
1084 3801 1136 3853 in
1168 3817 1230 3856 se
1271 3803 1516 3871 p'eccanti
1546 3804 1822 3858 dimittere

243 3888 429 3955 noluit,
450 3896 545 3944 aut
562 3903 688 3944 cum
708 3887 800 3943 illo
823 3888 912 3958 qui
935 3889 1220 3959 pecuniam
1258 3891 1463 3946 domini
1494 3893 1577 3947 sui
1611 3893 1821 3949 fodiens

248 3981 301 4037 in
331 3988 525 4034 terram
550 3979 850 4045 abscondit,
876 3988 970 4034 aut
997 3994 1122 4034 cum
1146 3980 1236 4034 illo
1265 3981 1357 4050 qui
1386 3982 1438 4035 in
1475 3984 1681 4053 nuptiis
1712 4000 1819 4038 non

249 4073 441 4129 habens
469 4080 674 4128 vestem
697 4072 995 4142 nuptialem
1029 4070 1294 4139 interfuit,
1316 4074 1543 4142 pcdilms
1568 4082 1623 4129 et
1651 4076 1822 4130 mani-

250 4164 344 4220 bus
374 4164 519 4236 ligati
549 4164 601 4219 in
634 4164 873 4219 tenebris
901 4164 1261 4218 exterioribus
1292 4162 1505 4227 inclusi,
1531 4171 1586 4218 et
1614 4164 1667 4217 in
1698 4179 1817 4234 pm—

251 4272 367 4311 nam
394 4266 707 4328 perpetuam
744 4271 1052 4312 mercamur
1098 4270 1220 4311 esse
1252 4255 1514 4310 damnati.
1571 4255 1723 4311 Unde
1762 4263 1820 4311 ct

343 4352 497 4415 uitur,

343 4366 497 4415 lllllll‘,

236 4366 381 4496 ἐαξη
406 4458 506 4496 non
532 4440 700 4496 solum
722 4442 890 4495 iratus
914 4451 1063 4511 pater
1089 4457 1190 4493 non
1221 4439 1506 4511 aliquando
1528 4439 1668 4508 ﬁlios
1693 4457 1816 4495 suos

1934 1995 2109 2042 morte
2153 1985 2539 2056 corrumpitur,
2588 2000 2690 2038 nec
2744 1984 3078 2054 pmniteutiae
3106 1984 3387 2048 mmstitia,
3425 2000 3527 2039 nec

1933 2079 2115 2143 sorde,
2164 2092 2266 2131 nec
2316 2076 2601 2147 parcitatis
2650 2075 2982 2130 continentia
3015 2083 3345 2130 coarctatur.
3378 2076 3525 2131 Nihil

1932 2167 2077 2223 enim
2095 2166 2334 2221 exterius
2355 2165 2547 2236 recipit
2561 2181 2589 2220 a
2608 2181 2714 2236 quo
2730 2165 2999 2234 corrumpi
3017 2172 3110 2218 aut
3128 2164 3315 2219 violari
3332 2166 3520 2235 possit.

1930 2259 2416 2315 lucontaminatam
2458 2258 2581 2314 ideo
2611 2275 2730 2314 eam
2762 2258 3034 2323 narravit;
3060 2258 3185 2328 quia
3217 2275 3431 2328 semper
3466 2277 3523 2317 tn

1931 2348 2221 2419 semetipsa
2253 2348 2464 2419 integra
2519 2357 2575 2404 et
2627 2348 2883 2403 inviolata
2940 2359 3276 2419 perseverat,
3323 2359 3378 2405 et
3422 2366 3525 2408 nec

1930 2441 2204 2496 lueredum
2231 2441 2486 2507 termino,
2522 2435 2623 2496 nec
2649 2439 2776 2496 fune
2801 2448 3110 2496 coarctatur
3134 2450 3372 2496 extento.
3401 2442 3519 2498 Non

1928 2545 2049 2586 eam
2079 2532 2329 2587 occultus
2358 2531 2693 2586 contaminat
2719 2531 2879 2595 latro,
2908 2548 3013 2587 non
3044 2532 3310 2587 violentus
3336 2533 3525 2604 diripit

1926 2621 2110 2690 praulo
2140 2638 2153 2673 :
2197 2635 2412 2691 semper
2457 2620 3137 2692 incontaminata,-semper
3169 2623 3313 2677 enim
3342 2623 3524 2677 incor-

1927 2719 2085 2779 rupta
2129 2720 2461 2779 perseverat.
2510 2711 2635 2766 Ideo
2663 2711 3167 2768 immarcescibilem
3205 2729 3324 2768 eam
3362 2714 3520 2780 dixit,

1927 2801 2053 2871 quia
2084 2817 2185 2857 nec
2211 2803 2449 2857 sectione
2480 2801 2655 2868 falcis,
2688 2819 2788 2859 nec
2817 2812 3065 2860 caumate
3095 2805 3223 2861 solis
3258 2806 3524 2861 violenter

1925 2905 2181 2960 oppressa
2230 2889 2533 2948 marcescit.
2583 2893 2813 2964 Semper
2867 2895 3013 2950 enim
3059 2896 3270 2962 viridis,
3302 2913 3519 2967 semper

1922 2990 2235 3050 perseverat
2256 2980 2596 3037 immortalis.
2620 2983 2719 3038 Est
2732 2983 2878 3037 enim
2894 2983 2948 3039 in
2969 2984 3093 3040 ﬁliis
3109 2985 3317 3051 florida,
3340 2988 3394 3041 in
3410 2989 3521 3042 vir-

1926 3072 2130 3127 tutibus
2180 3072 2432 3139 fecunda,
2479 3074 2535 3129 in
2576 3075 2786 3132 deliciis
2831 3091 3067 3144 amoena,
3111 3079 3163 3134 in
3210 3081 3520 3137 hmrcdibus

1858 3194 1893 3240 Α
1924 3163 2205 3234 praeclara,
2229 3163 2282 3218 in
2307 3165 2713 3235 possessoribus
2735 3166 2991 3236 gloriosa,
3015 3169 3146 3224 etin
3170 3171 3517 3240 praemiorum

1848 3226 1893 3288 Ο
1925 3257 2082 3313 donis
2110 3273 2322 3329 semper
2350 3258 2588 3314 excelsa.
2617 3258 2675 3313 lu
2713 3259 2803 3314 illa
2841 3260 2984 3315 enim
3013 3270 3100 3316 est
3131 3262 3242 3317 vita
3290 3272 3511 3331 (eterna,

1925 3350 2302 3431 immortalitas
2356 3351 2719 3423 sempiterna,
2769 3360 3010 3422 potestas
3064 3362 3356 3424 perpetua,
3409 3373 3516 3427 pax

1922 3443 2103 3516 longa,
2158 3443 2516 3499 sanctificatio
2567 3452 2737 3510 certa,
2784 3443 3105 3513 justiﬁeatio
3139 3462 3288 3502 vera.
3336 3448 3422 3511 Et,
3457 3447 3516 3502 ut

1921 3535 2159 3591 breviter
2176 3535 2374 3600 dicam,
2400 3534 2651 3591 Christus
2670 3544 2753 3591 est
2780 3536 3067 3593 haereditas
3093 3548 3302 3605 nostra,
3327 3539 3381 3593 in
3405 3555 3516 3609 quo

1921 3636 2005 3683 est
2032 3627 2247 3683 bonitas
2275 3635 2406 3683 tota.
2442 3628 2594 3684 Unde
2622 3644 2966 3699 summopere
3012 3631 3310 3686 cavendum
3334 3641 3418 3687 est
3447 3648 3517 3687 ne

1920 3730 2020 3770 nos
2048 3716 2214 3770 iratus
2241 3727 2392 3787 pater
2420 3718 2487 3772 ab
2522 3718 2627 3773 hac
2656 3727 2765 3774 tam
2813 3719 3114 3775 clarissima
3143 3721 3391 3776 claritate
3418 3722 3515 3777 eli-

1920 3806 2113 3872 minet,
2140 3815 2196 3862 et
2221 3817 2276 3861 ut
2312 3809 2619 3864 metuendus
2645 3810 2888 3865 dominas
2916 3814 3156 3867 irritatus
3187 3833 3218 3868 ιι
3245 3814 3399 3869 malis
3422 3832 3535 3869 ito--

1918 3897 2044 3951 stris
2090 3906 2147 3949 ut
2177 3899 2519 3959 nequissimos
2558 3917 2734 3955 servos
2775 3912 3077 3973 perpetuam
3101 3905 3278 3959 tradat
3308 3906 3378 3959 ad
3407 3923 3514 3977 po:-

1920 4000 2062 4038 nam.
2097 3984 2404 4040 Notandum
2442 3988 2567 4056 quia
2595 3989 2687 4057 qui
2714 3990 2948 4059 primum
2997 4001 3142 4047 recte
3165 3994 3432 4049 credendo
3459 4004 3515 4050 et

1918 4073 2056 4129 bene
2087 4074 2313 4130 vivendo
2343 4077 2518 4130 vocati
2551 4085 2675 4131 sunt
2705 4079 2817 4140 filii,
2847 4080 3008 4135 iidem
3038 4082 3136 4152 ipsi
3161 4092 3346 4152 postea
3371 4085 3512 4140 male

1917 4166 2147 4222 vivendo
2174 4175 2436 4221 vocantur
2460 4169 2779 4237 nequissimi
2807 4171 2972 4224 servi.
3007 4172 3123 4227 Duo
3153 4174 3296 4227 enim
3325 4190 3512 4230 servo-

1916 4274 2039 4313 rum
2068 4273 2266 4326 gcnera
2293 4258 2346 4314 in
2377 4258 2674 4329 Scripturis
2696 4260 3045 4316 inveniuntur
3072 4263 3268 4318 divinis
3298 4282 3311 4318 :
3342 4282 3508 4321 unum

1916 4347 2200 4413 bonorum,
2235 4349 2377 4404 aliud
2409 4366 2536 4405 vero
2562 4351 2849 4406 malorum.
2893 4352 3185 4420 Bonorum,
3218 4355 3285 4410 de
3312 4356 3510 4425 quibus

1915 4455 2014 4511 per
2037 4440 2234 4496 Isaiam
2260 4441 2520 4496 Dominus
2548 4442 2679 4497 dicit
2714 4461 2728 4495 :
2760 4442 2896 4497 Ecce
2920 4445 3054 4499 serri
3080 4446 3180 4500 mei
3208 4447 3500 4513 comedent,

252 4534 545 4600 cxhwredet,
588 4533 679 4588 sed
728 4551 819 4588 nec
866 4543 921 4586 ut
960 4532 1265 4587 metuendus
1306 4532 1548 4586 dominus
1577 4532 1746 4585 iratus
1782 4549 1815 4586 a
1840 4570 1894 4630 Β
1918 4543 1966 4586 et
2004 4549 2092 4587 vos
2135 4533 2396 4586 esurictis.
2426 4531 2565 4587 Ecce
2602 4534 2736 4588 servi
2758 4535 2858 4588 mei
2885 4534 3079 4601 bibent,
3109 4546 3154 4590 et
3183 4554 3268 4592 ros
3296 4539 3503 4593 sitietis.

252 4626 389 4681 malis
416 4628 623 4693 nostris,
657 4636 713 4679 ut
742 4627 1083 4697 nequissimos
1103 4642 1276 4679 servos
1306 4635 1608 4694 perpetuam
1636 4625 1814 4679 tradat

253 4718 318 4772 ad
338 4735 550 4789 poenam,
574 4720 663 4789 qui
698 4734 815 4772 eum
841 4719 984 4788 sequi
1013 4717 1272 4772 uoiuerirtt
1295 4717 1365 4771 ad
1386 4716 1628 4787 gloriam.
1660 4717 1814 4784 Quod

257 4817 416 4864 autem
440 4809 570 4864 dicit
594 4809 759 4863 iratus
782 4819 930 4879 pater
972 4824 1078 4863 non
1105 4807 1209 4863 hoc
1231 4808 1448 4879 proprie
1477 4808 1531 4863 in
1562 4807 1810 4871 Domino,

256 4901 340 4956 sed
362 4899 571 4954 abusive
602 4900 839 4970 intelligo
864 4900 1088 4954 dictum.
1120 4898 1366 4954 Humano
1389 4900 1532 4954 enim
1565 4915 1665 4954 usu
1696 4900 1811 4953 hcce

212 4980 215 4983 ’
257 4997 307 5044 et
329 4989 401 5044 his
424 4988 618 5044 similia
647 4990 698 5044 in
727 4988 1023 5059 Scripturis
1044 4990 1217 5045 sacris
1237 4990 1303 5044 de
1328 4990 1556 5044 Domino
1578 4990 1810 5059 plurima

259 5080 471 5135 invenies
498 5080 661 5135 dicta.
706 5079 881 5135 Iratus
908 5080 1051 5135 enim
1081 5081 1278 5135 dicitur
1303 5080 1382 5135 ira
1422 5090 1600 5147 actus,
1627 5082 1678 5135 id
1707 5089 1811 5145 est,

258 5171 328 5226 ira
351 5172 594 5242 agitatus,
625 5187 745 5242 qua:
787 5171 994 5227 duobus
1030 5170 1205 5225 modis
1250 5169 1303 5223 in
1334 5169 1563 5226 Domino
1590 5170 1810 5237 dicitur,

259 5270 474 5320 autcum
498 5262 729 5336 ﬂagellat
750 5278 965 5319 omnem
997 5262 1166 5317 ﬁlium
1200 5276 1362 5331 quem
1390 5261 1582 5338 recipit
1604 5263 1673 5317 ad
1696 5261 1804 5332 glo-

260 5355 393 5421 riam,
421 5364 515 5412 aut
536 5372 658 5413 cum
684 5356 917 5427 percutit
936 5370 1147 5411 omnem
1174 5356 1419 5424 iniquum
1444 5368 1606 5423 quem
1648 5355 1813 5409 tradit

236 5455 558 5520 adpmnam.
589 5448 748 5505 Pater
781 5449 925 5505 enim
954 5457 1138 5504 noster
1162 5448 1284 5503 ideo
1306 5447 1524 5510 dicitur,
1547 5445 1691 5514 quod
1720 5444 1811 5500 ille

261 5551 370 5611 nos,
388 5547 441 5594 ut
486 5555 748 5607 essemus,
790 5540 1026 5604 creavit,
1066 5547 1120 5593 et
1148 5554 1244 5607 per
1284 5536 1532 5608 baptismi
1578 5536 1807 5607 gratiam

262 5625 422 5687 iterum
450 5630 735 5696 recreavit,
763 5637 817 5685 et
846 5630 899 5684 in
934 5630 1137 5685 renatis
1161 5628 1421 5698 Spiritum
1453 5635 1722 5693 sanctum,
1752 5627 1808 5681 in

262 5740 344 5792 quo
377 5725 672 5789 clamamus,
700 5724 843 5779 Abba
878 5722 1037 5778 Pater
1064 5722 1242 5794 (Rom.
1272 5720 1414 5791 vm),
1452 5721 1694 5785 tradidit,
1729 5730 1803 5785 ct,

265 5812 395 5872 Pater
421 5826 592 5873 noster
633 5817 722 5888 qui
765 5832 817 5872 es
860 5817 911 5871 in
943 5814 1078 5871 ariis
1123 5812 1338 5889 (Matth.
1385 5810 1493 5884 va),
1542 5810 1681 5867 idem
1709 5828 1807 5867 nos

1921 4620 2056 4675 Ecce
2077 4622 2210 4676 servi
2230 4621 2330 4675 mei
2369 4619 2703 4688 (inlabuntur,
2732 4631 2781 4677 et
2807 4640 2894 4678 ros
2921 4624 3334 4694 confundemini.
3371 4626 3508 4682 Ecce

1915 4713 2051 4769 servi
2097 4714 2201 4768 mei
2235 4711 2527 4767 laudabunt
2567 4729 2677 4783 pra:
2716 4712 3066 4769 exsultatione
3106 4717 3309 4783 cordis,
3341 4726 3389 4772 et
3420 4734 3506 4772 vos

1916 4805 2210 4860 clamabitis
2237 4822 2347 4876 pra:
2370 4803 2551 4859 dolore
2581 4805 2774 4870 cordis,
2803 4815 2849 4860 et
2877 4823 2986 4876 pne
3013 4808 3323 4863 contritione
3351 4810 3509 4879 spiri-

1915 4908 1999 4953 tus
2030 4897 2299 4952 ululabitis
2336 4895 2473 4967 (lsa.
2505 4897 2652 4965 va).
2687 4897 2755 4952 Et
2801 4898 2868 4953 de
2910 4898 3106 4968 quibus
3145 4898 3405 4955 Dominus
3450 4901 3505 4957 in

1914 4992 2209 5064 Evangelio
2246 4992 2322 5045 ait
2361 5009 2374 5044 :
2413 4989 2578 5060 Euge.
2611 5007 2751 5044 serue
2781 4990 2910 5045 bene
2937 5001 2985 5044 ct
3013 4991 3207 5060 ﬁdelis,
3252 4994 3377 5063 quia
3417 5011 3506 5048 su-

1911 5101 2004 5154 per
2053 5101 2224 5155 pauca
2264 5082 2414 5152 fu'sti
2460 5082 2665 5152 fidelis,
2704 5101 2860 5156 super
2904 5083 3069 5138 multa
3106 5094 3154 5140 te
3188 5087 3503 5141 constituant

1913 5174 2131 5245 (Matth.
2160 5174 2310 5245 xxv).
2345 5173 2604 5228 Malorum
2636 5183 2817 5230 autem
2848 5190 3016 5246 genus
3061 5191 3342 5231 servorum
3394 5186 3502 5242 est,

1912 5264 1980 5321 de
2006 5262 2202 5333 quibus
2230 5263 2493 5334 scriptum
2513 5271 2600 5318 est
2628 5282 2642 5318 :
2676 5262 2859 5319 Omnis
2882 5266 2973 5336 qui
2995 5277 3195 5336 peccat,
3224 5284 3398 5320 servus
3426 5277 3502 5321 est

1909 5354 2109 5425 peccati
2134 5369 2153 5409 :
2177 5370 2356 5409 servus
2386 5363 2561 5408 autem
2587 5371 2689 5409 non
2719 5365 2891 5409 manet
2914 5356 2970 5409 in
2990 5356 3145 5410 domo
3174 5357 3227 5410 in
3248 5365 3512 5410 a'ternum

1915 5443 2097 5515 (Joau.
2124 5441 2266 5514 vm).
2297 5443 2385 5509 Et,
2415 5459 2557 5498 serve
2596 5460 2817 5515 nequam
2836 5486 2851 5507 ,
2889 5462 3039 5500 omne
3067 5446 3296 5500 debitum
3325 5445 3501 5502 dimisi

1914 5534 2029 5599 tibi,
2061 5543 2168 5588 etc.
2200 5532 2417 5605 (Matth.
2450 5533 2628 5605 xvm).
2660 5535 2738 5591 De
2767 5536 2965 5605 quibus
2987 5543 3042 5591 ct
3071 5536 3160 5590 hic
3186 5537 3282 5600 ait,
3318 5545 3375 5588 ut
3405 5553 3498 5590 ne-

1912 5626 2189 5694 quissimos
2223 5641 2399 5679 servos
2436 5636 2737 5695 perpetuam
2777 5627 2953 5680 tradat
2994 5624 3064 5680 ad
3093 5642 3316 5696 pinnam.
3379 5626 3498 5684 Non

1914 5717 2057 5771 enim
2086 5715 2346 5771 Dominus
2376 5714 2628 5786 aliquem,
2659 5718 2751 5771 sed
2775 5717 2885 5785 ipse
2914 5730 2972 5770 se
2997 5715 3161 5769 tradit
3180 5715 3246 5769 ad
3272 5731 3493 5785 pmnam

1913 5812 2001 5881 qui
2033 5825 2099 5881 pc
2135 5823 2259 5864 care
2295 5824 2399 5864 non
2433 5808 2656 5866 dubitat.
2694 5806 2967 5878 Scriptum
2995 5814 3075 5861 est
3108 5806 3290 5861 enim'
3327 5807 3491 5875 Quais
