3940 6454
450 384 553 439 703

1743 372 2100 431 SMARAGDI
2136 370 2428 429 ABBATIS

3624 378 3741 435 ἶ(ξό

446 520 478 555 a
502 501 637 572 [acie
659 501 929 571 serpentis,
949 500 1025 552 sic
1052 498 1172 567 fuge
1199 506 1467 568 peccatum
1498 494 1689 566 (Eccli.
1719 493 1856 565 xxr).
1895 493 2038 563 Ergo
2067 495 2117 554 Α
2142 501 2358 549 nectute
2387 495 2790 567 resipiscamus,
2813 504 2867 553 ει
2889 499 2957 553 ad
2983 498 3100 553 vias
3122 499 3245 553 vita).
3272 496 3355 552 vel
3397 497 3549 551 tarde
3600 514 3743 552 con-

446 592 563 661 ipse
598 606 657 646 se
685 587 1034 644 cruciandum
1067 587 1306 656 serpenti
1351 584 1515 640 tradit
1543 584 1777 650 diabolo,
1808 586 1898 655 qui
1936 598 2038 639 nec

450 682 643 755 metuit
671 696 772 737 nec
801 679 937 751 fugit
962 686 1265 748 peccatum.
1288 672 1418 747 ipse
1448 691 1507 731 se
1532 684 1845 747 perpetuam
1873 676 2041 730 tradit

447 770 513 824 ad
541 786 783 842 ptenam,
820 770 911 840 qui
948 769 1124 824 mollis
1158 777 1213 823 et
1257 767 1549 822 dissolutus
1595 767 1780 820 vivens
1812 780 2038 835 peccare

443 882 552 921 non
589 875 785 921 cessat.
831 864 997 919 Poena
1026 863 1171 918 dicta
1209 871 1311 927 est,
1352 876 1418 916 eo
1446 859 1591 930 quod
1624 869 1940 930 peccatores
1982 861 2037 914 in

447 956 738 1012 tormentis
787 956 1122 1025 constringat
1173 962 1229 1008 et
1276 953 1485 1024 puniat.
1535 950 1859 1021 lntelligitur
1891 952 2037 1006 enim

444 1062 633 1117 poma,
667 1048 921 1105 immanis
946 1055 1289 1117 peccatorum
1315 1045 1581 1116 gebenna,
1616 1052 1881 1098 tormenta
1912 1060 2035 1115 per-

446 1147 631 1208 petua,
680 1139 937 1208 supplicia
989 1137 1339 1207 sempiterna,
1390 1136 1756 1191 concrematio
1800 1134 2033 1201 infinita,

450 1234 843 1288 consummatio
874 1240 1043 1297 Certa,
1089 1246 1236 1285 mors
1271 1246 1419 1293 vera,
1451 1231 1734 1285 c'ruciatus
1778 1240 2037 1296 teter-nus,

453 1325 607 1381 dolor
635 1323 1256 1394 perpetuus,continuus
1285 1324 1533 1393 gemitus,
1568 1322 1819 1378 interitus
1841 1324 2038 1394 sempi-

450 1426 657 1472 ternus.
685 1414 804 1481 Ubi,
835 1418 1134 1472 secundum
1170 1415 1386 1481 Isaiam,
1410 1416 1692 1486 impiorum
1718 1416 1903 1470 vermis
1932 1432 2035 1471 non

446 1509 690 1573 moritur,
722 1524 812 1561 nec
837 1508 972 1577 ignis
993 1523 1173 1560 eorum
1195 1506 1548 1576 exstinguitur
1576 1503 1711 1577 (Isa.
1728 1503 2037 1578 LXVI).VCI‘-

449 1619 592 1657 mem
629 1603 816 1657 dicunt
849 1601 1120 1656 diabolum
1159 1609 1216 1655 et
1257 1600 1477 1671 angelos
1518 1598 1655 1669 ejus.
1690 1602 1780 1670 qui
1825 1602 2034 1655 animas

447 1694 822 1762 rcproborum,
850 1693 999 1747 velut
1024 1709 1256 1758 vermes,
1288 1693 1450 1748 dente
1478 1692 1699 1747 malitize
1727 1693 1942 1758 rodunt,
1981 1702 2037 1749 et

448 1784 558 1853 igni
609 1782 1032 1854 inexstioguibili
1080 1791 1134 1838 et
1173 1792 1375 1838 aeterno
1416 1798 1633 1852 semper
1678 1783 1944 1838 ardendas
1980 1791 2034 1839 et

451 1888 665 1941 semper
693 1873 1013 1928 cruciandas
1065 1873 1303 1926 tradunt.
1347 1872 1428 1927 Ad
1468 1874 1611 1927 hanc
1653 1875 1796 1928 enim
1842 1876 2037 1930 merito

447 1955 752 2017 terribilem
795 1964 1080 2017 traduntur
1123 1978 1362 2033 poenam,
1414 1964 1505 2034 qui
1554 1962 1832 2019 Christum
1883 1967 2034 2035 sequi

446 2053 634 2106 nolunt
663 2054 729 2107 ad
767 2054 1015 2124 gloriam.
1096 2053 1178 2107 Ad
1222 2053 1403 2114 illam,
1470 2053 1759 2120 videlicet,
1804 2056 1871 2111 de
1929 2072 2036 2127 qua

443 2142 731 2199 i’salmista
744 2144 820 2198 ait
841 2162 853 2198 :
874 2142 1223 2198 Exsultabunt
1239 2145 1409 2197 sancti
1422 2141 1477 2197 in
1492 2143 1661 2215 gloria
1679 2143 1791 2217 (Ps.
1808 2138 2013 2210 exui).

443 2232 512 2287 Et
553 2233 689 2289 bene
733 2235 969 2304 positum
1011 2244 1116 2301 est,
1158 2236 1324 2306 sequi,
1371 2236 1497 2305 quia
1530 2245 1776 2301 vocatur,
1807 2248 1861 2292 ut
1899 2239 2036 2308 Apo-

443 2324 612 2378 stolus
637 2323 713 2378 ait
744 2339 757 2377 :
785 2323 923 2379 Deus
953 2334 1128 2378 autem
1170 2325 1340 2378 omnis
1366 2325 1570 2395 gratia,
1600 2326 1690 2395 qui
1719 2329 1912 2381 vocavit
1941 2346 2036 2384 nos

444 2415 515 2467 od
545 2426 795 2469 a'ternam
824 2415 1049 2485 gloriam
1076 2433 1250 2482 suam,
1283 2426 1341 2470 ut
1369 2432 1488 2470 cum
1516 2412 1754 2472 Christus
1778 2434 2036 2489 apparue-

443 2504 510 2555 rit
526 2505 628 2557 vita
644 2518 851 2569 nostra,
873 2519 995 2561 tunc
1017 2522 1064 2563 et
1091 2527 1184 2563 nos
1203 2527 1556 2582 appareamus
1577 2526 1697 2563 cum
1722 2509 1816 2564 illo
1838 2511 1892 2564 in
1918 2509 2037 2580 glas
2062 2508 2066 2521 '

440 2594 521 2649 ria
546 2593 599 2667 (1
625 2596 831 2665 Petr.v;
855 2597 971 2656 Col.
1020 2618 1100 2667 ιιι,
1123 2603 1200 2672 ιι).
1257 2601 1500 2658 Gloriam
1521 2603 1656 2658 dicit
1680 2603 1845 2658 vitam
1868 2614 2033 2658 teter-

439 2699 591 2750 nam,
609 2689 866 2756 gaudium
886 2692 1104 2761 plenum
1125 2709 1180 2749 et
1200 2695 1623 2764 sempiternum.
1651 2692 1753 2750 Ubi
1774 2705 1859 2751 est
1879 2706 2032 2750 certa

439 2779 728 2838 securitas.
749 2796 945 2837 secura
963 2786 1356 2854 tranquillitas,
1377 2786 1670 2856 tranquilla
1685 2786 2033 2857 iucunditas,

435 2858 565 2913 felix
594 2865 901 2929 aeternitas,
933 2874 1137 2919 aeterna
1178 2863 1430 2922 felicitas.
1472 2862 1574 2922 Ubi
1607 2878 1691 2922 est
1719 2884 1870 2923 amor
1906 2885 2029 2938 per-

434 2950 627 3017 fectus,
673 2954 836 3009 timor
880 2955 1077 3020 nullus,
1121 2956 1238 3012 dies
1283 2964 1539 3021 aeternus,
1595 2958 1777 3014 alacer
1824 2968 2024 3015 motus.

436 3041 589 3099 Unde
618 3044 948 3117 fulgentibus
982 3049 1191 3104 meritis
1221 3057 1534 3105 sanctorum
1559 3053 1909 3123 congregatio
1932 3052 2028 3108 mi-

430 3142 540 3197 cat,
563 3143 762 3189 aeterna
778 3136 921 3192 salus
947 3138 1232 3206 exuberat,
1254 3140 1455 3196 veritas
1475 3149 1684 3211 regnat.
1708 3141 1808 3197 Ubi
1837 3152 1921 3198 est
1943 3143 2026 3198 in-

432 3225 679 3283 tellectus
693 3229 807 3285 sine
822 3245 1030 3295 errore,
1049 3233 1306 3287 memoria
1325 3233 1442 3289 sine
1458 3233 1747 3300 oblivione,
1767 3238 2023 3307 cogitatio

431 3317 549 3372 sine
574 3321 1004 3389 perturbatione,
1035 3322 1275 3379 Charitas
1299 3323 1416 3379 sine
1440 3325 1809 3392 simulatione,
1832 3341 2024 3384 sensus

433 3407 552 3461 sine
596 3407 924 3477 oil'ensionc,
977 3412 1321 3469 incolumitas
1358 3414 1477 3469 sine
1517 3413 1831 3480 debilitate,
1878 3417 2024 3475 salus

433 3496 550 3552 sine
595 3498 800 3564 dolore,
858 3502 967 3555 vita
1021 3503 1136 3557 sine
1173 3512 1366 3568 morte,
1412 3503 1642 3560 facilitas
1687 3505 1804 3561 sine
1856 3507 2025 3577 impe-

434 3591 697 3658 dimento,
740 3594 997 3649 saturitas
1035 3595 1152 3650 sine
1178 3595 1414 3663 fastidio,
1439 3605 1494 3652 et
1537 3605 1651 3653 tota
1672 3599 1879 3654 sanitas
1908 3600 2051 3657 sinc-

437 3683 648 3739 morbo.

510 3774 874 3847 Exsurgamus
902 3794 1022 3848 ergo
1057 3778 1267 3833 tandem
1309 3778 1614 3851 aliquando.
1647 3780 1847 3838 Otiosis
1876 3784 2023 3840 enim

435 3875 491 3921 et
518 3866 745 3937 ignavia:
772 3883 968 3938 sopore
991 3868 1262 3941 depressis
1282 3886 1624 3942 exsurgamus
1644 3881 1791 3928 recte
1803 3874 2021 3942 dicitur,

434 3960 560 4027 quia
615 3959 790 4013 anima
840 3975 1031 4015 somno
1074 3960 1255 4016 dedita
1299 3962 1636 4034 negligentia:
1661 3971 1715 4017 et
1751 3964 2025 4021 tarditatis

432 4051 626 4105 inertia
670 4044 876 4122 pressa,
925 4053 1079 4123 quasi
1133 4054 1409 4112 dormiens
1457 4057 1512 4110 in
1564 4057 1854 4113 otiositatis
1883 4058 2020 4113 lecto

430 4142 572 4197 male
597 4152 844 4213 soporata
894 4144 1142 4214 quiescit.
1177 4144 1542 4217 Exsurgamus
1585 4147 1731 4201 enim
1777 4147 1931 4212 dicit,
1964 4148 2021 4202 id

426 4241 529 4299 est,
559 4230 831 4305 erigamus
856 4251 954 4291 nos
980 4236 1048 4291 ab
1073 4236 1165 4290 illo
1189 4235 1529 4308 negligentia:
1553 4237 1672 4292 loco
1701 4238 1939 4308 providi,
1965 4238 2020 4293 in

423 4340 531 4394 quo
569 4325 659 4380 diu
691 4327 961 4396 jaciriimus
1010 4329 1197 4383 nociva
1234 4330 1460 4400 segnitia
1498 4331 1694 4400 pressi.
1747 4330 2019 4387 Levemus

422 4418 586 4472 corda
618 4426 801 4473 nostra
829 4434 953 4473 cum
985 4419 1254 4485 manibus,
1286 4420 1338 4475 id
1377 4429 1461 4475 est
1491 4436 1614 4475 cum
1641 4421 1800 4481 bonis
1827 4422 2015 4492 operi-

2139 586 2303 650 versi,
2344 586 2579 642 remedia
2604 588 2860 643 salutaria
2887 605 2992 643 non
3018 591 3330 659 perdamus.

2210 674 2490 731 Excitante
2518 694 2612 732 nos
2635 677 2913 748 Scriptura
2941 695 3003 731 ac
3025 678 3246 732 dicente.
3280 677 3394 732 Non
3413 678 3561 731 enim
3590 678 3740 748 vigi-

2137 766 2277 833 lans,
2325 769 2420 824 sed
2449 770 2724 825 dormiens
2751 756 2931 825 anima
2981 772 3269 825 excitatur.
3324 771 3536 825 Dormit
3577 771 3737 825 enim

2137 861 2336 926 anima,
2352 876 2481 932 qua:
2506 863 2717 918 Domini
2751 866 2834 918 sui
2856 864 3215 929 obliviscitur,
3248 875 3304 920 et
3326 867 3585 920 mandata
3608 864 3739 933 ejus

2135 969 2244 1008 non
2270 956 2602 1009 recordatur.
2633 955 2850 1027 Vigilat,
2889 972 3010 1025 quze
3055 958 3263 1011 Domini
3292 959 3373 1013 sui
3401 958 3739 1013 memoriam

2137 1060 2354 1117 semper
2390 1056 2536 1102 tenet
2585 1048 2638 1102 in
2677 1049 2863 1114 corde,
2910 1057 2966 1103 ct
3005 1048 3123 1116 ejus
3163 1050 3415 1104 mandata
3455 1057 3648 1105 servat
3674 1049 3735 1104 in

2134 1150 2319 1205 opere.
2363 1138 2573 1193 Dormit
2601 1140 2803 1202 anima,
2832 1154 2953 1209 quae
2980 1142 3269 1195 commissa
3306 1141 3579 1211 prmterita
3617 1155 3737 1195 non

2135 1229 2411 1294 emendat,
2443 1237 2498 1284 et
2526 1230 2592 1285 de
2618 1229 2814 1285 futuris
2846 1230 2923 1285 nil
2946 1232 3167 1300 cogitat.
3197 1232 3412 1301 Vigilat,
3443 1247 3563 1299 qua:
3588 1246 3735 1299 pne—

2138 1323 2299 1376 terita
2338 1330 2559 1391 peccata
2604 1323 2829 1392 plangit,
2879 1331 2935 1378 et
2986 1324 3285 1394 plangenda
3334 1323 3564 1377 ulterius
3616 1337 3733 1377 non

2137 1415 2446 1471 committit.
2480 1416 2688 1469 Dormit
2724 1418 2923 1480 anima,
2969 1432 3092 1486 qua:
3129 1415 3390 1487 perlatam
3429 1423 3486 1470 et
3514 1415 3731 1484 spatio-

2136 1522 2253 1562 sam
2293 1509 2644 1579 progrediens
2694 1509 2855 1572 viam,
2902 1509 2969 1564 de
2999 1506 3177 1562 futura
3198 1508 3311 1562 vita
3334 1508 3419 1561 vel
3453 1507 3626 1575 gloria
3653 1507 3730 1562 nil

2137 1598 2355 1670 cogitat,
2406 1598 2500 1655 sed
2542 1600 2757 1656 clausos
2805 1600 2995 1656 oculos
3034 1600 3117 1655 vel
3167 1600 3442 1655 dormiens
3481 1599 3735 1667 quotidie

2134 1690 2286 1760 pejor
2314 1690 2540 1756 eii'ecta,
2588 1692 2655 1746 ad
2691 1700 2952 1747 aeternum
3000 1692 3274 1745 interitum
3311 1697 3586 1759 properat.
3632 1689 3730 1743 Vi-

2138 1780 2300 1851 gilat,
2332 1797 2453 1852 qua:
2480 1782 2544 1836 de
2589 1791 2791 1837 mterna
2834 1784 2944 1837 vita
2992 1791 3047 1836 et
3090 1781 3271 1836 futura
3320 1781 3566 1851 cogitans
3612 1779 3733 1850 glo-

2139 1873 2219 1927 ria
2246 1887 2343 1942 per
2370 1882 2580 1929 arctam
2619 1884 2671 1928 ct
2703 1883 2985 1944 angustam
3017 1872 3269 1944 gradiens
3298 1872 3474 1933 viam,
3506 1870 3731 1925 virtuti-

2136 1962 2236 2015 bus
2262 1964 2503 2031 quotidie
2531 1964 2729 2019 crescit
2771 1974 2828 2018 et
2853 1965 3160 2027 innovatur,
3189 1970 3246 2017 et
3275 1969 3335 2016 ut
3362 1963 3429 2016 ad
3456 1960 3749 2016 creatoris.

2135 2053 2221 2107 sui
2246 2054 2603 2123 cognitionem
2628 2056 2911 2124 perveniat
2935 2055 3185 2110 laborare
3214 2069 3321 2108 non
3347 2061 3545 2108 cessat.

2209 2143 2357 2198 Hora
2382 2155 2458 2199 est
2479 2146 2593 2216 jam
2625 2164 2715 2200 nos
2754 2148 2819 2201 de
2861 2163 3042 2200 somno
3062 2162 3293 2215 surgere.
3335 2144 3480 2199 liora
3507 2145 3596 2198 hic
3625 2159 3729 2211 pro

2134 2244 2376 2307 tempore
2403 2238 2599 2306 posuit.
2628 2237 3009 2306 Cujuscunque
3043 2238 3188 2292 enim
3219 2236 3479 2307 temporis
3504 2234 3728 2303 quanti-

2134 2337 2220 2382 tas
2255 2330 2638 2384 convenienter
2658 2331 2795 2385 hora
2820 2338 3065 2394 vocatur,
3094 2338 3155 2383 ut
3182 2330 3234 2383 in
3266 2327 3557 2395 Evangelia
3586 2327 3724 2380 scri-

2131 2415 2315 2470 bitur:
2345 2416 2491 2471 Eatiit
2542 2417 2931 2488 paterfamilias
2960 2420 3090 2473 hora
3117 2420 3291 2475 tertia.
3334 2427 3505 2480 sexta,
3553 2430 3719 2473 nona.

2130 2515 2180 2560 et
2200 2506 2473 2561 undecima
2495 2510 2717 2564 inritare
2735 2512 3001 2580 operarios
3022 2512 3078 2564 in
3096 2512 3295 2564 vineam
3308 2527 3473 2565 suam
3496 2507 3718 2577 (Matth.

2130 2594 2247 2667 xx).
2279 2595 2439 2652 Hora:
2463 2599 2609 2653 enim
2640 2599 2713 2653 ibi
2743 2615 2844 2669 pro
2874 2601 3209 2670 temporibus
3242 2601 3429 2670 posin
3454 2607 3603 2654 sunt.
3629 2598 3724 2651 Di-

2130 2687 2207 2743 cit
2235 2689 2379 2743 enim
2407 2707 2421 2743 :
2456 2689 2607 2744 Hora
2629 2699 2703 2743 est
2719 2690 2837 2759 jam
2861 2707 2954 2745 nos
2975 2690 3040 2744 de
3064 2707 3245 2745 somno
3273 2705 3508 2760 surgere,
3532 2687 3586 2742 id
3613 2695 3719 2750 est,

2130 2787 2343 2850 tempus
2379 2787 2550 2836 estut
2590 2795 2689 2835 nos
2730 2782 2797 2836 de
2846 2782 3113 2851 gravitate
3154 2782 3351 2837 mentis
3397 2788 3453 2834 et
3499 2791 3724 2849 torpore

2130 2869 2470 2939 negligentiae.
2511 2868 2579 2924 ad
2606 2870 2941 2925 observanda
2985 2871 3196 2925 Domini
3234 2876 3507 2940 prmcepta
3532 2867 3722 2938 vigile-

2128 2976 2269 3015 mus.
2302 2960 2565 3015 Hortatur
2588 2976 2688 3017 nos
2713 2962 2781 3016 de
2802 2961 2907 3016 hac
2933 2976 2992 3015 re
3020 2960 3276 3015 Salomon
3303 2960 3492 3016 dicens
3523 2978 3536 3012 :
3591 2958 3719 3012 Noli

2129 3049 2345 3121 diligere
2381 3066 2622 3105 somnum
2641 3091 2656 3117 ,
2691 3067 2754 3105 ne
2794 3061 2842 3105 te
2869 3063 3069 3122 egestas
3098 3053 3355 3123 opprimat
3382 3049 3564 3123 (Prov.
3599 3049 3714 3121 xx).

2129 3140 2389 3196 Somnum
2419 3142 2643 3213 diligere
2688 3150 2774 3197 est
2798 3150 3074 3211 torporem
3105 3144 3301 3198 tuentis
3330 3158 3432 3213 per
3452 3142 3717 3196 desidiam

2126 3242 2397 3303 amplecti.
2427 3245 2483 3290 et
2511 3236 2576 3289 de
2601 3234 2787 3290 futuro
2811 3235 2887 3288 nil
2906 3235 3165 3305 cogitare,
3194 3236 3447 3305 quoniam
3476 3241 3721 3306 egestas,

2124 3324 2178 3380 id
2193 3334 2297 3391 est,
2311 3334 2511 3381 aeterna
2527 3326 2912 3391 miseria,male
2926 3342 3172 3382 securam
3187 3326 3441 3397 opprimit
3454 3327 3713 3382 animam.

2196 3416 2265 3471 Et
2288 3418 2483 3489 apertis
2511 3416 2677 3472 oculis
2713 3419 2926 3472 nostris.
2959 3417 3068 3474 illis
3115 3418 3383 3483 videlicet,
3427 3419 3494 3474 de
3520 3418 3723 3487 quibus

2126 3509 2379 3566 Salomon
2411 3511 2486 3564 ait
2505 3527 2518 3564 :
2536 3510 2699 3580 Aperi
2722 3510 2907 3565 oculos
2932 3519 3074 3574 tuos,
3103 3517 3161 3563 et
3181 3518 3432 3565 saturare
3459 3510 3714 3577 panibus.

2123 3602 2350 3673 Aperire
2377 3602 2565 3657 oculos
2590 3610 2675 3657 est
2704 3602 3036 3658 intellectum
3067 3604 3265 3658 mentis
3294 3604 3362 3658 ad
3382 3602 3608 3673 iustitiae
3633 3601 3714 3659 lu-

2124 3710 2248 3749 men
2277 3710 2544 3749 resecarc.
2576 3694 2836 3749 Saturare
2860 3696 3090 3765 panibus
3113 3705 3199 3750 est
3220 3695 3554 3765 spiritalibus
3577 3695 3722 3752 cibis

2123 3783 2322 3839 divinae
2348 3785 2590 3839 scientim
2613 3794 2847 3839 mentem
2882 3786 3126 3840 reticere.

2195 3876 2277 3930 Ad
2306 3878 2549 3946 deiﬁcum
2588 3877 2781 3931 tamen.
2814 3878 2869 3932 id
2896 3884 3003 3936 est.
3040 3878 3313 3942 divinum,
3344 3878 3487 3947 quod
3516 3877 3715 3933 animm

2122 3969 2312 4024 tribuit
2338 3969 2691 4023 intellectum.
3419 4013 3428 4022 .

2191 4056 2437 4113 Attonitis
2465 4059 2699 4112 auribus.
2729 4059 2785 4113 Id
2814 4068 2919 4125 est,
2943 4059 3166 4114 attentis
3202 4059 3475 4115 mentibus

2190 4149 2484 4205 Audiamus
2506 4151 2705 4205 divina.
2738 4152 2793 4206 id
2826 4159 2928 4217 est,
2957 4151 3069 4205 Deo
3098 4149 3272 4220 plena,
3305 4150 3587 4207 divinitate
3620 4167 3715 4209 rc-

2119 4238 2278 4295 ferta.

2192 4334 2437 4399 Quotidie
2463 4333 2698 4389 clamans
2740 4334 2868 4404 quid
2904 4350 2996 4388 nos
3032 4351 3131 4388 vox
3174 4334 3439 4397 admonet,
3478 4335 3657 4389 dicens
3688 4351 3707 4389 :

2119 4423 2293 4480 Hodie
2313 4425 2359 4479 si
2381 4442 2552 4480 vocem
2579 4426 2694 4495 ejus
2722 4424 3019 4479 audieritis.
3049 4425 3219 4480 Hodie
3245 4425 3411 4479 habet
3437 4425 3706 4496 etymolo-

423 4510 524 4565 bus
547 4510 613 4564 ad
637 4510 946 4577 Dominum,
970 4512 1063 4581 qui
1088 4511 1246 4566 malis
1268 4512 1478 4567 actibus
1503 4513 1698 4582 pressi,
1722 4514 2015 4583 pravisque
2038 4547 2092 4608 Β
2118 4516 2204 4588 gia
2232 4516 2328 4571 hoc
2351 4517 2455 4571 die.
2488 4517 2594 4571 Sed
2622 4524 2678 4571 et
2707 4517 2811 4571 hoc
2851 4516 2904 4571 in
2949 4516 3069 4571 loco
3097 4532 3318 4588 semper,
3351 4517 3433 4571 vel
3479 4519 3538 4571 in
3563 4517 3705 4571 omni

424 4605 668 4662 moribus
706 4606 978 4662 incurvati
1024 4606 1185 4677 longo
1219 4603 1332 4674 jam
1393 4613 1638 4676 tempore
1686 4606 2014 4663 adiuresimus

420 4697 636 4753 swculo.
668 4698 884 4770 Maligni
913 4698 1058 4752 enim
1094 4697 1316 4767 spiritus
1345 4697 1491 4751 molli
1528 4696 1895 4767 dissolutoque
1935 4699 2014 4754 vi-

424 4791 571 4844 venti
600 4790 793 4846 animze
814 4790 1002 4845 dicunt
1035 4808 1046 4842 :
1080 4789 1390 4867 incurvare,
1414 4798 1474 4844 ut
1495 4796 1855 4845 transeamus.
1881 4791 2012 4858 Quae

418 4884 464 4938 si
508 4882 662 4937 malis
698 4898 887 4938 eorum
924 4880 1360 4953 suggestiouibus
1392 4880 1751 4950 acquievertt,
1784 4882 1884 4937 sub
1912 4897 2010 4953 pe-

420 4974 580 5028 dibus
606 4989 793 5027 corum
823 4971 963 5027 male
991 4971 1200 5027 calcata
1238 4973 1457 5041 peribit.
1492 4971 1548 5027 Si
1586 4987 1715 5027 vero
1762 4981 1908 5029 recta
1956 4974 2010 5029 in

418 5078 583 5132 Opere
633 5063 726 5117 Dei
768 5062 1221 5132 perseveraverit,
1250 5079 1371 5118 cum
1406 5065 1517 5119 Elia
1554 5064 1733 5119 dicere
1769 5064 1966 5135 poterit
1995 5083 2007 5119 :

428 5153 565 5209 Vivit
587 5153 865 5221 Dominus,
889 5156 945 5208 in
967 5155 1121 5225 cujus
1143 5166 1419 5226 conspectu
1441 5166 1520 5210 sto
1546 5155 1667 5227 (111
1692 5155 1823 5228 Reg.
1849 5151 2006 5228 xvn).

418 5243 633 5301 Etcum
661 5244 828 5300 Paulo
860 5263 874 5300 :
906 5242 1102 5300 Nostra
1138 5256 1313 5300 autem
1339 5247 1659 5302 conversatio
1687 5245 1742 5300 in
1772 5245 1911 5300 caelis
1935 5254 2012 5300 est

422 5334 595 5408 (Phil.
620 5336 725 5409 ιιι).
765 5337 916 5405 Quod
948 5344 1127 5392 autem
1159 5337 1291 5393 dicit
1328 5339 1538 5394 tandem
1567 5336 1874 5408 aliquando,
1903 5337 2011 5391 nisi

420 5430 581 5486 fallor
606 5433 862 5502 temporis
884 5433 1195 5488 tarditatem
1219 5434 1504 5506 signiﬁcat.
1535 5432 1610 5487 Ex
1633 5434 1842 5487 duobus
1863 5433 2008 5487 enim

418 5522 691 5578 adverbiis
747 5530 1045 5593 temporum
1100 5538 1267 5577 unum
1323 5521 1625 5591 composuit
1667 5536 1681 5573 :
1729 5520 1872 5575 idem
1924 5529 2010 5575 est

420 5614 564 5667 enim
598 5614 807 5667 tandem
836 5615 978 5685 quod
1017 5622 1071 5670 ει
1100 5612 1407 5682 aliquando.
1445 5612 1525 5666 Ac
1559 5611 1605 5665 si
1653 5609 1836 5665 dicat:
1867 5610 1932 5664 Et
1962 5612 2008 5665 si

424 5702 475 5756 iu
502 5704 768 5771 primaeva:
799 5707 974 5761 aetatis
1014 5714 1277 5771 tempore,
1321 5702 1373 5755 id
1398 5709 1503 5763 est,
1533 5700 1587 5752 in
1610 5697 1892 5767 juventute
1912 5738 1926 5762 ,
1955 5699 2006 5753 in

425 5790 579 5847 bonis
601 5796 851 5863 operibus
880 5813 975 5852 nos
1020 5808 1276 5849 cxcrccrc
1308 5791 1575 5857 nolumus,
1610 5789 1799 5846 saltem
1833 5791 1886 5845 in
1917 5807 2003 5847 sc-

2117 4615 2344 4679 tempore
2369 4606 2657 4679 significat,
2683 4606 2810 4676 quia
2829 4605 3031 4677 iugiter
3053 4614 3108 4660 et
3131 4607 3280 4662 omni
3307 4608 3440 4661 hora
3480 4607 3701 4662 audien-

2116 4696 2244 4751 dum
2294 4705 2398 4761 est,
2443 4697 2534 4766 qui
2576 4697 2888 4752 salutariter
2931 4705 3138 4763 monet,
3179 4706 3235 4753 ct
3275 4698 3704 4753 misericorditer

2117 4788 2294 4843 docet.
2318 4785 2486 4856 Cujus
2509 4788 2780 4842 sermonis
2800 4787 2907 4841 vim
2932 4787 3220 4858 Apostolus
3238 4795 3489 4858 potenter
3515 4787 3703 4844 dicens

2113 4880 2422 4948 expressit:
2450 4878 2542 4933 sed
2580 4878 2937 4933 adhortamini
2982 4881 3314 4951 vosmetipsos
3355 4897 3447 4951 per
3465 4880 3699 4951 singulos

2114 4975 2225 5028 dies
2254 4972 2441 5046 (Hebr.
2473 4971 2579 5042 ιιι).
2618 4970 2801 5028 Donec
2826 4973 2982 5027 hodie
3012 4974 3443 5045 cognominatur.

2188 5063 2248 5119 Si
2283 5078 2456 5117 vocem
2486 5062 2600 5132 ejus
2648 5062 2943 5116 audieritis.
2984 5062 3121 5133 Ejus
3150 5061 3300 5129 dicit,
3346 5063 3398 5117 id
3426 5071 3529 5127 est,
3559 5062 3700 5119 illius

2112 5152 2239 5210 boni
2268 5153 2521 5224 pastoris,
2551 5153 2643 5224 qui
2670 5154 2747 5207 ait
2770 5167 2784 5206 :
2816 5152 2930 5223 Ego
2951 5168 3067 5207 sum
3087 5163 3269 5223 pastor
3289 5152 3488 5217 bonus;
3510 5162 3557 5206 et
3584 5168 3699 5206 oves

2113 5259 2242 5297 mete
2269 5258 2440 5297 vocem
2479 5258 2649 5297 meam
2692 5242 2937 5306 audiunt,
2977 5254 3025 5298 et
3068 5254 3357 5314 sequuntur
3394 5260 3494 5307 me,
3532 5253 3583 5298 et
3607 5258 3694 5314 ego

2113 5348 2366 5403 cognosco
2405 5349 2527 5396 eas;
2559 5341 2606 5385 et
2635 5330 2813 5386 nullus
2855 5333 2991 5402 rapit
3021 5349 3110 5386 eas
3137 5332 3202 5386 de
3230 5349 3392 5386 manu
3418 5348 3557 5385 mea.
3592 5329 3695 5386 Sed

2116 5433 2163 5477 et
2192 5425 2350 5477 ritam
2379 5431 2628 5479 cateruam
2654 5423 2791 5477 dabo
2825 5424 2900 5477 eis
2931 5422 3112 5493 (Joan.
3140 5422 3217 5493 χ).
3245 5423 3302 5477 in
3331 5423 3449 5494 lege
3474 5422 3617 5477 enim
3644 5429 3699 5477 ει

2114 5516 2415 5584 prophetis,
2439 5516 2494 5570 in
2519 5514 2812 5587 Evangelio
2836 5525 2891 5570 et
2922 5515 3182 5584 apostolis
3203 5531 3301 5570 vos
3328 5515 3541 5570 Domini
3563 5515 3696 5570 mul-

2118 5606 2186 5660 tis
2213 5606 2386 5660 modis
2405 5621 2604 5661 siinans
2629 5606 2865 5671 auditur,
2891 5605 2984 5660 sed
3012 5621 3041 5659 a
3063 5606 3224 5661 corde
3246 5607 3388 5661 bono
3413 5614 3469 5660 et
3496 5605 3698 5675 optimo

2117 5696 2334 5751 auditur
2362 5706 2416 5752 ct
2441 5697 2748 5751 exauditur.
2782 5694 2824 5749 A
2852 5696 3002 5750 duris
3032 5711 3157 5751 vero
3189 5704 3243 5750 ct
3269 5695 3495 5765 lapideis
3521 5695 3695 5750 cordi--

2118 5791 2217 5846 bus
2244 5791 2459 5845 auditur
2482 5790 2721 5861 quidem,
2752 5789 2845 5846 scd
2873 5804 2977 5845 non
3002 5790 3304 5846 exauditur.
3336 5790 3478 5861 Ergo
3507 5789 3695 5845 anima:
