3940 6410
160 247 265 304 705

1200 232 1558 315 acnuam.
1600 258 1667 315 IN
1708 260 1877 317 nec.
1920 265 1976 319 s.
2021 268 2397 328 BENEDICTI.

3339 291 3439 348 706

155 376 278 433 «iure
298 338 571 419 obdurant
590 366 754 421 corda
781 380 879 420 sua
906 382 973 421 ne
993 381 1181 422 vocem
1206 368 1352 426 illius
1380 373 1506 427 boni
1531 375 1754 446 verique
1782 376 1827 436 Α
1854 393 2121 447 permanet
2160 386 2213 439 in
2248 389 2499 445 sa'culum
2526 391 2709 447 su'culi
2751 392 2922 467 (Psal.
2950 400 3127 470 xvnt).
3167 402 3440 470 Quantum

153 456 397 526 pastoris
424 457 671 523 audiant,
704 473 804 514 nec
829 468 1128 528 sequuntur
1150 476 1291 527 eum,
1318 480 1419 520 nec
1452 482 1583 521 oves
1610 468 1752 525 illius

154 554 308 611 sunt,
332 562 434 601 nec
460 557 796 618 cognoscunt
830 564 972 614 eum,
1006 566 1104 605 nec
1141 563 1541 624 cognoscuntur
1570 558 1638 612 ab
1663 573 1748 614 eo.

154 636 258 703 Qui
289 637 434 690 enim
467 638 700 709 ignorat,
732 639 1089 710 ignorabitur.
1129 642 1197 696 Et
1226 658 1327 700 nec
1358 646 1423 700 (10
1467 664 1631 702 manu
1665 666 1751 704 ra-

150 729 328 797 ptoris
353 728 748 794 liberabuntur,
777 748 876 786 nee
912 732 965 786 in
998 732 1133 789 locis
1153 737 1368 805 pascuis
1403 738 1749 795 collocaban-

152 827 262 882 tur,
294 835 393 873 nec
421 820 588 874 vitam
619 822 889 891 accipient
915 825 1324 894 sempiternam.

223 907 408 965 Nolite
435 912 696 967 obdurare
722 915 882 967 corda
909 926 1095 969 vestra.
1126 916 1216 973 Sic
1260 920 1404 974 enim
1448 921 1574 977 alibi
1605 923 1748 996 Apo-

145 1000 322 1056 stolus
349 1002 425 1055 ait
461 1020 474 1052 :
509 1002 631 1056 Non
670 1004 956 1059 obduretur
976 1008 1092 1077 quis
1117 1025 1182 1061 ex
1208 1010 1349 1064 vobis
1379 1011 1596 1081 fallacia
1620 1033 1744 1086 pec-

146 1092 252 1146 cati
292 1090 481 1162 (Hebr.
522 1092 627 1163 ιιι).
668 1093 744 1148 Illi
783 1096 927 1150 enim
970 1099 1133 1152 corda
1174 1114 1269 1153 sua
1314 1102 1604 1169 obdurant,
1650 1107 1742 1175 qui

146 1185 295 1253 quod
324 1185 390 1237 de
414 1186 685 1241 mandatis
709 1186 802 1242 Dei
834 1199 977 1245 recte
1002 1192 1325 1264 intelligunt,
1349 1200 1563 1266 operari
1589 1216 1742 1255 recu»

146 1281 292 1325 sant.
350 1273 425 1327 De
472 1274 669 1343 quibus
715 1292 813 1346 per
858 1279 1200 1336 Salomonem
1234 1285 1432 1340 dicitur
1464 1306 1476 1341 :
1511 1286 1739 1361 Pigredo

144 1364 380 1416 immittit
415 1382 651 1434 soporem
679 1365 860 1439 (Prov.
891 1371 1028 1442 XIX).
1063 1372 1218 1444 Piger
1250 1378 1394 1432 enim
1433 1391 1578 1435 recte
1615 1399 1738 1440 sen-

145 1454 330 1509 tiendo
357 1457 514 1525 quasi
540 1459 747 1530 vigilat,
776 1463 870 1516 sed
902 1464 975 1516 nil
1000 1463 1122 1520 boni
1152 1472 1424 1537 operando
1452 1476 1614 1530 corde
1640 1475 1737 1529 ob-

141 1542 341 1597 durato
366 1560 636 1616 sensuque
662 1560 915 1618 soporato
942 1553 995 1607 in
1028 1558 1296 1614 tarditatis
1335 1577 1446 1617 sua:
1475 1564 1735 1621 dormitat

139 1633 359 1688 lectulo.
385 1635 483 1700 llli,
513 1637 755 1707 inquam,
779 1643 1047 1699 obdurant
1068 1649 1228 1703 corda
1255 1666 1372 1717 sua,
1398 1655 1488 1723 qui
1509 1658 1731 1713 audiunt

1855 468 1999 521 enim
2028 472 2148 539 quis
2180 481 2439 531 attentius
2469 478 2753 537 Dominum
2783 486 2975 557 diligit,
3027 468 3177 548 tanto
3193 468 3326 550 eum
3359 498 3441 553 di-

1852 556 2108 628 ligentius
2134 563 2405 621 offendere
2432 572 2787 637 pertimescit.
2818 556 2930 631 Vox
2960 587 3181 648 paterna
3201 593 3303 649 est,
3332 603 3439 643 vox

1851 648 2086 716 pietatis,
2116 667 2236 720 qua:
2257 671 2356 711 nos
2380 658 2631 716 admonet
2658 680 2726 719 ne
2745 681 3099 735 pavescamus
3127 676 3269 744 quod
3288 678 3441 733 audi-

1851 738 2028 793 vimus
2055 741 2324 798 timorem.
2358 745 2473 800 Non
2503 760 2586 804 est
2620 754 2763 806 enim
2807 756 2966 811 timor
3001 758 3101 814 iste
3129 764 3221 832 qui
3250 764 3441 821 formi-

1849 825 2030 893 detur,
2068 830 2161 884 sed
2199 833 2291 901 qui
2336 835 2609 906 diligatur.
2641 840 2826 896 Timor
2866 825 3437 910 humanus-amaritu—

1826 917 2028 973 .dinem
2057 921 2242 987 habet,
2267 924 2367 980 iste
2391 928 2746 987 dulcedinem.
2780 934 2872 990 llle
2901 938 2966 991 ad
2992 942 3268 998 servitium
3293 948 3439 1020 cogit

1843 1007 1947 1063 iste
1966 1010 2040 1063 ad
2065 1010 2369 1069 libertatem
2404 1019 2589 1073 trahit.
2620 1021 2902 1080 Postremo
2930 1028 3021 1083 ille
3050 1030 3284 1088 claustra
3314 1007 3432 1092 me-

1844 1102 1968 1166 tuit,
2002 1104 2091 1159 hic
2117 1107 2377 1164 cwlorum
2410 1127 2572 1183 regna
2597 1116 2872 1183 patefacit.
2904 1120 2959 1174 lu
2989 1123 3199 1180 timoris
3233 1130 3434 1186 etenim

1841 1191 1999 1247 laude
2060 1195 2312 1252 Salomon
2370 1202 2446 1255 ait
2499 1217 2514 1253 :
2566 1203 2742 1258 Timor
2791 1208 3006 1265 Domini
3051 1218 3266 1284 apponit
3319 1221 3432 1275 dies

1842 1281 2026 1354 (Prov.
2062 1288 2140 1362 ιι).
2187 1290 2339 1345 Time
2384 1309 2514 1364 ergo
2564 1296 2871 1367 Dominum,
2909 1318 2942 1357 ο
2987 1311 3282 1365 monache!
3335 1315 3432 1369 sed

1840 1370 1930 1429 illo
1965 1377 2161 1433 timore
2188 1381 2279 1450 qui
2303 1392 2523 1439 sanctus
2545 1400 2827 1454 permanet
2849 1392 2902 1446 in
2930 1395 3183 1450 sreculum
3209 1401 3428 1468 saeculi;

1835 1464 1927 1520 illo
1963 1477 2113 1524 casto
2134 1485 2319 1527 amore
2343 1475 2434 1544 qui
2471 1476 2564 1531 tibi
2595 1479 2660 1532 ad
2686 1480 2800 1535 dies
2832 1488 3088 1554 temporis
3112 1487 3271 1556 hujus
3292 1464 3430 1563 adji-

1834 1556 1942 1611 ciet
1983 1558 2099 1615 dies
2138 1571 2389 1630 aeternos,
2435 1567 2549 1621 dies
2598 1580 2907 1641 perpetuos,
2938 1576 3053 1631 dies
3096 1578 3429 1639 immortales
3500 1592 3503 1595 ‘

1833 1654 1888 1700 et
1927 1648 2041 1703 dies
2068 1666 2352 1719 perennes.
2402 1654 2513 1710 lmo
2562 1658 2701 1712 diem
2741 1677 2904 1716 unum
2955 1665 3073 1721 sine
3116 1684 3341 1740 vespera
3371 1682 3428 1729 et

139 1723 360 1790 quidem
387 1727 797 1796 prmdicantem,
827 1735 919 1787 sed
949 1735 1146 1792 imitari
1178 1741 1366 1796 nolunt
1393 1758 1715 1814 operantem.

1833 1738 2101 1796 inﬁnitum
2133 1760 2146 1795 :
2177 1744 2318 1799 diem
2368 1747 2509 1802 felici
2553 1751 2750 1820 gaudio
2793 1754 3026 1823 plenum,
3077 1723 3422 1820 indelriciente

135 1813 241 1880 Qui
294 1830 400 1870 non
449 1818 710 1874 obediunt
748 1824 866 1877 voci
903 1825 1114 1881 Domini
1161 1830 1387 1887 dicentis
1420 1813 1440 1887 :7
1463 1835 1669 1891 Ditu‘rte
1696 1858 1727 1893 a

135 2086 290 2141 duite
336 2104 565 2157 novum,
617 2093 707 2162 qui
748 2097 1041 2152 secundum
1082 2101 1250 2156 Deum
1286 2115 1500 2161 creatus
1540 2117 1623 2163 est
1670 2110 1722 2165 in

136 2175 344 2242 iustitia
391 2189 447 2234 et
482 2184 909 2242 sanctiﬁcatione
955 2190 1218 2247 veritatis.
1252 2196 1351 2261 Qui
1388 2213 1493 2252 non
1526 2216 1725 2255 renun-

136 2270 274 2323 tiant
294 2272 491 2327 seculo
505 2283 559 2327 ct
576 2290 790 2332 crucem
812 2289 1088 2347 portantes
1106 2297 1406 2353 sequuntur
1423 2287 1720 2349 Christum.

209 2360 280 2413 lz't
308 2363 497 2417 iterum
523 2381 544 2419 :
574 2365 677 2432 Qui
700 2369 853 2423 habet
885 2388 1040 2426 aures
1067 2376 1318 2431 audiendi
1351 2379 1563 2451 (Matth.
1600 2401 1717 2449 χιιι,

137 2450 307 2506 Marc.
342 2470 414 2520 iv,
456 2456 586 2511 Luc.
617 2459 760 2532 vin).
793 2464 966 2520 Aures
994 2466 1083 2522 hic
1110 2470 1318 2537 cordis,
1347 2489 1453 2530 non
1478 2479 1722 2547 corporis

136 2544 382 2612 requirit.
414 2546 506 2601 Ille
550 2551 692 2604 enim
739 2567 899 2610 aures
946 2558 1195 2614 audiendi
1236 2561 1419 2630 habet,
1456 2568 1547 2637 qui
1574 2544 1718 2641 quod

131 2635 299 2689 corde
322 2636 567 2707 intelligit
587 2656 749 2711 opere
772 2644 973 2715 implet.
997 2647 1087 2704 llle
1105 2666 1264 2706 aures
1283 2635 1533 2711 audiendi
1555 2635 1719 2715 habet

133 2722 185 2775 in
216 2725 399 2791 corde,
437 2729 525 2797 qui
563 2734 837 2789 memoriae
881 2752 991 2791 suae
1016 2751 1289 2811 praecepta
1322 2744 1531 2801 Domini
1574 2765 1719 2805 com-

132 2818 373 2884 mendat,
401 2830 455 2874 et
484 2826 853 2882 (ommendata
894 2845 1017 2883 cum
1058 2833 1339 2904 multiplici
1383 2835 1570 2893 fenore
1614 2842 1717 2897 Do-

131 2909 280 2964 mino
334 2913 603 2970 reddenda
652 2931 911 2977 reservat.
965 2923 1056 2979 Ille
1099 2929 1350 2985 audiendi
1394 2949 1498 2999 non
1550 2935 1717 2993 habet

130 3012 314 3077 aures,
344 3004 432 3070 qui
484 3005 689 3061 Domini
737 3012 987 3066 mandata
1041 3032 1141 3071 nec
1187 3023 1448 3076 memoria
1495 3026 1711 3094 retinet,

130 3104 232 3146 nec
277 3097 530 3163 operibus
581 3100 784 3173 implet,
838 3120 938 3160 nec
983 3110 1226 3165 recondit
1279 3111 1331 3165 in
1382 3116 1565 3182 corde,
1615 3135 1714 3175 rec

129 3194 346 3240 exercet
374 3187 426 3241 in
457 3203 637 3259 opere.

198 3275 397 3333 Audiat
420 3280 545 3351 quid
572 3279 801 3352 Spiritus
823 3286 963 3341 dicat
996 3286 1247 3345 Eeelesiis
1277 3294 1460 3365 (Apoc.
1488 3296 1569 3368 ιι).
1599 3299 1713 3355 Λιι-

126 3368 238 3420 diat
283 3368 430 3434 dicit,
482 3373 537 3427 id
585 3382 685 3440 est,
735 3376 1015 3450 intelligat.
1064 3379 1205 3447 Quid
1243 3382 1490 3455 Spiritus,
1526 3389 1578 3444 id
1608 3404 1709 3460 est,

128 3458 363 3527 Spiritus
405 3465 765 3536 omnipotens,
816 3467 1051 3542 Spiritus
1077 3485 1317 3542 sanctus,
1362 3477 1597 3549 Spiritus
1624 3458 1714 3539 ille

128 3556 215 3619 qui
262 3555 629 3612 testimonium
683 3561 857 3617 reddit
885 3566 1097 3635 spiritui
1137 3577 1325 3624 nostro
1356 3573 1497 3642 quod
1527 3590 1713 3631 smnus

127 3642 215 3696 filii
247 3630 358 3707 Dei,
392 3657 447 3700 et
469 3648 532 3701 de
556 3665 663 3717 quo
691 3630 979 3720 Apostolus
1004 3658 1081 3712 ait
1108 3676 1119 3712 :
1148 3630 1416 3731 Templum
1443 3664 1540 3719 Dei
1564 3670 1709 3737 estis,

125 3744 170 3787 et
191 3735 424 3805 Spiritus
444 3751 657 3793 sanctus
681 3742 882 3796 habitat
903 3747 955 3798 in
986 3748 1123 3801 robis
1148 3750 1197 3820 (1
1226 3751 1347 3806 Cor.
1374 3772 1464 3821 tu;
1497 3758 1557 3815 11
1584 3735 1706 3815 Cor.

161 3824 251 3895 vi).
287 3824 525 3892 Spiritus
565 3837 786 3883 sanctus
816 3831 1014 3887 dicitur
1041 3839 1332 3893 secundum
1362 3843 1416 3898 id
1444 3850 1586 3914 quod
1614 3850 1710 3906 ali-

122 3916 245 3982 quid
272 3917 460 3987 spirat.
489 3917 613 3973 Lleo
640 3930 819 3976 autem
845 3922 1079 3994 Spiritus
1100 3928 1192 3982 Dei
1216 3940 1433 3990 sanctus
1457 3950 1705 4008 vocatur,

120 4009 243 4077 quia
259 4008 439 4064 Patris
456 4020 509 4066 ct
525 4012 645 4068 Filii
663 4018 925 4074 sanctitas
939 4029 1040 4075 est.
1071 4019 1205 4076 Nam
1226 4039 1348 4079 cum
1377 4028 1448 4084 sit
1467 4039 1521 4085 et
1548 4031 1710 4089 Pater

120 4100 360 4169 Spiritus,
385 4112 439 4157 et
463 4103 633 4160 Filius
654 4107 895 4177 spiritus,
925 4119 981 4166 et
1004 4111 1170 4168 Pater
1191 4126 1430 4181 sanctus,
1458 4130 1514 4176 et
1536 4122 1704 4179 Filius

121 4200 354 4255 sanctus,
382 4195 600 4263 proprie
623 4204 803 4252 tainen
824 4199 939 4269 ipse
958 4212 1182 4258 vocatur
1204 4205 1441 4276 Spiritus
1461 4222 1700 4282 sanctus,

119 4291 373 4353 tanquam
438 4288 696 4344 sanctitas
744 4298 800 4345 et
852 4295 1331 4356 consubstantialis
1393 4306 1698 4363 amborum.

1830 1829 1950 1886 luce
1999 1832 2280 1902 refertum,
2332 1840 2573 1909 angelico
2618 1844 2877 1901 comitatu
2929 1847 3229 1919 suffultam,
3277 1855 3421 1911 diem

1828 1937 1988 1992 quem
2030 1942 2137 1982 nox
2181 1944 2288 1984 non
2335 1932 2660 2003 interpellat,
2688 1937 2924 1994 tenebrae
2960 1956 3067 1996 non
3098 1945 3418 2015 obscurant,

1828 2012 2068 2067 nubilum
2101 2031 2205 2069 non
2236 2016 2498 2085 obfuscat,
2528 2037 2687 2091 quem
2730 2024 3129 2095 importabilcm
3161 2051 3268 2091 non
3312 2037 3421 2092 elli-

1827 2102 1901 2157 eit
1936 2105 2085 2160 calor
2123 2109 2349 2176 :estatis,
2394 2112 2606 2183 pigrum
2639 2132 2745 2170 non
2790 2120 2963 2174 reddit
2991 2120 3158 2194 frigus
3185 2127 3414 2197 hiemis;

1826 2194 1943 2250 dies
1976 2197 2068 2265 qui
2120 2200 2329 2255 tibimet
2359 2217 2499 2258 unus
2530 2204 2635 2258 erit
2674 2222 2796 2261 cum
2839 2212 3063 2278 sanctis,
3117 2221 3421 2276 communis

1825 2299 1947 2338 cum
1992 2286 2219 2356 angelis,
2265 2299 2500 2345 azternus
2548 2309 2671 2347 cum
2721 2297 2994 2367 utrisque,
3029 2302 3123 2372 qui
3167 2306 3261 2360 tibi
3292 2324 3415 2364 cum

1825 2372 1965 2429 felici
1988 2376 2183 2445 gaudio
2206 2382 2537 2436 consortium
2557 2383 2758 2439 tribuat
2775 2389 3109 2459 angelorum,
3132 2402 3189 2449 et
3208 2398 3416 2455 socium

1824 2465 1987 2521 faciat
2012 2471 2466 2539 patriarcharum,
2495 2476 2545 2530 in
2581 2494 2808 2534 numero
2837 2494 3108 2554 computet
3129 2490 3417 2559 propheta-

1824 2573 1963 2626 rum,
1990 2560 2042 2613 in
2064 2563 2421 2620 exsultatione
2448 2568 2652 2623 socium
2671 2569 3233 2644 faciatapostolorum.
3267 2581 3415 2637 Scri-

1819 2659 1970 2720 ptum
2002 2663 2085 2706 cst
2109 2656 2252 2709 enim
2286 2697 2299 2710 .
2336 2656 2440 2723 Qui
2473 2663 2655 2715 timent
2682 2662 2966 2720 Dominum
2994 2683 3331 2738 speraverant
3360 2675 3416 2728 in

1818 2740 2070 2807 Domino,
2100 2743 2317 2813 adjutor
2344 2763 2543 2812 eorum,
2587 2761 2633 2803 et
2664 2763 2927 2820 protector
2955 2774 3134 2812 eorum
3175 2772 3249 2816 est
3292 2762 3411 2835 (Ps.

1818 2830 1995 2903 cxiii).
2030 2834 2095 2887 Et
2138 2835 2265 2892 alibi
2300 2851 2315 2889 :
2345 2835 2629 2894 Plenitudo
2667 2844 2939 2913 sapientia:
2983 2850 3166 2904 timere
3210 2830 3412 2918 Deum;

1818 2938 1865 2981 et
1915 2945 2106 2982 corona
2150 2931 2421 3001 sapientia:
2465 2932 2621 2987 timor
2665 2935 2877 2993 Domini
2921 2941 3123 3011 replens
3171 2962 3318 3013 pace,
3361 2960 3434 3017 et.

1817 3014 2006 3071 salutis
2050 3018 2226 3087 {ructu
2274 3019 2462 3091 (Eccli.
2497 3022 2536 3093 ι)
2596 3025 2663 3078 Ει
2693 3040 2707 3079 :
2739 3027 2842 3092 Qui
2884 3029 3077 3085 timetis
3122 3033 3408 3091 Dominum

1818 3108 2012 3162 credite
2036 3107 2198 3171 illi,et
2224 3127 2328 3165 non
2343 3113 2684 3168 evacuabitur
2706 3133 2898 3171 merces
2914 3130 3103 3174 vestra.
3133 3122 3238 3188 Qui
3257 3126 3409 3181 time-

1815 3197 1883 3251 tis
1909 3197 2210 3265 Dominum,
2249 3201 2448 3272 diligite
2483 3202 2652 3270 illum,
2682 3215 2729 3259 et
2760 3204 3200 3264 illuminabuntur
3240 3216 3401 3268 corda

1815 3299 1980 3342 rostra
1998 3287 2186 3360 (Eccli.
2208 3290 2290 3361 ιι).
2314 3290 2402 3355 Ει,
2426 3310 2583 3363 quam
2604 3312 2846 3367 magnus,
2870 3298 2960 3369 qui
2982 3300 3174 3355 invenit
3194 3305 3408 3374 sapien-

1814 3383 1984 3437 tiam?
2001 3384 2091 3437 sed
2112 3401 2213 3439 non
2235 3394 2310 3439 est
2345 3403 2499 3455 super
2523 3387 2786 3443 timentem
2835 3389 3004 3445 Deum
3027 3392 3219 3464 (Eccli.
3252 3399 3400 3471 xxv).

1813 3473 2012 3528 Beatus
2036 3475 2119 3528 cui
2144 3476 2325 3530 datum
2350 3485 2434 3531 est
2458 3476 2661 3534 habere
2687 3480 2931 3537 timorem
2956 3482 3072 3549 Dei,
3110 3483 3287 3539 Timor
3306 3505 3404 3542 au-

1814 3577 1916 3622 tem
1948 3568 2158 3624 Domini
2179 3570 2313 3623 sicut
2337 3570 2617 3639 paradisus
2644 3571 3013 3629 benedictionis
3059 3575 3249 3646 (Eccli.
3285 3579 3397 3651 XL),

1812 3659 1937 3728 quia
1967 3660 2018 3714 in
2043 3660 2131 3715 illa
2156 3669 2240 3715 est
2266 3661 2457 3716 fiducia
2489 3660 2852 3731 fortitudinis;
2881 3680 2978 3734 per
3008 3666 3157 3721 illum
3191 3669 3401 3729 fructus

1811 3750 2040 3819 pullulat
2062 3752 2252 3808 salutis
2294 3763 2345 3809 et
2375 3756 2542 3823 pacis.
2572 3755 2710 3811 Audi
2735 3758 2909 3813 adhuc
2931 3767 2985 3814 et
3011 3760 3297 3831 diligenter
3317 3773 3401 3818 at-

1811 3842 1990 3906 tende,
2039 3858 2072 3897 o
2128 3845 2419 3899 monache!
2460 3846 2588 3914 quid
2625 3846 2882 3903 Dominus
2935 3863 3034 3916 per
3079 3853 3401 3920 prophetam

1810 3935 2128 3989 timentibus
2162 3951 2219 3990 se
2270 3936 2548 4004 promittat
2580 3951 2594 3989 :
2630 3935 2865 4004 Orietur,
2914 3939 3102 4009 inquit,
3140 3944 3280 3998 vobis
3330 3948 3399 4000 ti-

1809 4024 2065 4079 mentibus
2096 4042 2281 4079 nomen
2311 4042 2483 4078 meum
2508 4025 2845 4097 soljustitiw,
2885 4038 2933 4081 et
2962 4032 3161 4085 sanitas
3190 4033 3244 4086 in
3265 4052 3398 4103 pen-

1810 4114 1889 4168 nis
1928 4114 2063 4184 ejus,
2104 4124 2151 4168 et
2189 4115 2524 4185 egrediemini
2566 4127 2614 4170 et
2642 4116 2841 4172 salictis
2876 4119 3012 4174 sicut
3037 4123 3183 4177 vituli
3212 4126 3275 4179 de
3301 4145 3394 4180 ar-

1808 4212 2003 4266 mento,
2027 4211 2133 4257 ctc.
2166 4202 2422 4274 (.lfalaclt.
2456 4203 2554 4277 iv).
2583 4206 2649 4262 Et
2680 4206 2794 4271 tibi,
2828 4224 2861 4263 ο
2886 4211 3170 4278 monachc,
3200 4214 3394 4270 timcn-

1806 4290 1931 4344 dum
1969 4300 2271 4347 estnomen
2312 4292 2545 4360 Domini,
2586 4305 2646 4350 ut
2689 4296 2770 4351 sol
2793 4298 3019 4369 justitiae
3059 4300 3152 4356 tibi
3182 4305 3392 4362 oriatur

119 4371 358 4428 Ecclesia
381 4373 626 4433 Graecum
656 4387 761 4446 est,
783 4384 924 4452 quod
956 4384 1008 4439 in
1033 4385 1286 4443 Latinum
1316 4393 1547 4448 vertitur
1572 4412 1701 4452 con-
1726 4418 1780 4478 D
1805 4384 2072 4478 Christus:
2108 4387 2199 4456 ‘I‘li
2245 4388 2441 4478 melius
2486 4394 2592 4443 ίυίε
2629 4389 2903 4461 ῑοηοὶπθδ.
2932 4392 3182 4463 expelli!"
3234 4396 3392 4464 isno-

118 4466 349 4532 vocatio,
370 4478 651 4540 propterea
675 4473 816 4541 quod
840 4490 1029 4531 omnes
1052 4478 1118 4533 ad
1142 4494 1201 4534 se
1223 4489 1396 4537 vocet.
1423 4482 1551 4551 Qua:
1574 4502 1698 4541 cum

118 4572 220 4610 una
269 4558 358 4622 sit,
398 4562 739 4630 universalis,
785 4566 838 4622 id
882 4577 965 4622 cst
999 4570 1283 4637 catholica,
1317 4589 1347 4627 a
1387 4572 1595 4632 Joanne
1642 4579 1697 4634 in

118 4647 433 4720 Apocalypsi
461 4650 612 4724 (Cap.
645 4647 684 4726 i)
716 4668 921 4726 septem
961 4661 1271 4717 scribuntur
1301 4664 1554 4721 Ecclesize
1575 4684 1697 4737 pro-

116 4748 233 4808 pter
256 4740 576 4799 uniformem
598 4746 819 4816 spiritus
839 4750 1245 4819 plenitudinem,
1274 4754 1325 4810 id
1349 4765 1433 4811 est
1450 4758 1694 4829 spiritus,

119 4834 390 4904 sapientia:
410 4846 464 4890 et
488 4837 811 4907 intellectus,
833 4843 1042 4898 consilii
1067 4854 1119 4899 et
1143 4843 1495 4913 fortitudinis,
1520 4850 1697 4911 scien-

119 4926 202 4979 tia:
233 4934 289 4981 et
312 4927 549 4996 pietatis,
574 4940 628 4985 et
656 4931 868 4988 timoris
897 4935 1128 4990 Domini.

182 5015 251 5069 Et
276 5018 401 5086 quid
421 5018 592 5073 dicit?
623 5020 818 5088 Venite,
846 5024 964 5091 ﬁlii,
987 5027 1167 5082 audite
1181 5045 1280 5082 me.
1309 5030 1497 5102 Magna
1522 5034 1696 5103 pietas

118 5115 168 5162 et
188 5107 551 5164 misericordia
568 5110 802 5181 Spiritus
847 5116 1042 5181 sancti,
1067 5118 1157 5187 qui
1182 5127 1309 5172 ante
1324 5124 1694 5181 conversionis

116 5200 352 5256 habitum
380 5218 816 5276 unumquemque
842 5209 910 5262 ad
933 5224 991 5263 se
1020 5211 1346 5266 audiendum
1379 5214 1589 5269 invitat.
1624 5218 1693 5273 Et

116 5308 246 5364 quos
278 5295 345 5349 ad
390 5298 761 5353 conversionis
802 5301 1032 5372 gratiam
1080 5302 1290 5368 invitat,
1325 5304 1464 5363 ﬁlios
1508 5317 1687 5362 vocat.

120 5388 226 5454 Ipse
245 5395 326 5442 est
352 5388 497 5442 enim
526 5390 613 5458 qui
639 5405 737 5459 per
760 5393 1077 5462 prophetam
1101 5395 1176 5448 ait
1202 5414 1214 5449 :
1242 5391 1455 5449 Patrem
1484 5398 1691 5453 invoca-

117 5478 188 5532 bis
217 5496 318 5544 me,
354 5489 402 5532 et
428 5490 540 5549 post
570 5498 650 5534 me
677 5483 879 5551 ingredi
910 5500 1012 5539 non
1051 5485 1274 5539 cessabis
1302 5485 1532 5554 (Jerem.
1566 5491 1688 5557 ιιι).

186 5570 440 5624 Timorem
475 5569 684 5626 Domini
710 5573 901 5627 docebo
926 5592 1011 5628 ros
1040 5574 1210 5647 (I’sal.
1244 5575 1458 5648 xxxiii).
1490 5576 1567 5631 De
1586 5579 1689 5635 hoc

121 5666 297 5721 timore
325 5674 378 5718 et
407 5663 535 5721 alibi
560 5663 842 5722 Psalmista
882 5667 957 5723 ait
990 5687 1001 5722 :
1034 5668 1212 5724 Timor
1234 5670 1445 5726 Domini
1474 5681 1688 5729 sanctus

1804 4477 2037 4533 rantiam
2069 4478 2250 4532 cordis
2273 4476 2506 4547 auferat,
2536 4486 2592 4534 et
2620 4477 2792 4534 lucem
2818 4480 3184 4553 intelligentiae
3210 4486 3390 4541 infun-

1805 4570 1914 4624 dat.
1948 4568 2046 4624 ilic
2081 4569 2229 4639 juste
2273 4570 2455 4626 vivere
2482 4571 2708 4636 tribuat,
2740 4580 2795 4626 et
2818 4581 2943 4643 post
2966 4582 3193 4631 mortem
3223 4577 3386 4633 vitam

1801 4668 2058 4714 aeternam
2091 4661 2374 4716 concedat.

1875 4752 2081 4810 Currite
2106 4755 2232 4809 dum
2273 4755 2447 4810 lumen
2490 4757 2607 4811 rita:
2642 4754 2862 4811 habetis.
2893 4754 3011 4810 Non
3041 4756 3130 4811 hic
3166 4774 3385 4815 cursum

1800 4845 2075 4916 corporis,
2128 4847 2221 4901 sed
2274 4845 2572 4917 profectum
2622 4847 2817 4918 qtucrit
2863 4847 3187 4905 animarum.
3240 4850 3388 4908 Unde

1798 4936 2084 4994 Psalmista
2111 4939 2187 4993 ait
2218 4955 2231 4991 :
2264 4937 2291 4992 l
2296 4938 2421 4994 bunt
2453 4939 2517 4993 de
2542 4940 2728 4994 virtute
2752 4939 2809 4993 in
2834 4938 3096 5006 virtutem,
3125 4952 3171 4995 ct
3196 4942 3391 4998 videbi-

1797 5040 1885 5084 tur
1925 5031 2066 5085 Deus
2106 5032 2322 5086 deorum
2364 5033 2418 5086 in
2462 5031 2591 5087 Sion
2616 5030 2789 5103 (Psal.
2818 5032 3068 5104 Litxxm).
3112 5033 3174 5088 Et
3210 5034 3336 5090 alihi
3368 5050 3382 5090 :

1808 5119 1959 5175 Viam
1985 5121 2356 5175 mandatorum
2386 5122 2615 5184 cucurri,
2644 5122 2769 5176 dum
2799 5122 3052 5177 dilatares
3080 5140 3172 5177 cor
3212 5142 3383 5203 meum

1797 5210 1971 5283 (Psal.
2027 5212 2239 5285 σιω-ιιι).
2282 5213 2415 5269 Nam
2461 5223 2515 5270 et
2558 5216 2647 5271 hic
2705 5233 2900 5273 cursus
2947 5218 3380 5274 observationem

1799 5305 1992 5357 manda
2003 5311 2180 5377 torum
2200 5312 2254 5358 et
2277 5304 2576 5374 profectum
2600 5306 2869 5377 significat
2887 5308 3209 5362 animarum.
3244 5306 3382 5362 Dum

1798 5392 1974 5449 lumen
2019 5395 2137 5449 vita:
2165 5394 2385 5461 habetis,
2427 5396 2622 5466 inquit,
2655 5398 2705 5451 id
2734 5406 2837 5461 est,
2870 5399 2994 5453 dum
3022 5398 3221 5461 vivitis,
3253 5398 3381 5453 dum

1795 5487 1950 5541 vobis
1974 5486 2095 5540 vita:
2121 5484 2279 5557 hujus
2301 5487 2531 5559 spatium
2557 5489 2827 5544 triimitur.
2861 5489 2994 5543 Nam
3016 5498 3070 5543 et
3090 5487 3175 5541 ille
3197 5495 3380 5543 lumen

1797 5579 1920 5633 vita:
1951 5582 2005 5633 in
2037 5594 2094 5633 se
2122 5579 2287 5633 habet
2328 5579 2438 5649 qui,
2490 5580 2676 5636 relicto
2720 5582 2915 5651 prioris
2953 5578 3380 5659 conversationis

1796 5686 2005 5734 errore,
2051 5672 2118 5728 ad
2154 5671 2403 5727 meliores
2448 5671 2567 5729 vias
2610 5673 2940 5729 convertitur
2987 5671 3132 5737 viite,
3163 5670 3376 5727 dicente
