3940 6418
497 248 591 304 7οἹ

1768 225 2119 286 SMARAGDI
2156 222 2447 281 ABBATIS

3666 212 3782 273 108

494 356 787 429 Apostolo:
821 353 997 407 Eratis
1023 347 1307 420 aliquando
1334 344 1580 407 tenebrar,
1613 357 1749 396 nunc
1771 350 1946 394 autem
1978 353 2070 391 tua:
2101 342 2145 399 Α
2173 350 2312 389 mus.
2352 335 2527 429 Dones
2552 338 2732 429 autem
2765 329 2880 387 dies
2915 344 3024 385 non
3050 328 3185 386 istos
3215 328 3423 429 dicit
3447 329 3649 429 quibus
3672 345 3785 385 ca-

493 446 550 501 in
592 445 811 501 Domino
851 440 1008 511 (Epit.
1047 438 1121 509 v).
1162 436 1266 491 Sed
1298 444 1352 489 ct
1394 435 1481 488 ille
1529 434 1706 486 lumen
1758 430 1879 484 vitae
1920 430 1971 483 in
2011 442 2070 482 se

494 537 676 599 habet,
699 532 786 603 qui
816 530 962 584 illum
986 530 1147 583 habet
1164 527 1254 596 qui
1274 527 1407 581 dixit
1433 543 1445 579 :
1471 524 1583 594 Ego
1603 538 1719 577 sum
1741 523 1834 574 lux
1856 520 2069 584 mundi;

491 627 581 698 qui
604 624 835 695 sequitur
861 638 963 685 me,
989 635 1092 672 non
1126 614 1358 670 ambulat
1390 614 1442 666 in
1463 613 1684 667 tenebris
1717 610 1898 685 (Joan.
1925 610 2070 681 vni).

496 716 645 771 Unde
669 722 723 767 et
754 712 842 767 hic
871 718 1056 779 aperte
1078 706 1328 775 sequitur
1354 722 1363 734 ·
1918 766 1921 771 ξ

566 806 648 860 Ne
700 803 922 858 tenebrae
970 800 1152 854 mortis
1202 814 1289 851 vos
1343 793 1800 865 comprehendant.
1859 790 1972 846 Hoc
2018 788 2075 844 in

492 899 614 953 loco
657 894 882 950 tenebrat
924 907 1071 946 mors
1117 889 1232 945 sive
1285 886 1530 942 diabolus
1564 883 1902 955 intelligitur.
1946 881 2077 937 Pos-

496 1004 685 1043 sumus
737 995 792 1041 et
843 984 962 1038 illas
1010 984 1097 1037 hic
1154 996 1259 1035 non
1311 977 1754 1033 iuconveuienter
1807 974 2080 1045 intellige-

495 1093 555 1130 re
604 1076 856 1130 tenebras
904 1088 1039 1143 quas
1086 1072 1138 1125 in
1200 1067 1491 1138 Evangelio
1540 1067 1797 1122 Dominus
1846 1065 2081 1120 exterio-

496 1182 585 1222 res
632 1164 882 1234 appellat.
964 1162 1065 1229 Qui
1130 1175 1275 1222 vero,
1340 1160 1466 1212 dum
1519 1158 1729 1221 vivunt,
1776 1173 1806 1210 a
1841 1156 1988 1211 vitiis
2022 1170 2081 1210 se

495 1271 747 1328 separare
770 1270 875 1309 non
903 1261 1178 1323 satagunt,
1202 1261 1258 1305 et
1283 1250 1571 1304 virtutibus
1593 1262 1843 1303 crescere
1872 1246 2076 1310 nolunt,

496 1347 689 1400 merito
731 1360 761 1398 a
815 1344 1004 1398 mortis
1056 1342 1292 1396 tenebris
1339 1338 1715 1410 comprehensi
1765 1339 1819 1392 in
1870 1336 2082 1393 inferno

494 1437 678 1508 lugent
708 1435 967 1491 damnati.
998 1434 1290 1489 Interiores
1320 1431 1520 1502 quippe
1566 1429 1814 1484 tenebras
1855 1428 2085 1484 dicimus

501 1528 798 1582 caecitatem
828 1524 1004 1580 cordis
1024 1565 1038 1587 ,
1071 1522 1369 1577 exteriores
1392 1536 1523 1576 vero
1551 1521 1800 1575 tenebras
1824 1527 2085 1572 mternam

494 1628 707 1673 noctem
739 1615 1118 1672 damnationis.
1154 1614 1306 1668 Tunc
1349 1628 1478 1684 ergo
1523 1612 1810 1667 damnatus
1855 1608 2088 1685 quisque

2171 424 2322 477 ducis
2352 420 2794 477 delectationibus
2839 434 3187 488 occupamur,
3235 419 3330 474 sed
3361 419 3481 474 illos
3516 421 3610 489 qui
3638 435 3784 476 vero

2171 515 2297 568 boni
2347 520 2475 567 sunt
2513 520 2567 566 et
2615 511 2669 565 in
2720 525 2930 564 summa
2959 510 3247 563 sanctitate
3274 518 3581 564 versantur.
3627 508 3776 575 Qusi

2171 611 2246 656 est
2273 602 2445 664 homo,
2480 599 2629 664 dicit,
2655 600 2744 670 qui
2772 598 2878 653 vult
2909 599 3088 664 vitam,
3118 599 3173 654 id
3198 606 3305 664 est,
3334 599 3499 653 vitam
3522 600 3775 665 beatam,

2173 700 2511 763 perpetuam,
2570 688 2958 753 immortalem,
3007 689 3127 744 sine
3164 698 3364 754 morte,
3422 690 3538 744 sine
3572 690 3771 756 [lueet

2175 782 2293 836 sine
2320 781 2527 846 labore,
2558 780 2684 850 quia
2728 780 2783 834 in
2810 775 2922 835 bac
2948 779 3061 834 vita
3089 780 3252 834 homo
3302 780 3368 834 ad
3398 780 3641 835 laborem
3673 794 3780 836 na—

2175 874 2364 929 scitur.
2403 872 2485 927 Ad
2515 873 2680 936 illam,
2711 881 2772 926 ut
2796 872 2914 927 sine
2943 870 3151 937 labore,
3179 880 3253 936 et,
3296 879 3356 926 ut
3398 872 3450 925 in
3495 880 3776 927 aeternum

2175 967 2345 1031 vivat,
2390 964 2661 1035 pervenit.
2700 963 2795 1018 Illa
2839 971 2922 1019 est
2949 964 3097 1018 enim
3143 963 3257 1017 vita
3288 963 3447 1017 beata
3496 963 3566 1017 ad
3596 976 3778 1032 quam

2177 1060 2270 1133 qui
2318 1076 2441 1115 cum
2492 1061 2757 1114 bonorum
2796 1072 3021 1127 operum
3070 1056 3538 1111 consummatione
3571 1069 3774 1125 perve-

2178 1152 2380 1216 nerint,
2435 1151 2609 1205 beatis
2643 1149 2852 1219 angelis
2896 1148 3102 1204 similes
3136 1156 3318 1212 erunt,
3353 1155 3409 1202 et
3437 1147 3600 1202 simul
3630 1161 3765 1202 cum

2179 1241 2291 1295 Deo
2324 1254 2425 1293 suo
2453 1239 2570 1293 sine
2594 1238 2699 1292 line
2730 1238 3049 1308 regnabunt.
3089 1238 3244 1304 Quod
3270 1237 3359 1291 hic
3387 1238 3770 1301 crediderant,

2181 1333 2254 1388 ibi
2283 1331 2540 1387 videbunt
2573 1331 2655 1386 sui
2686 1330 2950 1385 creatoris
2997 1328 3358 1383 substantiam
3389 1328 3606 1383 mundis
3644 1343 3776 1382 cor-

2181 1425 2341 1479 dibus
2399 1420 2847 1491 contemplantes,
2900 1429 3104 1474 zeterna
3155 1419 3515 1475 exsultatione
3569 1419 3779 1490 gaude-

2183 1515 2317 1569 bunt
2344 1513 2538 1568 divina:
2573 1511 2875 1567 dilectionis
2904 1519 2958 1566 et
2986 1518 3171 1565 mutua
3198 1511 3487 1565 dilectione
3516 1511 3767 1580 possessi

2188 1606 2242 1659 in
2279 1614 2563 1667 astcrnum,
2593 1612 2650 1657 et
2699 1601 2928 1656 invicem
2958 1600 3059 1655 sibi
3109 1600 3339 1656 feliciter
3392 1601 3774 1655 adhazrebunt.

495 1724 602 1761 non
630 1708 681 1761 in
706 1706 1010 1769 interiores,
1034 1704 1127 1759 sed
1149 1704 1201 1757 in
1223 1703 1523 1758 exteriores
1544 1701 1799 1756 tenebras
1814 1699 2078 1764 mittitur,
2108 1686 2156 1745 B
2185 1696 2435 1765 Reccptis
2494 1709 2617 1749 cum
2672 1692 3073 1763 incorruptione
3134 1701 3295 1763 atque
3352 1692 3777 1748 immortalitate

495 1797 621 1866 quia
669 1796 776 1850 illic
825 1794 1020 1850 invitus
1068 1793 1349 1865 projicitur
1395 1793 1450 1848 in
1497 1801 1651 1847 nocte
1695 1789 2075 1855 damnationis,

493 1888 587 1957 qui
617 1886 706 1941 hic
740 1894 930 1956 sponte
961 1886 1154 1940 cecidit
1198 1885 1251 1939 in
1282 1884 1575 1939 ctecitatcm
1615 1882 1813 1937 cordis.
1850 1880 1952 1937 Ubi
1987 1880 2081 1935 lle—

495 1986 584 2031 tus
609 1984 665 2030 et
687 1975 887 2030 stridor
906 1975 1143 2029 dentium
1169 1988 1289 2028 esse
1311 1974 1646 2043 perhibetur,
1674 1980 1734 2025 ut
1755 1970 1865 2026 illic
1889 1971 2080 2027 dentes

495 2065 758 2121 strideant
795 2067 885 2135 qui
940 2065 1031 2119 hic
1080 2065 1346 2121 edacitate
1394 2063 1734 2134 gaudebant;
1783 2061 1893 2117 illic
1935 2061 2079 2117 oculi

495 2153 728 2210 defleant
756 2156 844 2226 qui
875 2156 961 2210 hic
1003 2169 1104 2224 per
1131 2155 1343 2208 illicitas
1381 2152 1849 2223 concupiscentias
1886 2166 2077 2208 versa-

503 2246 704 2299 bantur
734 2260 749 2298 :
775 2253 1039 2315 quatenus
1062 2260 1286 2313 quchuc
1313 2242 1521 2315 singula
1546 2243 1788 2297 membra
1816 2242 2081 2314 supplicio

497 2334 834 2404 subjaceaut,
879 2352 998 2406 qute
1022 2336 1110 2389 hic
1137 2335 1360 2407 singulis
1399 2335 1701 2405 quibusque
1733 2334 1878 2389 vitiis
1903 2334 2082 2405 subje-

497 2434 584 2480 cta
615 2427 942 2481 serviebant.
978 2425 1036 2479 In
1063 2423 1188 2480 ﬂetu
1217 2439 1431 2495 quoque
1461 2424 1740 2478 oculorum
1764 2431 1821 2478 et
1843 2423 2082 2478 stridore

499 2517 740 2571 dentium
767 2531 866 2587 per
907 2515 1276 2585 metaphoram
1302 2514 1667 2567 membrorum
1694 2511 2079 2583 corporalium,

500 2605 813 2676 magnitudo
840 2604 1144 2659 ostenditur
1177 2612 1585 2659 tormentorum.
1614 2602 1874 2657 Tenebrae
1901 2610 2081 2658 autem

500 2695 756 2750 dicuntur
780 2708 845 2749 eo
871 2695 1015 2763 quod
1036 2702 1251 2748 teneant
1284 2694 1522 2747 umbras.
1570 2692 1686 2748 Non
1710 2692 1917 2763 aliquid
1958 2698 2087 2747 sunt

501 2786 756 2852 tenebrat,
784 2786 877 2841 sed
910 2787 1000 2841 ubi
1029 2786 1118 2840 lux
1150 2795 1254 2850 est,
1283 2787 1516 2840 tenebrae
1540 2785 1690 2840 (lunt.
1742 2784 1895 2841 Sicut
1938 2785 2085 2840 enim

503 2878 743 2933 tenebras
772 2877 901 2932 nihil
928 2886 1051 2932 sunt
1077 2879 1180 2932 nisi
1210 2878 1451 2933 absentia
1482 2877 1634 2941 lucis,
1673 2877 1749 2933 ita
1777 2893 1926 2934 mors
1950 2878 2086 2933 nihil

497 2974 585 3022 est
618 2968 718 3023 nisi
747 2968 977 3037 privatio
1000 2969 1146 3023 vitae.
1205 2967 1348 3023 Mors
1373 2969 1513 3023 dicta
1537 2967 1621 3022 vel
1651 2982 1681 3022 a
1713 2982 1896 3023 morsu
1925 3008 1942 3035 ,
1998 2967 2086 3023 vel

498 3061 623 3130 quia
651 3076 831 3115 amara
861 3070 960 3115 cst.

572 3149 639 3203 Et
659 3167 895 3221 qutrrens
917 3150 1171 3205 Dominus
1198 3150 1251 3205 in
1273 3144 1606 3205 multitudine
1629 3150 1828 3222 populi,
1864 3150 1950 3205 cui
1970 3151 2083 3207 luto

497 3240 709 3306 clamat,
738 3242 1031 3312 operarium
1056 3259 1231 3308 suum,
1258 3243 1447 3297 iterant
1467 3242 1616 3298 dicit.
1655 3243 1711 3297 In
1739 3243 2083 3299 multitudine

498 3334 645 3389 enim
695 3335 951 3391 Dominus
983 3351 1186 3405 paucos
1220 3338 1499 3408 operarios
1527 3338 1745 3407 quterit,
1775 3339 1900 3408 quia
1929 3338 2083 3394 multi

498 3434 619 3479 sunt
634 3426 820 3493 vocati,
841 3427 997 3496 pauci
1020 3437 1193 3481 autem
1215 3427 1361 3482 electi
1387 3427 1597 3498 (Matth.
1622 3429 1735 3500 xx).
1755 3428 1962 3497 Qumrit
1984 3430 2086 3485 uti-

501 3528 610 3584 que
644 3514 925 3585 0pcrarios
952 3515 1113 3571 modo
1149 3518 1404 3587 praesenti
1433 3518 1488 3572 in
1516 3518 1646 3583 vita,
1676 3519 1872 3588 quibus
1897 3529 2084 3590 postea

502 3604 925 3684 misericorditer
975 3605 1217 3661 clamans
1255 3607 1443 3661 dicat:
1483 3606 1667 3663 Venite
1707 3609 1776 3663 ad
1805 3626 1885 3664 me
1907 3627 2083 3666 omnes

503 3696 591 3766 qui
641 3686 920 3761 laboratis,
962 3705 1010 3749 et
1060 3697 1261 3750 onerati
1295 3699 1439 3762 estis,
1485 3707 1533 3752 et
1582 3716 1674 3770 ego
1720 3701 1951 3770 reﬁciam
1974 3720 2080 3768 vos,

504 3787 640 3841 dicit
666 3785 924 3841 Dominus
957 3784 1171 3858 (Matth.
1214 3787 1312 3859 xl).
1339 3786 1612 3859 Scriptum
1647 3798 1729 3845 est
1755 3792 1897 3846 enim
1932 3810 1944 3846 :
1980 3792 2085 3859 Qui

505 3885 751 3948 operatur
776 3864 969 3930 terram
1004 3893 1155 3931 suam
1201 3878 1528 3933 saturabitur
1570 3880 1817 3951 panibus.
1853 3881 1958 3947 Qui
1989 3899 2087 3935 au—

506 3972 608 4019 tem
650 3975 880 4020 sectatur
909 3966 1095 4034 otium,
1136 3967 1190 4021 in
1233 3977 1457 4039 egestate
1481 3971 1578 4024 erit
1620 3969 1802 4043 (Prov.
1839 3972 1960 4045 xu).
1995 3972 2085 4028 llle

509 4071 707 4118 terram
756 4079 909 4118 suam
959 4070 1179 4118 strenue
1214 4072 1494 4135 operatur,
1542 4066 1635 4136 qui
1677 4081 1875 4121 arcana
1907 4068 2087 4122 cordis

506 4155 586 4209 sui
611 4169 710 4223 per
730 4156 1041 4225 quotidiana
1066 4155 1346 4222 exercitia,
1372 4172 1471 4227 per
1498 4155 1633 4229 legis
1658 4159 2081 4223 meditationem,

506 4261 604 4315 per
640 4247 968 4317 vigilantiam
1024 4248 1239 4313 mentis,
1275 4247 1423 4301 velut
1457 4263 1554 4318 per
1583 4249 1968 4319 agriculturam
2005 4249 2088 4304 in-

508 4344 718 4391 stanter
765 4338 964 4402 erudit,
994 4345 1157 4408 atque
1196 4338 1527 4407 spiritalibus
1552 4339 1709 4403 cibis,
1763 4338 1909 4394 velut
1936 4340 2089 4410 pani-

509 4428 629 4493 bus,
695 4442 767 4482 ne
812 4428 952 4483 fame
1017 4430 1334 4501 ignorantia:
1396 4430 1748 4500 periclitetur,
1810 4432 2086 4487 interioris

508 4517 742 4573 hominis
767 4519 846 4573 sui
878 4534 1093 4575 sensum
1136 4521 1392 4576 invisibili
1422 4520 1681 4577 alimento
1727 4522 1952 4579 reticere
1978 4510 2083 4578 non

509 4607 738 4662 desistit.
774 4608 888 4675 Ille,
918 4609 1157 4678 inquam,
1188 4611 1278 4680 qui
1313 4610 1367 4664 in
1398 4619 1539 4665 terra
1576 4612 1823 4682 corporis
1847 4613 1931 4667 sui
1959 4629 2086 4685 ope-

508 4698 677 4751 rando
700 4705 991 4752 nocturnas
1015 4707 1233 4752 exercet
1259 4699 1470 4769 vigilias
1515 4700 1817 4771 uberesque
1840 4717 1940 4771 pro
1960 4718 2085 4774 pec-

508 4786 648 4840 catis
672 4785 897 4841 effundit
922 4786 1214 4858 Iacrymas,
1262 4804 1456 4859 corpus
1482 4805 1639 4844 suum
1665 4792 1908 4848 servituti
1939 4794 2085 4850 redi-

510 4889 642 4945 gcns
670 4875 915 4945 castigat,
958 4891 1175 4930 carnem
1206 4892 1357 4931 suam
1401 4876 1606 4948 jejunio
1644 4890 1883 4937 macerat
1917 4891 1971 4938 et
1993 4900 2089 4939 va-

513 4965 610 5018 riis
660 4963 1036 5020 amictionibus
1063 4967 1310 5042 cruciat,
1349 4968 1436 5023 ille
1487 4971 1717 5039 panibus
1757 4975 2009 5044 supernis
2036 4983 2093 5030 et

512 5056 748 5111 praemiis
781 5058 1112 5113 saturabitur
1142 5060 1378 5116 reternis.

587 5145 716 5211 Quis
756 5157 828 5201 est
864 5149 1016 5201 Itomo
1042 5149 1130 5219 qui
1173 5148 1277 5204 vult
1312 5150 1489 5219 vitam,
1523 5162 1571 5207 et
1592 5154 1732 5225 cupit
1770 5154 1942 5210 videre
1979 5154 2091 5209 dies

513 5237 675 5291 bonos
722 5236 892 5307 (Psal.
926 5240 1119 5311 xxmt)
1149 5241 1173 5293 ‘t
1204 5240 1350 5295 Talis
1401 5243 1753 5315 interrogatio
1778 5246 1954 5314 posita
1980 5253 2084 5310 est,

514 5340 676 5396 quam
728 5326 966 5381 omnium
1016 5331 1259 5399 sequitur
1305 5347 1578 5389 assensus.
1645 5334 1778 5401 Quis
1823 5341 1906 5389 est
1941 5334 2087 5388 enim

513 5417 607 5486 qui
660 5418 830 5487 possit
883 5417 1082 5486 dicere,
1122 5430 1215 5475 aut
1260 5423 1428 5476 vitam
1477 5423 1623 5488 nolo,
1656 5432 1750 5477 aut
1776 5424 1893 5479 dies
1915 5408 2088 5479 bonos

515 5508 698 5564 videre
725 5525 828 5564 non
862 5512 1063 5582 cupio?
1100 5514 1205 5569 Sed
1237 5515 1444 5569 utinam
1470 5517 1551 5571 sic
1577 5516 1743 5570 vitam
1771 5525 2087 5588 perpetuam

522 5611 898 5668 numeremus,
957 5603 1093 5657 sicut
1146 5605 1200 5659 in
1242 5605 1345 5660 ista
1385 5605 1664 5674 temporali
1695 5609 1859 5671 corda
1903 5607 2109 5679 deligi-.

2181 1790 2500 1860 corporibus
2543 1788 2939 1858 municipatum
2973 1788 3165 1857 patria:
3210 1788 3449 1844 ccelestis
3476 1784 3775 1858 accipient,

2179 1888 2345 1949 atque
2372 1879 2492 1950 ejus
2535 1879 2591 1933 in
2626 1887 2887 1934 aeternum
2934 1881 3082 1935 cives
3111 1879 3286 1935 eﬂ‘ecti
3339 1880 3606 1951 promissa
3632 1895 3777 1949 pne-

2179 1970 2290 2025 mia
2330 1968 2705 2040 reportabunt.
2740 1969 2817 2025 lbi
2878 1970 2958 2025 eis
3010 1971 3326 2026 exulerabit
3373 1979 3520 2024 tanta
3553 1970 3768 2034 laetitia,

2177 2068 2327 2114 tanta
2353 2059 2653 2115 catlestium
2686 2060 2857 2131 gratia
2887 2060 3229 2132 gaudiorum,
3274 2069 3337 2114 ut
3367 2062 3773 2117 remuneratori

2178 2166 2277 2207 suo
2299 2151 2392 2222 pio
2418 2166 2517 2221 pro
2558 2149 2727 2205 tantis
2767 2152 3083 2206 muneribus
3117 2151 3318 2222 gratias
3346 2160 3530 2222 agant,
3567 2160 3623 2206 et
3648 2150 3773 2205 nul-

2178 2242 2291 2297 lum
2317 2241 2595 2297 fastidium
2639 2257 2707 2296 ex
2739 2242 2856 2312 ipsa
2906 2240 3245 2297 aﬂluentium
3292 2240 3774 2313 bonorumperfc.
3854 2266 3866 2274 η

2180 2333 2364 2388 ctione
2390 2332 2714 2387 sustineant.

2254 2420 2413 2487 Quod
2438 2420 2485 2475 si
2516 2430 2574 2474 tu
2622 2420 2867 2486 audiens,
2897 2420 3253 2492 respondeas:
3309 2418 3443 2489 Ego,
3485 2419 3614 2472 dicat
3673 2417 3774 2472 tibi

2191 2510 2353 2566 Deus.
2395 2510 2536 2580 Quid
2564 2512 2635 2565 sit
2682 2510 2857 2566 Deus?
2895 2512 3037 2567 Deus
3087 2512 3189 2566 hoc
3213 2520 3298 2565 est
3342 2510 3487 2580 quod
3517 2509 3663 2563 nulla
3692 2518 3774 2565 at-

2182 2602 2347 2673 tingit
2374 2601 2579 2672 0pinio.
2619 2601 2749 2657 Plus
2773 2609 2858 2656 est
2895 2601 3039 2658 enim
3076 2616 3240 2671 quam
3292 2600 3436 2669 quod
3458 2599 3563 2652 dici
3592 2606 3774 2669 potest

2183 2702 2278 2749 aut
2323 2694 2571 2765 cogitari.
2611 2692 2746 2747 Nam
2790 2708 3127 2763 unaqumque
3180 2701 3375 2746 natura
3411 2707 3512 2762 pro
3561 2691 3771 2762 capaci-

2184 2790 2296 2838 tate
2324 2797 2423 2837 sua
2450 2781 2763 2851 suspicatur
2788 2781 2854 2836 de
2890 2781 3016 2835 Deo.
3059 2780 3124 2834 Et
3149 2789 3412 2850 quantum
3463 2790 3656 2835 natura
3685 2779 3770 2835 di-

2185 2880 2296 2928 stat
2328 2887 2359 2927 a
2388 2879 2604 2937 natura,
2654 2880 2865 2926 tantum
2916 2872 3182 2927 sententia
3233 2872 3397 2926 distat
3421 2887 3450 2925 a
3478 2871 3768 2929 sententia.

2187 2965 2326 3034 Quia
2351 2965 2498 3020 enim
2529 2979 2695 3036 super
2728 2964 2911 3020 omnia
2938 2971 3040 3029 est,
3074 2978 3295 3018 necesse
3335 2971 3420 3018 est
3444 2972 3504 3017 ut
3526 2963 3767 3017 omnium

2110 3044 2156 3106 C
2186 3065 2400 3113 mentes
2453 3057 2699 3114 excedat.
2740 3054 2999 3111 Homines
3045 3056 3191 3111 enim
3242 3064 3505 3127 quantum
3542 3064 3773 3127 possunt

2184 3147 2357 3202 aciem
2385 3146 2587 3201 mentis
2633 3145 2949 3210 extendere,
3015 3146 3285 3215 aspiciunt
3340 3146 3469 3217 quid
3501 3146 3646 3201 Deus
3668 3147 3765 3212 sit,

2183 3237 2461 3309 opinione,
2493 3252 2603 3293 non
2657 3237 2994 3292 deﬁnitione.
3029 3237 3220 3308 Angeli
3265 3246 3464 3303 autem,
3497 3238 3589 3307 qui
3612 3252 3770 3308 supe-

2182 3332 2357 3386 riorcs
2417 3329 2726 3385 hominibus
2773 3337 2920 3396 sunt,
2970 3331 3098 3400 quia
3148 3330 3269 3401 plus
3305 3330 3511 3401 aliquid
3565 3330 3633 3385 de
3662 3330 3772 3386 Deo

2184 3426 2425 3481 sentiunt
2452 3411 2569 3480 non.
2606 3433 2692 3481 est
2743 3425 2986 3479 dubium.
3028 3424 3355 3496 Arcbangeli
3405 3440 3538 3479 vero
3565 3439 3631 3479 eo
3656 3424 3773 3494 ipso

2182 3516 2433 3587 amplius.
2473 3514 2768 3571 Cherubim
2814 3523 2996 3569 autem
3049 3523 3105 3570 et
3138 3515 3434 3585 seraphim,
3469 3515 3563 3584 qui
3595 3516 3774 3586 proxi-

2183 3626 2272 3665 me
2293 3610 2447 3693 juxta
2477 3608 2648 3663 Deum
2680 3623 2803 3664 esse
2850 3608 3124 3674 dicuntur,
3169 3610 3374 3679 majora
3415 3610 3480 3664 de
3508 3611 3621 3665 Deo
3649 3625 3774 3665 sen-

2185 3686 2545 3760 tinam—non
2602 3713 2783 3759 tamen
2828 3704 3311 3787 comprehendunt
3369 3705 3588 3775 penitus
3643 3705 3772 3774 quid

2184 3797 2330 3854 Deus
2356 3798 2450 3865 sit,
2478 3798 2601 3869 quia
2642 3813 2802 3854 nemo
2840 3798 2992 3853 novit
3035 3798 3251 3854 Patrem
3299 3797 3401 3853 nisi
3450 3796 3644 3863 Filius,
3673 3811 3773 3853 nec

2185 3891 2381 3946 Filium
2410 3890 2534 3961 quis
2579 3890 2733 3945 novit
2771 3888 2877 3944 nisi
2906 3887 3087 3943 Pater.
3127 3887 3296 3959 Igitur
3320 3896 3407 3942 est
3436 3887 3602 3952 Deus,
3634 3888 3773 3943 sicut

2185 3985 2498 4040 hominibus
2555 3984 2793 4048 videtur,
2844 3983 3093 4053 spiritus,
3152 3991 3348 4037 natura
3386 3982 3636 4053 simplex,
3679 3983 3769 4038 lux

2187 4073 2599 4139 inaccessibilis,
2660 4074 2972 4140 invisibilis,
3026 4073 3443 4139 inaestimabilis,
3505 4073 3769 4139 inﬁnitus,

2184 4166 2475 4239 perfectus,
2507 4164 2707 4221 nullius
2732 4180 2917 4235 egens,
2948 4176 3212 4234 :etcrnus,
3249 4166 3571 4221 immortalis
3601 4169 3770 4225 omni-

2187 4257 2368 4321 modo,
2404 4273 2435 4312 a
2485 4272 2593 4328 quo
2631 4257 2846 4312 initium
2884 4258 3065 4314 omnia
3115 4266 3408 4313 consecuta
3437 4267 3584 4324 sunt,
3613 4274 3772 4314 vene-

2189 4349 2390 4404 randus
2419 4347 2784 4419 diligentibus,
2837 4349 3181 4413 metuendus,
3240 4356 3394 4404 extra
3445 4365 3606 4419 quem
3637 4350 3770 4405 nihil

2192 4447 2295 4506 est,
2329 4440 2439 4495 imo
2466 4441 2520 4496 in
2546 4456 2652 4511 quo
2677 4449 2804 4497 sunt
2838 4442 3045 4509 omnia,
3071 4457 3298 4512 qumque
3349 4451 3475 4498 sunt
3525 4459 3763 4510 sursum,

2192 4529 2465 4596 deorsum,
2520 4546 2728 4585 summa
2777 4540 2834 4585 et
2873 4531 3022 4598 ima;
3063 4532 3428 4603 omnipotens,
3474 4533 3655 4587 omnia
3696 4541 3772 4588 te-

2192 4634 2347 4686 nens,
2400 4636 2528 4676 vere
2583 4621 2637 4675 in
2663 4621 2916 4677 omnibus
2981 4623 3152 4689 dives,
3184 4624 3312 4692 quia
3357 4623 3491 4677 nihil
3523 4626 3772 4693 estquod

2192 4727 2299 4766 non
2326 4710 2441 4780 ejus
2467 4712 2577 4776 sit;
2618 4711 2812 4777 bonus,
2864 4711 3066 4781 justus,
3098 4714 3432 4769 misericors.
3476 4714 3571 4769 Est
3607 4724 3662 4769 ct
3687 4730 3771 4770 se-

2192 4818 2378 4870 verus,
2423 4812 2485 4857 ut
2540 4811 2769 4869 terrore,
2830 4820 2951 4875 qua:
2997 4807 3066 4863 ab
3100 4820 3164 4861 eo
3192 4806 3330 4861 bene
3376 4807 3592 4861 condita
3623 4815 3770 4872 sunt,

2195 4904 2602 4960 conserventur,
2655 4910 2722 4949 ne
2748 4896 3071 4969 negligentia
3125 4907 3340 4968 pareret
3376 4899 3501 4953 vitm
3525 4900 3772 4970 praccipi—

2192 4986 2348 5039 tium.
2391 4984 2480 5051 Et,
2530 5000 2599 5040 ne
2652 4987 2797 5056 quod
2850 4988 3152 5043 mirabilius
3205 4997 3291 5043 est
3334 4989 3768 5058 praetermittam.

2192 5082 2341 5129 tanta
2369 5082 2453 5129 est
2481 5073 2765 5131 clementia
2792 5076 2930 5146 ejus,
2976 5086 3036 5132 ut
3066 5080 3421 5134 contumelias
3473 5095 3665 5150 passus
3702 5080 3767 5135 ab

2194 5164 2281 5219 his
2308 5179 2447 5234 quos
2478 5163 2624 5231 fecit,
2653 5165 2876 5221 sull‘erat
2902 5176 2957 5223 et
2983 5168 3133 5239 prior
3157 5176 3315 5225 vocet
3338 5184 3431 5225 eos
3459 5170 3527 5224 ad
3555 5184 3764 5239 pacem.

2268 5253 2330 5310 Si
2354 5255 2427 5310 vis
2454 5256 2642 5311 habere
2664 5274 2836 5312 veram
2867 5267 2916 5312 et
2934 5268 3233 5330 perpetuam
3260 5261 3436 5315 vitam.
3476 5261 3597 5315 Vita
3628 5262 3766 5318 dicta

2192 5356 2412 5419 propter
2447 5347 2709 5419 vigorem,
2737 5349 2822 5405 vel
2851 5352 2993 5421 quod
3045 5359 3226 5407 teneat
3261 5353 3370 5407 vim
3399 5353 3655 5407 nascendi
3681 5362 3763 5408 at-

2193 5452 2298 5507 que
2344 5439 2642 5493 crescendi.
2684 5438 2815 5506 Quae
2858 5456 2989 5497 vera
3039 5451 3095 5496 et
3121 5451 3379 5514 perpetua
3414 5443 3632 5509 dicitur,
3683 5443 3765 5499 vel

2191 5541 2291 5597 pro
2312 5527 2551 5593 Christo,
2588 5531 2680 5600 qui
2697 5530 2833 5586 dixit
2862 5549 2876 5586 :
2911 5531 3026 5604 Ego
3052 5549 3167 5588 sum
3188 5535 3295 5599 via,
3327 5535 3537 5600 veritas,
3578 5543 3628 5588 et
3664 5535 3763 5589 vita

2195 5614 2378 5689 (Joan.
2406 5616 2518 5691 xiv)
2543 5635 2558 5684 ;
2591 5619 2675 5675 vel
2699 5630 2921 5692 propter
2953 5623 3329 5692 :etemitatcm,
3357 5640 3463 5695 qua
3492 5625 3690 5681 vivitur
3710 5625 3755 5682 in
