  <div class='ocr_page' id='page_1' title='image "/cluster/home/n/w/nwhite01/storage/ocr_20150623/102/umn.31951002477395f/362.png"; bbox 0 0 3940 6448; ppageno 0'>
   <div class='ocr_carea' id='block_1_1' title="bbox 159 303 256 357">
    <p class='ocr_par' dir='ltr' id='par_1_1' title="bbox 159 303 256 357">
     <span class='ocr_line' id='line_1_1' title="bbox 159 303 256 357; baseline 0.021 -2"><span class='ocrx_word' id='word_1_1' title='bbox 159 303 256 357; x_wconf 76' lang='lat'><strong>70‘)</strong></span> 
     </span>
    </p>
   </div>
   <div class='ocr_carea' id='block_1_2' title="bbox 1202 299 2383 361">
    <p class='ocr_par' dir='ltr' id='par_1_2' title="bbox 1202 299 2383 361">
     <span class='ocr_line' id='line_1_2' title="bbox 1202 299 2383 361; baseline 0.003 -4"><span class='ocrx_word' id='word_1_2' title='bbox 1202 299 1554 358; x_wconf 63' lang='lat' dir='ltr'><strong>COliMENT.</strong></span> <span class='ocrx_word' id='word_1_3' title='bbox 1598 300 1664 356; x_wconf 75' lang='grc' dir='ltr'><strong>ΙΝ</strong></span> <span class='ocrx_word' id='word_1_4' title='bbox 1707 300 1864 358; x_wconf 78' lang='lat' dir='ltr'><strong>REG.</strong></span> <span class='ocrx_word' id='word_1_5' title='bbox 1905 302 1963 358; x_wconf 88' lang='lat' dir='ltr'><strong>S.</strong></span> <span class='ocrx_word' id='word_1_6' title='bbox 2009 301 2383 361; x_wconf 74' lang='lat' dir='ltr'><strong>DENEDICTI.</strong></span> 
     </span>
    </p>
   </div>
   <div class='ocr_carea' id='block_1_3' title="bbox 3323 302 3428 359">
    <p class='ocr_par' dir='ltr' id='par_1_3' title="bbox 3323 302 3428 359">
     <span class='ocr_line' id='line_1_3' title="bbox 3323 302 3428 359; baseline -0.019 0"><span class='ocrx_word' id='word_1_7' title='bbox 3323 302 3428 359; x_wconf 81' lang='lat'><strong>710</strong></span> 
     </span>
    </p>
   </div>
   <div class='ocr_carea' id='block_1_4' title="bbox 160 412 3433 486">
    <p class='ocr_par' dir='ltr' id='par_1_4' title="bbox 160 412 3433 486">
     <span class='ocr_line' id='line_1_4' title="bbox 160 412 3433 486; baseline 0 -14"><span class='ocrx_word' id='word_1_8' title='bbox 160 436 240 472; x_wconf 78' lang='lat' dir='ltr'><strong>ea.</strong></span> <span class='ocrx_word' id='word_1_9' title='bbox 305 417 398 471; x_wconf 87' lang='lat' dir='ltr'><strong>lsti</strong></span> <span class='ocrx_word' id='word_1_10' title='bbox 445 416 591 470; x_wconf 89' lang='lat' dir='ltr'><strong>enim</strong></span> <span class='ocrx_word' id='word_1_11' title='bbox 632 415 755 469; x_wconf 70' lang='lat' dir='ltr'><strong>vita:</strong></span> <span class='ocrx_word' id='word_1_12' title='bbox 809 430 957 470; x_wconf 85' lang='lat' dir='ltr'><strong>mors</strong></span> <span class='ocrx_word' id='word_1_13' title='bbox 1015 416 1279 479; x_wconf 75' lang='lat' dir='ltr'><strong>succedit,</strong></span> <span class='ocrx_word' id='word_1_14' title='bbox 1319 414 1394 468; x_wconf 91' lang='lat' dir='ltr'><strong>illi</strong></span> <span class='ocrx_word' id='word_1_15' title='bbox 1441 429 1738 484; x_wconf 78' lang='lat' dir='ltr'><strong>nunquam.</strong></span> <span class='ocrx_word' id='word_1_16' title='bbox 1770 416 1817 474; x_wconf 74' lang='grc' dir='ltr'>Α</span> <span class='ocrx_word' id='word_1_17' title='bbox 1847 413 2007 469; x_wconf 85' lang='lat' dir='ltr'><strong>limus</strong></span> <span class='ocrx_word' id='word_1_18' title='bbox 2035 412 2364 486; x_wconf 83' lang='lat' dir='ltr'><strong>audientem,</strong></span> <span class='ocrx_word' id='word_1_19' title='bbox 2399 414 2625 485; x_wconf 85' lang='lat' dir='ltr'><strong>utquod</strong></span> <span class='ocrx_word' id='word_1_20' title='bbox 2665 415 2909 471; x_wconf 92' lang='lat' dir='ltr'><strong>creditur</strong></span> <span class='ocrx_word' id='word_1_21' title='bbox 2961 416 3030 471; x_wconf 88' lang='lat' dir='ltr'><strong>ad</strong></span> <span class='ocrx_word' id='word_1_22' title='bbox 3058 416 3318 472; x_wconf 80' lang='lat' dir='ltr'><strong>auxilium</strong></span> <span class='ocrx_word' id='word_1_23' title='bbox 3351 419 3433 472; x_wconf 33' lang='lat' dir='ltr'><strong>ius</strong></span> 
     </span>
    </p>
   </div>
   <div class='ocr_carea' id='block_1_5' title="bbox 161 504 1745 578">
    <p class='ocr_par' dir='ltr' id='par_1_5' title="bbox 161 504 1745 578">
     <span class='ocr_line' id='line_1_5' title="bbox 161 504 1745 578; baseline -0.004 -15"><span class='ocrx_word' id='word_1_24' title='bbox 161 510 454 578; x_wconf 76' lang='lat' dir='ltr'><strong>Propterea</strong></span> <span class='ocrx_word' id='word_1_25' title='bbox 498 507 600 561; x_wconf 87' lang='lat' dir='ltr'><strong>ista</strong></span> <span class='ocrx_word' id='word_1_26' title='bbox 634 505 812 569; x_wconf 79' lang='lat' dir='ltr'><strong>fallax,</strong></span> <span class='ocrx_word' id='word_1_27' title='bbox 871 505 959 559; x_wconf 89' lang='lat' dir='ltr'><strong>illa</strong></span> <span class='ocrx_word' id='word_1_28' title='bbox 990 520 1121 560; x_wconf 91' lang='lat' dir='ltr'><strong>vero</strong></span> <span class='ocrx_word' id='word_1_29' title='bbox 1159 512 1383 560; x_wconf 82' lang='lat' dir='ltr'><strong>vocatur</strong></span> <span class='ocrx_word' id='word_1_30' title='bbox 1411 519 1599 559; x_wconf 85' lang='lat' dir='ltr'><strong>verax.</strong></span> <span class='ocrx_word' id='word_1_31' title='bbox 1637 504 1745 558; x_wconf 87' lang='lat' dir='ltr'><strong>Ista</strong></span> 
     </span>
    </p>
   </div>
   <div class='ocr_carea' id='block_1_6' title="bbox 162 594 1747 666">
    <p class='ocr_par' dir='ltr' id='par_1_6' title="bbox 162 594 1747 666">
     <span class='ocr_line' id='line_1_6' title="bbox 162 594 1747 666; baseline -0.003 -13"><span class='ocrx_word' id='word_1_32' title='bbox 162 599 399 653; x_wconf 76' lang='lat' dir='ltr'><strong>breviter</strong></span> <span class='ocrx_word' id='word_1_33' title='bbox 422 598 741 661; x_wconf 85' lang='lat' dir='ltr'><strong>terminata,</strong></span> <span class='ocrx_word' id='word_1_34' title='bbox 767 597 856 652; x_wconf 88' lang='lat' dir='ltr'><strong>illa</strong></span> <span class='ocrx_word' id='word_1_35' title='bbox 883 606 1110 652; x_wconf 83' lang='lat' dir='ltr'><strong>vocatur</strong></span> <span class='ocrx_word' id='word_1_36' title='bbox 1147 604 1429 666; x_wconf 91' lang='lat' dir='ltr'><strong>perpetua.</strong></span> <span class='ocrx_word' id='word_1_37' title='bbox 1468 594 1577 650; x_wconf 86' lang='lat' dir='ltr'><strong>Ista</strong></span> <span class='ocrx_word' id='word_1_38' title='bbox 1608 609 1747 650; x_wconf 88' lang='lat' dir='ltr'><strong>mor-</strong></span> 
     </span>
    </p>
   </div>
   <div class='ocr_carea' id='block_1_7' title="bbox 166 686 1747 755">
    <p class='ocr_par' dir='ltr' id='par_1_7' title="bbox 166 686 1747 755">
     <span class='ocr_line' id='line_1_7' title="bbox 166 686 1747 755; baseline -0.002 -11"><span class='ocrx_word' id='word_1_39' title='bbox 166 690 308 755; x_wconf 87' lang='lat' dir='ltr'><strong>talis,</strong></span> <span class='ocrx_word' id='word_1_40' title='bbox 335 690 424 743; x_wconf 91' lang='lat' dir='ltr'><strong>illa</strong></span> <span class='ocrx_word' id='word_1_41' title='bbox 458 697 687 745; x_wconf 77' lang='lat' dir='ltr'><strong>vocatur</strong></span> <span class='ocrx_word' id='word_1_42' title='bbox 742 697 963 744; x_wconf 64' lang='lat' dir='ltr'><strong>interna.</strong></span> <span class='ocrx_word' id='word_1_43' title='bbox 1005 687 1112 742; x_wconf 88' lang='lat' dir='ltr'><strong>[sta</strong></span> <span class='ocrx_word' id='word_1_44' title='bbox 1159 688 1383 754; x_wconf 89' lang='lat' dir='ltr'><strong>misera,</strong></span> <span class='ocrx_word' id='word_1_45' title='bbox 1437 686 1528 741; x_wconf 88' lang='lat' dir='ltr'><strong>illa</strong></span> <span class='ocrx_word' id='word_1_46' title='bbox 1562 696 1747 742; x_wconf 90' lang='lat' dir='ltr'><strong>autem</strong></span> 
     </span>
    </p>
   </div>
   <div class='ocr_carea' id='block_1_8' title="bbox 164 778 1749 852">
    <p class='ocr_par' dir='ltr' id='par_1_8' title="bbox 164 778 1749 852">
     <span class='ocr_line' id='line_1_8' title="bbox 164 778 1749 852; baseline -0.003 -15"><span class='ocrx_word' id='word_1_47' title='bbox 164 791 247 837; x_wconf 87' lang='lat' dir='ltr'><strong>est</strong></span> <span class='ocrx_word' id='word_1_48' title='bbox 297 782 554 852; x_wconf 83' lang='lat' dir='ltr'><strong>gloriosa.</strong></span> <span class='ocrx_word' id='word_1_49' title='bbox 593 781 701 836; x_wconf 82' lang='lat' dir='ltr'><strong>ista</strong></span> <span class='ocrx_word' id='word_1_50' title='bbox 724 780 1005 835; x_wconf 85' lang='lat' dir='ltr'><strong>doloribus</strong></span> <span class='ocrx_word' id='word_1_51' title='bbox 1053 788 1110 834; x_wconf 90' lang='lat' dir='ltr'><strong>et</strong></span> <span class='ocrx_word' id='word_1_52' title='bbox 1138 779 1417 834; x_wconf 84' lang='lat' dir='ltr'><strong>laboribus</strong></span> <span class='ocrx_word' id='word_1_53' title='bbox 1442 778 1625 849; x_wconf 87' lang='lat' dir='ltr'><strong>plena,</strong></span> <span class='ocrx_word' id='word_1_54' title='bbox 1657 778 1749 833; x_wconf 83' lang='lat' dir='ltr'><strong>illa</strong></span> 
     </span>
    </p>
   </div>
   <div class='ocr_carea' id='block_1_9' title="bbox 166 869 1752 941">
    <p class='ocr_par' dir='ltr' id='par_1_9' title="bbox 166 869 1752 941">
     <span class='ocr_line' id='line_1_9' title="bbox 166 869 1752 941; baseline -0.003 -14"><span class='ocrx_word' id='word_1_55' title='bbox 166 873 398 927; x_wconf 75' lang='lat' dir='ltr'><strong>sanitate</strong></span> <span class='ocrx_word' id='word_1_56' title='bbox 433 879 488 926; x_wconf 90' lang='lat' dir='ltr'><strong>et</strong></span> <span class='ocrx_word' id='word_1_57' title='bbox 517 871 702 941; x_wconf 90' lang='lat' dir='ltr'><strong>quiete</strong></span> <span class='ocrx_word' id='word_1_58' title='bbox 752 878 939 925; x_wconf 89' lang='lat' dir='ltr'><strong>manet</strong></span> <span class='ocrx_word' id='word_1_59' title='bbox 975 869 1234 940; x_wconf 83' lang='lat' dir='ltr'><strong>jucunda.</strong></span> <span class='ocrx_word' id='word_1_60' title='bbox 1276 870 1381 924; x_wconf 86' lang='lat' dir='ltr'><strong>Ista</strong></span> <span class='ocrx_word' id='word_1_61' title='bbox 1410 869 1552 925; x_wconf 90' lang='lat' dir='ltr'><strong>odiis</strong></span> <span class='ocrx_word' id='word_1_62' title='bbox 1575 877 1630 923; x_wconf 94' lang='lat' dir='ltr'><strong>et</strong></span> <span class='ocrx_word' id='word_1_63' title='bbox 1656 869 1752 923; x_wconf 87' lang='lat' dir='ltr'><strong>de-</strong></span> 
     </span>
    </p>
   </div>
   <div class='ocr_carea' id='block_1_10' title="bbox 166 957 1754 1031">
    <p class='ocr_par' dir='ltr' id='par_1_10' title="bbox 166 957 1754 1031">
     <span class='ocr_line' id='line_1_10' title="bbox 166 957 1754 1031; baseline -0.003 -15"><span class='ocrx_word' id='word_1_64' title='bbox 166 961 394 1016; x_wconf 84' lang='lat' dir='ltr'><strong>fectibus</strong></span> <span class='ocrx_word' id='word_1_65' title='bbox 443 960 720 1031; x_wconf 81' lang='lat' dir='ltr'><strong>languida,</strong></span> <span class='ocrx_word' id='word_1_66' title='bbox 748 959 839 1014; x_wconf 87' lang='lat' dir='ltr'><strong>illa</strong></span> <span class='ocrx_word' id='word_1_67' title='bbox 892 959 1159 1014; x_wconf 88' lang='lat' dir='ltr'><strong>cbaritate</strong></span> <span class='ocrx_word' id='word_1_68' title='bbox 1192 966 1248 1013; x_wconf 90' lang='lat' dir='ltr'><strong>et</strong></span> <span class='ocrx_word' id='word_1_69' title='bbox 1286 958 1578 1013; x_wconf 87' lang='lat' dir='ltr'><strong>virtutibus</strong></span> <span class='ocrx_word' id='word_1_70' title='bbox 1604 957 1754 1012; x_wconf 73' lang='lat' dir='ltr'><strong>laeta-</strong></span> 
     </span>
    </p>
   </div>
   <div class='ocr_carea' id='block_1_11' title="bbox 168 1044 1751 1118">
    <p class='ocr_par' dir='ltr' id='par_1_11' title="bbox 168 1044 1751 1118">
     <span class='ocr_line' id='line_1_11' title="bbox 168 1044 1751 1118; baseline -0.004 -14"><span class='ocrx_word' id='word_1_71' title='bbox 168 1059 256 1104; x_wconf 89' lang='lat' dir='ltr'><strong>tur</strong></span> <span class='ocrx_word' id='word_1_72' title='bbox 283 1049 515 1103; x_wconf 88' lang='lat' dir='ltr'><strong>fecunda</strong></span> <span class='ocrx_word' id='word_1_73' title='bbox 564 1063 799 1118; x_wconf 85' lang='lat' dir='ltr'><strong>semper.</strong></span> <span class='ocrx_word' id='word_1_74' title='bbox 851 1048 926 1102; x_wconf 91' lang='lat' dir='ltr'><strong>De</strong></span> <span class='ocrx_word' id='word_1_75' title='bbox 959 1047 1045 1102; x_wconf 86' lang='lat' dir='ltr'><strong>his</strong></span> <span class='ocrx_word' id='word_1_76' title='bbox 1091 1047 1282 1102; x_wconf 82' lang='lat' dir='ltr'><strong>beatus</strong></span> <span class='ocrx_word' id='word_1_77' title='bbox 1334 1045 1666 1116; x_wconf 77' lang='lat' dir='ltr'><strong>Augustinus</strong></span> <span class='ocrx_word' id='word_1_78' title='bbox 1695 1044 1751 1098; x_wconf 90' lang='lat' dir='ltr'><strong>iu</strong></span> 
     </span>
    </p>
   </div>
   <div class='ocr_carea' id='block_1_12' title="bbox 171 1134 1751 1209">
    <p class='ocr_par' dir='ltr' id='par_1_12' title="bbox 171 1134 1751 1209">
     <span class='ocr_line' id='line_1_12' title="bbox 171 1134 1751 1209; baseline -0.004 -14"><span class='ocrx_word' id='word_1_79' title='bbox 171 1140 520 1209; x_wconf 76' lang='lat' dir='ltr'><strong>Expositione</strong></span> <span class='ocrx_word' id='word_1_80' title='bbox 556 1138 832 1209; x_wconf 79' lang='lat' dir='ltr'><strong>Evangelii</strong></span> <span class='ocrx_word' id='word_1_81' title='bbox 889 1138 1010 1192; x_wconf 91' lang='lat' dir='ltr'><strong>ait:</strong></span> <span class='ocrx_word' id='word_1_82' title='bbox 1066 1138 1212 1192; x_wconf 86' lang='lat' dir='ltr'><strong>Duas</strong></span> <span class='ocrx_word' id='word_1_83' title='bbox 1262 1137 1445 1206; x_wconf 81' lang='lat' dir='ltr'><strong>itaque</strong></span> <span class='ocrx_word' id='word_1_84' title='bbox 1474 1136 1615 1191; x_wconf 85' lang='lat' dir='ltr'><strong>vitas</strong></span> <span class='ocrx_word' id='word_1_85' title='bbox 1647 1134 1751 1189; x_wconf 84' lang='lat' dir='ltr'><strong>sibi</strong></span> 
     </span>
    </p>
   </div>
   <div class='ocr_carea' id='block_1_13' title="bbox 171 1228 1754 1300">
    <p class='ocr_par' dir='ltr' id='par_1_13' title="bbox 171 1228 1754 1300">
     <span class='ocr_line' id='line_1_13' title="bbox 171 1228 1754 1300; baseline -0.006 -13"><span class='ocrx_word' id='word_1_86' title='bbox 171 1232 428 1287; x_wconf 86' lang='lat' dir='ltr'><strong>divinitus</strong></span> <span class='ocrx_word' id='word_1_87' title='bbox 460 1231 746 1300; x_wconf 77' lang='lat' dir='ltr'><strong>przedictas</strong></span> <span class='ocrx_word' id='word_1_88' title='bbox 780 1229 930 1283; x_wconf 90' lang='lat' dir='ltr'><strong>novit</strong></span> <span class='ocrx_word' id='word_1_89' title='bbox 959 1228 1227 1283; x_wconf 85' lang='lat' dir='ltr'><strong>Ecclesia.</strong></span> <span class='ocrx_word' id='word_1_90' title='bbox 1268 1228 1507 1294; x_wconf 85' lang='lat' dir='ltr'><strong>Quarum</strong></span> <span class='ocrx_word' id='word_1_91' title='bbox 1537 1242 1643 1281; x_wconf 86' lang='lat' dir='ltr'><strong>una</strong></span> <span class='ocrx_word' id='word_1_92' title='bbox 1669 1234 1754 1278; x_wconf 91' lang='lat' dir='ltr'><strong>est</strong></span> 
     </span>
    </p>
   </div>
   <div class='ocr_carea' id='block_1_14' title="bbox 174 1319 1755 1392">
    <p class='ocr_par' dir='ltr' id='par_1_14' title="bbox 174 1319 1755 1392">
     <span class='ocr_line' id='line_1_14' title="bbox 174 1319 1755 1392; baseline -0.004 -15"><span class='ocrx_word' id='word_1_93' title='bbox 174 1324 224 1378; x_wconf 94' lang='lat' dir='ltr'><strong>in</strong></span> <span class='ocrx_word' id='word_1_94' title='bbox 258 1324 385 1389; x_wconf 87' lang='lat' dir='ltr'><strong>fide,</strong></span> <span class='ocrx_word' id='word_1_95' title='bbox 413 1324 587 1377; x_wconf 87' lang='lat' dir='ltr'><strong>altera</strong></span> <span class='ocrx_word' id='word_1_96' title='bbox 619 1324 671 1376; x_wconf 90' lang='lat' dir='ltr'><strong>in</strong></span> <span class='ocrx_word' id='word_1_97' title='bbox 702 1322 904 1391; x_wconf 81' lang='lat' dir='ltr'><strong>specie.</strong></span> <span class='ocrx_word' id='word_1_98' title='bbox 946 1321 1065 1376; x_wconf 89' lang='lat' dir='ltr'><strong>Una</strong></span> <span class='ocrx_word' id='word_1_99' title='bbox 1113 1322 1165 1375; x_wconf 92' lang='lat' dir='ltr'><strong>in</strong></span> <span class='ocrx_word' id='word_1_100' title='bbox 1192 1322 1650 1392; x_wconf 87' lang='lat' dir='ltr'><strong>peregrinatione,</strong></span> <span class='ocrx_word' id='word_1_101' title='bbox 1681 1319 1755 1372; x_wconf 87' lang='lat' dir='ltr'><strong>al-</strong></span> 
     </span>
    </p>
   </div>
   <div class='ocr_carea' id='block_1_15' title="bbox 174 1408 1749 1477">
    <p class='ocr_par' dir='ltr' id='par_1_15' title="bbox 174 1408 1749 1477">
     <span class='ocr_line' id='line_1_15' title="bbox 174 1408 1749 1477; baseline -0.003 -12"><span class='ocrx_word' id='word_1_102' title='bbox 174 1421 288 1466; x_wconf 87' lang='lat' dir='ltr'><strong>tera</strong></span> <span class='ocrx_word' id='word_1_103' title='bbox 313 1413 368 1466; x_wconf 90' lang='lat' dir='ltr'><strong>in</strong></span> <span class='ocrx_word' id='word_1_104' title='bbox 402 1412 725 1465; x_wconf 75' lang='lat' dir='ltr'><strong>:eternitate.</strong></span> <span class='ocrx_word' id='word_1_105' title='bbox 768 1410 887 1466; x_wconf 90' lang='lat' dir='ltr'><strong>Una</strong></span> <span class='ocrx_word' id='word_1_106' title='bbox 921 1410 974 1464; x_wconf 91' lang='lat' dir='ltr'><strong>in</strong></span> <span class='ocrx_word' id='word_1_107' title='bbox 1004 1410 1210 1474; x_wconf 90' lang='lat' dir='ltr'><strong>labore,</strong></span> <span class='ocrx_word' id='word_1_108' title='bbox 1243 1409 1411 1463; x_wconf 84' lang='lat' dir='ltr'><strong>altera</strong></span> <span class='ocrx_word' id='word_1_109' title='bbox 1446 1409 1501 1462; x_wconf 89' lang='lat' dir='ltr'><strong>in</strong></span> <span class='ocrx_word' id='word_1_110' title='bbox 1541 1408 1749 1477; x_wconf 86' lang='lat' dir='ltr'><strong>requie.</strong></span> 
     </span>
    </p>
   </div>
   <div class='ocr_carea' id='block_1_16' title="bbox 173 1500 1751 1571">
    <p class='ocr_par' dir='ltr' id='par_1_16' title="bbox 173 1500 1751 1571">
     <span class='ocr_line' id='line_1_16' title="bbox 173 1500 1751 1571; baseline -0.003 -14"><span class='ocrx_word' id='word_1_111' title='bbox 173 1502 287 1558; x_wconf 86' lang='lat' dir='ltr'><strong>Una</strong></span> <span class='ocrx_word' id='word_1_112' title='bbox 316 1502 373 1555; x_wconf 89' lang='lat' dir='ltr'><strong>in</strong></span> <span class='ocrx_word' id='word_1_113' title='bbox 401 1501 512 1566; x_wconf 86' lang='lat' dir='ltr'><strong>via,</strong></span> <span class='ocrx_word' id='word_1_114' title='bbox 539 1501 709 1556; x_wconf 88' lang='lat' dir='ltr'><strong>altera</strong></span> <span class='ocrx_word' id='word_1_115' title='bbox 736 1502 790 1555; x_wconf 91' lang='lat' dir='ltr'><strong>in</strong></span> <span class='ocrx_word' id='word_1_116' title='bbox 815 1501 1010 1571; x_wconf 85' lang='lat' dir='ltr'><strong>patria.</strong></span> <span class='ocrx_word' id='word_1_117' title='bbox 1037 1500 1156 1556; x_wconf 88' lang='lat' dir='ltr'><strong>Una</strong></span> <span class='ocrx_word' id='word_1_118' title='bbox 1186 1516 1309 1555; x_wconf 89' lang='lat' dir='ltr'><strong>cum</strong></span> <span class='ocrx_word' id='word_1_119' title='bbox 1340 1501 1494 1556; x_wconf 89' lang='lat' dir='ltr'><strong>hoste</strong></span> <span class='ocrx_word' id='word_1_120' title='bbox 1525 1508 1751 1570; x_wconf 80' lang='lat' dir='ltr'><strong>pugnat,</strong></span> 
     </span>
    </p>
   </div>
   <div class='ocr_carea' id='block_1_17' title="bbox 1848 504 3435 578">
    <p class='ocr_par' dir='ltr' id='par_1_17' title="bbox 1848 504 3435 578">
     <span class='ocr_line' id='line_1_17' title="bbox 1848 504 3435 578; baseline 0.004 -21"><span class='ocrx_word' id='word_1_121' title='bbox 1848 504 1991 560; x_wconf 89' lang='lat' dir='ltr'><strong>ferre</strong></span> <span class='ocrx_word' id='word_1_122' title='bbox 2028 504 2277 568; x_wconf 81' lang='lat' dir='ltr'><strong>videatur</strong></span> <span class='ocrx_word' id='word_1_123' title='bbox 2308 507 2768 577; x_wconf 85' lang='lat' dir='ltr'><strong>impedimentum.</strong></span> <span class='ocrx_word' id='word_1_124' title='bbox 2809 507 2960 574; x_wconf 86' lang='lat' dir='ltr'><strong>Quod</strong></span> <span class='ocrx_word' id='word_1_125' title='bbox 3018 508 3213 562; x_wconf 85' lang='lat' dir='ltr'><strong>merito</strong></span> <span class='ocrx_word' id='word_1_126' title='bbox 3251 510 3435 578; x_wconf 85' lang='lat' dir='ltr'><strong>prohi-</strong></span> 
     </span>
    </p>
   </div>
   <div class='ocr_carea' id='block_1_18' title="bbox 1842 592 3432 668">
    <p class='ocr_par' dir='ltr' id='par_1_18' title="bbox 1842 592 3432 668">
     <span class='ocr_line' id='line_1_18' title="bbox 1842 592 3432 668; baseline 0.005 -23"><span class='ocrx_word' id='word_1_127' title='bbox 1842 592 2023 656; x_wconf 84' lang='lat' dir='ltr'><strong>betur,</strong></span> <span class='ocrx_word' id='word_1_128' title='bbox 2087 594 2215 662; x_wconf 89' lang='lat' dir='ltr'><strong>quia</strong></span> <span class='ocrx_word' id='word_1_129' title='bbox 2250 609 2402 663; x_wconf 71' lang='lat' dir='ltr'><strong>purte</strong></span> <span class='ocrx_word' id='word_1_130' title='bbox 2461 597 2807 651; x_wconf 73' lang='lat' dir='ltr'><strong>conscientim</strong></span> <span class='ocrx_word' id='word_1_131' title='bbox 2836 605 3051 652; x_wconf 88' lang='lat' dir='ltr'><strong>constat</strong></span> <span class='ocrx_word' id='word_1_132' title='bbox 3087 614 3301 668; x_wconf 81' lang='lat' dir='ltr'><strong>semper</strong></span> <span class='ocrx_word' id='word_1_133' title='bbox 3337 599 3432 653; x_wconf 82' lang='lat' dir='ltr'><strong>ad-</strong></span> 
     </span>
    </p>
   </div>
   <div class='ocr_carea' id='block_1_19' title="bbox 1846 699 2082 739">
    <p class='ocr_par' dir='ltr' id='par_1_19' title="bbox 1846 699 2082 739">
     <span class='ocr_line' id='line_1_19' title="bbox 1846 699 2082 739; baseline 0.008 -2"><span class='ocrx_word' id='word_1_134' title='bbox 1846 699 2082 739; x_wconf 85' lang='lat' dir='ltr'><strong>versum.</strong></span> 
     </span>
    </p>
   </div>
   <div class='ocr_carea' id='block_1_20' title="bbox 1918 774 3437 849">
    <p class='ocr_par' dir='ltr' id='par_1_20' title="bbox 1918 774 3437 849">
     <span class='ocr_line' id='line_1_20' title="bbox 1918 774 3437 849; baseline 0.005 -22"><span class='ocrx_word' id='word_1_135' title='bbox 1918 774 2126 829; x_wconf 76' lang='lat' dir='ltr'><strong>Dieerte</strong></span> <span class='ocrx_word' id='word_1_136' title='bbox 2166 793 2199 829; x_wconf 89' lang='lat' dir='ltr'><strong>a</strong></span> <span class='ocrx_word' id='word_1_137' title='bbox 2225 776 2365 830; x_wconf 83' lang='lat' dir='ltr'><strong>malo</strong></span> <span class='ocrx_word' id='word_1_138' title='bbox 2392 785 2440 830; x_wconf 93' lang='lat' dir='ltr'><strong>et</strong></span> <span class='ocrx_word' id='word_1_139' title='bbox 2478 776 2565 845; x_wconf 77' lang='lat' dir='ltr'><strong>[ac</strong></span> <span class='ocrx_word' id='word_1_140' title='bbox 2586 776 2777 830; x_wconf 87' lang='lat' dir='ltr'><strong>bonum</strong></span> <span class='ocrx_word' id='word_1_141' title='bbox 2815 777 2987 849; x_wconf 88' lang='lat' dir='ltr'><strong>(Psal.</strong></span> <span class='ocrx_word' id='word_1_142' title='bbox 3029 778 3248 849; x_wconf 84' lang='grc' dir='ltr'>χχχιιι).</span> <span class='ocrx_word' id='word_1_143' title='bbox 3282 779 3437 835; x_wconf 80' lang='lat' dir='ltr'><strong>Multi</strong></span> 
     </span>
    </p>
   </div>
   <div class='ocr_carea' id='block_1_21' title="bbox 1846 863 3429 932">
    <p class='ocr_par' dir='ltr' id='par_1_21' title="bbox 1846 863 3429 932">
     <span class='ocr_line' id='line_1_21' title="bbox 1846 863 3429 932; baseline 0.004 -14"><span class='ocrx_word' id='word_1_144' title='bbox 1846 864 1993 918; x_wconf 90' lang='lat' dir='ltr'><strong>enim</strong></span> <span class='ocrx_word' id='word_1_145' title='bbox 2020 863 2231 920; x_wconf 90' lang='lat' dir='ltr'><strong>faciunt</strong></span> <span class='ocrx_word' id='word_1_146' title='bbox 2264 866 2493 932; x_wconf 89' lang='lat' dir='ltr'><strong>bonum,</strong></span> <span class='ocrx_word' id='word_1_147' title='bbox 2542 868 2635 922; x_wconf 89' lang='lat' dir='ltr'><strong>sed</strong></span> <span class='ocrx_word' id='word_1_148' title='bbox 2665 882 2770 921; x_wconf 90' lang='lat' dir='ltr'><strong>non</strong></span> <span class='ocrx_word' id='word_1_149' title='bbox 2806 869 3075 923; x_wconf 87' lang='lat' dir='ltr'><strong>declinant</strong></span> <span class='ocrx_word' id='word_1_150' title='bbox 3101 886 3131 923; x_wconf 90' lang='lat' dir='ltr'><strong>a</strong></span> <span class='ocrx_word' id='word_1_151' title='bbox 3170 871 3326 925; x_wconf 89' lang='lat' dir='ltr'><strong>malo.</strong></span> <span class='ocrx_word' id='word_1_152' title='bbox 3371 871 3429 925; x_wconf 85' lang='lat' dir='ltr'><strong>lu</strong></span> 
     </span>
    </p>
   </div>
   <div class='ocr_carea' id='block_1_22' title="bbox 1847 953 3436 1027">
    <p class='ocr_par' dir='ltr' id='par_1_22' title="bbox 1847 953 3436 1027">
     <span class='ocr_line' id='line_1_22' title="bbox 1847 953 3436 1027; baseline 0.003 -19"><span class='ocrx_word' id='word_1_153' title='bbox 1847 953 1936 1008; x_wconf 88' lang='lat' dir='ltr'><strong>die</strong></span> <span class='ocrx_word' id='word_1_154' title='bbox 1998 953 2276 1009; x_wconf 81' lang='lat' dir='ltr'><strong>celebrant</strong></span> <span class='ocrx_word' id='word_1_155' title='bbox 2339 955 2626 1027; x_wconf 87' lang='lat' dir='ltr'><strong>jejunium,</strong></span> <span class='ocrx_word' id='word_1_156' title='bbox 2685 966 2740 1010; x_wconf 91' lang='lat' dir='ltr'><strong>et</strong></span> <span class='ocrx_word' id='word_1_157' title='bbox 2784 956 2840 1011; x_wconf 86' lang='lat' dir='ltr'><strong>in</strong></span> <span class='ocrx_word' id='word_1_158' title='bbox 2882 966 3041 1012; x_wconf 90' lang='lat' dir='ltr'><strong>nocte</strong></span> <span class='ocrx_word' id='word_1_159' title='bbox 3093 960 3436 1013; x_wconf 77' lang='lat' dir='ltr'><strong>committunt</strong></span> 
     </span>
    </p>
   </div>
   <div class='ocr_carea' id='block_1_23' title="bbox 1849 1043 3439 1121">
    <p class='ocr_par' dir='ltr' id='par_1_23' title="bbox 1849 1043 3439 1121">
     <span class='ocr_line' id='line_1_23' title="bbox 1849 1043 3439 1121; baseline 0.005 -24"><span class='ocrx_word' id='word_1_160' title='bbox 1849 1043 2196 1098; x_wconf 80' lang='lat' dir='ltr'><strong>adulterium.</strong></span> <span class='ocrx_word' id='word_1_161' title='bbox 2251 1045 2878 1116; x_wconf 72' lang='lat' dir='ltr'><strong>Pauperibus&#39;tribuunt</strong></span> <span class='ocrx_word' id='word_1_162' title='bbox 2930 1050 3353 1121; x_wconf 87' lang='lat' dir='ltr'><strong>eleemosynam,</strong></span> <span class='ocrx_word' id='word_1_163' title='bbox 3382 1061 3439 1107; x_wconf 86' lang='lat' dir='ltr'><strong>et</strong></span> 
     </span>
    </p>
   </div>
   <div class='ocr_carea' id='block_1_24' title="bbox 1852 1135 3438 1210">
    <p class='ocr_par' dir='ltr' id='par_1_24' title="bbox 1852 1135 3438 1210">
     <span class='ocr_line' id='line_1_24' title="bbox 1852 1135 3438 1210; baseline 0.004 -23"><span class='ocrx_word' id='word_1_164' title='bbox 1852 1150 1883 1187; x_wconf 90' lang='lat' dir='ltr'><strong>a</strong></span> <span class='ocrx_word' id='word_1_165' title='bbox 1910 1135 2242 1205; x_wconf 84' lang='lat' dir='ltr'><strong>pauperibus</strong></span> <span class='ocrx_word' id='word_1_166' title='bbox 2273 1137 2545 1206; x_wconf 89' lang='lat' dir='ltr'><strong>accipiunt</strong></span> <span class='ocrx_word' id='word_1_167' title='bbox 2589 1138 2845 1207; x_wconf 74' lang='lat' dir='ltr'><strong>praedam.</strong></span> <span class='ocrx_word' id='word_1_168' title='bbox 2888 1139 3120 1208; x_wconf 84' lang='lat' dir='ltr'><strong>Pauperi</strong></span> <span class='ocrx_word' id='word_1_169' title='bbox 3151 1140 3438 1210; x_wconf 87' lang='lat' dir='ltr'><strong>porrigunt</strong></span> 
     </span>
    </p>
   </div>
   <div class='ocr_carea' id='block_1_25' title="bbox 1854 1224 3441 1296">
    <p class='ocr_par' dir='ltr' id='par_1_25' title="bbox 1854 1224 3441 1296">
     <span class='ocr_line' id='line_1_25' title="bbox 1854 1224 3441 1296; baseline 0.006 -18"><span class='ocrx_word' id='word_1_170' title='bbox 1854 1224 2099 1291; x_wconf 88' lang='lat' dir='ltr'><strong>calicem,</strong></span> <span class='ocrx_word' id='word_1_171' title='bbox 2163 1234 2217 1280; x_wconf 88' lang='lat' dir='ltr'><strong>et</strong></span> <span class='ocrx_word' id='word_1_172' title='bbox 2244 1226 2435 1280; x_wconf 82' lang='lat' dir='ltr'><strong>Iibuut</strong></span> <span class='ocrx_word' id='word_1_173' title='bbox 2473 1227 2547 1281; x_wconf 89' lang='lat' dir='ltr'><strong>illi</strong></span> <span class='ocrx_word' id='word_1_174' title='bbox 2604 1242 2775 1296; x_wconf 87' lang='lat' dir='ltr'><strong>usque</strong></span> <span class='ocrx_word' id='word_1_175' title='bbox 2810 1230 2876 1282; x_wconf 88' lang='lat' dir='ltr'><strong>ad</strong></span> <span class='ocrx_word' id='word_1_176' title='bbox 2938 1230 3278 1285; x_wconf 68' lang='lat' dir='ltr'><strong>ebrietatem.</strong></span> <span class='ocrx_word' id='word_1_177' title='bbox 3320 1230 3441 1286; x_wconf 85' lang='lat' dir='ltr'><strong>Tri-</strong></span> 
     </span>
    </p>
   </div>
   <div class='ocr_carea' id='block_1_26' title="bbox 1853 1313 3440 1390">
    <p class='ocr_par' dir='ltr' id='par_1_26' title="bbox 1853 1313 3440 1390">
     <span class='ocr_line' id='line_1_26' title="bbox 1853 1313 3440 1390; baseline 0.005 -23"><span class='ocrx_word' id='word_1_178' title='bbox 1853 1313 2024 1368; x_wconf 80' lang='lat' dir='ltr'><strong>buuut</strong></span> <span class='ocrx_word' id='word_1_179' title='bbox 2072 1315 2329 1389; x_wconf 82' lang='lat' dir='ltr'><strong>esurienti</strong></span> <span class='ocrx_word' id='word_1_180' title='bbox 2377 1317 2695 1381; x_wconf 86' lang='lat' dir='ltr'><strong>buccellam,</strong></span> <span class='ocrx_word' id='word_1_181' title='bbox 2725 1327 2780 1372; x_wconf 90' lang='lat' dir='ltr'><strong>et</strong></span> <span class='ocrx_word' id='word_1_182' title='bbox 2828 1321 3118 1374; x_wconf 84' lang='lat' dir='ltr'><strong>comedunt</strong></span> <span class='ocrx_word' id='word_1_183' title='bbox 3166 1336 3336 1390; x_wconf 88' lang='lat' dir='ltr'><strong>usque</strong></span> <span class='ocrx_word' id='word_1_184' title='bbox 3367 1321 3440 1375; x_wconf 86' lang='lat' dir='ltr'><strong>ad</strong></span> 
     </span>
    </p>
   </div>
   <div class='ocr_carea' id='block_1_27' title="bbox 1854 1406 3440 1481">
    <p class='ocr_par' dir='ltr' id='par_1_27' title="bbox 1854 1406 3440 1481">
     <span class='ocr_line' id='line_1_27' title="bbox 1854 1406 3440 1481; baseline 0.003 -20"><span class='ocrx_word' id='word_1_185' title='bbox 1854 1406 2151 1476; x_wconf 86' lang='lat' dir='ltr'><strong>crapulam.</strong></span> <span class='ocrx_word' id='word_1_186' title='bbox 2192 1407 2258 1461; x_wconf 88' lang='lat' dir='ltr'><strong>Et</strong></span> <span class='ocrx_word' id='word_1_187' title='bbox 2285 1417 2343 1462; x_wconf 89' lang='lat' dir='ltr'><strong>ut</strong></span> <span class='ocrx_word' id='word_1_188' title='bbox 2394 1410 2635 1463; x_wconf 85' lang='lat' dir='ltr'><strong>breviter</strong></span> <span class='ocrx_word' id='word_1_189' title='bbox 2663 1410 2859 1475; x_wconf 90' lang='lat' dir='ltr'><strong>dicam,</strong></span> <span class='ocrx_word' id='word_1_190' title='bbox 2900 1412 2952 1465; x_wconf 92' lang='lat' dir='ltr'><strong>in</strong></span> <span class='ocrx_word' id='word_1_191' title='bbox 3005 1412 3221 1481; x_wconf 79' lang='lat' dir='ltr'><strong>publico</strong></span> <span class='ocrx_word' id='word_1_192' title='bbox 3252 1415 3354 1477; x_wconf 86' lang='lat' dir='ltr'><strong>fas,</strong></span> <span class='ocrx_word' id='word_1_193' title='bbox 3385 1418 3440 1466; x_wconf 85' lang='lat' dir='ltr'><strong>ct</strong></span> 
     </span>
    </p>
   </div>
   <div class='ocr_carea' id='block_1_28' title="bbox 1856 1496 3439 1572">
    <p class='ocr_par' dir='ltr' id='par_1_28' title="bbox 1856 1496 3439 1572">
     <span class='ocr_line' id='line_1_28' title="bbox 1856 1496 3439 1572; baseline 0.003 -22"><span class='ocrx_word' id='word_1_194' title='bbox 1856 1498 1912 1550; x_wconf 94' lang='lat' dir='ltr'><strong>in</strong></span> <span class='ocrx_word' id='word_1_195' title='bbox 1950 1496 2167 1552; x_wconf 91' lang='lat' dir='ltr'><strong>occulto</strong></span> <span class='ocrx_word' id='word_1_196' title='bbox 2201 1512 2308 1552; x_wconf 90' lang='lat' dir='ltr'><strong>non</strong></span> <span class='ocrx_word' id='word_1_197' title='bbox 2339 1508 2557 1553; x_wconf 88' lang='lat' dir='ltr'><strong>cessant</strong></span> <span class='ocrx_word' id='word_1_198' title='bbox 2585 1515 2745 1568; x_wconf 88' lang='lat' dir='ltr'><strong>agerc</strong></span> <span class='ocrx_word' id='word_1_199' title='bbox 2777 1499 2948 1555; x_wconf 80' lang='lat' dir='ltr'><strong>nefas.</strong></span> <span class='ocrx_word' id='word_1_200' title='bbox 2976 1502 3039 1554; x_wconf 88' lang='lat' dir='ltr'><strong>Et</strong></span> <span class='ocrx_word' id='word_1_201' title='bbox 3072 1500 3254 1555; x_wconf 89' lang='lat' dir='ltr'><strong>taliter</strong></span> <span class='ocrx_word' id='word_1_202' title='bbox 3276 1517 3439 1572; x_wconf 85' lang='lat' dir='ltr'><strong>agen-</strong></span> 
     </span>
    </p>
   </div>
   <div class='ocr_carea' id='block_1_29' title="bbox 170 1588 3436 1662">
    <p class='ocr_par' dir='ltr' id='par_1_29' title="bbox 170 1588 3436 1662">
     <span class='ocr_line' id='line_1_29' title="bbox 170 1588 3436 1662; baseline 0 -16"><span class='ocrx_word' id='word_1_203' title='bbox 170 1594 341 1647; x_wconf 86' lang='lat' dir='ltr'><strong>altera</strong></span> <span class='ocrx_word' id='word_1_204' title='bbox 397 1592 514 1647; x_wconf 90' lang='lat' dir='ltr'><strong>sine</strong></span> <span class='ocrx_word' id='word_1_205' title='bbox 553 1593 708 1647; x_wconf 87' lang='lat' dir='ltr'><strong>hoste</strong></span> <span class='ocrx_word' id='word_1_206' title='bbox 756 1600 967 1662; x_wconf 77' lang='lat' dir='ltr'><strong>regnat.</strong></span> <span class='ocrx_word' id='word_1_207' title='bbox 1008 1592 1155 1662; x_wconf 84' lang='lat' dir='ltr'><strong>Ergo</strong></span> <span class='ocrx_word' id='word_1_208' title='bbox 1191 1606 1298 1645; x_wconf 91' lang='lat' dir='ltr'><strong>una</strong></span> <span class='ocrx_word' id='word_1_209' title='bbox 1328 1592 1471 1646; x_wconf 91' lang='lat' dir='ltr'><strong>bona</strong></span> <span class='ocrx_word' id='word_1_210' title='bbox 1522 1599 1625 1654; x_wconf 90' lang='lat' dir='ltr'><strong>est,</strong></span> <span class='ocrx_word' id='word_1_211' title='bbox 1660 1591 1755 1645; x_wconf 73' lang='lat' dir='ltr'><strong>sel</strong></span> <span class='ocrx_word' id='word_1_212' title='bbox 1857 1595 1941 1641; x_wconf 92' lang='lat' dir='ltr'><strong>tes</strong></span> <span class='ocrx_word' id='word_1_213' title='bbox 1978 1602 2008 1641; x_wconf 89' lang='lat' dir='ltr'><strong>a</strong></span> <span class='ocrx_word' id='word_1_214' title='bbox 2040 1588 2229 1642; x_wconf 80' lang='lat' dir='ltr'><strong>dextra</strong></span> <span class='ocrx_word' id='word_1_215' title='bbox 2259 1590 2449 1645; x_wconf 91' lang='lat' dir='ltr'><strong>nolunt</strong></span> <span class='ocrx_word' id='word_1_216' title='bbox 2476 1606 2764 1662; x_wconf 87' lang='lat' dir='ltr'><strong>segregare</strong></span> <span class='ocrx_word' id='word_1_217' title='bbox 2796 1593 3090 1647; x_wconf 89' lang='lat' dir='ltr'><strong>sinistram.</strong></span> <span class='ocrx_word' id='word_1_218' title='bbox 3122 1592 3279 1647; x_wconf 83' lang='lat' dir='ltr'><strong>Aliud</strong></span> <span class='ocrx_word' id='word_1_219' title='bbox 3306 1609 3436 1647; x_wconf 85' lang='lat' dir='ltr'><strong>vero</strong></span> 
     </span>
    </p>
   </div>
   <div class='ocr_carea' id='block_1_30' title="bbox 171 1676 3437 1756">
    <p class='ocr_par' dir='ltr' id='par_1_30' title="bbox 171 1676 3437 1756">
     <span class='ocr_line' id='line_1_30' title="bbox 171 1676 3437 1756; baseline 0.002 -24"><span class='ocrx_word' id='word_1_220' title='bbox 171 1688 350 1742; x_wconf 71' lang='lat' dir='ltr'><strong>adhuc</strong></span> <span class='ocrx_word' id='word_1_221' title='bbox 411 1687 633 1751; x_wconf 70' lang='lat' dir='ltr'><strong>misera,</strong></span> <span class='ocrx_word' id='word_1_222' title='bbox 689 1686 857 1740; x_wconf 67' lang='lat' dir='ltr'><strong>altera</strong></span> <span class='ocrx_word' id='word_1_223' title='bbox 896 1685 1112 1751; x_wconf 63' lang='lat' dir='ltr'><strong>melior,</strong></span> <span class='ocrx_word' id='word_1_224' title='bbox 1168 1694 1224 1741; x_wconf 72' lang='grc' dir='ltr'>ει</span> <span class='ocrx_word' id='word_1_225' title='bbox 1250 1687 1428 1741; x_wconf 64' lang='lat' dir='ltr'><strong>beata,</strong></span> <span class='ocrx_word' id='word_1_226' title='bbox 1471 1686 1551 1740; x_wconf 72' lang='lat' dir='ltr'><strong>Ad</strong></span> <span class='ocrx_word' id='word_1_227' title='bbox 1588 1702 1753 1756; x_wconf 70' lang='lat' dir='ltr'><strong>quam</strong></span> <span class='ocrx_word' id='word_1_228' title='bbox 1858 1689 2030 1746; x_wconf 89' lang='lat' dir='ltr'><strong>genus</strong></span> <span class='ocrx_word' id='word_1_229' title='bbox 2061 1676 2338 1732; x_wconf 87' lang='lat' dir='ltr'><strong>hominum</strong></span> <span class='ocrx_word' id='word_1_230' title='bbox 2367 1687 2421 1733; x_wconf 89' lang='lat' dir='ltr'><strong>et</strong></span> <span class='ocrx_word' id='word_1_231' title='bbox 2446 1679 2598 1735; x_wconf 89' lang='lat' dir='ltr'><strong>valde</strong></span> <span class='ocrx_word' id='word_1_232' title='bbox 2621 1682 3010 1736; x_wconf 89' lang='lat' dir='ltr'><strong>monachorum</strong></span> <span class='ocrx_word' id='word_1_233' title='bbox 3039 1690 3142 1749; x_wconf 91' lang='lat' dir='ltr'><strong>est,</strong></span> <span class='ocrx_word' id='word_1_234' title='bbox 3183 1683 3325 1751; x_wconf 84' lang='lat' dir='ltr'><strong>quod</strong></span> <span class='ocrx_word' id='word_1_235' title='bbox 3354 1684 3437 1741; x_wconf 85' lang='lat' dir='ltr'><strong>di-</strong></span> 
     </span>
    </p>
   </div>
   <div class='ocr_carea' id='block_1_31' title="bbox 170 1767 3440 1852">
    <p class='ocr_par' dir='ltr' id='par_1_31' title="bbox 170 1767 3440 1852">
     <span class='ocr_line' id='line_1_31' title="bbox 170 1767 3440 1852; baseline 0.001 -18"><span class='ocrx_word' id='word_1_236' title='bbox 170 1780 261 1850; x_wconf 89' lang='lat' dir='ltr'><strong>qui</strong></span> <span class='ocrx_word' id='word_1_237' title='bbox 302 1780 431 1834; x_wconf 74' lang='lat' dir='ltr'><strong>felix</strong></span> <span class='ocrx_word' id='word_1_238' title='bbox 468 1780 695 1845; x_wconf 83' lang='lat' dir='ltr'><strong>venerit,</strong></span> <span class='ocrx_word' id='word_1_239' title='bbox 737 1778 877 1835; x_wconf 84' lang='lat' dir='ltr'><strong>felici</strong></span> <span class='ocrx_word' id='word_1_240' title='bbox 929 1780 1127 1851; x_wconf 82' lang='lat' dir='ltr'><strong>gaudio</strong></span> <span class='ocrx_word' id='word_1_241' title='bbox 1177 1788 1386 1836; x_wconf 65' lang='lat' dir='ltr'><strong>aeterno</strong></span> <span class='ocrx_word' id='word_1_242' title='bbox 1442 1781 1753 1852; x_wconf 88' lang='lat' dir='ltr'><strong>perfruetur</strong></span> <span class='ocrx_word' id='word_1_243' title='bbox 1784 1772 1827 1830; x_wconf 88' lang='grc' dir='ltr'><strong>Β</strong></span> <span class='ocrx_word' id='word_1_244' title='bbox 1856 1767 2021 1821; x_wconf 62' lang='lat' dir='ltr'><strong>verm</strong></span> <span class='ocrx_word' id='word_1_245' title='bbox 2047 1781 2078 1820; x_wconf 75' lang='grc'><strong>³</strong></span> <span class='ocrx_word' id='word_1_246' title='bbox 2106 1767 2249 1822; x_wconf 69' lang='grc' dir='ltr'><strong>ῐηίὶιο</strong></span> <span class='ocrx_word' id='word_1_247' title='bbox 2274 1777 2331 1823; x_wconf 74' lang='grc' dir='ltr'><strong>θῑ</strong></span> <span class='ocrx_word' id='word_1_248' title='bbox 2355 1779 2612 1839; x_wconf 61' lang='lat' dir='ltr'><strong>Operam?</strong></span> <span class='ocrx_word' id='word_1_249' title='bbox 2637 1772 2855 1827; x_wconf 70' lang='lat' dir='ltr'><strong>minime</strong></span> <span class='ocrx_word' id='word_1_250' title='bbox 2902 1772 3123 1827; x_wconf 66' lang='grc' dir='ltr'><strong>Βοηυιηο</strong></span> <span class='ocrx_word' id='word_1_251' title='bbox 3165 1772 3440 1828; x_wconf 74' lang='lat' dir='ltr'><strong>TCI&#39;I‘CIIOS</strong></span> 
     </span>
    </p>
   </div>
   <div class='ocr_carea' id='block_1_32' title="bbox 172 1874 439 1944">
    <p class='ocr_par' dir='ltr' id='par_1_32' title="bbox 172 1874 439 1944">
     <span class='ocr_line' id='line_1_32' title="bbox 172 1874 439 1944; baseline 0 -18"><span class='ocrx_word' id='word_1_252' title='bbox 172 1874 225 1926; x_wconf 91' lang='lat' dir='ltr'><strong>in</strong></span> <span class='ocrx_word' id='word_1_253' title='bbox 250 1888 439 1944; x_wconf 86' lang='lat' dir='ltr'><strong>regno.</strong></span> 
     </span>
    </p>
   </div>
   <div class='ocr_carea' id='block_1_33' title="bbox 245 1962 1759 2040">
    <p class='ocr_par' dir='ltr' id='par_1_33' title="bbox 245 1962 1759 2040">
     <span class='ocr_line' id='line_1_33' title="bbox 245 1962 1759 2040; baseline 0.004 -23"><span class='ocrx_word' id='word_1_254' title='bbox 245 1962 470 2018; x_wconf 77' lang='lat' dir='ltr'><strong>Prohibe</strong></span> <span class='ocrx_word' id='word_1_255' title='bbox 493 1963 727 2034; x_wconf 89' lang='lat' dir='ltr'><strong>linguam</strong></span> <span class='ocrx_word' id='word_1_256' title='bbox 758 1975 904 2020; x_wconf 89' lang='lat' dir='ltr'><strong>tuam</strong></span> <span class='ocrx_word' id='word_1_257' title='bbox 929 1983 963 2020; x_wconf 92' lang='lat' dir='ltr'><strong>a</strong></span> <span class='ocrx_word' id='word_1_258' title='bbox 995 1965 1134 2022; x_wconf 89' lang='lat' dir='ltr'><strong>malo</strong></span> <span class='ocrx_word' id='word_1_259' title='bbox 1160 1966 1336 2040; x_wconf 85' lang='lat' dir='ltr'><strong>(Psal.</strong></span> <span class='ocrx_word' id='word_1_260' title='bbox 1363 1969 1584 2040; x_wconf 81' lang='grc' dir='ltr'>χχχιιι).</span> <span class='ocrx_word' id='word_1_261' title='bbox 1621 1967 1759 2023; x_wconf 89' lang='lat' dir='ltr'><strong>Pro-</strong></span> 
     </span>
    </p>
   </div>
   <div class='ocr_carea' id='block_1_34' title="bbox 171 2054 1756 2130">
    <p class='ocr_par' dir='ltr' id='par_1_34' title="bbox 171 2054 1756 2130">
     <span class='ocr_line' id='line_1_34' title="bbox 171 2054 1756 2130; baseline 0.003 -22"><span class='ocrx_word' id='word_1_262' title='bbox 171 2054 308 2119; x_wconf 77' lang='lat' dir='ltr'><strong>hibe,</strong></span> <span class='ocrx_word' id='word_1_263' title='bbox 338 2054 490 2118; x_wconf 85' lang='lat' dir='ltr'><strong>dicit,</strong></span> <span class='ocrx_word' id='word_1_264' title='bbox 538 2055 771 2120; x_wconf 89' lang='lat' dir='ltr'><strong>abstine,</strong></span> <span class='ocrx_word' id='word_1_265' title='bbox 802 2057 1019 2123; x_wconf 90' lang='lat' dir='ltr'><strong>cohibe,</strong></span> <span class='ocrx_word' id='word_1_266' title='bbox 1077 2072 1291 2123; x_wconf 88' lang='lat' dir='ltr'><strong>coerce,</strong></span> <span class='ocrx_word' id='word_1_267' title='bbox 1324 2059 1407 2113; x_wconf 89' lang='lat' dir='ltr'><strong>vel</strong></span> <span class='ocrx_word' id='word_1_268' title='bbox 1439 2060 1756 2130; x_wconf 87' lang='lat' dir='ltr'><strong>comprime.</strong></span> 
     </span>
    </p>
   </div>
   <div class='ocr_carea' id='block_1_35' title="bbox 176 2142 1758 2215">
    <p class='ocr_par' dir='ltr' id='par_1_35' title="bbox 176 2142 1758 2215">
     <span class='ocr_line' id='line_1_35' title="bbox 176 2142 1758 2215; baseline 0.006 -20"><span class='ocrx_word' id='word_1_269' title='bbox 176 2144 216 2195; x_wconf 77' lang='grc' dir='ltr'><em>Α</em></span> <span class='ocrx_word' id='word_1_270' title='bbox 270 2142 435 2208; x_wconf 83' lang='lat' dir='ltr'><strong>malo,</strong></span> <span class='ocrx_word' id='word_1_271' title='bbox 476 2144 800 2200; x_wconf 85' lang='lat' dir='ltr'><strong>subauditur</strong></span> <span class='ocrx_word' id='word_1_272' title='bbox 856 2147 1026 2213; x_wconf 92' lang='lat' dir='ltr'><strong>omni,</strong></span> <span class='ocrx_word' id='word_1_273' title='bbox 1062 2149 1321 2203; x_wconf 84' lang='lat' dir='ltr'><strong>videlicet</strong></span> <span class='ocrx_word' id='word_1_274' title='bbox 1381 2149 1758 2215; x_wconf 85' lang='lat' dir='ltr'><strong>detractionis,</strong></span> 
     </span>
    </p>
   </div>
   <div class='ocr_carea' id='block_1_36' title="bbox 175 2232 1763 2308">
    <p class='ocr_par' dir='ltr' id='par_1_36' title="bbox 175 2232 1763 2308">
     <span class='ocr_line' id='line_1_36' title="bbox 175 2232 1763 2308; baseline 0.004 -22"><span class='ocrx_word' id='word_1_275' title='bbox 175 2232 590 2298; x_wconf 85' lang='lat' dir='ltr'><strong>maledictionis,</strong></span> <span class='ocrx_word' id='word_1_276' title='bbox 618 2236 1083 2302; x_wconf 84' lang='lat' dir='ltr'><strong>murmuratiouis,</strong></span> <span class='ocrx_word' id='word_1_277' title='bbox 1127 2237 1421 2302; x_wconf 88' lang='lat' dir='ltr'><strong>irrisionis,</strong></span> <span class='ocrx_word' id='word_1_278' title='bbox 1480 2239 1763 2308; x_wconf 88' lang='lat' dir='ltr'><strong>vitupera-</strong></span> 
     </span>
    </p>
   </div>
   <div class='ocr_carea' id='block_1_37' title="bbox 82 2315 1763 2394">
    <p class='ocr_par' dir='ltr' id='par_1_37' title="bbox 82 2315 1763 2394">
     <span class='ocr_line' id='line_1_37' title="bbox 82 2315 1763 2394; baseline 0.006 -21"><span class='ocrx_word' id='word_1_279' title='bbox 82 2315 93 2325; x_wconf 91' lang='grc'><em>’</em></span> <span class='ocrx_word' id='word_1_280' title='bbox 173 2320 359 2387; x_wconf 87' lang='lat' dir='ltr'><strong>tionis,</strong></span> <span class='ocrx_word' id='word_1_281' title='bbox 421 2323 631 2394; x_wconf 74' lang='lat' dir='ltr'><strong>iniusta:</strong></span> <span class='ocrx_word' id='word_1_282' title='bbox 670 2324 1082 2394; x_wconf 86' lang='lat' dir='ltr'><strong>increpationis,</strong></span> <span class='ocrx_word' id='word_1_283' title='bbox 1127 2343 1158 2382; x_wconf 91' lang='lat' dir='ltr'><strong>a</strong></span> <span class='ocrx_word' id='word_1_284' title='bbox 1189 2329 1370 2383; x_wconf 86' lang='lat' dir='ltr'><strong>verbis</strong></span> <span class='ocrx_word' id='word_1_285' title='bbox 1414 2328 1763 2383; x_wconf 84' lang='lat' dir='ltr'><strong>mendacibus</strong></span> 
     </span>
    </p>
   </div>
   <div class='ocr_carea' id='block_1_38' title="bbox 173 2416 1757 2489">
    <p class='ocr_par' dir='ltr' id='par_1_38' title="bbox 173 2416 1757 2489">
     <span class='ocr_line' id='line_1_38' title="bbox 173 2416 1757 2489; baseline 0.004 -24"><span class='ocrx_word' id='word_1_286' title='bbox 173 2419 232 2466; x_wconf 82' lang='lat' dir='ltr'><strong>et</strong></span> <span class='ocrx_word' id='word_1_287' title='bbox 256 2416 600 2471; x_wconf 79' lang='lat' dir='ltr'><strong>sermonibus</strong></span> <span class='ocrx_word' id='word_1_288' title='bbox 620 2417 832 2483; x_wconf 89' lang='lat' dir='ltr'><strong>otiosis,</strong></span> <span class='ocrx_word' id='word_1_289' title='bbox 859 2426 914 2473; x_wconf 87' lang='lat' dir='ltr'><strong>et</strong></span> <span class='ocrx_word' id='word_1_290' title='bbox 936 2418 1153 2473; x_wconf 89' lang='lat' dir='ltr'><strong>similia.</strong></span> <span class='ocrx_word' id='word_1_291' title='bbox 1179 2418 1453 2489; x_wconf 91' lang='lat' dir='ltr'><strong>Scriptum</strong></span> <span class='ocrx_word' id='word_1_292' title='bbox 1471 2427 1555 2474; x_wconf 90' lang='lat' dir='ltr'><strong>est</strong></span> <span class='ocrx_word' id='word_1_293' title='bbox 1575 2419 1717 2485; x_wconf 90' lang='lat' dir='ltr'><strong>enim</strong></span> <span class='ocrx_word' id='word_1_294' title='bbox 1744 2436 1757 2472; x_wconf 90' lang='lat'>:</span> 
     </span>
    </p>
   </div>
   <div class='ocr_carea' id='block_1_39' title="bbox 178 2501 1764 2579">
    <p class='ocr_par' dir='ltr' id='par_1_39' title="bbox 178 2501 1764 2579">
     <span class='ocr_line' id='line_1_39' title="bbox 178 2501 1764 2579; baseline 0.003 -23"><span class='ocrx_word' id='word_1_295' title='bbox 178 2501 549 2559; x_wconf 80' lang='lat' dir='ltr'><strong>Detrahentem</strong></span> <span class='ocrx_word' id='word_1_296' title='bbox 608 2516 807 2561; x_wconf 85' lang='lat' dir='ltr'><strong>secreto</strong></span> <span class='ocrx_word' id='word_1_297' title='bbox 863 2508 1106 2578; x_wconf 68' lang='lat' dir='ltr'><strong>proximo</strong></span> <span class='ocrx_word' id='word_1_298' title='bbox 1153 2525 1250 2563; x_wconf 87' lang='lat' dir='ltr'><strong>suo</strong></span> <span class='ocrx_word' id='word_1_299' title='bbox 1295 2509 1433 2563; x_wconf 85' lang='lat' dir='ltr'><strong>hunc</strong></span> <span class='ocrx_word' id='word_1_300' title='bbox 1480 2524 1764 2579; x_wconf 84' lang='lat' dir='ltr'><strong>persequar</strong></span> 
     </span>
    </p>
   </div>
   <div class='ocr_carea' id='block_1_40' title="bbox 177 2592 1763 2672">
    <p class='ocr_par' dir='ltr' id='par_1_40' title="bbox 177 2592 1763 2672">
     <span class='ocr_line' id='line_1_40' title="bbox 177 2592 1763 2672; baseline 0.006 -26"><span class='ocrx_word' id='word_1_301' title='bbox 177 2592 353 2663; x_wconf 69' lang='lat' dir='ltr'><strong>(Psal.</strong></span> <span class='ocrx_word' id='word_1_302' title='bbox 388 2593 463 2668; x_wconf 89' lang='lat' dir='ltr'><strong>c).</strong></span> <span class='ocrx_word' id='word_1_303' title='bbox 494 2597 583 2663; x_wconf 85' lang='lat' dir='ltr'><strong>Et,</strong></span> <span class='ocrx_word' id='word_1_304' title='bbox 614 2598 796 2670; x_wconf 82' lang='lat' dir='ltr'><strong>Neque</strong></span> <span class='ocrx_word' id='word_1_305' title='bbox 842 2599 1086 2654; x_wconf 77' lang='lat' dir='ltr'><strong>maledici</strong></span> <span class='ocrx_word' id='word_1_306' title='bbox 1134 2616 1347 2672; x_wconf 82' lang='lat' dir='ltr'><strong>regnum</strong></span> <span class='ocrx_word' id='word_1_307' title='bbox 1395 2600 1492 2655; x_wconf 84' lang='lat' dir='ltr'><strong>Dei</strong></span> <span class='ocrx_word' id='word_1_308' title='bbox 1524 2602 1763 2671; x_wconf 83' lang='lat' dir='ltr'><strong>posside-</strong></span> 
     </span>
    </p>
   </div>
   <div class='ocr_carea' id='block_1_41' title="bbox 178 2687 1765 2764">
    <p class='ocr_par' dir='ltr' id='par_1_41' title="bbox 178 2687 1765 2764">
     <span class='ocr_line' id='line_1_41' title="bbox 178 2687 1765 2764; baseline 0.004 -23"><span class='ocrx_word' id='word_1_309' title='bbox 178 2692 305 2743; x_wconf 82' lang='lat' dir='ltr'><strong>bunt</strong></span> <span class='ocrx_word' id='word_1_310' title='bbox 339 2687 391 2758; x_wconf 91' lang='grc'><strong>(1</strong></span> <span class='ocrx_word' id='word_1_311' title='bbox 408 2688 532 2744; x_wconf 86' lang='lat' dir='ltr'><strong>Cor.</strong></span> <span class='ocrx_word' id='word_1_312' title='bbox 561 2689 659 2762; x_wconf 71' lang='grc' dir='ltr'>ιιι).</span> <span class='ocrx_word' id='word_1_313' title='bbox 690 2691 777 2757; x_wconf 91' lang='lat' dir='ltr'><strong>Et,</strong></span> <span class='ocrx_word' id='word_1_314' title='bbox 814 2690 917 2758; x_wconf 83' lang='lat' dir='ltr'><strong>Qui</strong></span> <span class='ocrx_word' id='word_1_315' title='bbox 947 2702 1422 2757; x_wconf 81' lang='lat' dir='ltr'><strong>murmurarerunt,</strong></span> <span class='ocrx_word' id='word_1_316' title='bbox 1452 2711 1485 2748; x_wconf 88' lang='lat' dir='ltr'><strong>a</strong></span> <span class='ocrx_word' id='word_1_317' title='bbox 1513 2694 1765 2764; x_wconf 83' lang='lat' dir='ltr'><strong>serpenti-</strong></span> 
     </span>
    </p>
   </div>
   <div class='ocr_carea' id='block_1_42' title="bbox 179 2778 1767 2854">
    <p class='ocr_par' dir='ltr' id='par_1_42' title="bbox 179 2778 1767 2854">
     <span class='ocr_line' id='line_1_42' title="bbox 179 2778 1767 2854; baseline 0.003 -21"><span class='ocrx_word' id='word_1_318' title='bbox 179 2780 275 2834; x_wconf 81' lang='lat' dir='ltr'><strong>bus</strong></span> <span class='ocrx_word' id='word_1_319' title='bbox 301 2780 566 2851; x_wconf 84' lang='lat' dir='ltr'><strong>perierunt</strong></span> <span class='ocrx_word' id='word_1_320' title='bbox 590 2781 645 2854; x_wconf 86' lang='grc' dir='ltr'><strong>(Ι</strong></span> <span class='ocrx_word' id='word_1_321' title='bbox 667 2778 792 2837; x_wconf 87' lang='lat' dir='ltr'><strong>Cor.</strong></span> <span class='ocrx_word' id='word_1_322' title='bbox 819 2782 901 2853; x_wconf 83' lang='grc' dir='ltr'><strong>χ).</strong></span> <span class='ocrx_word' id='word_1_323' title='bbox 932 2783 1017 2849; x_wconf 87' lang='grc' dir='ltr'><strong>Ει,</strong></span> <span class='ocrx_word' id='word_1_324' title='bbox 1058 2781 1132 2838; x_wconf 90' lang='lat' dir='ltr'><strong>0s</strong></span> <span class='ocrx_word' id='word_1_325' title='bbox 1163 2783 1305 2854; x_wconf 88' lang='lat' dir='ltr'><strong>quod</strong></span> <span class='ocrx_word' id='word_1_326' title='bbox 1334 2784 1605 2849; x_wconf 83' lang='lat' dir='ltr'><strong>mentitur,</strong></span> <span class='ocrx_word' id='word_1_327' title='bbox 1632 2784 1767 2838; x_wconf 81' lang='lat' dir='ltr'><strong>occi-</strong></span> 
     </span>
    </p>
   </div>
   <div class='ocr_carea' id='block_1_43' title="bbox 176 2871 1765 2947">
    <p class='ocr_par' dir='ltr' id='par_1_43' title="bbox 176 2871 1765 2947">
     <span class='ocr_line' id='line_1_43' title="bbox 176 2871 1765 2947; baseline 0.003 -21"><span class='ocrx_word' id='word_1_328' title='bbox 176 2871 259 2927; x_wconf 83' lang='lat' dir='ltr'><strong>dit</strong></span> <span class='ocrx_word' id='word_1_329' title='bbox 279 2872 513 2927; x_wconf 79' lang='lat' dir='ltr'><strong>animam</strong></span> <span class='ocrx_word' id='word_1_330' title='bbox 537 2872 690 2945; x_wconf 85' lang='lat' dir='ltr'><strong>(Sap.</strong></span> <span class='ocrx_word' id='word_1_331' title='bbox 720 2875 781 2945; x_wconf 91' lang='grc' dir='ltr'><strong>ι).</strong></span> <span class='ocrx_word' id='word_1_332' title='bbox 812 2875 901 2941; x_wconf 82' lang='grc' dir='ltr'><strong>Ει,</strong></span> <span class='ocrx_word' id='word_1_333' title='bbox 932 2875 1130 2930; x_wconf 83' lang='lat' dir='ltr'><strong>Perdes</strong></span> <span class='ocrx_word' id='word_1_334' title='bbox 1191 2892 1369 2930; x_wconf 84' lang='lat' dir='ltr'><strong>omnes</strong></span> <span class='ocrx_word' id='word_1_335' title='bbox 1423 2877 1514 2943; x_wconf 88' lang='lat' dir='ltr'><strong>qui</strong></span> <span class='ocrx_word' id='word_1_336' title='bbox 1539 2877 1765 2947; x_wconf 87' lang='lat' dir='ltr'><strong>loquun-</strong></span> 
     </span>
    </p>
   </div>
   <div class='ocr_carea' id='block_1_44' title="bbox 179 2963 1765 3037">
    <p class='ocr_par' dir='ltr' id='par_1_44' title="bbox 179 2963 1765 3037">
     <span class='ocr_line' id='line_1_44' title="bbox 179 2963 1765 3037; baseline 0.005 -22"><span class='ocrx_word' id='word_1_337' title='bbox 179 2970 271 3016; x_wconf 84' lang='lat' dir='ltr'><strong>tur</strong></span> <span class='ocrx_word' id='word_1_338' title='bbox 319 2963 650 3019; x_wconf 74' lang='lat' dir='ltr'><strong>mendacium</strong></span> <span class='ocrx_word' id='word_1_339' title='bbox 683 2965 857 3037; x_wconf 88' lang='lat' dir='ltr'><strong>(Psal.</strong></span> <span class='ocrx_word' id='word_1_340' title='bbox 898 2967 978 3037; x_wconf 89' lang='lat' dir='ltr'><strong>v),</strong></span> <span class='ocrx_word' id='word_1_341' title='bbox 1005 2976 1061 3022; x_wconf 90' lang='lat' dir='ltr'><strong>et</strong></span> <span class='ocrx_word' id='word_1_342' title='bbox 1086 2968 1174 3022; x_wconf 90' lang='lat' dir='ltr'><strong>his</strong></span> <span class='ocrx_word' id='word_1_343' title='bbox 1203 2967 1427 3022; x_wconf 86' lang='lat' dir='ltr'><strong>similia.</strong></span> <span class='ocrx_word' id='word_1_344' title='bbox 1468 2967 1627 3030; x_wconf 86' lang='lat' dir='ltr'><strong>Ecce,</strong></span> <span class='ocrx_word' id='word_1_345' title='bbox 1650 2984 1765 3023; x_wconf 68' lang='grc' dir='ltr'>ιιιοο</span> 
     </span>
    </p>
   </div>
   <div class='ocr_carea' id='block_1_45' title="bbox 182 3052 1757 3128">
    <p class='ocr_par' dir='ltr' id='par_1_45' title="bbox 182 3052 1757 3128">
     <span class='ocr_line' id='line_1_45' title="bbox 182 3052 1757 3128; baseline 0.003 -20"><span class='ocrx_word' id='word_1_346' title='bbox 182 3052 396 3109; x_wconf 83' lang='lat' dir='ltr'><strong>nacbe!</strong></span> <span class='ocrx_word' id='word_1_347' title='bbox 434 3070 536 3110; x_wconf 84' lang='lat' dir='ltr'><strong>cur</strong></span> <span class='ocrx_word' id='word_1_348' title='bbox 571 3056 769 3112; x_wconf 86' lang='lat' dir='ltr'><strong>dicitur</strong></span> <span class='ocrx_word' id='word_1_349' title='bbox 817 3058 1035 3124; x_wconf 81' lang='lat' dir='ltr'><strong>prohibe</strong></span> <span class='ocrx_word' id='word_1_350' title='bbox 1079 3057 1314 3128; x_wconf 82' lang='lat' dir='ltr'><strong>linguam</strong></span> <span class='ocrx_word' id='word_1_351' title='bbox 1359 3068 1507 3112; x_wconf 88' lang='lat' dir='ltr'><strong>tuam</strong></span> <span class='ocrx_word' id='word_1_352' title='bbox 1531 3076 1564 3112; x_wconf 88' lang='lat' dir='ltr'><strong>a</strong></span> <span class='ocrx_word' id='word_1_353' title='bbox 1590 3058 1757 3113; x_wconf 78' lang='lat' dir='ltr'><strong>malo.</strong></span> 
     </span>
    </p>
   </div>
   <div class='ocr_carea' id='block_1_46' title="bbox 1857 1855 3440 1928">
    <p class='ocr_par' dir='ltr' id='par_1_46' title="bbox 1857 1855 3440 1928">
     <span class='ocr_line' id='line_1_46' title="bbox 1857 1855 3440 1928; baseline 0.003 -19"><span class='ocrx_word' id='word_1_354' title='bbox 1857 1856 1911 1910; x_wconf 91' lang='lat' dir='ltr'><strong>in</strong></span> <span class='ocrx_word' id='word_1_355' title='bbox 1936 1855 2135 1911; x_wconf 88' lang='lat' dir='ltr'><strong>saeculo</strong></span> <span class='ocrx_word' id='word_1_356' title='bbox 2162 1857 2418 1928; x_wconf 87' lang='lat' dir='ltr'><strong>relinquit</strong></span> <span class='ocrx_word' id='word_1_357' title='bbox 2445 1859 2676 1925; x_wconf 88' lang='lat' dir='ltr'><strong>labores,</strong></span> <span class='ocrx_word' id='word_1_358' title='bbox 2730 1861 2866 1915; x_wconf 90' lang='lat' dir='ltr'><strong>etin</strong></span> <span class='ocrx_word' id='word_1_359' title='bbox 2898 1860 3231 1916; x_wconf 89' lang='lat' dir='ltr'><strong>monasterio</strong></span> <span class='ocrx_word' id='word_1_360' title='bbox 3269 1869 3440 1915; x_wconf 89' lang='lat' dir='ltr'><strong>secta-</strong></span> 
     </span>
    </p>
   </div>
   <div class='ocr_carea' id='block_1_47' title="bbox 1858 1949 3443 2009">
    <p class='ocr_par' dir='ltr' id='par_1_47' title="bbox 1858 1949 3443 2009">
     <span class='ocr_line' id='line_1_47' title="bbox 1858 1949 3443 2009; baseline 0.003 -6"><span class='ocrx_word' id='word_1_361' title='bbox 1858 1956 1945 2003; x_wconf 87' lang='lat' dir='ltr'><strong>tur</strong></span> <span class='ocrx_word' id='word_1_362' title='bbox 1977 1949 2303 2005; x_wconf 90' lang='lat' dir='ltr'><strong>otiositates.</strong></span> <span class='ocrx_word' id='word_1_363' title='bbox 2345 1953 2422 2007; x_wconf 89' lang='lat' dir='ltr'><strong>De</strong></span> <span class='ocrx_word' id='word_1_364' title='bbox 2467 1952 2662 2008; x_wconf 88' lang='lat' dir='ltr'><strong>talibus</strong></span> <span class='ocrx_word' id='word_1_365' title='bbox 2711 1955 2857 2008; x_wconf 91' lang='lat' dir='ltr'><strong>enim</strong></span> <span class='ocrx_word' id='word_1_366' title='bbox 2892 1954 3153 2009; x_wconf 87' lang='lat' dir='ltr'><strong>Dominus</strong></span> <span class='ocrx_word' id='word_1_367' title='bbox 3191 1955 3307 2008; x_wconf 91' lang='lat' dir='ltr'><strong>ait:</strong></span> <span class='ocrx_word' id='word_1_368' title='bbox 3341 1954 3443 2007; x_wconf 78' lang='lat' dir='ltr'><strong>Ar-</strong></span> 
     </span>
    </p>
   </div>
   <div class='ocr_carea' id='block_1_48' title="bbox 1857 2040 3440 2113">
    <p class='ocr_par' dir='ltr' id='par_1_48' title="bbox 1857 2040 3440 2113">
     <span class='ocr_line' id='line_1_48' title="bbox 1857 2040 3440 2113; baseline 0.001 -19"><span class='ocrx_word' id='word_1_369' title='bbox 1857 2040 1952 2094; x_wconf 86' lang='lat' dir='ltr'><strong>bor</strong></span> <span class='ocrx_word' id='word_1_370' title='bbox 1971 2054 2090 2111; x_wconf 78' lang='lat' dir='ltr'><strong>qua:</strong></span> <span class='ocrx_word' id='word_1_371' title='bbox 2110 2055 2217 2092; x_wconf 85' lang='lat' dir='ltr'><strong>non</strong></span> <span class='ocrx_word' id='word_1_372' title='bbox 2272 2042 2400 2112; x_wconf 79' lang='lat' dir='ltr'><strong>facit</strong></span> <span class='ocrx_word' id='word_1_373' title='bbox 2437 2042 2666 2113; x_wconf 76' lang='lat' dir='ltr'><strong>fructum</strong></span> <span class='ocrx_word' id='word_1_374' title='bbox 2726 2045 2938 2109; x_wconf 80' lang='lat' dir='ltr'><strong>bonum,</strong></span> <span class='ocrx_word' id='word_1_375' title='bbox 2998 2044 3287 2109; x_wconf 73' lang='lat' dir='ltr'><strong>excidetur,</strong></span> <span class='ocrx_word' id='word_1_376' title='bbox 3313 2052 3359 2097; x_wconf 84' lang='lat' dir='ltr'><strong>et</strong></span> <span class='ocrx_word' id='word_1_377' title='bbox 3385 2045 3440 2097; x_wconf 87' lang='lat' dir='ltr'><strong>in</strong></span> 
     </span>
    </p>
   </div>
   <div class='ocr_carea' id='block_1_49' title="bbox 1856 2133 3426 2207">
    <p class='ocr_par' dir='ltr' id='par_1_49' title="bbox 1856 2133 3426 2207">
     <span class='ocr_line' id='line_1_49' title="bbox 1856 2133 3426 2207; baseline 0 -21"><span class='ocrx_word' id='word_1_378' title='bbox 1856 2133 2028 2204; x_wconf 86' lang='lat' dir='ltr'><strong>ignem</strong></span> <span class='ocrx_word' id='word_1_379' title='bbox 2058 2137 2292 2192; x_wconf 82' lang='lat' dir='ltr'><strong>mittetur</strong></span> <span class='ocrx_word' id='word_1_380' title='bbox 2311 2134 2528 2207; x_wconf 75' lang='lat' dir='ltr'><strong>(Matth.</strong></span> <span class='ocrx_word' id='word_1_381' title='bbox 2553 2151 2655 2201; x_wconf 90' lang='lat' dir='ltr'><strong>vu;</strong></span> <span class='ocrx_word' id='word_1_382' title='bbox 2689 2134 2815 2189; x_wconf 84' lang='lat' dir='ltr'><strong>Luc.</strong></span> <span class='ocrx_word' id='word_1_383' title='bbox 2841 2133 2947 2204; x_wconf 93' lang='grc' dir='ltr'>ιιι).</span> <span class='ocrx_word' id='word_1_384' title='bbox 2974 2135 3041 2189; x_wconf 84' lang='grc' dir='ltr'>Ει</span> <span class='ocrx_word' id='word_1_385' title='bbox 3072 2136 3124 2188; x_wconf 91' lang='lat' dir='ltr'><strong>in</strong></span> <span class='ocrx_word' id='word_1_386' title='bbox 3157 2134 3426 2205; x_wconf 76' lang='lat' dir='ltr'><strong>Apocaly-</strong></span> 
     </span>
    </p>
   </div>
   <div class='ocr_carea' id='block_1_50' title="bbox 1858 2224 3436 2296">
    <p class='ocr_par' dir='ltr' id='par_1_50' title="bbox 1858 2224 3436 2296">
     <span class='ocr_line' id='line_1_50' title="bbox 1858 2224 3436 2296; baseline 0.001 -18"><span class='ocrx_word' id='word_1_387' title='bbox 1858 2224 1941 2293; x_wconf 89' lang='lat' dir='ltr'><strong>psi</strong></span> <span class='ocrx_word' id='word_1_388' title='bbox 1973 2242 1988 2278; x_wconf 90' lang='lat'><strong>:</strong></span> <span class='ocrx_word' id='word_1_389' title='bbox 2016 2224 2155 2291; x_wconf 83' lang='lat' dir='ltr'><strong>Quia</strong></span> <span class='ocrx_word' id='word_1_390' title='bbox 2194 2242 2286 2280; x_wconf 84' lang='lat' dir='ltr'><strong>nec</strong></span> <span class='ocrx_word' id='word_1_391' title='bbox 2322 2224 2565 2296; x_wconf 78' lang='lat' dir='ltr'><strong>frigidus,</strong></span> <span class='ocrx_word' id='word_1_392' title='bbox 2592 2242 2684 2278; x_wconf 85' lang='lat' dir='ltr'><strong>nec</strong></span> <span class='ocrx_word' id='word_1_393' title='bbox 2719 2224 2945 2291; x_wconf 84' lang='lat' dir='ltr'><strong>calidus,</strong></span> <span class='ocrx_word' id='word_1_394' title='bbox 2992 2225 3082 2280; x_wconf 88' lang='lat' dir='ltr'><strong>sed</strong></span> <span class='ocrx_word' id='word_1_395' title='bbox 3128 2226 3333 2296; x_wconf 80' lang='lat' dir='ltr'><strong>tepidus</strong></span> <span class='ocrx_word' id='word_1_396' title='bbox 3360 2241 3436 2289; x_wconf 83' lang='lat' dir='ltr'><strong>es,</strong></span> 
     </span>
    </p>
   </div>
   <div class='ocr_carea' id='block_1_51' title="bbox 1859 2309 3446 2388">
    <p class='ocr_par' dir='ltr' id='par_1_51' title="bbox 1859 2309 3446 2388">
     <span class='ocr_line' id='line_1_51' title="bbox 1859 2309 3446 2388; baseline -0.002 -16"><span class='ocrx_word' id='word_1_397' title='bbox 1859 2328 1908 2372; x_wconf 82' lang='lat' dir='ltr'><strong>et</strong></span> <span class='ocrx_word' id='word_1_398' title='bbox 1982 2336 2234 2373; x_wconf 78' lang='lat' dir='ltr'><strong>nauseam</strong></span> <span class='ocrx_word' id='word_1_399' title='bbox 2290 2309 2444 2388; x_wconf 69' lang='lat' dir='ltr'><strong>facis,</strong></span> <span class='ocrx_word' id='word_1_400' title='bbox 2468 2319 2713 2388; x_wconf 85' lang='lat' dir='ltr'><strong>incipiam</strong></span> <span class='ocrx_word' id='word_1_401' title='bbox 2749 2326 2797 2371; x_wconf 86' lang='lat' dir='ltr'><strong>te</strong></span> <span class='ocrx_word' id='word_1_402' title='bbox 2822 2333 3054 2371; x_wconf 71' lang='lat' dir='ltr'><strong>evomere</strong></span> <span class='ocrx_word' id='word_1_403' title='bbox 3107 2316 3172 2371; x_wconf 88' lang='lat' dir='ltr'><strong>de</strong></span> <span class='ocrx_word' id='word_1_404' title='bbox 3215 2333 3305 2371; x_wconf 86' lang='lat' dir='ltr'><strong>ore</strong></span> <span class='ocrx_word' id='word_1_405' title='bbox 3329 2331 3446 2371; x_wconf 86' lang='lat' dir='ltr'><strong>meo</strong></span> 
     </span>
    </p>
   </div>
   <div class='ocr_carea' id='block_1_52' title="bbox 1864 2407 3480 2484">
    <p class='ocr_par' dir='ltr' id='par_1_52' title="bbox 1864 2407 3480 2484">
     <span class='ocr_line' id='line_1_52' title="bbox 1864 2407 3480 2484; baseline -0.001 -20"><span class='ocrx_word' id='word_1_406' title='bbox 1864 2411 2049 2483; x_wconf 82' lang='lat' dir='ltr'><strong>(Apoc.</strong></span> <span class='ocrx_word' id='word_1_407' title='bbox 2076 2411 2186 2484; x_wconf 84' lang='grc' dir='ltr'>ιιι),</span> <span class='ocrx_word' id='word_1_408' title='bbox 2226 2412 2358 2466; x_wconf 86' lang='lat' dir='ltr'><strong>dicit</strong></span> <span class='ocrx_word' id='word_1_409' title='bbox 2388 2410 2668 2465; x_wconf 88' lang='lat' dir='ltr'><strong>Dominus.</strong></span> <span class='ocrx_word' id='word_1_410' title='bbox 2728 2409 2882 2464; x_wconf 87' lang='lat' dir='ltr'><strong>Unde</strong></span> <span class='ocrx_word' id='word_1_411' title='bbox 2910 2417 2966 2464; x_wconf 91' lang='lat' dir='ltr'><strong>et</strong></span> <span class='ocrx_word' id='word_1_412' title='bbox 2994 2409 3240 2464; x_wconf 90' lang='lat' dir='ltr'><strong>otiositas</strong></span> <span class='ocrx_word' id='word_1_413' title='bbox 3264 2407 3447 2462; x_wconf 88' lang='lat' dir='ltr'><strong>inimi-</strong></span> <span class='ocrx_word' id='word_1_414' title='bbox 3474 2421 3480 2427; x_wconf 86' lang='lat'><strong><em>‘</em></strong></span> 
     </span>
    </p>
   </div>
   <div class='ocr_carea' id='block_1_53' title="bbox 1862 2497 3445 2571">
    <p class='ocr_par' dir='ltr' id='par_1_53' title="bbox 1862 2497 3445 2571">
     <span class='ocr_line' id='line_1_53' title="bbox 1862 2497 3445 2571; baseline -0.004 -13"><span class='ocrx_word' id='word_1_415' title='bbox 1862 2518 1927 2559; x_wconf 91' lang='lat' dir='ltr'><strong>ca</strong></span> <span class='ocrx_word' id='word_1_416' title='bbox 1956 2519 2077 2558; x_wconf 91' lang='lat' dir='ltr'><strong>esse</strong></span> <span class='ocrx_word' id='word_1_417' title='bbox 2117 2501 2443 2558; x_wconf 89' lang='lat' dir='ltr'><strong>describitur</strong></span> <span class='ocrx_word' id='word_1_418' title='bbox 2477 2500 2691 2555; x_wconf 66' lang='lat' dir='ltr'><strong>anima).</strong></span> <span class='ocrx_word' id='word_1_419' title='bbox 2732 2499 2874 2571; x_wconf 84' lang='lat' dir='ltr'><strong>Ergo</strong></span> <span class='ocrx_word' id='word_1_420' title='bbox 2928 2498 3197 2554; x_wconf 87' lang='lat' dir='ltr'><strong>divertere</strong></span> <span class='ocrx_word' id='word_1_421' title='bbox 3222 2513 3253 2551; x_wconf 89' lang='lat' dir='ltr'><strong>a</strong></span> <span class='ocrx_word' id='word_1_422' title='bbox 3276 2497 3445 2561; x_wconf 88' lang='lat' dir='ltr'><strong>malo,</strong></span> 
     </span>
    </p>
   </div>
   <div class='ocr_carea' id='block_1_54' title="bbox 1862 2581 3446 2662">
    <p class='ocr_par' dir='ltr' id='par_1_54' title="bbox 1862 2581 3446 2662">
     <span class='ocr_line' id='line_1_54' title="bbox 1862 2581 3446 2662; baseline -0.003 -17"><span class='ocrx_word' id='word_1_423' title='bbox 1862 2598 1918 2646; x_wconf 87' lang='lat' dir='ltr'><strong>et</strong></span> <span class='ocrx_word' id='word_1_424' title='bbox 1946 2590 2126 2646; x_wconf 90' lang='lat' dir='ltr'><strong>facere</strong></span> <span class='ocrx_word' id='word_1_425' title='bbox 2143 2581 2356 2645; x_wconf 79' lang='lat' dir='ltr'><strong>bonum</strong></span> <span class='ocrx_word' id='word_1_426' title='bbox 2393 2588 2758 2662; x_wconf 81' lang='lat' dir='ltr'><strong>singulariter,</strong></span> <span class='ocrx_word' id='word_1_427' title='bbox 2786 2597 2840 2643; x_wconf 89' lang='lat' dir='ltr'><strong>et</strong></span> <span class='ocrx_word' id='word_1_428' title='bbox 2878 2588 3097 2659; x_wconf 90' lang='lat' dir='ltr'><strong>proprie</strong></span> <span class='ocrx_word' id='word_1_429' title='bbox 3132 2596 3217 2643; x_wconf 89' lang='lat' dir='ltr'><strong>est</strong></span> <span class='ocrx_word' id='word_1_430' title='bbox 3241 2586 3446 2642; x_wconf 87' lang='lat' dir='ltr'><strong>electo-</strong></span> 
     </span>
    </p>
   </div>
   <div class='ocr_carea' id='block_1_55' title="bbox 1862 2678 3451 2751">
    <p class='ocr_par' dir='ltr' id='par_1_55' title="bbox 1862 2678 3451 2751">
     <span class='ocr_line' id='line_1_55' title="bbox 1862 2678 3451 2751; baseline -0.003 -16"><span class='ocrx_word' id='word_1_431' title='bbox 1862 2696 2004 2735; x_wconf 89' lang='lat' dir='ltr'><strong>rum.</strong></span> <span class='ocrx_word' id='word_1_432' title='bbox 2046 2680 2164 2736; x_wconf 84' lang='lat' dir='ltr'><strong>Non</strong></span> <span class='ocrx_word' id='word_1_433' title='bbox 2194 2680 2337 2735; x_wconf 91' lang='lat' dir='ltr'><strong>enim</strong></span> <span class='ocrx_word' id='word_1_434' title='bbox 2388 2695 2549 2749; x_wconf 86' lang='lat' dir='ltr'><strong>super</strong></span> <span class='ocrx_word' id='word_1_435' title='bbox 2606 2680 2812 2751; x_wconf 77' lang='lat' dir='ltr'><strong>spinas,</strong></span> <span class='ocrx_word' id='word_1_436' title='bbox 2860 2679 3095 2749; x_wconf 87' lang='lat' dir='ltr'><strong>tribulos</strong></span> <span class='ocrx_word' id='word_1_437' title='bbox 3129 2678 3213 2734; x_wconf 90' lang='lat' dir='ltr'><strong>vel</strong></span> <span class='ocrx_word' id='word_1_438' title='bbox 3245 2679 3451 2733; x_wconf 88' lang='lat' dir='ltr'><strong>urticas</strong></span> 
     </span>
    </p>
   </div>
   <div class='ocr_carea' id='block_1_56' title="bbox 1863 2769 3449 2843">
    <p class='ocr_par' dir='ltr' id='par_1_56' title="bbox 1863 2769 3449 2843">
     <span class='ocr_line' id='line_1_56' title="bbox 1863 2769 3449 2843; baseline -0.003 -17"><span class='ocrx_word' id='word_1_439' title='bbox 1863 2770 2099 2843; x_wconf 77' lang='lat' dir='ltr'><strong>agricola</strong></span> <span class='ocrx_word' id='word_1_440' title='bbox 2128 2770 2213 2825; x_wconf 91' lang='lat' dir='ltr'><strong>vel</strong></span> <span class='ocrx_word' id='word_1_441' title='bbox 2236 2770 2501 2825; x_wconf 88' lang='lat' dir='ltr'><strong>horticola</strong></span> <span class='ocrx_word' id='word_1_442' title='bbox 2541 2769 2753 2841; x_wconf 89' lang='lat' dir='ltr'><strong>frugum</strong></span> <span class='ocrx_word' id='word_1_443' title='bbox 2786 2785 3008 2825; x_wconf 88' lang='lat' dir='ltr'><strong>suarum</strong></span> <span class='ocrx_word' id='word_1_444' title='bbox 3039 2770 3176 2825; x_wconf 88' lang='lat' dir='ltr'><strong>serit</strong></span> <span class='ocrx_word' id='word_1_445' title='bbox 3216 2769 3449 2834; x_wconf 88' lang='lat' dir='ltr'><strong>semina,</strong></span> 
     </span>
    </p>
   </div>
   <div class='ocr_carea' id='block_1_57' title="bbox 1863 2860 3453 2934">
    <p class='ocr_par' dir='ltr' id='par_1_57' title="bbox 1863 2860 3453 2934">
     <span class='ocr_line' id='line_1_57' title="bbox 1863 2860 3453 2934; baseline -0.003 -15"><span class='ocrx_word' id='word_1_446' title='bbox 1863 2863 1958 2919; x_wconf 90' lang='lat' dir='ltr'><strong>sed</strong></span> <span class='ocrx_word' id='word_1_447' title='bbox 1994 2862 2147 2934; x_wconf 89' lang='lat' dir='ltr'><strong>prius</strong></span> <span class='ocrx_word' id='word_1_448' title='bbox 2192 2863 2261 2917; x_wconf 90' lang='lat' dir='ltr'><strong>ab</strong></span> <span class='ocrx_word' id='word_1_449' title='bbox 2307 2862 2393 2917; x_wconf 91' lang='lat' dir='ltr'><strong>his</strong></span> <span class='ocrx_word' id='word_1_450' title='bbox 2431 2869 2629 2933; x_wconf 84' lang='lat' dir='ltr'><strong>purgat</strong></span> <span class='ocrx_word' id='word_1_451' title='bbox 2659 2874 2867 2931; x_wconf 88' lang='lat' dir='ltr'><strong>agrum,</strong></span> <span class='ocrx_word' id='word_1_452' title='bbox 2916 2871 2971 2916; x_wconf 86' lang='lat' dir='ltr'><strong>et</strong></span> <span class='ocrx_word' id='word_1_453' title='bbox 3001 2861 3081 2917; x_wconf 89' lang='lat' dir='ltr'><strong>sic</strong></span> <span class='ocrx_word' id='word_1_454' title='bbox 3108 2860 3281 2931; x_wconf 88' lang='lat' dir='ltr'><strong>jactat</strong></span> <span class='ocrx_word' id='word_1_455' title='bbox 3322 2875 3453 2915; x_wconf 83' lang='lat' dir='ltr'><strong>cou-</strong></span> 
     </span>
    </p>
   </div>
   <div class='ocr_carea' id='block_1_58' title="bbox 1864 2950 3458 3026">
    <p class='ocr_par' dir='ltr' id='par_1_58' title="bbox 1864 2950 3458 3026">
     <span class='ocr_line' id='line_1_58' title="bbox 1864 2950 3458 3026; baseline -0.004 -19"><span class='ocrx_word' id='word_1_456' title='bbox 1864 2952 2108 3026; x_wconf 82' lang='lat' dir='ltr'><strong>gruentis</strong></span> <span class='ocrx_word' id='word_1_457' title='bbox 2150 2950 2375 3007; x_wconf 85' lang='lat' dir='ltr'><strong>seminis</strong></span> <span class='ocrx_word' id='word_1_458' title='bbox 2409 2966 2656 3021; x_wconf 79' lang='lat' dir='ltr'><strong>granum.</strong></span> <span class='ocrx_word' id='word_1_459' title='bbox 2699 2950 2776 3005; x_wconf 89' lang='lat' dir='ltr'><strong>Ita</strong></span> <span class='ocrx_word' id='word_1_460' title='bbox 2805 2958 2862 3005; x_wconf 92' lang='lat' dir='ltr'><strong>et</strong></span> <span class='ocrx_word' id='word_1_461' title='bbox 2888 2950 3183 3007; x_wconf 89' lang='lat' dir='ltr'><strong>electorum</strong></span> <span class='ocrx_word' id='word_1_462' title='bbox 3220 2950 3458 3020; x_wconf 89' lang='lat' dir='ltr'><strong>quisque</strong></span> 
     </span>
    </p>
   </div>
   <div class='ocr_carea' id='block_1_59' title="bbox 1871 3039 3451 3114">
    <p class='ocr_par' dir='ltr' id='par_1_59' title="bbox 1871 3039 3451 3114">
     <span class='ocr_line' id='line_1_59' title="bbox 1871 3039 3451 3114; baseline -0.004 -16"><span class='ocrx_word' id='word_1_463' title='bbox 1871 3044 2022 3114; x_wconf 88' lang='lat' dir='ltr'><strong>prius</strong></span> <span class='ocrx_word' id='word_1_464' title='bbox 2042 3043 2222 3098; x_wconf 90' lang='lat' dir='ltr'><strong>cordis</strong></span> <span class='ocrx_word' id='word_1_465' title='bbox 2251 3049 2308 3098; x_wconf 91' lang='lat' dir='ltr'><strong>et</strong></span> <span class='ocrx_word' id='word_1_466' title='bbox 2333 3041 2584 3112; x_wconf 89' lang='lat' dir='ltr'><strong>corporis</strong></span> <span class='ocrx_word' id='word_1_467' title='bbox 2626 3041 2710 3095; x_wconf 89' lang='lat' dir='ltr'><strong>sui</strong></span> <span class='ocrx_word' id='word_1_468' title='bbox 2762 3056 2950 3111; x_wconf 85' lang='lat' dir='ltr'><strong>agrum</strong></span> <span class='ocrx_word' id='word_1_469' title='bbox 2996 3056 3027 3095; x_wconf 90' lang='lat' dir='ltr'><strong>a</strong></span> <span class='ocrx_word' id='word_1_470' title='bbox 3058 3039 3205 3095; x_wconf 87' lang='lat' dir='ltr'><strong>vitiis</strong></span> <span class='ocrx_word' id='word_1_471' title='bbox 3232 3046 3451 3110; x_wconf 88' lang='lat' dir='ltr'><strong>purgat,</strong></span> 
     </span>
    </p>
   </div>
   <div class='ocr_carea' id='block_1_60' title="bbox 182 3125 3453 3221">
    <p class='ocr_par' dir='ltr' id='par_1_60' title="bbox 182 3125 3453 3221">
     <span class='ocr_line' id='line_1_60' title="bbox 182 3125 3453 3221; baseline -0.001 -31"><span class='ocrx_word' id='word_1_472' title='bbox 182 3142 242 3200; x_wconf 81' lang='lat' dir='ltr'><strong>Si</strong></span> <span class='ocrx_word' id='word_1_473' title='bbox 267 3146 413 3201; x_wconf 68' lang='lat' dir='ltr'><strong>enim</strong></span> <span class='ocrx_word' id='word_1_474' title='bbox 437 3147 807 3204; x_wconf 55' lang='lat' dir='ltr'><strong>detrahentem</strong></span> <span class='ocrx_word' id='word_1_475' title='bbox 854 3150 1117 3206; x_wconf 70' lang='lat' dir='ltr'><strong>Dominus</strong></span> <span class='ocrx_word' id='word_1_476' title='bbox 1159 3125 1535 3221; x_wconf 62' lang='grc' dir='ltr'><strong>’ρει-εθίιυίιητ,</strong></span> <span class='ocrx_word' id='word_1_477' title='bbox 1570 3160 1626 3207; x_wconf 68' lang='grc' dir='ltr'><strong>α</strong></span> <span class='ocrx_word' id='word_1_478' title='bbox 1656 3168 1768 3208; x_wconf 68' lang='lat' dir='ltr'><strong>ma-</strong></span> <span class='ocrx_word' id='word_1_479' title='bbox 1792 3125 1839 3189; x_wconf 88' lang='lat' dir='ltr'>C</span> <span class='ocrx_word' id='word_1_480' title='bbox 1870 3141 1926 3189; x_wconf 87' lang='lat' dir='ltr'><strong>et</strong></span> <span class='ocrx_word' id='word_1_481' title='bbox 1955 3141 2143 3205; x_wconf 91' lang='lat' dir='ltr'><strong>postea</strong></span> <span class='ocrx_word' id='word_1_482' title='bbox 2196 3133 2455 3188; x_wconf 89' lang='lat' dir='ltr'><strong>virtutum</strong></span> <span class='ocrx_word' id='word_1_483' title='bbox 2480 3132 2684 3188; x_wconf 88' lang='lat' dir='ltr'><strong>semina</strong></span> <span class='ocrx_word' id='word_1_484' title='bbox 2705 3132 2915 3203; x_wconf 77' lang='lat' dir='ltr'><strong>iactat:</strong></span> <span class='ocrx_word' id='word_1_485' title='bbox 2948 3141 3004 3187; x_wconf 91' lang='lat' dir='ltr'><strong>et</strong></span> <span class='ocrx_word' id='word_1_486' title='bbox 3047 3132 3151 3189; x_wconf 92' lang='lat' dir='ltr'><strong>hoc</strong></span> <span class='ocrx_word' id='word_1_487' title='bbox 3174 3130 3338 3187; x_wconf 91' lang='lat' dir='ltr'><strong>modo</strong></span> <span class='ocrx_word' id='word_1_488' title='bbox 3366 3132 3453 3187; x_wconf 91' lang='lat' dir='ltr'><strong>di-</strong></span> 
     </span>
    </p>
   </div>
   <div class='ocr_carea' id='block_1_61' title="bbox 183 3232 1770 3312">
    <p class='ocr_par' dir='ltr' id='par_1_61' title="bbox 183 3232 1770 3312">
     <span class='ocr_line' id='line_1_61' title="bbox 183 3232 1770 3312; baseline 0.007 -22"><span class='ocrx_word' id='word_1_489' title='bbox 183 3232 343 3297; x_wconf 78' lang='lat' dir='ltr'><strong>ledici</strong></span> <span class='ocrx_word' id='word_1_490' title='bbox 368 3249 592 3308; x_wconf 86' lang='lat' dir='ltr'><strong>regnum</strong></span> <span class='ocrx_word' id='word_1_491' title='bbox 620 3238 715 3294; x_wconf 91' lang='lat' dir='ltr'><strong>Dei</strong></span> <span class='ocrx_word' id='word_1_492' title='bbox 750 3256 856 3296; x_wconf 93' lang='lat' dir='ltr'><strong>non</strong></span> <span class='ocrx_word' id='word_1_493' title='bbox 908 3240 1206 3312; x_wconf 88' lang='lat' dir='ltr'><strong>possident,</strong></span> <span class='ocrx_word' id='word_1_494' title='bbox 1238 3249 1296 3297; x_wconf 91' lang='lat' dir='ltr'><strong>et</strong></span> <span class='ocrx_word' id='word_1_495' title='bbox 1335 3254 1770 3301; x_wconf 87' lang='lat' dir='ltr'><strong>murmuratores</strong></span> 
     </span>
    </p>
   </div>
   <div class='ocr_carea' id='block_1_62' title="bbox 181 3329 1773 3407">
    <p class='ocr_par' dir='ltr' id='par_1_62' title="bbox 181 3329 1773 3407">
     <span class='ocr_line' id='line_1_62' title="bbox 181 3329 1773 3407; baseline 0.008 -28"><span class='ocrx_word' id='word_1_496' title='bbox 181 3339 216 3379; x_wconf 85' lang='lat' dir='ltr'><strong>a</strong></span> <span class='ocrx_word' id='word_1_497' title='bbox 245 3329 610 3396; x_wconf 87' lang='lat' dir='ltr'><strong>serpentibus,</strong></span> <span class='ocrx_word' id='word_1_498' title='bbox 658 3330 713 3386; x_wconf 87' lang='lat' dir='ltr'><strong>id</strong></span> <span class='ocrx_word' id='word_1_499' title='bbox 768 3340 853 3388; x_wconf 90' lang='lat' dir='ltr'><strong>est</strong></span> <span class='ocrx_word' id='word_1_500' title='bbox 906 3347 936 3387; x_wconf 89' lang='lat' dir='ltr'><strong>a</strong></span> <span class='ocrx_word' id='word_1_501' title='bbox 981 3332 1334 3399; x_wconf 65' lang='lat' dir='ltr'><strong>daemonibus,</strong></span> <span class='ocrx_word' id='word_1_502' title='bbox 1386 3336 1685 3407; x_wconf 88' lang='lat' dir='ltr'><strong>perierunt,</strong></span> <span class='ocrx_word' id='word_1_503' title='bbox 1715 3345 1773 3392; x_wconf 89' lang='lat' dir='ltr'><strong>et</strong></span> 
     </span>
    </p>
   </div>
   <div class='ocr_carea' id='block_1_63' title="bbox 180 3419 1771 3495">
    <p class='ocr_par' dir='ltr' id='par_1_63' title="bbox 180 3419 1771 3495">
     <span class='ocr_line' id='line_1_63' title="bbox 180 3419 1771 3495; baseline 0.007 -24"><span class='ocrx_word' id='word_1_504' title='bbox 180 3419 375 3488; x_wconf 84' lang='lat' dir='ltr'><strong>perdet</strong></span> <span class='ocrx_word' id='word_1_505' title='bbox 402 3420 547 3477; x_wconf 91' lang='lat' dir='ltr'><strong>Deus</strong></span> <span class='ocrx_word' id='word_1_506' title='bbox 572 3438 763 3480; x_wconf 88' lang='lat' dir='ltr'><strong>omnes</strong></span> <span class='ocrx_word' id='word_1_507' title='bbox 791 3424 884 3494; x_wconf 90' lang='lat' dir='ltr'><strong>qui</strong></span> <span class='ocrx_word' id='word_1_508' title='bbox 914 3424 1212 3495; x_wconf 89' lang='lat' dir='ltr'><strong>loquuntur</strong></span> <span class='ocrx_word' id='word_1_509' title='bbox 1250 3426 1616 3491; x_wconf 88' lang='lat' dir='ltr'><strong>mendacium,</strong></span> <span class='ocrx_word' id='word_1_510' title='bbox 1646 3441 1771 3482; x_wconf 92' lang='lat' dir='ltr'><strong>cum</strong></span> 
     </span>
    </p>
   </div>
   <div class='ocr_carea' id='block_1_64' title="bbox 182 3508 1772 3588">
    <p class='ocr_par' dir='ltr' id='par_1_64' title="bbox 182 3508 1772 3588">
     <span class='ocr_line' id='line_1_64' title="bbox 182 3508 1772 3588; baseline 0.007 -27"><span class='ocrx_word' id='word_1_511' title='bbox 182 3508 332 3562; x_wconf 88' lang='lat' dir='ltr'><strong>omni</strong></span> <span class='ocrx_word' id='word_1_512' title='bbox 352 3509 628 3581; x_wconf 85' lang='lat' dir='ltr'><strong>vigilantia</strong></span> <span class='ocrx_word' id='word_1_513' title='bbox 652 3514 945 3582; x_wconf 88' lang='lat' dir='ltr'><strong>prohibere</strong></span> <span class='ocrx_word' id='word_1_514' title='bbox 976 3515 1238 3571; x_wconf 89' lang='lat' dir='ltr'><strong>debemus</strong></span> <span class='ocrx_word' id='word_1_515' title='bbox 1258 3514 1496 3588; x_wconf 85' lang='lat' dir='ltr'><strong>linguam</strong></span> <span class='ocrx_word' id='word_1_516' title='bbox 1529 3525 1772 3572; x_wconf 89' lang='lat' dir='ltr'><strong>nostram</strong></span> 
     </span>
    </p>
   </div>
   <div class='ocr_carea' id='block_1_65' title="bbox 183 3600 1774 3678">
    <p class='ocr_par' dir='ltr' id='par_1_65' title="bbox 183 3600 1774 3678">
     <span class='ocr_line' id='line_1_65' title="bbox 183 3600 1774 3678; baseline 0.008 -26"><span class='ocrx_word' id='word_1_517' title='bbox 183 3613 215 3652; x_wconf 90' lang='lat' dir='ltr'><strong>a</strong></span> <span class='ocrx_word' id='word_1_518' title='bbox 244 3600 406 3667; x_wconf 82' lang='lat' dir='ltr'><strong>malo,</strong></span> <span class='ocrx_word' id='word_1_519' title='bbox 460 3617 530 3659; x_wconf 89' lang='lat' dir='ltr'><strong>ne</strong></span> <span class='ocrx_word' id='word_1_520' title='bbox 560 3619 684 3659; x_wconf 90' lang='lat' dir='ltr'><strong>cum</strong></span> <span class='ocrx_word' id='word_1_521' title='bbox 715 3605 800 3659; x_wconf 85' lang='lat' dir='ltr'><strong>his</strong></span> <span class='ocrx_word' id='word_1_522' title='bbox 840 3607 1194 3676; x_wconf 88' lang='lat' dir='ltr'><strong>pereuntibus</strong></span> <span class='ocrx_word' id='word_1_523' title='bbox 1252 3615 1311 3662; x_wconf 90' lang='lat' dir='ltr'><strong>et</strong></span> <span class='ocrx_word' id='word_1_524' title='bbox 1340 3622 1440 3664; x_wconf 90' lang='lat' dir='ltr'><strong>nos</strong></span> <span class='ocrx_word' id='word_1_525' title='bbox 1487 3623 1774 3678; x_wconf 90' lang='lat' dir='ltr'><strong>pereamus</strong></span> 
     </span>
    </p>
   </div>
   <div class='ocr_carea' id='block_1_66' title="bbox 185 3690 1774 3769">
    <p class='ocr_par' dir='ltr' id='par_1_66' title="bbox 185 3690 1774 3769">
     <span class='ocr_line' id='line_1_66' title="bbox 185 3690 1774 3769; baseline 0.008 -26"><span class='ocrx_word' id='word_1_526' title='bbox 185 3690 241 3745; x_wconf 88' lang='lat' dir='ltr'><strong>in</strong></span> <span class='ocrx_word' id='word_1_527' title='bbox 266 3701 555 3747; x_wconf 64' lang='lat' dir='ltr'><strong>aeternum.</strong></span> <span class='ocrx_word' id='word_1_528' title='bbox 598 3694 665 3747; x_wconf 89' lang='lat' dir='ltr'><strong>Et</strong></span> <span class='ocrx_word' id='word_1_529' title='bbox 716 3695 895 3751; x_wconf 89' lang='lat' dir='ltr'><strong>adhuc</strong></span> <span class='ocrx_word' id='word_1_530' title='bbox 941 3698 1007 3751; x_wconf 89' lang='lat' dir='ltr'><strong>de</strong></span> <span class='ocrx_word' id='word_1_531' title='bbox 1054 3697 1198 3751; x_wconf 87' lang='lat' dir='ltr'><strong>malo</strong></span> <span class='ocrx_word' id='word_1_532' title='bbox 1243 3697 1440 3769; x_wconf 66' lang='lat' dir='ltr'><strong>lingua:</strong></span> <span class='ocrx_word' id='word_1_533' title='bbox 1490 3699 1774 3755; x_wconf 88' lang='lat' dir='ltr'><strong>audiamus</strong></span> 
     </span>
    </p>
   </div>
   <div class='ocr_carea' id='block_1_67' title="bbox 183 3781 1775 3859">
    <p class='ocr_par' dir='ltr' id='par_1_67' title="bbox 183 3781 1775 3859">
     <span class='ocr_line' id='line_1_67' title="bbox 183 3781 1775 3859; baseline 0.004 -22"><span class='ocrx_word' id='word_1_534' title='bbox 183 3782 313 3853; x_wconf 85' lang='lat' dir='ltr'><strong>quid</strong></span> <span class='ocrx_word' id='word_1_535' title='bbox 370 3781 608 3838; x_wconf 88' lang='lat' dir='ltr'><strong>Jacobus</strong></span> <span class='ocrx_word' id='word_1_536' title='bbox 660 3786 941 3854; x_wconf 87' lang='lat' dir='ltr'><strong>apostolus</strong></span> <span class='ocrx_word' id='word_1_537' title='bbox 993 3786 1161 3850; x_wconf 88' lang='lat' dir='ltr'><strong>dicat,</strong></span> <span class='ocrx_word' id='word_1_538' title='bbox 1217 3789 1293 3842; x_wconf 89' lang='lat' dir='ltr'><strong>ait</strong></span> <span class='ocrx_word' id='word_1_539' title='bbox 1320 3790 1512 3843; x_wconf 85' lang='lat' dir='ltr'><strong>enim:</strong></span> <span class='ocrx_word' id='word_1_540' title='bbox 1570 3789 1775 3859; x_wconf 86' lang='lat' dir='ltr'><strong>Lingua</strong></span> 
     </span>
    </p>
   </div>
   <div class='ocr_carea' id='block_1_68' title="bbox 185 3874 1775 3950">
    <p class='ocr_par' dir='ltr' id='par_1_68' title="bbox 185 3874 1775 3950">
     <span class='ocr_line' id='line_1_68' title="bbox 185 3874 1775 3950; baseline 0.002 -21"><span class='ocrx_word' id='word_1_541' title='bbox 185 3876 325 3945; x_wconf 85' lang='lat' dir='ltr'><strong>ignis</strong></span> <span class='ocrx_word' id='word_1_542' title='bbox 357 3884 456 3939; x_wconf 87' lang='lat' dir='ltr'><strong>est,</strong></span> <span class='ocrx_word' id='word_1_543' title='bbox 494 3884 542 3929; x_wconf 80' lang='lat' dir='ltr'><strong>et</strong></span> <span class='ocrx_word' id='word_1_544' title='bbox 567 3874 880 3930; x_wconf 77' lang='lat' dir='ltr'><strong>universitas</strong></span> <span class='ocrx_word' id='word_1_545' title='bbox 929 3876 1223 3949; x_wconf 84' lang='lat' dir='ltr'><strong>iniquitatis</strong></span> <span class='ocrx_word' id='word_1_546' title='bbox 1251 3876 1393 3948; x_wconf 79' lang='lat' dir='ltr'><strong>(Jac.</strong></span> <span class='ocrx_word' id='word_1_547' title='bbox 1427 3878 1530 3950; x_wconf 90' lang='grc' dir='ltr'>ιιι).</span> <span class='ocrx_word' id='word_1_548' title='bbox 1568 3878 1775 3949; x_wconf 83' lang='lat' dir='ltr'><strong>Lingua</strong></span> 
     </span>
    </p>
   </div>
   <div class='ocr_carea' id='block_1_69' title="bbox 185 3966 1775 4038">
    <p class='ocr_par' dir='ltr' id='par_1_69' title="bbox 185 3966 1775 4038">
     <span class='ocr_line' id='line_1_69' title="bbox 185 3966 1775 4038; baseline 0.001 -16"><span class='ocrx_word' id='word_1_549' title='bbox 185 3966 539 4023; x_wconf 88' lang='lat' dir='ltr'><strong>constituitur</strong></span> <span class='ocrx_word' id='word_1_550' title='bbox 569 3967 623 4021; x_wconf 93' lang='lat' dir='ltr'><strong>in</strong></span> <span class='ocrx_word' id='word_1_551' title='bbox 654 3967 912 4023; x_wconf 87' lang='lat' dir='ltr'><strong>membris</strong></span> <span class='ocrx_word' id='word_1_552' title='bbox 942 3968 1163 4035; x_wconf 90' lang='lat' dir='ltr'><strong>nostris,</strong></span> <span class='ocrx_word' id='word_1_553' title='bbox 1190 3985 1312 4038; x_wconf 72' lang='lat' dir='ltr'><strong>qua:</strong></span> <span class='ocrx_word' id='word_1_554' title='bbox 1343 3970 1581 4024; x_wconf 85' lang='lat' dir='ltr'><strong>maculat</strong></span> <span class='ocrx_word' id='word_1_555' title='bbox 1607 3979 1775 4025; x_wconf 88' lang='lat' dir='ltr'><strong>tctum</strong></span> 
     </span>
    </p>
   </div>
   <div class='ocr_carea' id='block_1_70' title="bbox 188 4058 1780 4129">
    <p class='ocr_par' dir='ltr' id='par_1_70' title="bbox 188 4058 1780 4129">
     <span class='ocr_line' id='line_1_70' title="bbox 188 4058 1780 4129; baseline 0 -15"><span class='ocrx_word' id='word_1_556' title='bbox 188 4074 412 4129; x_wconf 91' lang='lat' dir='ltr'><strong>corpus,</strong></span> <span class='ocrx_word' id='word_1_557' title='bbox 466 4068 523 4115; x_wconf 92' lang='lat' dir='ltr'><strong>et</strong></span> <span class='ocrx_word' id='word_1_558' title='bbox 551 4058 846 4116; x_wconf 85' lang='lat' dir='ltr'><strong>inflammat</strong></span> <span class='ocrx_word' id='word_1_559' title='bbox 876 4069 1046 4115; x_wconf 90' lang='lat' dir='ltr'><strong>rotam</strong></span> <span class='ocrx_word' id='word_1_560' title='bbox 1104 4062 1404 4116; x_wconf 87' lang='lat' dir='ltr'><strong>nativitatis</strong></span> <span class='ocrx_word' id='word_1_561' title='bbox 1447 4071 1669 4128; x_wconf 71' lang='lat' dir='ltr'><strong>nostrrr,</strong></span> <span class='ocrx_word' id='word_1_562' title='bbox 1700 4062 1780 4115; x_wconf 91' lang='lat' dir='ltr'><strong>in-</strong></span> 
     </span>
    </p>
   </div>
   <div class='ocr_carea' id='block_1_71' title="bbox 189 4149 1774 4223">
    <p class='ocr_par' dir='ltr' id='par_1_71' title="bbox 189 4149 1774 4223">
     <span class='ocr_line' id='line_1_71' title="bbox 189 4149 1774 4223; baseline -0.001 -18"><span class='ocrx_word' id='word_1_563' title='bbox 189 4150 464 4205; x_wconf 84' lang='lat' dir='ltr'><strong>ﬂammata</strong></span> <span class='ocrx_word' id='word_1_564' title='bbox 492 4166 521 4204; x_wconf 89' lang='lat' dir='ltr'><strong>a</strong></span> <span class='ocrx_word' id='word_1_565' title='bbox 538 4151 801 4223; x_wconf 86' lang='lat' dir='ltr'><strong>gebenna.</strong></span> <span class='ocrx_word' id='word_1_566' title='bbox 842 4149 1032 4206; x_wconf 88' lang='lat' dir='ltr'><strong>Omnis</strong></span> <span class='ocrx_word' id='word_1_567' title='bbox 1058 4152 1202 4206; x_wconf 91' lang='lat' dir='ltr'><strong>enim</strong></span> <span class='ocrx_word' id='word_1_568' title='bbox 1234 4159 1427 4206; x_wconf 88' lang='lat' dir='ltr'><strong>natura</strong></span> <span class='ocrx_word' id='word_1_569' title='bbox 1452 4151 1774 4215; x_wconf 86' lang='lat' dir='ltr'><strong>bestiarum,</strong></span> 
     </span>
    </p>
   </div>
   <div class='ocr_carea' id='block_1_72' title="bbox 190 4241 1780 4312">
    <p class='ocr_par' dir='ltr' id='par_1_72' title="bbox 190 4241 1780 4312">
     <span class='ocr_line' id='line_1_72' title="bbox 190 4241 1780 4312; baseline 0 -15"><span class='ocrx_word' id='word_1_570' title='bbox 190 4251 245 4297; x_wconf 90' lang='lat' dir='ltr'><strong>et</strong></span> <span class='ocrx_word' id='word_1_571' title='bbox 274 4241 572 4306; x_wconf 88' lang='lat' dir='ltr'><strong>volucrum,</strong></span> <span class='ocrx_word' id='word_1_572' title='bbox 624 4249 678 4296; x_wconf 90' lang='lat' dir='ltr'><strong>et</strong></span> <span class='ocrx_word' id='word_1_573' title='bbox 705 4243 1058 4312; x_wconf 86' lang='lat' dir='ltr'><strong>serpentium,</strong></span> <span class='ocrx_word' id='word_1_574' title='bbox 1112 4241 1277 4296; x_wconf 74' lang='lat' dir='ltr'><strong>etiam</strong></span> <span class='ocrx_word' id='word_1_575' title='bbox 1323 4249 1640 4295; x_wconf 73' lang='lat' dir='ltr'><strong>etcterorum</strong></span> <span class='ocrx_word' id='word_1_576' title='bbox 1682 4242 1780 4297; x_wconf 91' lang='lat' dir='ltr'><strong>do—</strong></span> 
     </span>
    </p>
   </div>
   <div class='ocr_carea' id='block_1_73' title="bbox 193 4331 1775 4402">
    <p class='ocr_par' dir='ltr' id='par_1_73' title="bbox 193 4331 1775 4402">
     <span class='ocr_line' id='line_1_73' title="bbox 193 4331 1775 4402; baseline 0.001 -16"><span class='ocrx_word' id='word_1_577' title='bbox 193 4341 415 4387; x_wconf 87' lang='lat' dir='ltr'><strong>mantur</strong></span> <span class='ocrx_word' id='word_1_578' title='bbox 436 4340 491 4388; x_wconf 91' lang='lat' dir='ltr'><strong>et</strong></span> <span class='ocrx_word' id='word_1_579' title='bbox 515 4332 733 4388; x_wconf 88' lang='lat' dir='ltr'><strong>domata</strong></span> <span class='ocrx_word' id='word_1_580' title='bbox 764 4340 891 4387; x_wconf 89' lang='lat' dir='ltr'><strong>sunt</strong></span> <span class='ocrx_word' id='word_1_581' title='bbox 913 4349 942 4386; x_wconf 94' lang='lat' dir='ltr'><strong>a</strong></span> <span class='ocrx_word' id='word_1_582' title='bbox 975 4342 1169 4387; x_wconf 87' lang='lat' dir='ltr'><strong>natura</strong></span> <span class='ocrx_word' id='word_1_583' title='bbox 1219 4332 1481 4397; x_wconf 86' lang='lat' dir='ltr'><strong>humana,</strong></span> <span class='ocrx_word' id='word_1_584' title='bbox 1535 4331 1775 4402; x_wconf 87' lang='lat' dir='ltr'><strong>linguam</strong></span> 
     </span>
    </p>
   </div>
   <div class='ocr_carea' id='block_1_74' title="bbox 193 4421 1775 4493">
    <p class='ocr_par' dir='ltr' id='par_1_74' title="bbox 193 4421 1775 4493">
     <span class='ocr_line' id='line_1_74' title="bbox 193 4421 1775 4493; baseline -0.001 -16"><span class='ocrx_word' id='word_1_585' title='bbox 193 4432 380 4477; x_wconf 82' lang='lat' dir='ltr'><strong>autem</strong></span> <span class='ocrx_word' id='word_1_586' title='bbox 408 4421 584 4478; x_wconf 89' lang='lat' dir='ltr'><strong>nullus</strong></span> <span class='ocrx_word' id='word_1_587' title='bbox 638 4422 916 4478; x_wconf 89' lang='lat' dir='ltr'><strong>hominum</strong></span> <span class='ocrx_word' id='word_1_588' title='bbox 964 4423 1186 4478; x_wconf 88' lang='lat' dir='ltr'><strong>domare</strong></span> <span class='ocrx_word' id='word_1_589' title='bbox 1219 4430 1398 4493; x_wconf 85' lang='lat' dir='ltr'><strong>potest</strong></span> <span class='ocrx_word' id='word_1_590' title='bbox 1429 4441 1442 4477; x_wconf 90' lang='lat'><strong>:</strong></span> <span class='ocrx_word' id='word_1_591' title='bbox 1475 4422 1775 4493; x_wconf 89' lang='lat' dir='ltr'><strong>inquietum</strong></span> 
     </span>
    </p>
   </div>
   <div class='ocr_carea' id='block_1_75' title="bbox 196 4514 1779 4586">
    <p class='ocr_par' dir='ltr' id='par_1_75' title="bbox 196 4514 1779 4586">
     <span class='ocr_line' id='line_1_75' title="bbox 196 4514 1779 4586; baseline -0.001 -15"><span class='ocrx_word' id='word_1_592' title='bbox 196 4514 399 4571; x_wconf 88' lang='lat' dir='ltr'><strong>malum</strong></span> <span class='ocrx_word' id='word_1_593' title='bbox 431 4556 448 4581; x_wconf 93' lang='lat'><strong>,</strong></span> <span class='ocrx_word' id='word_1_594' title='bbox 499 4515 659 4586; x_wconf 88' lang='lat' dir='ltr'><strong>plena</strong></span> <span class='ocrx_word' id='word_1_595' title='bbox 709 4530 920 4571; x_wconf 86' lang='lat' dir='ltr'><strong>veneno</strong></span> <span class='ocrx_word' id='word_1_596' title='bbox 977 4514 1305 4581; x_wconf 87' lang='lat' dir='ltr'><strong>mortifero;</strong></span> <span class='ocrx_word' id='word_1_597' title='bbox 1350 4515 1404 4569; x_wconf 91' lang='lat' dir='ltr'><strong>in</strong></span> <span class='ocrx_word' id='word_1_598' title='bbox 1460 4515 1574 4585; x_wconf 78' lang='lat' dir='ltr'><strong>ipsa</strong></span> <span class='ocrx_word' id='word_1_599' title='bbox 1615 4515 1779 4569; x_wconf 88' lang='lat' dir='ltr'><strong>bene-</strong></span> 
     </span>
    </p>
   </div>
   <div class='ocr_carea' id='block_1_76' title="bbox 196 4604 1783 4675">
    <p class='ocr_par' dir='ltr' id='par_1_76' title="bbox 196 4604 1783 4675">
     <span class='ocr_line' id='line_1_76' title="bbox 196 4604 1783 4675; baseline -0.001 -13"><span class='ocrx_word' id='word_1_600' title='bbox 196 4605 623 4662; x_wconf 83' lang='lat' dir='ltr'><strong>dicimust</strong></span> <span class='ocrx_word' id='word_1_601' title='bbox 652 4616 708 4661; x_wconf 91' lang='lat' dir='ltr'><strong>et</strong></span> <span class='ocrx_word' id='word_1_602' title='bbox 739 4605 977 4671; x_wconf 88' lang='lat' dir='ltr'><strong>Patrem,</strong></span> <span class='ocrx_word' id='word_1_603' title='bbox 1033 4613 1091 4660; x_wconf 89' lang='lat' dir='ltr'><strong>et</strong></span> <span class='ocrx_word' id='word_1_604' title='bbox 1139 4605 1194 4659; x_wconf 92' lang='lat' dir='ltr'><strong>in</strong></span> <span class='ocrx_word' id='word_1_605' title='bbox 1239 4605 1355 4675; x_wconf 88' lang='lat' dir='ltr'><strong>ipsa</strong></span> <span class='ocrx_word' id='word_1_606' title='bbox 1407 4604 1783 4660; x_wconf 86' lang='lat' dir='ltr'><strong>maledicimus</strong></span> 
     </span>
    </p>
   </div>
   <div class='ocr_carea' id='block_1_77' title="bbox 198 4695 1782 4768">
    <p class='ocr_par' dir='ltr' id='par_1_77' title="bbox 198 4695 1782 4768">
     <span class='ocr_line' id='line_1_77' title="bbox 198 4695 1782 4768; baseline 0.001 -17"><span class='ocrx_word' id='word_1_607' title='bbox 198 4696 471 4762; x_wconf 88' lang='lat' dir='ltr'><strong>homines,</strong></span> <span class='ocrx_word' id='word_1_608' title='bbox 516 4696 609 4768; x_wconf 90' lang='lat' dir='ltr'><strong>qui</strong></span> <span class='ocrx_word' id='word_1_609' title='bbox 659 4697 728 4751; x_wconf 89' lang='lat' dir='ltr'><strong>ad</strong></span> <span class='ocrx_word' id='word_1_610' title='bbox 760 4697 1171 4752; x_wconf 76' lang='lat' dir='ltr'><strong>similitudinem</strong></span> <span class='ocrx_word' id='word_1_611' title='bbox 1205 4697 1299 4751; x_wconf 89' lang='lat' dir='ltr'><strong>Dei</strong></span> <span class='ocrx_word' id='word_1_612' title='bbox 1355 4695 1482 4752; x_wconf 88' lang='lat' dir='ltr'><strong>facti</strong></span> <span class='ocrx_word' id='word_1_613' title='bbox 1513 4704 1680 4751; x_wconf 91' lang='lat' dir='ltr'><strong>sunt:</strong></span> <span class='ocrx_word' id='word_1_614' title='bbox 1715 4710 1782 4752; x_wconf 80' lang='lat' dir='ltr'><strong>ex</strong></span> 
     </span>
    </p>
   </div>
   <div class='ocr_carea' id='block_1_78' title="bbox 198 4788 1782 4859">
    <p class='ocr_par' dir='ltr' id='par_1_78' title="bbox 198 4788 1782 4859">
     <span class='ocr_line' id='line_1_78' title="bbox 198 4788 1782 4859; baseline 0 -16"><span class='ocrx_word' id='word_1_615' title='bbox 198 4790 318 4859; x_wconf 89' lang='lat' dir='ltr'><strong>ipso</strong></span> <span class='ocrx_word' id='word_1_616' title='bbox 371 4803 469 4844; x_wconf 88' lang='lat' dir='ltr'><strong>ore</strong></span> <span class='ocrx_word' id='word_1_617' title='bbox 518 4789 767 4858; x_wconf 85' lang='lat' dir='ltr'><strong>procedit</strong></span> <span class='ocrx_word' id='word_1_618' title='bbox 821 4788 1129 4845; x_wconf 81' lang='lat' dir='ltr'><strong>benedictio</strong></span> <span class='ocrx_word' id='word_1_619' title='bbox 1183 4796 1239 4844; x_wconf 90' lang='lat' dir='ltr'><strong>et</strong></span> <span class='ocrx_word' id='word_1_620' title='bbox 1287 4788 1615 4855; x_wconf 87' lang='lat' dir='ltr'><strong>maledictio,</strong></span> <span class='ocrx_word' id='word_1_621' title='bbox 1671 4803 1782 4845; x_wconf 91' lang='lat' dir='ltr'><strong>non</strong></span> 
     </span>
    </p>
   </div>
   <div class='ocr_carea' id='block_1_79' title="bbox 196 4879 949 4953">
    <p class='ocr_par' dir='ltr' id='par_1_79' title="bbox 196 4879 949 4953">
     <span class='ocr_line' id='line_1_79' title="bbox 196 4879 949 4953; baseline -0.003 -16"><span class='ocrx_word' id='word_1_622' title='bbox 196 4888 410 4953; x_wconf 80' lang='lat' dir='ltr'><strong>Oportet</strong></span> <span class='ocrx_word' id='word_1_623' title='bbox 434 4882 550 4935; x_wconf 77' lang='lat' dir='ltr'><strong>inec</strong></span> <span class='ocrx_word' id='word_1_624' title='bbox 573 4880 648 4935; x_wconf 89' lang='lat' dir='ltr'><strong>ita</strong></span> <span class='ocrx_word' id='word_1_625' title='bbox 677 4879 815 4946; x_wconf 81' lang='lat' dir='ltr'><strong>ﬁeri,</strong></span> <span class='ocrx_word' id='word_1_626' title='bbox 842 4888 949 4937; x_wconf 90' lang='lat' dir='ltr'><strong>etc.</strong></span> 
     </span>
    </p>
   </div>
   <div class='ocr_carea' id='block_1_80' title="bbox 270 4973 1777 5045">
    <p class='ocr_par' dir='ltr' id='par_1_80' title="bbox 270 4973 1777 5045">
     <span class='ocr_line' id='line_1_80' title="bbox 270 4973 1777 5045; baseline 0.001 -17"><span class='ocrx_word' id='word_1_627' title='bbox 270 4974 341 5028; x_wconf 82' lang='lat' dir='ltr'><strong>Et</strong></span> <span class='ocrx_word' id='word_1_628' title='bbox 363 4974 505 5029; x_wconf 77' lang='lat' dir='ltr'><strong>labia</strong></span> <span class='ocrx_word' id='word_1_629' title='bbox 532 4984 625 5029; x_wconf 86' lang='lat' dir='ltr'><strong>tua</strong></span> <span class='ocrx_word' id='word_1_630' title='bbox 662 4990 727 5029; x_wconf 81' lang='lat' dir='ltr'><strong>ne</strong></span> <span class='ocrx_word' id='word_1_631' title='bbox 747 4973 1033 5045; x_wconf 83' lang='lat' dir='ltr'><strong>loquantur</strong></span> <span class='ocrx_word' id='word_1_632' title='bbox 1065 4974 1269 5029; x_wconf 84' lang='lat' dir='ltr'><strong>dolum.</strong></span> <span class='ocrx_word' id='word_1_633' title='bbox 1310 4974 1557 5029; x_wconf 82' lang='lat' dir='ltr'><strong>Imitetur</strong></span> <span class='ocrx_word' id='word_1_634' title='bbox 1580 4974 1777 5041; x_wconf 89' lang='lat' dir='ltr'><strong>bonus,</strong></span> 
     </span>
    </p>
   </div>
   <div class='ocr_carea' id='block_1_81' title="bbox 196 5066 1779 5138">
    <p class='ocr_par' dir='ltr' id='par_1_81' title="bbox 196 5066 1779 5138">
     <span class='ocr_line' id='line_1_81' title="bbox 196 5066 1779 5138; baseline 0.001 -17"><span class='ocrx_word' id='word_1_635' title='bbox 196 5074 461 5138; x_wconf 88' lang='lat' dir='ltr'><strong>quantum</strong></span> <span class='ocrx_word' id='word_1_636' title='bbox 518 5072 718 5135; x_wconf 82' lang='lat' dir='ltr'><strong>potest,</strong></span> <span class='ocrx_word' id='word_1_637' title='bbox 772 5066 1072 5122; x_wconf 85' lang='lat' dir='ltr'><strong>monachus</strong></span> <span class='ocrx_word' id='word_1_638' title='bbox 1120 5067 1431 5133; x_wconf 88' lang='lat' dir='ltr'><strong>Dominum,</strong></span> <span class='ocrx_word' id='word_1_639' title='bbox 1474 5076 1527 5122; x_wconf 84' lang='lat' dir='ltr'><strong>et</strong></span> <span class='ocrx_word' id='word_1_640' title='bbox 1582 5082 1685 5122; x_wconf 83' lang='lat' dir='ltr'><strong>nec</strong></span> <span class='ocrx_word' id='word_1_641' title='bbox 1723 5067 1779 5122; x_wconf 92' lang='lat' dir='ltr'><strong>in</strong></span> 
     </span>
    </p>
   </div>
   <div class='ocr_carea' id='block_1_82' title="bbox 196 5156 1780 5227">
    <p class='ocr_par' dir='ltr' id='par_1_82' title="bbox 196 5156 1780 5227">
     <span class='ocr_line' id='line_1_82' title="bbox 196 5156 1780 5227; baseline -0.001 -12"><span class='ocrx_word' id='word_1_642' title='bbox 196 5157 366 5215; x_wconf 83' lang='lat' dir='ltr'><strong>corde</strong></span> <span class='ocrx_word' id='word_1_643' title='bbox 399 5164 602 5223; x_wconf 88' lang='lat' dir='ltr'><strong>teneat,</strong></span> <span class='ocrx_word' id='word_1_644' title='bbox 659 5156 842 5213; x_wconf 86' lang='lat' dir='ltr'><strong>necin</strong></span> <span class='ocrx_word' id='word_1_645' title='bbox 884 5156 1044 5212; x_wconf 87' lang='lat' dir='ltr'><strong>labiis</strong></span> <span class='ocrx_word' id='word_1_646' title='bbox 1092 5156 1350 5227; x_wconf 81' lang='lat' dir='ltr'><strong>loquatur</strong></span> <span class='ocrx_word' id='word_1_647' title='bbox 1403 5158 1602 5213; x_wconf 84' lang='lat' dir='ltr'><strong>dolum.</strong></span> <span class='ocrx_word' id='word_1_648' title='bbox 1643 5158 1780 5226; x_wconf 83' lang='lat' dir='ltr'><strong>Quia</strong></span> 
     </span>
    </p>
   </div>
   <div class='ocr_carea' id='block_1_83' title="bbox 196 5247 1781 5318">
    <p class='ocr_par' dir='ltr' id='par_1_83' title="bbox 196 5247 1781 5318">
     <span class='ocr_line' id='line_1_83' title="bbox 196 5247 1781 5318; baseline -0.001 -13"><span class='ocrx_word' id='word_1_649' title='bbox 196 5248 458 5305; x_wconf 84' lang='lat' dir='ltr'><strong>Dominus</strong></span> <span class='ocrx_word' id='word_1_650' title='bbox 486 5247 685 5302; x_wconf 88' lang='lat' dir='ltr'><strong>malum</strong></span> <span class='ocrx_word' id='word_1_651' title='bbox 727 5265 831 5304; x_wconf 87' lang='lat' dir='ltr'><strong>non</strong></span> <span class='ocrx_word' id='word_1_652' title='bbox 865 5248 1010 5318; x_wconf 81' lang='lat' dir='ltr'><strong>fecit,</strong></span> <span class='ocrx_word' id='word_1_653' title='bbox 1038 5264 1131 5301; x_wconf 79' lang='lat' dir='ltr'><strong>nec</strong></span> <span class='ocrx_word' id='word_1_654' title='bbox 1170 5248 1324 5302; x_wconf 83' lang='lat' dir='ltr'><strong>dolus</strong></span> <span class='ocrx_word' id='word_1_655' title='bbox 1359 5249 1594 5302; x_wconf 82' lang='lat' dir='ltr'><strong>iuremus</strong></span> <span class='ocrx_word' id='word_1_656' title='bbox 1620 5259 1697 5303; x_wconf 85' lang='lat' dir='ltr'><strong>est</strong></span> <span class='ocrx_word' id='word_1_657' title='bbox 1725 5251 1781 5305; x_wconf 86' lang='lat' dir='ltr'><strong>in</strong></span> 
     </span>
    </p>
   </div>
   <div class='ocr_carea' id='block_1_84' title="bbox 180 5336 1783 5411">
    <p class='ocr_par' dir='ltr' id='par_1_84' title="bbox 180 5336 1783 5411">
     <span class='ocr_line' id='line_1_84' title="bbox 180 5336 1783 5411; baseline 0 -16"><span class='ocrx_word' id='word_1_658' title='bbox 180 5355 289 5395; x_wconf 69' lang='lat' dir='ltr'><strong>‘ore</strong></span> <span class='ocrx_word' id='word_1_659' title='bbox 318 5340 437 5411; x_wconf 84' lang='lat' dir='ltr'><strong>ejus</strong></span> <span class='ocrx_word' id='word_1_660' title='bbox 465 5340 614 5410; x_wconf 85' lang='lat' dir='ltr'><strong>(lsa.</strong></span> <span class='ocrx_word' id='word_1_661' title='bbox 634 5355 725 5397; x_wconf 81' lang='lat' dir='ltr'><strong>LIII</strong></span> <span class='ocrx_word' id='word_1_662' title='bbox 755 5355 770 5405; x_wconf 91' lang='lat'><strong>;</strong></span> <span class='ocrx_word' id='word_1_663' title='bbox 810 5338 843 5393; x_wconf 87' lang='lat' dir='ltr'><strong><em>I</em></strong></span> <span class='ocrx_word' id='word_1_664' title='bbox 872 5336 1023 5394; x_wconf 84' lang='lat' dir='ltr'><strong>Petri</strong></span> <span class='ocrx_word' id='word_1_665' title='bbox 1049 5337 1131 5408; x_wconf 89' lang='grc' dir='ltr'>ιι).</span> <span class='ocrx_word' id='word_1_666' title='bbox 1156 5337 1442 5408; x_wconf 87' lang='lat' dir='ltr'><strong>Disperdet</strong></span> <span class='ocrx_word' id='word_1_667' title='bbox 1467 5338 1614 5393; x_wconf 89' lang='lat' dir='ltr'><strong>enim</strong></span> <span class='ocrx_word' id='word_1_668' title='bbox 1639 5338 1783 5395; x_wconf 89' lang='lat' dir='ltr'><strong>Deus</strong></span> 
     </span>
    </p>
   </div>
   <div class='ocr_carea' id='block_1_85' title="bbox 198 5430 1783 5501">
    <p class='ocr_par' dir='ltr' id='par_1_85' title="bbox 198 5430 1783 5501">
     <span class='ocr_line' id='line_1_85' title="bbox 198 5430 1783 5501; baseline 0.001 -14"><span class='ocrx_word' id='word_1_669' title='bbox 198 5432 341 5489; x_wconf 85' lang='lat' dir='ltr'><strong>labia</strong></span> <span class='ocrx_word' id='word_1_670' title='bbox 376 5430 584 5494; x_wconf 87' lang='lat' dir='ltr'><strong>dolosa,</strong></span> <span class='ocrx_word' id='word_1_671' title='bbox 619 5445 808 5487; x_wconf 85' lang='lat' dir='ltr'><strong>eorum</strong></span> <span class='ocrx_word' id='word_1_672' title='bbox 847 5431 1101 5487; x_wconf 87' lang='lat' dir='ltr'><strong>videlicet</strong></span> <span class='ocrx_word' id='word_1_673' title='bbox 1166 5431 1258 5501; x_wconf 91' lang='lat' dir='ltr'><strong>qui</strong></span> <span class='ocrx_word' id='word_1_674' title='bbox 1315 5431 1369 5487; x_wconf 92' lang='lat' dir='ltr'><strong>in</strong></span> <span class='ocrx_word' id='word_1_675' title='bbox 1432 5431 1595 5487; x_wconf 89' lang='lat' dir='ltr'><strong>corde</strong></span> <span class='ocrx_word' id='word_1_676' title='bbox 1634 5433 1783 5488; x_wconf 90' lang='lat' dir='ltr'><strong>etde</strong></span> 
     </span>
    </p>
   </div>
   <div class='ocr_carea' id='block_1_86' title="bbox 196 5520 1780 5580">
    <p class='ocr_par' dir='ltr' id='par_1_86' title="bbox 196 5520 1780 5580">
     <span class='ocr_line' id='line_1_86' title="bbox 196 5520 1780 5580; baseline -0.002 0"><span class='ocrx_word' id='word_1_677' title='bbox 196 5523 363 5580; x_wconf 87' lang='lat' dir='ltr'><strong>corde</strong></span> <span class='ocrx_word' id='word_1_678' title='bbox 389 5521 557 5579; x_wconf 85' lang='lat' dir='ltr'><strong>locuti</strong></span> <span class='ocrx_word' id='word_1_679' title='bbox 576 5530 701 5578; x_wconf 88' lang='lat' dir='ltr'><strong>sunt</strong></span> <span class='ocrx_word' id='word_1_680' title='bbox 723 5521 886 5578; x_wconf 88' lang='lat' dir='ltr'><strong>mala.</strong></span> <span class='ocrx_word' id='word_1_681' title='bbox 921 5521 1087 5579; x_wconf 85' lang='lat' dir='ltr'><strong>Dolus</strong></span> <span class='ocrx_word' id='word_1_682' title='bbox 1120 5530 1301 5576; x_wconf 89' lang='lat' dir='ltr'><strong>autem</strong></span> <span class='ocrx_word' id='word_1_683' title='bbox 1316 5530 1545 5578; x_wconf 87' lang='lat' dir='ltr'><strong>vocatur</strong></span> <span class='ocrx_word' id='word_1_684' title='bbox 1567 5520 1780 5577; x_wconf 89' lang='lat' dir='ltr'><strong>occulta</strong></span> 
     </span>
    </p>
   </div>
   <div class='ocr_carea' id='block_1_87' title="bbox 199 5612 1783 5685">
    <p class='ocr_par' dir='ltr' id='par_1_87' title="bbox 199 5612 1783 5685">
     <span class='ocr_line' id='line_1_87' title="bbox 199 5612 1783 5685; baseline 0.001 -17"><span class='ocrx_word' id='word_1_685' title='bbox 199 5612 408 5670; x_wconf 87' lang='lat' dir='ltr'><strong>malitia</strong></span> <span class='ocrx_word' id='word_1_686' title='bbox 436 5612 650 5669; x_wconf 88' lang='lat' dir='ltr'><strong>blandis</strong></span> <span class='ocrx_word' id='word_1_687' title='bbox 701 5614 1044 5670; x_wconf 89' lang='lat' dir='ltr'><strong>sermonibus</strong></span> <span class='ocrx_word' id='word_1_688' title='bbox 1072 5614 1360 5681; x_wconf 88' lang='lat' dir='ltr'><strong>adornata,</strong></span> <span class='ocrx_word' id='word_1_689' title='bbox 1391 5629 1513 5685; x_wconf 63' lang='lat' dir='ltr'><strong>quae</strong></span> <span class='ocrx_word' id='word_1_690' title='bbox 1562 5614 1783 5684; x_wconf 89' lang='lat' dir='ltr'><strong>proprie</strong></span> 
     </span>
    </p>
   </div>
   <div class='ocr_carea' id='block_1_88' title="bbox 200 5704 1788 5778">
    <p class='ocr_par' dir='ltr' id='par_1_88' title="bbox 200 5704 1788 5778">
     <span class='ocr_line' id='line_1_88' title="bbox 200 5704 1788 5778; baseline 0.001 -19"><span class='ocrx_word' id='word_1_691' title='bbox 200 5704 375 5773; x_wconf 86' lang='lat' dir='ltr'><strong>fraus,</strong></span> <span class='ocrx_word' id='word_1_692' title='bbox 402 5704 614 5767; x_wconf 67' lang='lat' dir='ltr'><strong>insidiae</strong></span> <span class='ocrx_word' id='word_1_693' title='bbox 642 5719 738 5762; x_wconf 90' lang='lat' dir='ltr'><strong>seu</strong></span> <span class='ocrx_word' id='word_1_694' title='bbox 781 5704 992 5764; x_wconf 77' lang='lat' dir='ltr'><strong>fallacia</strong></span> <span class='ocrx_word' id='word_1_695' title='bbox 1031 5714 1414 5778; x_wconf 86' lang='lat' dir='ltr'><strong>nuncupatur;</strong></span> <span class='ocrx_word' id='word_1_696' title='bbox 1457 5706 1675 5778; x_wconf 87' lang='lat' dir='ltr'><strong>quando</strong></span> <span class='ocrx_word' id='word_1_697' title='bbox 1691 5704 1788 5762; x_wconf 86' lang='lat' dir='ltr'><strong>fal-</strong></span> 
     </span>
    </p>
   </div>
   <div class='ocr_carea' id='block_1_89' title="bbox 1867 3221 3155 3290">
    <p class='ocr_par' dir='ltr' id='par_1_89' title="bbox 1867 3221 3155 3290">
     <span class='ocr_line' id='line_1_89' title="bbox 1867 3221 3155 3290; baseline -0.002 -10"><span class='ocrx_word' id='word_1_698' title='bbox 1867 3226 2032 3281; x_wconf 88' lang='lat' dir='ltr'><strong>vcrtit</strong></span> <span class='ocrx_word' id='word_1_699' title='bbox 2056 3240 2088 3280; x_wconf 85' lang='lat' dir='ltr'><strong>a</strong></span> <span class='ocrx_word' id='word_1_700' title='bbox 2115 3224 2281 3290; x_wconf 90' lang='lat' dir='ltr'><strong>malo,</strong></span> <span class='ocrx_word' id='word_1_701' title='bbox 2303 3231 2358 3280; x_wconf 90' lang='lat' dir='ltr'><strong>et</strong></span> <span class='ocrx_word' id='word_1_702' title='bbox 2385 3222 2517 3279; x_wconf 86' lang='lat' dir='ltr'><strong>facit</strong></span> <span class='ocrx_word' id='word_1_703' title='bbox 2534 3224 2735 3279; x_wconf 90' lang='lat' dir='ltr'><strong>bonum</strong></span> <span class='ocrx_word' id='word_1_704' title='bbox 2765 3223 2944 3279; x_wconf 92' lang='lat' dir='ltr'><strong>omnis</strong></span> <span class='ocrx_word' id='word_1_705' title='bbox 2973 3221 3155 3279; x_wconf 89' lang='lat' dir='ltr'><strong>homo.</strong></span> 
     </span>
    </p>
   </div>
   <div class='ocr_carea' id='block_1_90' title="bbox 1942 3332 3453 3412">
    <p class='ocr_par' dir='ltr' id='par_1_90' title="bbox 1942 3332 3453 3412">
     <span class='ocr_line' id='line_1_90' title="bbox 1942 3332 3453 3412; baseline -0.001 -19"><span class='ocrx_word' id='word_1_706' title='bbox 1942 3338 2157 3412; x_wconf 82' lang='lat' dir='ltr'><strong>Inquire</strong></span> <span class='ocrx_word' id='word_1_707' title='bbox 2213 3354 2417 3410; x_wconf 83' lang='lat' dir='ltr'><strong>pacem,</strong></span> <span class='ocrx_word' id='word_1_708' title='bbox 2467 3348 2514 3392; x_wconf 89' lang='lat' dir='ltr'><strong>et</strong></span> <span class='ocrx_word' id='word_1_709' title='bbox 2570 3353 2783 3410; x_wconf 83' lang='lat' dir='ltr'><strong>sequere</strong></span> <span class='ocrx_word' id='word_1_710' title='bbox 2833 3352 2950 3392; x_wconf 82' lang='lat' dir='ltr'><strong>eam</strong></span> <span class='ocrx_word' id='word_1_711' title='bbox 3016 3332 3189 3409; x_wconf 89' lang='lat' dir='ltr'><strong>(Psal.</strong></span> <span class='ocrx_word' id='word_1_712' title='bbox 3229 3333 3453 3403; x_wconf 75' lang='grc' dir='ltr'>χχχιιι).</span> 
     </span>
    </p>
   </div>
   <div class='ocr_carea' id='block_1_91' title="bbox 1873 3424 3448 3498">
    <p class='ocr_par' dir='ltr' id='par_1_91' title="bbox 1873 3424 3448 3498">
     <span class='ocr_line' id='line_1_91' title="bbox 1873 3424 3448 3498; baseline -0.002 -14"><span class='ocrx_word' id='word_1_713' title='bbox 1873 3429 2063 3485; x_wconf 89' lang='lat' dir='ltr'><strong>Sciens</strong></span> <span class='ocrx_word' id='word_1_714' title='bbox 2105 3437 2284 3483; x_wconf 86' lang='lat' dir='ltr'><strong>autem</strong></span> <span class='ocrx_word' id='word_1_715' title='bbox 2328 3427 2601 3498; x_wconf 88' lang='lat' dir='ltr'><strong>Propheta</strong></span> <span class='ocrx_word' id='word_1_716' title='bbox 2629 3427 2682 3482; x_wconf 92' lang='lat' dir='ltr'><strong>in</strong></span> <span class='ocrx_word' id='word_1_717' title='bbox 2734 3430 2837 3481; x_wconf 85' lang='lat' dir='ltr'><strong>hoc</strong></span> <span class='ocrx_word' id='word_1_718' title='bbox 2868 3441 3042 3498; x_wconf 88' lang='lat' dir='ltr'><strong>agone</strong></span> <span class='ocrx_word' id='word_1_719' title='bbox 3083 3424 3267 3481; x_wconf 84' lang='lat' dir='ltr'><strong>saeculi</strong></span> <span class='ocrx_word' id='word_1_720' title='bbox 3319 3440 3448 3482; x_wconf 90' lang='lat' dir='ltr'><strong>cum</strong></span> 
     </span>
    </p>
   </div>
   <div class='ocr_carea' id='block_1_92' title="bbox 1871 3518 3449 3594">
    <p class='ocr_par' dir='ltr' id='par_1_92' title="bbox 1871 3518 3449 3594">
     <span class='ocr_line' id='line_1_92' title="bbox 1871 3518 3449 3594; baseline -0.003 -17"><span class='ocrx_word' id='word_1_721' title='bbox 1871 3537 2101 3594; x_wconf 87' lang='lat' dir='ltr'><strong>corpore</strong></span> <span class='ocrx_word' id='word_1_722' title='bbox 2156 3535 2346 3592; x_wconf 89' lang='lat' dir='ltr'><strong>pacem</strong></span> <span class='ocrx_word' id='word_1_723' title='bbox 2394 3519 2741 3574; x_wconf 87' lang='lat' dir='ltr'><strong>fidelissimos</strong></span> <span class='ocrx_word' id='word_1_724' title='bbox 2798 3534 2906 3572; x_wconf 92' lang='lat' dir='ltr'><strong>non</strong></span> <span class='ocrx_word' id='word_1_725' title='bbox 2963 3518 3186 3584; x_wconf 88' lang='lat' dir='ltr'><strong>habere,</strong></span> <span class='ocrx_word' id='word_1_726' title='bbox 3238 3526 3449 3573; x_wconf 88' lang='lat' dir='ltr'><strong>etcum</strong></span> 
     </span>
    </p>
   </div>
   <div class='ocr_carea' id='block_1_93' title="bbox 1872 3607 3456 3678">
    <p class='ocr_par' dir='ltr' id='par_1_93' title="bbox 1872 3607 3456 3678">
     <span class='ocr_line' id='line_1_93' title="bbox 1872 3607 3456 3678; baseline -0.006 -9"><span class='ocrx_word' id='word_1_727' title='bbox 1872 3614 1988 3669; x_wconf 89' lang='lat' dir='ltr'><strong>suis</strong></span> <span class='ocrx_word' id='word_1_728' title='bbox 2015 3613 2163 3668; x_wconf 89' lang='lat' dir='ltr'><strong>vitiis</strong></span> <span class='ocrx_word' id='word_1_729' title='bbox 2196 3612 2286 3667; x_wconf 92' lang='lat' dir='ltr'><strong>hic</strong></span> <span class='ocrx_word' id='word_1_730' title='bbox 2325 3611 2431 3667; x_wconf 91' lang='lat' dir='ltr'><strong>illis</strong></span> <span class='ocrx_word' id='word_1_731' title='bbox 2461 3611 2777 3667; x_wconf 90' lang='lat' dir='ltr'><strong>continuum</strong></span> <span class='ocrx_word' id='word_1_732' title='bbox 2825 3623 2948 3666; x_wconf 91' lang='lat' dir='ltr'><strong>esse</strong></span> <span class='ocrx_word' id='word_1_733' title='bbox 2996 3619 3299 3672; x_wconf 86' lang='lat' dir='ltr'><strong>certamen,</strong></span> <span class='ocrx_word' id='word_1_734' title='bbox 3337 3607 3456 3678; x_wconf 88' lang='lat' dir='ltr'><strong>pul-</strong></span> 
     </span>
    </p>
   </div>
   <div class='ocr_carea' id='block_1_94' title="bbox 1873 3698 3460 3775">
    <p class='ocr_par' dir='ltr' id='par_1_94' title="bbox 1873 3698 3460 3775">
     <span class='ocr_line' id='line_1_94' title="bbox 1873 3698 3460 3775; baseline -0.004 -16"><span class='ocrx_word' id='word_1_735' title='bbox 1873 3704 2148 3760; x_wconf 85' lang='lat' dir='ltr'><strong>cherrime</strong></span> <span class='ocrx_word' id='word_1_736' title='bbox 2179 3703 2331 3769; x_wconf 91' lang='lat' dir='ltr'><strong>dicit,</strong></span> <span class='ocrx_word' id='word_1_737' title='bbox 2362 3703 2568 3775; x_wconf 85' lang='lat' dir='ltr'><strong>inquire</strong></span> <span class='ocrx_word' id='word_1_738' title='bbox 2600 3718 2780 3772; x_wconf 85' lang='lat' dir='ltr'><strong>pacem</strong></span> <span class='ocrx_word' id='word_1_739' title='bbox 2803 3718 2823 3767; x_wconf 86' lang='lat'><strong>;</strong></span> <span class='ocrx_word' id='word_1_740' title='bbox 2861 3708 2923 3755; x_wconf 90' lang='lat' dir='ltr'><strong>ut</strong></span> <span class='ocrx_word' id='word_1_741' title='bbox 2947 3701 3194 3770; x_wconf 88' lang='lat' dir='ltr'><strong>quamvis</strong></span> <span class='ocrx_word' id='word_1_742' title='bbox 3224 3714 3344 3755; x_wconf 90' lang='lat' dir='ltr'><strong>eam</strong></span> <span class='ocrx_word' id='word_1_743' title='bbox 3369 3698 3460 3754; x_wconf 85' lang='lat' dir='ltr'><strong>hic</strong></span> 
     </span>
    </p>
   </div>
   <div class='ocr_carea' id='block_1_95' title="bbox 1875 3790 3459 3860">
    <p class='ocr_par' dir='ltr' id='par_1_95' title="bbox 1875 3790 3459 3860">
     <span class='ocr_line' id='line_1_95' title="bbox 1875 3790 3459 3860; baseline -0.002 -14"><span class='ocrx_word' id='word_1_744' title='bbox 1875 3809 1984 3847; x_wconf 92' lang='lat' dir='ltr'><strong>non</strong></span> <span class='ocrx_word' id='word_1_745' title='bbox 2032 3793 2293 3857; x_wconf 87' lang='lat' dir='ltr'><strong>habeant,</strong></span> <span class='ocrx_word' id='word_1_746' title='bbox 2340 3800 2523 3847; x_wconf 88' lang='lat' dir='ltr'><strong>tamen</strong></span> <span class='ocrx_word' id='word_1_747' title='bbox 2565 3805 2781 3860; x_wconf 87' lang='lat' dir='ltr'><strong>semper</strong></span> <span class='ocrx_word' id='word_1_748' title='bbox 2825 3791 2896 3846; x_wconf 91' lang='lat' dir='ltr'><strong>ab</strong></span> <span class='ocrx_word' id='word_1_749' title='bbox 2944 3791 3023 3846; x_wconf 91' lang='lat' dir='ltr'><strong>eis</strong></span> <span class='ocrx_word' id='word_1_750' title='bbox 3061 3790 3459 3846; x_wconf 88' lang='lat' dir='ltr'><strong>studiosissime</strong></span> 
     </span>
    </p>
   </div>
   <div class='ocr_carea' id='block_1_96' title="bbox 1873 3882 3462 3957">
    <p class='ocr_par' dir='ltr' id='par_1_96' title="bbox 1873 3882 3462 3957">
     <span class='ocr_line' id='line_1_96' title="bbox 1873 3882 3462 3957; baseline -0.003 -18"><span class='ocrx_word' id='word_1_751' title='bbox 1873 3886 2259 3957; x_wconf 86' lang='lat' dir='ltr'><strong>perquiratur;</strong></span> <span class='ocrx_word' id='word_1_752' title='bbox 2291 3884 2379 3938; x_wconf 91' lang='lat' dir='ltr'><strong>hic</strong></span> <span class='ocrx_word' id='word_1_753' title='bbox 2407 3884 2657 3952; x_wconf 88' lang='lat' dir='ltr'><strong>imperat,</strong></span> <span class='ocrx_word' id='word_1_754' title='bbox 2683 3898 2896 3953; x_wconf 80' lang='lat' dir='ltr'><strong>sequere</strong></span> <span class='ocrx_word' id='word_1_755' title='bbox 2917 3898 3053 3948; x_wconf 89' lang='lat' dir='ltr'><strong>eam,</strong></span> <span class='ocrx_word' id='word_1_756' title='bbox 3082 3882 3236 3952; x_wconf 85' lang='lat' dir='ltr'><strong>quasi</strong></span> <span class='ocrx_word' id='word_1_757' title='bbox 3264 3897 3462 3952; x_wconf 69' lang='grc' dir='ltr'><strong>ιιι-ωερ-</strong></span> 
     </span>
    </p>
   </div>
   <div class='ocr_carea' id='block_1_97' title="bbox 1876 3971 3450 4044">
    <p class='ocr_par' dir='ltr' id='par_1_97' title="bbox 1876 3971 3450 4044">
     <span class='ocr_line' id='line_1_97' title="bbox 1876 3971 3450 4044; baseline -0.005 -12"><span class='ocrx_word' id='word_1_758' title='bbox 1876 3978 2114 4032; x_wconf 88' lang='lat' dir='ltr'><strong>dentem.</strong></span> <span class='ocrx_word' id='word_1_759' title='bbox 2153 3974 2470 4042; x_wconf 72' lang='lat' dir='ltr'><strong>Qumramus</strong></span> <span class='ocrx_word' id='word_1_760' title='bbox 2504 3987 2630 4044; x_wconf 90' lang='lat' dir='ltr'><strong>ergo</strong></span> <span class='ocrx_word' id='word_1_761' title='bbox 2655 3972 2848 4037; x_wconf 88' lang='lat' dir='ltr'><strong>seduli,</strong></span> <span class='ocrx_word' id='word_1_762' title='bbox 2886 3986 3182 4041; x_wconf 88' lang='lat' dir='ltr'><strong>sequamur</strong></span> <span class='ocrx_word' id='word_1_763' title='bbox 3232 3971 3450 4037; x_wconf 86' lang='lat' dir='ltr'><strong>intenti,</strong></span> 
     </span>
    </p>
   </div>
   <div class='ocr_carea' id='block_1_98' title="bbox 1879 4058 3461 4143">
    <p class='ocr_par' dir='ltr' id='par_1_98' title="bbox 1879 4058 3461 4143">
     <span class='ocr_line' id='line_1_98' title="bbox 1879 4058 3461 4143; baseline -0.005 -24"><span class='ocrx_word' id='word_1_764' title='bbox 1879 4066 2007 4135; x_wconf 90' lang='lat' dir='ltr'><strong>quia</strong></span> <span class='ocrx_word' id='word_1_765' title='bbox 2035 4065 2143 4120; x_wconf 90' lang='lat' dir='ltr'><strong>illic</strong></span> <span class='ocrx_word' id='word_1_766' title='bbox 2172 4080 2291 4119; x_wconf 91' lang='lat' dir='ltr'><strong>eam</strong></span> <span class='ocrx_word' id='word_1_767' title='bbox 2339 4063 2585 4118; x_wconf 85' lang='lat' dir='ltr'><strong>invenire</strong></span> <span class='ocrx_word' id='word_1_768' title='bbox 2609 4076 2714 4116; x_wconf 81' lang='lat' dir='ltr'><strong>nou</strong></span> <span class='ocrx_word' id='word_1_769' title='bbox 2753 4075 3059 4143; x_wconf 83' lang='lat' dir='ltr'><strong>possumus,</strong></span> <span class='ocrx_word' id='word_1_770' title='bbox 3093 4058 3194 4114; x_wconf 91' lang='lat' dir='ltr'><strong>nisi</strong></span> <span class='ocrx_word' id='word_1_771' title='bbox 3226 4059 3315 4114; x_wconf 92' lang='lat' dir='ltr'><strong>hic</strong></span> <span class='ocrx_word' id='word_1_772' title='bbox 3341 4059 3461 4113; x_wconf 86' lang='lat' dir='ltr'><strong>dili-</strong></span> 
     </span>
    </p>
   </div>
   <div class='ocr_carea' id='block_1_99' title="bbox 1877 4149 3460 4229">
    <p class='ocr_par' dir='ltr' id='par_1_99' title="bbox 1877 4149 3460 4229">
     <span class='ocr_line' id='line_1_99' title="bbox 1877 4149 3460 4229; baseline -0.007 -15"><span class='ocrx_word' id='word_1_773' title='bbox 1877 4158 2092 4229; x_wconf 87' lang='lat' dir='ltr'><strong>gentius</strong></span> <span class='ocrx_word' id='word_1_774' title='bbox 2146 4156 2506 4226; x_wconf 88' lang='lat' dir='ltr'><strong>iuquiramus.</strong></span> <span class='ocrx_word' id='word_1_775' title='bbox 2548 4152 2678 4221; x_wconf 69' lang='lat' dir='ltr'><strong>Quae</strong></span> <span class='ocrx_word' id='word_1_776' title='bbox 2710 4160 2837 4206; x_wconf 87' lang='lat' dir='ltr'><strong>tunc</strong></span> <span class='ocrx_word' id='word_1_777' title='bbox 2875 4149 3263 4219; x_wconf 87' lang='lat' dir='ltr'><strong>comprehendi</strong></span> <span class='ocrx_word' id='word_1_778' title='bbox 3309 4149 3460 4203; x_wconf 88' lang='lat' dir='ltr'><strong>dabi-</strong></span> 
     </span>
    </p>
   </div>
   <div class='ocr_carea' id='block_1_100' title="bbox 1881 4240 3456 4317">
    <p class='ocr_par' dir='ltr' id='par_1_100' title="bbox 1881 4240 3456 4317">
     <span class='ocr_line' id='line_1_100' title="bbox 1881 4240 3456 4317; baseline -0.005 -16"><span class='ocrx_word' id='word_1_779' title='bbox 1881 4257 1989 4313; x_wconf 90' lang='lat' dir='ltr'><strong>tur,</strong></span> <span class='ocrx_word' id='word_1_780' title='bbox 2040 4246 2255 4317; x_wconf 90' lang='lat' dir='ltr'><strong>quando</strong></span> <span class='ocrx_word' id='word_1_781' title='bbox 2307 4244 2482 4314; x_wconf 82' lang='lat' dir='ltr'><strong>ipsum</strong></span> <span class='ocrx_word' id='word_1_782' title='bbox 2534 4242 2933 4312; x_wconf 86' lang='lat' dir='ltr'><strong>conspiciemus</strong></span> <span class='ocrx_word' id='word_1_783' title='bbox 2962 4240 3111 4309; x_wconf 90' lang='lat' dir='ltr'><strong>pacis</strong></span> <span class='ocrx_word' id='word_1_784' title='bbox 3153 4248 3456 4293; x_wconf 76' lang='lat' dir='ltr'><strong>auctorem.</strong></span> 
     </span>
    </p>
   </div>
   <div class='ocr_carea' id='block_1_101' title="bbox 1878 4327 3462 4401">
    <p class='ocr_par' dir='ltr' id='par_1_101' title="bbox 1878 4327 3462 4401">
     <span class='ocr_line' id='line_1_101' title="bbox 1878 4327 3462 4401; baseline -0.006 -9"><span class='ocrx_word' id='word_1_785' title='bbox 1878 4338 1992 4392; x_wconf 78' lang='lat' dir='ltr'><strong>Pax</strong></span> <span class='ocrx_word' id='word_1_786' title='bbox 2022 4345 2107 4391; x_wconf 90' lang='lat' dir='ltr'><strong>est</strong></span> <span class='ocrx_word' id='word_1_787' title='bbox 2134 4336 2402 4391; x_wconf 89' lang='lat' dir='ltr'><strong>serenitas</strong></span> <span class='ocrx_word' id='word_1_788' title='bbox 2445 4334 2666 4398; x_wconf 86' lang='lat' dir='ltr'><strong>mentis,</strong></span> <span class='ocrx_word' id='word_1_789' title='bbox 2700 4330 3062 4401; x_wconf 87' lang='lat' dir='ltr'><strong>tranquillitas</strong></span> <span class='ocrx_word' id='word_1_790' title='bbox 3115 4328 3302 4393; x_wconf 90' lang='lat' dir='ltr'><strong>animi,</strong></span> <span class='ocrx_word' id='word_1_791' title='bbox 3331 4327 3462 4383; x_wconf 90' lang='lat' dir='ltr'><strong>sim-</strong></span> 
     </span>
    </p>
   </div>
   <div class='ocr_carea' id='block_1_102' title="bbox 1880 4423 3460 4504">
    <p class='ocr_par' dir='ltr' id='par_1_102' title="bbox 1880 4423 3460 4504">
     <span class='ocr_line' id='line_1_102' title="bbox 1880 4423 3460 4504; baseline -0.004 -18"><span class='ocrx_word' id='word_1_792' title='bbox 1880 4432 2101 4504; x_wconf 88' lang='lat' dir='ltr'><strong>plicitas</strong></span> <span class='ocrx_word' id='word_1_793' title='bbox 2123 4429 2323 4493; x_wconf 89' lang='lat' dir='ltr'><strong>cordis,</strong></span> <span class='ocrx_word' id='word_1_794' title='bbox 2353 4426 2555 4483; x_wconf 86' lang='lat' dir='ltr'><strong>amoris</strong></span> <span class='ocrx_word' id='word_1_795' title='bbox 2580 4423 2876 4487; x_wconf 88' lang='lat' dir='ltr'><strong>vinculum,</strong></span> <span class='ocrx_word' id='word_1_796' title='bbox 2917 4424 3248 4479; x_wconf 90' lang='lat' dir='ltr'><strong>consortium</strong></span> <span class='ocrx_word' id='word_1_797' title='bbox 3279 4424 3460 4481; x_wconf 83' lang='lat' dir='ltr'><strong>chari-</strong></span> 
     </span>
    </p>
   </div>
   <div class='ocr_carea' id='block_1_103' title="bbox 1888 4516 3459 4591">
    <p class='ocr_par' dir='ltr' id='par_1_103' title="bbox 1888 4516 3459 4591">
     <span class='ocr_line' id='line_1_103' title="bbox 1888 4516 3459 4591; baseline -0.002 -13"><span class='ocrx_word' id='word_1_798' title='bbox 1888 4524 2031 4580; x_wconf 81' lang='lat' dir='ltr'><strong>tatis.</strong></span> <span class='ocrx_word' id='word_1_799' title='bbox 2059 4521 2187 4577; x_wconf 73' lang='lat' dir='ltr'><strong>limo</strong></span> <span class='ocrx_word' id='word_1_800' title='bbox 2209 4529 2295 4576; x_wconf 91' lang='lat' dir='ltr'><strong>est</strong></span> <span class='ocrx_word' id='word_1_801' title='bbox 2315 4534 2435 4591; x_wconf 77' lang='lat' dir='ltr'><strong>qua:</strong></span> <span class='ocrx_word' id='word_1_802' title='bbox 2459 4518 2762 4575; x_wconf 86' lang='lat' dir='ltr'><strong>simultates</strong></span> <span class='ocrx_word' id='word_1_803' title='bbox 2783 4516 2940 4582; x_wconf 89' lang='lat' dir='ltr'><strong>tollit,</strong></span> <span class='ocrx_word' id='word_1_804' title='bbox 2971 4516 3108 4572; x_wconf 89' lang='lat' dir='ltr'><strong>bella</strong></span> <span class='ocrx_word' id='word_1_805' title='bbox 3139 4518 3459 4588; x_wconf 89' lang='lat' dir='ltr'><strong>compescit,</strong></span> 
     </span>
    </p>
   </div>
   <div class='ocr_carea' id='block_1_104' title="bbox 1885 4608 3461 4686">
    <p class='ocr_par' dir='ltr' id='par_1_104' title="bbox 1885 4608 3461 4686">
     <span class='ocr_line' id='line_1_104' title="bbox 1885 4608 3461 4686; baseline -0.005 -14"><span class='ocrx_word' id='word_1_806' title='bbox 1885 4613 2200 4686; x_wconf 91' lang='lat' dir='ltr'><strong>comprimit</strong></span> <span class='ocrx_word' id='word_1_807' title='bbox 2234 4613 2367 4678; x_wconf 89' lang='lat' dir='ltr'><strong>iras,</strong></span> <span class='ocrx_word' id='word_1_808' title='bbox 2420 4611 2680 4682; x_wconf 86' lang='lat' dir='ltr'><strong>superbos</strong></span> <span class='ocrx_word' id='word_1_809' title='bbox 2741 4608 2938 4675; x_wconf 91' lang='lat' dir='ltr'><strong>calcat,</strong></span> <span class='ocrx_word' id='word_1_810' title='bbox 2997 4608 3228 4663; x_wconf 90' lang='lat' dir='ltr'><strong>humiles</strong></span> <span class='ocrx_word' id='word_1_811' title='bbox 3291 4618 3461 4677; x_wconf 85' lang='lat' dir='ltr'><strong>amat,</strong></span> 
     </span>
    </p>
   </div>
   <div class='ocr_carea' id='block_1_105' title="bbox 1884 4701 3466 4771">
    <p class='ocr_par' dir='ltr' id='par_1_105' title="bbox 1884 4701 3466 4771">
     <span class='ocr_line' id='line_1_105' title="bbox 1884 4701 3466 4771; baseline -0.004 -7"><span class='ocrx_word' id='word_1_812' title='bbox 1884 4708 2163 4765; x_wconf 87' lang='lat' dir='ltr'><strong>discordes</strong></span> <span class='ocrx_word' id='word_1_813' title='bbox 2208 4706 2386 4771; x_wconf 90' lang='lat' dir='ltr'><strong>sedat,</strong></span> <span class='ocrx_word' id='word_1_814' title='bbox 2436 4703 2686 4760; x_wconf 86' lang='lat' dir='ltr'><strong>inimicos</strong></span> <span class='ocrx_word' id='word_1_815' title='bbox 2747 4702 3079 4767; x_wconf 90' lang='lat' dir='ltr'><strong>concordat;</strong></span> <span class='ocrx_word' id='word_1_816' title='bbox 3118 4701 3329 4757; x_wconf 89' lang='lat' dir='ltr'><strong>cunctis</strong></span> <span class='ocrx_word' id='word_1_817' title='bbox 3379 4710 3466 4758; x_wconf 91' lang='lat' dir='ltr'><strong>est</strong></span> 
     </span>
    </p>
   </div>
   <div class='ocr_carea' id='block_1_106' title="bbox 1883 4792 3469 4877">
    <p class='ocr_par' dir='ltr' id='par_1_106' title="bbox 1883 4792 3469 4877">
     <span class='ocr_line' id='line_1_106' title="bbox 1883 4792 3469 4877; baseline -0.004 -24"><span class='ocrx_word' id='word_1_818' title='bbox 1883 4799 2115 4870; x_wconf 88' lang='lat' dir='ltr'><strong>placida,</strong></span> <span class='ocrx_word' id='word_1_819' title='bbox 2141 4813 2247 4853; x_wconf 90' lang='lat' dir='ltr'><strong>non</strong></span> <span class='ocrx_word' id='word_1_820' title='bbox 2279 4795 2475 4868; x_wconf 70' lang='lat' dir='ltr'><strong>qumrit</strong></span> <span class='ocrx_word' id='word_1_821' title='bbox 2509 4794 2708 4860; x_wconf 88' lang='lat' dir='ltr'><strong>aliena,</strong></span> <span class='ocrx_word' id='word_1_822' title='bbox 2737 4792 2871 4848; x_wconf 88' lang='lat' dir='ltr'><strong>nihil</strong></span> <span class='ocrx_word' id='word_1_823' title='bbox 2910 4793 3132 4864; x_wconf 87' lang='lat' dir='ltr'><strong>deputat</strong></span> <span class='ocrx_word' id='word_1_824' title='bbox 3160 4808 3339 4859; x_wconf 88' lang='lat' dir='ltr'><strong>suum,</strong></span> 
     </span>
    </p>
   </div>
   <div class='ocr_carea' id='block_1_107' title="bbox 1884 4884 3468 4961">
    <p class='ocr_par' dir='ltr' id='par_1_107' title="bbox 1884 4884 3468 4961">
     <span class='ocr_line' id='line_1_107' title="bbox 1884 4884 3468 4961; baseline -0.004 -11"><span class='ocrx_word' id='word_1_825' title='bbox 1884 4901 1973 4950; x_wconf 90' lang='lat' dir='ltr'><strong>cet</strong></span> <span class='ocrx_word' id='word_1_826' title='bbox 1997 4906 2184 4949; x_wconf 85' lang='lat' dir='ltr'><strong>amare</strong></span> <span class='ocrx_word' id='word_1_827' title='bbox 2210 4906 2332 4961; x_wconf 68' lang='lat' dir='ltr'><strong>qua:</strong></span> <span class='ocrx_word' id='word_1_828' title='bbox 2354 4888 2536 4946; x_wconf 89' lang='lat' dir='ltr'><strong>odisse</strong></span> <span class='ocrx_word' id='word_1_829' title='bbox 2569 4904 2675 4944; x_wconf 91' lang='lat' dir='ltr'><strong>non</strong></span> <span class='ocrx_word' id='word_1_830' title='bbox 2703 4886 2874 4953; x_wconf 90' lang='lat' dir='ltr'><strong>novit,</strong></span> <span class='ocrx_word' id='word_1_831' title='bbox 2928 4885 3106 4943; x_wconf 90' lang='lat' dir='ltr'><strong>nescit</strong></span> <span class='ocrx_word' id='word_1_832' title='bbox 3132 4884 3338 4953; x_wconf 85' lang='lat' dir='ltr'><strong>extolli,</strong></span> <span class='ocrx_word' id='word_1_833' title='bbox 3371 4901 3468 4943; x_wconf 87' lang='lat' dir='ltr'><strong>ne-</strong></span> 
     </span>
    </p>
   </div>
   <div class='ocr_carea' id='block_1_108' title="bbox 1889 4978 3471 5053">
    <p class='ocr_par' dir='ltr' id='par_1_108' title="bbox 1889 4978 3471 5053">
     <span class='ocr_line' id='line_1_108' title="bbox 1889 4978 3471 5053; baseline -0.006 -11"><span class='ocrx_word' id='word_1_834' title='bbox 1889 4986 1995 5043; x_wconf 89' lang='lat' dir='ltr'><strong>scit</strong></span> <span class='ocrx_word' id='word_1_835' title='bbox 2022 4983 2215 5040; x_wconf 86' lang='lat' dir='ltr'><strong>inllari.</strong></span> <span class='ocrx_word' id='word_1_836' title='bbox 2255 4982 2406 5037; x_wconf 83' lang='lat' dir='ltr'><strong>Hanc</strong></span> <span class='ocrx_word' id='word_1_837' title='bbox 2442 4996 2570 5053; x_wconf 90' lang='lat' dir='ltr'><strong>ergo</strong></span> <span class='ocrx_word' id='word_1_838' title='bbox 2599 4978 2692 5050; x_wconf 89' lang='lat' dir='ltr'><strong>qui</strong></span> <span class='ocrx_word' id='word_1_839' title='bbox 2725 4978 2937 5049; x_wconf 86' lang='lat' dir='ltr'><strong>accepit</strong></span> <span class='ocrx_word' id='word_1_840' title='bbox 2989 4987 3187 5044; x_wconf 90' lang='lat' dir='ltr'><strong>teneat,</strong></span> <span class='ocrx_word' id='word_1_841' title='bbox 3220 4979 3312 5049; x_wconf 91' lang='lat' dir='ltr'><strong>qui</strong></span> <span class='ocrx_word' id='word_1_842' title='bbox 3343 4994 3471 5050; x_wconf 89' lang='lat' dir='ltr'><strong>per-</strong></span> 
     </span>
    </p>
   </div>
   <div class='ocr_carea' id='block_1_109' title="bbox 1882 5070 3463 5144">
    <p class='ocr_par' dir='ltr' id='par_1_109' title="bbox 1882 5070 3463 5144">
     <span class='ocr_line' id='line_1_109' title="bbox 1882 5070 3463 5144; baseline -0.003 -14"><span class='ocrx_word' id='word_1_843' title='bbox 1882 5076 2021 5132; x_wconf 69' lang='lat' dir='ltr'><strong>t&#39;idit</strong></span> <span class='ocrx_word' id='word_1_844' title='bbox 2058 5082 2289 5144; x_wconf 88' lang='lat' dir='ltr'><strong>repetat,</strong></span> <span class='ocrx_word' id='word_1_845' title='bbox 2325 5072 2416 5142; x_wconf 86' lang='lat' dir='ltr'><strong>qui</strong></span> <span class='ocrx_word' id='word_1_846' title='bbox 2452 5072 2637 5127; x_wconf 90' lang='lat' dir='ltr'><strong>amisit</strong></span> <span class='ocrx_word' id='word_1_847' title='bbox 2679 5070 2960 5141; x_wconf 89' lang='lat' dir='ltr'><strong>requirat;</strong></span> <span class='ocrx_word' id='word_1_848' title='bbox 2999 5071 3256 5140; x_wconf 90' lang='lat' dir='ltr'><strong>quoniam</strong></span> <span class='ocrx_word' id='word_1_849' title='bbox 3283 5070 3376 5140; x_wconf 85' lang='lat' dir='ltr'><strong>qui</strong></span> <span class='ocrx_word' id='word_1_850' title='bbox 3407 5071 3463 5125; x_wconf 90' lang='lat' dir='ltr'><strong>in</strong></span> 
     </span>
    </p>
   </div>
   <div class='ocr_carea' id='block_1_110' title="bbox 1881 5162 3465 5229">
    <p class='ocr_par' dir='ltr' id='par_1_110' title="bbox 1881 5162 3465 5229">
     <span class='ocr_line' id='line_1_110' title="bbox 1881 5162 3465 5229; baseline -0.003 -6"><span class='ocrx_word' id='word_1_851' title='bbox 1881 5169 2070 5224; x_wconf 84' lang='lat' dir='ltr'><strong>eadem</strong></span> <span class='ocrx_word' id='word_1_852' title='bbox 2105 5181 2166 5221; x_wconf 88' lang='lat' dir='ltr'><strong>re</strong></span> <span class='ocrx_word' id='word_1_853' title='bbox 2201 5181 2311 5220; x_wconf 90' lang='lat' dir='ltr'><strong>non</strong></span> <span class='ocrx_word' id='word_1_854' title='bbox 2342 5163 2443 5219; x_wconf 86' lang='lat' dir='ltr'><strong>fuit</strong></span> <span class='ocrx_word' id='word_1_855' title='bbox 2479 5164 2754 5229; x_wconf 85' lang='lat' dir='ltr'><strong>inventus,</strong></span> <span class='ocrx_word' id='word_1_856' title='bbox 2785 5163 3067 5218; x_wconf 87' lang='lat' dir='ltr'><strong>abdicatur</strong></span> <span class='ocrx_word' id='word_1_857' title='bbox 3091 5179 3122 5218; x_wconf 88' lang='lat' dir='ltr'><strong>a</strong></span> <span class='ocrx_word' id='word_1_858' title='bbox 3152 5162 3333 5229; x_wconf 89' lang='lat' dir='ltr'><strong>Patre,</strong></span> <span class='ocrx_word' id='word_1_859' title='bbox 3364 5177 3465 5220; x_wconf 81' lang='lat' dir='ltr'><strong>ex—</strong></span> 
     </span>
    </p>
   </div>
   <div class='ocr_carea' id='block_1_111' title="bbox 1884 5253 3470 5324">
    <p class='ocr_par' dir='ltr' id='par_1_111' title="bbox 1884 5253 3470 5324">
     <span class='ocr_line' id='line_1_111' title="bbox 1884 5253 3470 5324; baseline -0.004 -10"><span class='ocrx_word' id='word_1_860' title='bbox 1884 5259 2253 5313; x_wconf 71' lang='lat' dir='ltr'><strong>bmredatura</strong></span> <span class='ocrx_word' id='word_1_861' title='bbox 2314 5255 2467 5315; x_wconf 78' lang='lat' dir='ltr'><strong>Filio,</strong></span> <span class='ocrx_word' id='word_1_862' title='bbox 2538 5253 2892 5309; x_wconf 86' lang='lat' dir='ltr'><strong>nihilominus</strong></span> <span class='ocrx_word' id='word_1_863' title='bbox 2945 5269 2977 5309; x_wconf 95' lang='lat' dir='ltr'><strong>a</strong></span> <span class='ocrx_word' id='word_1_864' title='bbox 3008 5253 3214 5324; x_wconf 79' lang='lat' dir='ltr'><strong>Spiritu</strong></span> <span class='ocrx_word' id='word_1_865' title='bbox 3275 5260 3470 5310; x_wconf 86' lang='lat' dir='ltr'><strong>sancto</strong></span> 
     </span>
    </p>
   </div>
   <div class='ocr_carea' id='block_1_112' title="bbox 1886 5345 2373 5403">
    <p class='ocr_par' dir='ltr' id='par_1_112' title="bbox 1886 5345 2373 5403">
     <span class='ocr_line' id='line_1_112' title="bbox 1886 5345 2373 5403; baseline -0.01 0"><span class='ocrx_word' id='word_1_866' title='bbox 1886 5348 2097 5403; x_wconf 88' lang='lat' dir='ltr'><strong>alienus</strong></span> <span class='ocrx_word' id='word_1_867' title='bbox 2121 5345 2373 5401; x_wconf 84' lang='lat' dir='ltr'><strong>efficitur.</strong></span> 
     </span>
    </p>
   </div>
   <div class='ocr_carea' id='block_1_113' title="bbox 1958 5432 3161 5505">
    <p class='ocr_par' dir='ltr' id='par_1_113' title="bbox 1958 5432 3161 5505">
     <span class='ocr_line' id='line_1_113' title="bbox 1958 5432 3161 5505; baseline -0.002 -14"><span class='ocrx_word' id='word_1_868' title='bbox 1958 5435 2027 5491; x_wconf 81' lang='lat' dir='ltr'><strong>Et</strong></span> <span class='ocrx_word' id='word_1_869' title='bbox 2054 5451 2173 5490; x_wconf 86' lang='lat' dir='ltr'><strong>cum</strong></span> <span class='ocrx_word' id='word_1_870' title='bbox 2203 5434 2314 5490; x_wconf 68' lang='lat' dir='ltr'><strong>hac</strong></span> <span class='ocrx_word' id='word_1_871' title='bbox 2336 5433 2582 5505; x_wconf 80' lang='lat' dir='ltr'><strong>feceritis.</strong></span> <span class='ocrx_word' id='word_1_872' title='bbox 2621 5432 2677 5489; x_wconf 88' lang='lat' dir='ltr'><strong>Id</strong></span> <span class='ocrx_word' id='word_1_873' title='bbox 2698 5442 2801 5500; x_wconf 89' lang='lat' dir='ltr'><strong>est,</strong></span> <span class='ocrx_word' id='word_1_874' title='bbox 2830 5435 3161 5504; x_wconf 89' lang='lat' dir='ltr'><strong>supradicta.</strong></span> 
     </span>
    </p>
   </div>
   <div class='ocr_carea' id='block_1_114' title="bbox 1960 5524 3467 5596">
    <p class='ocr_par' dir='ltr' id='par_1_114' title="bbox 1960 5524 3467 5596">
     <span class='ocr_line' id='line_1_114' title="bbox 1960 5524 3467 5596; baseline 0.002 -16"><span class='ocrx_word' id='word_1_875' title='bbox 1960 5524 2116 5581; x_wconf 87' lang='lat' dir='ltr'><strong>Oculi</strong></span> <span class='ocrx_word' id='word_1_876' title='bbox 2140 5527 2242 5581; x_wconf 90' lang='lat' dir='ltr'><strong>mei</strong></span> <span class='ocrx_word' id='word_1_877' title='bbox 2281 5542 2438 5596; x_wconf 83' lang='lat' dir='ltr'><strong>super</strong></span> <span class='ocrx_word' id='word_1_878' title='bbox 2480 5542 2587 5581; x_wconf 84' lang='lat' dir='ltr'><strong>ros.</strong></span> <span class='ocrx_word' id='word_1_879' title='bbox 2648 5524 2776 5581; x_wconf 66' lang='lat' dir='ltr'><strong>Haec</strong></span> <span class='ocrx_word' id='word_1_880' title='bbox 2810 5543 2913 5583; x_wconf 79' lang='lat' dir='ltr'><strong>vox</strong></span> <span class='ocrx_word' id='word_1_881' title='bbox 2949 5526 3160 5582; x_wconf 91' lang='lat' dir='ltr'><strong>Domini</strong></span> <span class='ocrx_word' id='word_1_882' title='bbox 3203 5536 3280 5582; x_wconf 86' lang='lat' dir='ltr'><strong>est</strong></span> <span class='ocrx_word' id='word_1_883' title='bbox 3304 5566 3321 5591; x_wconf 92' lang='lat'><strong>,</strong></span> <span class='ocrx_word' id='word_1_884' title='bbox 3358 5540 3467 5582; x_wconf 83' lang='lat' dir='ltr'><strong>vox</strong></span> 
     </span>
    </p>
   </div>
   <div class='ocr_carea' id='block_1_115' title="bbox 1888 5616 3468 5691">
    <p class='ocr_par' dir='ltr' id='par_1_115' title="bbox 1888 5616 3468 5691">
     <span class='ocr_line' id='line_1_115' title="bbox 1888 5616 3468 5691; baseline -0.001 -17"><span class='ocrx_word' id='word_1_885' title='bbox 1888 5617 2292 5685; x_wconf 68' lang='lat' dir='ltr'><strong>misericordias,</strong></span> <span class='ocrx_word' id='word_1_886' title='bbox 2330 5633 2437 5673; x_wconf 80' lang='lat' dir='ltr'><strong>vox</strong></span> <span class='ocrx_word' id='word_1_887' title='bbox 2490 5617 2730 5689; x_wconf 86' lang='lat' dir='ltr'><strong>pietatis,</strong></span> <span class='ocrx_word' id='word_1_888' title='bbox 2760 5619 2850 5691; x_wconf 85' lang='lat' dir='ltr'><strong>qui</strong></span> <span class='ocrx_word' id='word_1_889' title='bbox 2903 5618 3102 5674; x_wconf 75' lang='lat' dir='ltr'><strong>utlnec</strong></span> <span class='ocrx_word' id='word_1_890' title='bbox 3154 5618 3223 5673; x_wconf 87' lang='lat' dir='ltr'><strong>ab</strong></span> <span class='ocrx_word' id='word_1_891' title='bbox 3248 5616 3468 5673; x_wconf 84' lang='lat' dir='ltr'><strong>homine</strong></span> 
     </span>
    </p>
   </div>
   <div class='ocr_carea' id='block_1_116' title="bbox 1890 5704 3462 5779">
    <p class='ocr_par' dir='ltr' id='par_1_116' title="bbox 1890 5704 3462 5779">
     <span class='ocr_line' id='line_1_116' title="bbox 1890 5704 3462 5779; baseline -0.001 -15"><span class='ocrx_word' id='word_1_892' title='bbox 1890 5707 2024 5765; x_wconf 81' lang='lat' dir='ltr'><strong>fiant</strong></span> <span class='ocrx_word' id='word_1_893' title='bbox 2050 5707 2478 5764; x_wconf 78' lang='lat' dir='ltr'><strong>misericorditer</strong></span> <span class='ocrx_word' id='word_1_894' title='bbox 2503 5715 2751 5779; x_wconf 55' lang='lat' dir='ltr'><strong>praestat,</strong></span> <span class='ocrx_word' id='word_1_895' title='bbox 2800 5705 2926 5777; x_wconf 89' lang='lat' dir='ltr'><strong>quia</strong></span> <span class='ocrx_word' id='word_1_896' title='bbox 2952 5704 3087 5761; x_wconf 88' lang='lat' dir='ltr'><strong>nihil</strong></span> <span class='ocrx_word' id='word_1_897' title='bbox 3134 5714 3314 5779; x_wconf 88' lang='lat' dir='ltr'><strong>potest</strong></span> <span class='ocrx_word' id='word_1_898' title='bbox 3357 5706 3462 5762; x_wconf 83' lang='lat' dir='ltr'><strong>hu-</strong></span> 
     </span>
    </p>
   </div>
  </div>
