3940 6412
482 284 579 339 7H

1758 250 2112 310 SMARAGDI
2146 249 2436 305 ABBATIS

3644 237 3765 295 71'!

479 410 642 453 mana
685 390 948 460 fragilitas
977 386 1079 441 nisi
1113 381 1257 453 quod
1302 392 1464 450 posse
1502 372 1711 430 dederit
1737 370 1918 426 divina
1938 381 2057 422 ma—
2085 366 2138 426 Α
2164 363 2296 418 mini
2356 362 2560 460 sanctis
2589 359 2876 460 monachis
2926 365 3046 460 est,-
3088 356 3212 425 quia
3240 370 3334 411 eos
3363 356 3432 411 ad
3458 370 3583 460 eam
3621 370 3757 460 tua:

474 487 665 556 jestas.
703 481 771 535 Et
802 494 919 532 cum
971 476 1080 528 Ita'c
1115 471 1365 541 feceritis,
1398 466 1547 525 dicit,
1576 464 1629 519 id
1656 469 1758 556 est,
1788 474 1909 515 cum
1933 471 2059 527 pro-

477 555 762 633 hibueritis
802 570 1044 639 linguam
1071 572 1310 619 vestram
1352 576 1381 615 a
1410 558 1571 623 malo,
1610 564 1666 612 et
1691 555 1834 609 labia
1873 560 2057 607 vestra

479 681 584 720 non
610 661 809 716 fuerint
851 659 1031 713 locuta
1066 654 1247 710 dolum
1276 669 1291 716 ;
1330 664 1451 706 cum
1482 645 1811 703 diverteritis
1837 660 1867 700 a
1889 642 2056 707 malo,

475 763 532 810 et
562 751 806 807 feceritis
833 750 1066 811 bonum;
1098 760 1224 799 cum
1246 739 1604 812 inquisieritis
1644 751 1854 806 pacem,
1883 742 1941 790 et
1967 749 2058 790 se-

476 843 589 898 cuti
652 840 865 894 fueritis
930 851 1073 900 eam,
1124 842 1254 889 tunc
1311 829 1449 885 oculi
1482 829 1585 882 mei
1616 842 1772 896 super
1811 841 1917 879 ros.
1957 823 2058 879 Hic

478 930 619 986 oculi
651 927 861 983 Domini
911 923 1176 994 respectio
1219 920 1402 975 divina
1456 925 1701 981 vocatur,
1750 929 1872 983 quae
1897 927 2061 981 super

473 1022 653 1090 justos
704 1013 1128 1073 misericorditer
1164 1010 1425 1081 aperitur.
1467 1005 1723 1074 Respexit
1769 1003 1916 1058 enim
1952 1001 2059 1057 Do-

479 1110 661 1164 minus
689 1107 932 1170 Petrum,
958 1111 1013 1159 et
1036 1102 1124 1156 ille
1178 1100 1329 1155 verbi
1358 1097 1575 1151 Domini
1631 1095 1948 1151 recordatus
1973 1100 2057 1150 est

480 1198 644 1261 illico,
684 1206 739 1250 et
767 1209 951 1249 amare
1000 1191 1146 1246 ﬂevit
1202 1188 1351 1259 (Luc.
1414 1187 1572 1258 χχιι),
1610 1187 1737 1255 quia
1764 1193 1846 1240 ter
1874 1185 2057 1240 Domi-

478 1302 607 1343 num
666 1284 896 1355 negavit.
936 1282 1077 1351 Ergo
1106 1279 1247 1335 oculi
1304 1278 1542 1342 Domini,
1577 1277 1628 1332 id
1677 1284 1762 1331 est
1788 1277 2058 1345 respectio

479 1378 680 1441 divina,
712 1384 766 1430 ct
800 1374 1113 1429 memoriam
1136 1371 1300 1442 justis
1324 1370 1516 1423 tribuit
1545 1377 1599 1423 et
1622 1368 2054 1437 intelligentiam,

477 1475 535 1522 et
564 1484 593 1522 a
617 1474 791 1521 morte
815 1481 909 1519 eos
942 1475 1144 1517 aeterna
1174 1471 1230 1517 et
1255 1477 1287 1515 a
1317 1460 1458 1515 fame
1479 1460 1675 1516 liberat
1704 1460 2054 1527 sempiterna.

480 1556 572 1612 Sic
601 1557 746 1609 enim
768 1563 823 1610 et
846 1556 897 1609 in
924 1554 1028 1608 alio
1074 1553 1332 1607 scribitur
1366 1551 1615 1621 psalmo:
1659 1548 1812 1603 Oculi
1847 1549 2059 1603 Domini

2161 469 2321 526 gnam
2353 452 2750 508 multitudinem
2777 449 3079 505 dulcedinis
3104 465 3238 513 suae,
3266 463 3428 518 quam
3457 449 3762 504 abscondit

2163 544 2479 600 timentibus
2509 558 2593 607 se,
2627 541 2840 597 invitat.
2878 540 3077 596 Factus
3110 550 3196 595 est
3225 539 3329 593 illis
3356 540 3651 602 habitator,
3689 547 3758 593 ut

2161 649 2255 690 eos
2283 634 2447 688 etiam
2500 647 2610 687 non
2662 631 2942 685 invocatus
2983 630 3257 685 exaudiat.
3321 628 3518 684 Factus
3568 628 3662 684 via
3694 638 3759 684 et

2159 725 2360 796 patria,
2387 732 2450 779 ut
2501 738 2598 793 per
2624 721 2773 777 illum
2828 720 2895 774 ad
2923 719 3072 775 illum
3135 719 3371 773 veniant.
3425 717 3624 774 Factus
3651 731 3759 788 pa-

2161 831 2293 885 stor,
2326 830 2384 877 et
2410 819 2612 876 ostium
2650 825 2706 875 et
2728 832 2951 886 pascua,
2985 824 3047 870 ut
3096 816 3166 871 ab
3196 815 3288 870 illo
3333 816 3619 887 gubernati
3648 830 3761 888 per

2161 928 2285 969 eum
2344 912 2569 976 intrent,
2618 918 2675 965 et
2735 908 3129 979 ingrediantur,
3187 914 3245 962 et
3287 908 3661 977 egrediantur,
3694 913 3761 962 et

2159 1018 2361 1073 pascua
2389 1000 2688 1057 inveniant.

2235 1094 2369 1149 Ecce
2392 1094 2581 1163 pietate
2603 1108 2702 1146 sua
2746 1091 3069 1145 demonstrat
3099 1089 3247 1142 nobis
3302 1088 3556 1142 Dominus
3604 1088 3753 1141 uiam

2160 1186 2296 1239 uiue.
2333 1183 2454 1253 Ipse
2507 1197 2638 1253 ergo
2666 1182 2949 1245 Dominus,
2979 1187 3038 1233 ut
3062 1180 3381 1249 praedictum
3432 1188 3537 1242 est,
3567 1176 3756 1233 factus

2160 1285 2245 1331 est
2300 1275 2455 1330 nobis
2501 1274 2612 1338 via,
2640 1273 2870 1337 veritas,
2920 1280 2974 1325 et
3004 1272 3135 1325 vita.
3179 1271 3277 1324 Via
3314 1269 3524 1324 scilicet
3568 1268 3750 1340 regia,

2159 1374 2222 1423 ut
2246 1382 2345 1437 per
2370 1381 2495 1420 eum
2546 1365 2874 1434 gradientes,
2917 1378 3024 1417 non
3080 1360 3415 1415 declinemus
3464 1360 3531 1414 ad
3561 1359 3759 1413 dexte-

2160 1476 2297 1525 ram,
2324 1471 2416 1515 aut
2444 1460 2512 1515 ad
2541 1459 2839 1523 sinistram,
2899 1456 2992 1512 sed
3025 1456 3091 1511 ad
3122 1457 3311 1521 vitam,
3340 1471 3459 1526 quae
3489 1455 3606 1527 ipse
3636 1463 3753 1520 est,

2157 1553 2536 1623 perveniamus
2584 1561 2880 1605 aeternam:
2921 1548 3013 1603 ubi
3061 1564 3168 1603 non
3194 1547 3351 1604 fletus
3396 1548 3536 1603 ullus
3560 1555 3754 1618 potest

478 1664 635 1718 super
668 1656 951 1700 metuentes
991 1660 1128 1707 eum,
1154 1654 1210 1695 ut
1259 1651 1408 1695 eruat
1439 1659 1471 1695 a
1512 1651 1676 1695 morte
1734 1641 1942 1694 animas
1966 1656 2059 1694 ιο-
2089 1703 2133 1718 ﬁ
2160 1659 2301 1706 esse,
2360 1657 2461 1697 nec
2512 1642 2785 1711 gemitus;
2844 1641 2936 1695 ubi
3000 1640 3273 1695 habebunt
3327 1654 3518 1694 omnes
3572 1639 3755 1694 sancti

480 1755 619 1802 rum,
656 1748 702 1791 et
733 1736 841 1790 alat
869 1752 955 1789 eos
986 1735 1041 1787 in
1076 1733 1217 1802 [ante
1248 1730 1420 1803 (Psal.
1455 1747 1605 1785 xxx"
1641 1730 1681 1799 ).

541 1825 764 1878 Addidit
791 1840 805 1878 :
831 1822 893 1876 Et
930 1839 1087 1877 aures
1121 1838 1249 1875 mew
1286 1826 1353 1874 αα
1386 1838 1564 1891 preces
1616 1831 1818 1876 vestras
1880 1820 2060 1887 (Psal.

474 1919 695 1985 xxviii).
728 1918 904 1971 Aures
924 1915 1137 1969 Domini
1162 1916 1265 1968 hoc
1286 1917 1338 1968 in
1357 1915 1478 1970 loco
1495 1913 1779 1968 exauditio
1802 1914 2063 1985 intelligi-

477 2018 568 2063 tur
582 2011 955 2079 tlivina,quam
972 2007 1257 2061 Psalmista
1273 2006 1402 2061 totis
1414 2006 1623 2060 viribus
1638 2008 1954 2076 postulabat
1971 2008 2060 2061 dio

472 2115 644 2156 cens:
678 2099 914 2166 Iuclina,
937 2099 1073 2154 Deus
1095 2116 1259 2165 meus,
1284 2114 1468 2151 aurem
1513 2108 1682 2163 tuoin,
1721 2108 1770 2152 ct
1812 2101 1940 2152 audi
1979 2116 2060 2154 me

474 2192 656 2264 (l’sal.
682 2208 799 2247 xuv
818 2201 866 2246 et
900 2190 1122 2264 Lxxxv).
1157 2192 1240 2256 Et,
1269 2191 1520 2253 Auribus,
1553 2194 1778 2261 percipe,
1809 2192 2055 2257 Domine,

476 2289 771 2342 orationem
797 2304 965 2342 meam
998 2286 1173 2342 (Psal.
1197 2287 1332 2356 xvi).
1354 2285 1438 2348 Et,
1483 2283 1646 2339 Fiant
1669 2302 1822 2338 aures
1849 2287 2062 2354 tumin-

478 2381 742 2433 tendeutes
774 2382 842 2434 ad
878 2382 1172 2432 orationem
1200 2380 1334 2430 serui
1364 2378 1440 2428 tui
1459 2373 1632 2441 (Psal.
1658 2390 1878 2439 cxxxu,
1903 2375 1983 2444 2),
2002 2384 2063 2429 et

481 2459 628 2514 mille
686 2459 832 2514 talia.
876 2452 986 2515 Sed
1013 2467 1068 2513 et
1119 2456 1375 2513 Salomon
1422 2465 1709 2527 utrumque
1735 2459 1785 2511 in
1817 2460 2062 2513 oratione

480 2566 599 2613 sua,
664 2550 716 2604 id
752 2557 836 2604 est
876 2548 1064 2604 oculos
1122 2556 1178 2602 et
1215 2561 1377 2602 aures
1425 2545 1642 2601 Domini
1689 2547 1851 2602 simul
1914 2563 2064 2602 com-

482 2640 769 2711 prehendit
824 2641 1057 2697 dicens;
1102 2638 1169 2694 Ut
1201 2640 1303 2694 sint
1342 2638 1479 2694 oculi
1532 2638 1610 2692 tui
1658 2638 1825 2710 aperti
1876 2648 1927 2693 et
1965 2657 2064 2694 au-

491 2746 572 2783 res
615 2739 720 2783 tum
760 2731 973 2784 intenta:
1031 2730 1102 2783 ad
1164 2731 1426 2784 orationes
1492 2744 1759 2783 servorum
1828 2738 2059 2783 tuorum.

484 2821 591 2875 Sed
632 2821 760 2877 licet
807 2820 1122 2891 frequenter
1170 2821 1432 2876 Dominus
1492 2821 1677 2875 audiat
1724 2829 2060 2890 peccatores,

477 2915 638 2985 justis
671 2921 852 2969 tamen
902 2914 1070 2969 multo
1122 2914 1353 2986 amplius
1416 2915 1691 2969 exauditio
1718 2922 1775 2969 et
1831 2914 2063 2969 celerius

481 3004 836 3077 promittitur,
878 3004 1095 3074 quando
1129 3004 1183 3060 in
1211 3020 1400 3075 preces
1430 3020 1619 3061 eorum
1645 3013 1866 3075 paratas
1900 3006 2061 3060 aures

479 3094 679 3150 habere
730 3104 1084 3151 monstratur.
1147 3095 1264 3153 Noli
1290 3112 1419 3167 ergo
1468 3097 1686 3162 timere,
1713 3097 1918 3168 ojuste
1946 3112 2063 3152 mo-

482 3188 675 3251 naclie,
728 3178 1007 3242 hominum
1062 3188 1474 3258 persecutiones
1504 3188 1798 3259 saculique
1824 3188 2060 3246 labores.

482 3278 633 3335 Oculi
687 3279 832 3334 enim
861 3279 1074 3335 Domini
1115 3296 1279 3351 super
1323 3291 1375 3335 te
1425 3288 1567 3342 sunt,
1624 3289 1685 3335 ut
1722 3280 1952 3338 liberent
1992 3291 2062 3348 te,

486 3380 543 3426 et
580 3386 738 3425 aures
776 3369 911 3440 ejus,
961 3380 1022 3426 ut
1060 3372 1283 3426 audiant
1332 3380 1404 3427 te.
1446 3371 1525 3427 Tu
1558 3381 1740 3427 autem
1775 3382 1898 3429 tene
1946 3375 2066 3431 vias

485 3458 622 3529 ejus,
652 3470 707 3515 et
756 3477 914 3531 spera
972 3462 1025 3517 in
1056 3478 1204 3528 cum,
1269 3472 1325 3517 et
1353 3463 1438 3518 die
1484 3480 1606 3519 cum
1653 3463 1913 3536 Apostolo
1958 3464 2065 3522 :Si

489 3551 635 3606 Deus
668 3569 762 3621 pro
792 3552 961 3617 nobis,
992 3555 1109 3624 quis
1153 3565 1335 3608 contra
1388 3572 1481 3609 nos
1512 3555 1687 3627 (Rom.
1719 3556 1883 3626 vin)?
1922 3559 2064 3613 Deus

482 3658 583 3711 pro
606 3643 784 3707 nobis,
813 3650 873 3697 ut
926 3643 1066 3698 oculi
1105 3641 1221 3712 ejus
1275 3647 1607 3715 respicerent
1638 3663 1754 3702 nos.
1797 3648 1939 3703 Deus
1968 3665 2065 3719 pro

486 3737 743 3803 nobis,ut
767 3753 931 3793 aures
954 3738 1070 3808 ejus
1099 3738 1347 3793 audirent
1374 3754 1489 3793 nos.
1521 3737 1664 3792 Deus
1690 3754 1787 3809 pro
1804 3739 1980 3804 nobis,
2006 3748 2068 3794 ut

488 3827 901 3896 prmdcstinaret
926 3844 1042 3881 nos.
1084 3827 1226 3883 Deus
1275 3844 1374 3899 pro
1406 3829 1584 3894 nobis,
1610 3837 1673 3883 ut
1694 3838 1912 3886 vocaret
1941 3847 2061 3886 nos.

488 3917 630 3971 Deus
664 3932 765 3986 pro
786 3916 962 3983 nobis,
994 3925 1054 3971 ut
1072 3916 1401 3986 justilicaret
1430 3935 1547 3975 nos.
1591 3919 1735 3975 Deus
1762 3936 1862 3991 pro
1884 3922 2062 3987 nobis,

485 4013 547 4062 ut
575 4007 903 4076 glorificaret
950 4024 1067 4065 nos.
1105 4008 1162 4065 Si
1192 4010 1336 4067 Deus
1362 4028 1463 4082 pro
1491 4014 1670 4077 nobis,
1722 4014 1844 4084 quis
1872 4023 2065 4070 contra

486 4099 632 4153 nos?
681 4098 1108 4168 Prmdestinavit,
1150 4110 1438 4173 antequam
1494 4119 1781 4170 essemus;
1820 4106 2060 4172 vocavit,

486 4205 609 4243 cum
666 4190 840 4245 aversi
906 4207 1188 4261 essemus;
1221 4194 1559 4264 justificavit,
1590 4213 1712 4252 cum
1742 4208 2065 4269 peccatores

488 4294 773 4345 essemus;
833 4279 1173 4351 glorificavit,
1224 4300 1347 4339 cum
1407 4286 1664 4344 mortales
1701 4303 1965 4344 essemus.
2006 4287 2065 4343 Si

489 4368 632 4424 Deus
658 4386 757 4440 pro
811 4371 986 4436 nobis,
1024 4374 1146 4444 quis
1166 4384 1352 4430 contra
1401 4378 1544 4433 nos?
1579 4377 2005 4447 prmdestinatis,
2032 4394 2063 4433 a

493 4460 602 4515 Deo
652 4463 878 4527 vocatis,
925 4464 1258 4535 justiﬁcatis,
1313 4467 1671 4537 gloriﬁcatis?
1698 4469 1799 4537 Qui
1828 4471 1945 4525 vult
1973 4473 2066 4527 ad-

492 4553 721 4617 versari,
746 4562 903 4624 paret
924 4570 1000 4619 se,
1030 4555 1075 4611 si
1103 4564 1282 4627 potest
1330 4557 1529 4613 bellare
1582 4559 1842 4615 adversus
1874 4561 2067 4616 Deum.

498 4640 595 4696 Ubi
618 4644 758 4698 enim
784 4644 1120 4701 audivimus:
1154 4645 1211 4701 Si
1239 4646 1381 4702 Deus
1402 4663 1500 4717 pro
1525 4648 1704 4715 nobis,
1733 4650 1854 4723 quis
1878 4660 2070 4707 contra

496 4735 636 4790 nos?
666 4736 768 4790 nisi
799 4736 921 4805 quis
948 4736 1117 4791 Deum
1143 4737 1326 4801 vincit,
1361 4754 1466 4792 non
1493 4738 1640 4794 laedit
1668 4755 1785 4795 nos.

569 4823 635 4877 Et
662 4835 942 4895 antequam
974 4841 1055 4879 me
1108 4826 1352 4879 invocetis
1378 4826 1552 4881 dicam
1610 4828 1748 4883 vobis
1772 4846 1791 4884 :
1820 4829 1954 4885 Ecce
1977 4834 2073 4887 ad-

497 4932 635 4969 sum.
669 4913 714 4970 Ο
744 4931 924 4969 sermo
955 4915 1369 4971 mansuetudine
1405 4928 1462 4971 et
1494 4918 1826 4989 benignitate
1854 4921 2078 4993 plenus!

503 5005 622 5060 Non
652 5013 935 5075 exspectat
962 5007 1324 5062 consummari
1353 5010 1673 5075 orationem,
1710 5010 1804 5067 sed
1830 5022 1958 5068 ante
1987 5014 2082 5069 tri-

497 5096 615 5150 buit
662 5095 998 5166 petitionem.
1057 5094 1218 5151 Novit
1268 5099 1412 5153 enim
1466 5098 1750 5168 Dominus,
1785 5111 2076 5175 antequam

500 5194 750 5257 petamus
812 5201 959 5251 eum,
1023 5186 1151 5256 quid
1184 5201 1318 5258 opus
1359 5190 1432 5244 sit
1481 5191 1655 5248 nobis.
1697 5192 1764 5248 Et
1792 5196 1895 5251 hoc
1932 5196 2077 5261 ideo,

500 5276 627 5347 quia
660 5273 914 5343 templum
943 5274 1037 5330 Dei
1065 5291 1272 5344 sumus,
1325 5286 1381 5333 et
1412 5281 1637 5351 spiritus
1674 5282 1890 5341 Domini
1923 5286 2078 5341 habi-

504 5373 583 5421 tat
615 5366 670 5420 in
705 5363 879 5418 nobis.
919 5364 1272 5421 Velocissime
1326 5370 1470 5425 enim
1498 5371 1863 5427 habitaculum
1916 5390 2073 5429 suum

504 5456 778 5513 habitator
804 5456 1023 5509 exaudit
1052 5454 1213 5512 Deus.

575 5547 714 5613 Quid
738 5545 943 5599 dulcius
966 5547 1109 5602 nobis
1132 5548 1229 5602 hac
1256 5566 1375 5604 voce
1417 5550 1628 5605 Domini
1664 5552 1933 5609 invitantis
1958 5572 2073 5621 nos,

507 5647 700 5714 fratres
749 5636 1089 5692 clmrissimi?
1126 5640 1263 5694 'v'ere
1299 5641 1441 5694 enim
1483 5640 1653 5698 dulcis
1694 5642 1808 5698 lucc
1843 5662 1945 5700 vox
1975 5644 2079 5703 Do-

2090 4417 2144 4476 D

2089 1703 2401 1787 Bamorem
2452 1703 2781 1802 perfectum,
2836 1730 3086 1785 timorem
3145 1730 3350 1784 nullum
3400 1738 3456 1785 et
3493 1730 3755 1800 gaudium

2160 1825 2569 1895 sempiternum.
2612 1823 2689 1878 lbi
2719 1824 2863 1877 enim
2893 1823 2997 1878 erit
3023 1822 3104 1878 eis
3152 1822 3400 1877 voluntas
3446 1830 3620 1887 certa,
3649 1836 3746 1875 cu-

2157 1916 2358 1985 piditas
2393 1915 2560 1981 nulla,
2601 1915 2852 1984 quoniam
2909 1913 3141 1969 fruendo
3193 1914 3508 1969 cmlestibus
3555 1913 3743 1979 bonis,

2159 2007 2225 2059 ad
2256 2023 2374 2076 qua:
2426 2007 2711 2077 pervenire
2772 2005 3083 2075 cupiebant,
3125 2005 3259 2059 nihil
3286 2006 3366 2060 eis
3414 2004 3592 2059 deerit
3613 2001 3749 2073 quid

2163 2096 2387 2151 ulterius
2451 2097 2865 2161 concupiscant,
2891 2104 2945 2149 et
3001 2096 3055 2150 in
3093 2095 3181 2148 illa
3211 2095 3430 2166 regione
3475 2101 3759 2164 perpetuat

2160 2186 2471 2241 securitatis
2500 2201 2565 2240 ac
2589 2186 2740 2255 pacis
2804 2184 3046 2254 perfecte
3073 2184 3241 2249 beati,
3278 2200 3379 2239 nec
3408 2184 3619 2238 timoris
3646 2183 3753 2239 sti-

2160 2280 2334 2335 mulos
2359 2278 2572 2348 passuri
2601 2285 2727 2333 sunt
2753 2292 2854 2333 nec
2878 2277 3102 2332 doloris.

2232 2369 2527 2425 Succtnctis
2546 2384 2667 2437 ergo
2694 2367 2797 2435 ﬁde
2814 2366 2888 2421 rel
2911 2366 3238 2421 obseruantia
3260 2366 3516 2419 bonorum
3537 2377 3755 2419 actuum

2160 2460 2351 2516 lumbis
2404 2460 2596 2514 nostris
2637 2457 2798 2531 (Eph.
2858 2459 2953 2527 vt).
2994 2456 3411 2526 Elegantissime
3472 2456 3646 2520 enim,
3697 2465 3756 2511 et

2161 2564 2315 2605 more
2336 2548 2651 2620 prophetico
2680 2548 2875 2603 beatus
2912 2547 3073 2602 Pater
3129 2547 3455 2602 Benedictus
3479 2546 3754 2617 duplicem

2161 2640 2253 2696 hic
2285 2640 2674 2695 monachorum
2705 2639 2886 2709 posuit
2936 2637 3235 2708 cingulum.
3277 2637 3543 2710 Cognovit
3568 2646 3754 2692 autem

2163 2731 2289 2801 quia
2319 2729 2455 2786 ﬁdes
2501 2731 2619 2787 sine
2647 2731 2905 2800 operibus
2956 2740 3172 2785 mortua
3212 2739 3318 2797 est,
3345 2740 3401 2785 et
3435 2746 3602 2801 opera
3632 2732 3756 2786 sine

2165 2821 2270 2877 ﬁde
2294 2836 2487 2876 vacua.
2534 2821 2603 2877 Et
2648 2821 2769 2877 ideo
2817 2837 2939 2877 non.
2978 2821 3233 2891 simplum
3283 2822 3376 2878 sed
3406 2838 3471 2877 ex
3521 2829 3757 2893 utroque

2167 2920 2372 2967 textum
2402 2911 2791 2967 monachorum
2808 2910 2974 2969 voluit
2994 2926 3116 2967 esse
3139 2911 3433 2983 cingulum.
3463 2911 3634 2967 isaias
3662 2928 3758 2967 au-

2167 3013 2273 3060 tem
2299 3005 2404 3060 hoc
2432 3006 2608 3075 ipsum
2639 3004 2924 3075 dupliciter
2949 3004 3002 3058 in
3031 3003 3262 3059 Domino
3286 3005 3488 3075 posuit,
3514 3004 3708 3059 dicens
3737 3024 3752 3059 ε

2165 3097 2234 3155 Et
2264 3099 2361 3152 erit
2378 3097 2592 3168 justitia
2621 3094 2886 3166 cingulum
2933 3094 3250 3160 lumborum,
3301 3105 3350 3150 et
3375 3096 3505 3165 ﬁdes
3548 3098 3754 3151 cincto-

2168 3191 2306 3247 rium
2343 3207 2525 3245 renum
2556 3190 2672 3260 ejus
2696 3188 2833 3259 (Isa.
2889 3187 2991 3261 XI).
3035 3188 3106 3245 Ut
3154 3189 3299 3243 enim
3332 3188 3420 3244 ille
3480 3188 3664 3255 fidem,
3699 3199 3757 3246 et

2168 3284 2270 3338 iste
2304 3283 2486 3353 posuit
2508 3281 2687 3337 fidem.
2728 3279 2800 3336 Ut
2827 3279 2917 3336 ille
2957 3278 3247 3347 justitiam,
3273 3290 3329 3335 et
3354 3281 3455 3336 iste
3478 3280 3748 3335 bonorum

2167 3385 2384 3432 actuum
2454 3372 2875 3430 observantiam.
2964 3369 3153 3426 Omnis
3230 3381 3412 3425 autem
3479 3367 3746 3427 bonoruin

2167 3476 2391 3523 actuum
2415 3464 2767 3520 observantia
2794 3478 2900 3518 non
2932 3463 3229 3534 incongrue
3265 3473 3495 3518 vocatur
3517 3463 3755 3534 justitia,

2167 3559 2309 3613 sicut
2336 3556 2594 3625 scriptum
2617 3562 2701 3609 est
2727 3572 2738 3606 :
2770 3554 2945 3620 Juste,
2974 3554 3115 3624 quod
3150 3554 3359 3624 justum
3387 3565 3484 3621 est,
3513 3572 3759 3628 exseque-

2168 3649 2241 3702 ris
2294 3647 2470 3719 (Deut.
2524 3643 2662 3719 xvi).
2691 3644 2824 3701 Fide
2890 3645 3035 3701 cnim
3082 3645 3295 3700 lumbos
3323 3647 3523 3702 mentis
3555 3655 3759 3702 nostrce

2168 3738 2553 3807 succingimus,
2585 3735 2631 3791 si
2661 3736 2725 3791 de
2750 3744 2937 3792 sancta
2966 3736 3237 3790 Trinitate
3288 3746 3440 3793 recte
3466 3740 3758 3809 sentimus,

2169 3835 2224 3883 et
2247 3843 2368 3883 eam
2398 3826 2632 3881 ﬁdeliter
2667 3826 2962 3882 credimus.
3004 3826 3275 3880 Bonorum
3327 3836 3543 3882 actuum
3574 3829 3760 3885 obser-

2168 3917 2347 3973 vantia
2383 3916 2596 3973 lumbos
2644 3917 3035 3988 succingimus,
3065 3917 3110 3973 si
3164 3933 3265 3973 nos
3315 3918 3368 3972 in
3398 3919 3554 3974 bonis
3580 3919 3761 3989 operi-

2167 4010 2272 4064 bus
2306 4007 2478 4063 seduli
2534 4022 2873 4073 exercemus,
2911 4007 3054 4062 sicut
3109 4008 3400 4078 Apostolus
3449 4011 3566 4065 ait:
3607 4010 3761 4068 State

2169 4118 2290 4172 ergo
2317 4100 2521 4154 lumbos
2548 4101 2732 4155 mentis
2755 4110 2938 4154 vestrm
2964 4101 3217 4155 succincti
3245 4100 3262 4162 (
3271 4101 3406 4171 Eph.
3439 4102 3534 4175 γι),
3566 4103 3621 4157 id
3649 4113 3754 4171 est,

2171 4193 2226 4249 in
2249 4192 2398 4248 omni
2463 4190 2652 4261 ιιι-ωηο
2689 4190 2917 4245 viriliter
2965 4191 3277 4259 prceparati,
3312 4200 3368 4246 et
3405 4193 3473 4246 ab
3500 4194 3756 4250 omnibus

2168 4282 2317 4337 curis
2348 4280 2527 4337 saeculi
2555 4281 2812 4351 expediti.
2859 4280 2927 4335 Et
2953 4279 3019 4335 ad
3068 4280 3170 4336 Job
3212 4280 3469 4337 Dominus
3498 4283 3615 4338 ait:
3648 4285 3755 4340 Ac-

2169 4375 2316 4445 cinge
2353 4374 2489 4428 sicut
2550 4373 2629 4426 vir
2678 4371 2884 4426 lumbos
2934 4381 3052 4425 tuos
3112 4370 3236 4444 (Job
3283 4377 3537 4446 xxxviii).
3603 4375 3758 4433 Scri-

2171 4475 2332 4536 ptura
2370 4464 2517 4519 enim
2564 4478 2722 4520 sacra
2751 4462 2872 4518 illos
2908 4464 3055 4518 viros
3111 4472 3269 4521 vocat
3297 4466 3389 4535 qui
3429 4468 3514 4523 via
3547 4469 3755 4526 Domini

2175 4553 2407 4610 fortibus
2434 4561 2489 4608 et
2516 4568 2626 4607 non
2651 4553 2927 4610 dissolutis
2956 4553 3230 4624 gressibus
3258 4557 3555 4612 ambulant.
3595 4559 3758 4615 Lum-

2171 4647 2271 4702 bos
2296 4660 2427 4699 vero
2457 4644 2688 4709 viriliter
2720 4644 3007 4716 accingere
3034 4654 3137 4711 est,
3168 4648 3253 4701 vel
3284 4648 3340 4702 in
3394 4664 3561 4719 opere
3587 4652 3671 4707 vel
3700 4654 3753 4709 in

2172 4736 2501 4808 cogitatione
2525 4734 2709 4789 carnis
2734 4736 3001 4791 etmentis
3029 4736 3299 4792 luxuriam
3322 4739 3618 4796 reirenare.
3651 4742 3757 4799 Sed

2174 4844 2271 4883 cur
2295 4826 2456 4881 beato
2485 4824 2586 4880 Job
2623 4825 2863 4881 dicitur?
2891 4827 3113 4899 Accinge
3137 4827 3339 4884 lumbos
3357 4839 3475 4886 tuos
3494 4833 3630 4887 sicut
3656 4836 3754 4901 uir,

2178 4917 2284 4973 nisi
2322 4916 2451 4987 quia
2486 4915 2593 4969 alia
2638 4923 2724 4970 est
2775 4916 2955 4972 carnis
3010 4916 3245 4984 luxuria,
3286 4934 3394 4989 qua
3446 4923 3752 4979 castitatem

2177 5005 2594 5077 corrumpimus,
2648 5006 2752 5061 alia
2782 5022 2913 5064 vero
2955 5007 3167 5065 luxuria
3205 5011 3387 5067 cordis
3413 5020 3518 5079 est,
3547 5028 3657 5084 qua
3682 5016 3751 5073 de

2179 5098 2431 5155 castitate
2483 5097 2801 5169 gloriamur.
2844 5100 3052 5157 Dicitur
3084 5115 3215 5173 ergo
3249 5103 3299 5159 ei
3332 5118 3347 5157 :
3396 5105 3624 5177 Aecinge
3647 5108 3752 5164 sic-

2180 5199 2237 5245 ut
2284 5189 2362 5244 vir
2394 5188 2594 5245 lumbos
2623 5201 2762 5258 tuos,
2814 5198 2875 5245 ut
2910 5192 3002 5262 qui
3040 5192 3193 5263 prius
3247 5193 3515 5253 luxuriam
3568 5214 3754 5257 eorru-

2180 5282 2379 5352 ptionis
2406 5281 2632 5348 vicerat,
2661 5297 2805 5339 nunc
2822 5282 3091 5341 luxuriam
3121 5286 3350 5358 stringat
3380 5288 3651 5359 elationis,
3687 5310 3754 5351 ne

2182 5373 2252 5429 de
2284 5374 2542 5443 patientia
2588 5374 2674 5431 vel
2728 5376 2794 5431 de
2849 5377 3099 5435 castitate
3132 5381 3428 5451 superbiat.
3484 5383 3545 5439 In
3574 5386 3777 5444 Veteri.

2183 5466 2532 5524 Testamento
2563 5483 2697 5524 zona
2723 5468 2947 5539 pellicea
2994 5471 3222 5543 legimus
3267 5475 3415 5531 circa
3444 5476 3673 5545 lumbos,
3703 5481 3753 5536 in

2184 5555 2335 5612 Novo
2375 5566 2551 5613 autem
2583 5573 2717 5613 zona
2742 5574 2906 5615 aurea
2931 5562 3074 5618 circa
3102 5572 3306 5633 pectus.
3341 5566 3412 5621 Ut
3437 5568 3581 5623 enim
3610 5572 3753 5626 adul-

2187 5648 2381 5703 terium
2436 5665 2542 5704 non
2592 5647 2981 5721 committatur,
3022 5670 3153 5711 zona
3192 5656 3412 5725 pellicea
3455 5660 3751 5717 adhibenda
