1970 3237
82 161 130 189 713

595 141 772 187 COllllENT.
792 158 826 185 IN
846 159 925 186 RBG.
945 159 974 186 S.
996 159 1186 188 BENEDlCTlo

1653 162 1704 191 7H

77 222 119 246 est
131 217 202 245 circa
229 216 346 249 lumbos,
366 220 396 243 ut
426 224 479 244 non
494 215 618 244 videatur
635 216 733 243 mulicr
756 216 789 243 ad
804 223 869 243 con-
882 222 907 251 Α
920 220 1037 251 spiritus,
1048 221 1114 243 sicut
1130 222 1154 243 et
1166 217 1249 243 vocati
1262 217 1322 244 estis
1337 218 1363 244 in
1379 225 1431 244 una
1449 224 1493 251 spe
1507 216 1649 244 vocationis
1664 226 1707 245 ue-

79 263 271 298 cupiscendum
284 270 292 289 :
309 270 376 290 zona
391 270 474 290 aurea
486 263 559 291 circa
575 267 717 297 pectus,ut
730 270 776 297 per
786 262 870 289 duca-

80 314 132 336 tum
146 308 284 343 Evangelii
298 316 435 343 pergamus
447 308 543 335 itinera
558 308 625 343 ejus.
640 307 771 334 Ducatum
785 307 871 335 Evan-

80 354 150 388 gelii,
167 354 193 380 id
205 358 257 386 cst,
273 353 401 380 ducatum
415 353 518 380 Christi
531 362 537 384 ;
555 360 642 387 neque
654 353 726 380 cnim
741 353 869 380 aliorsum

79 399 211 431 Christus,
219 398 348 425 aliorsum
360 398 432 425 ducit
441 398 629 433 Evangelium;
643 398 690 425 sed
698 398 753 433 ipsa
764 399 869 425 Domini

79 450 162 480 gesta,
178 444 220 471 vel
248 444 420 471 sanctissima
440 444 531 477 verba,
557 449 689 471 vocantur
712 444 869 479 Evangelia,

79 497 136 523 quae
143 493 288 523 sequentes
295 496 343 523 per
355 489 451 515 itinera
460 493 531 515 recta
542 489 693 523 perducunt
700 489 733 515 ad
747 489 869 516 coelestia

80 542 169 569 regna.
186 533 241 561 Sed
259 534 402 569 diligenter
414 534 491 561 nobis
512 538 553 560 est
567 534 723 561 intuendum
736 534 781 569 qui
796 538 868 566 sunt,

80 585 123 607 aut
140 580 187 615 qui
202 585 363 615 sequuntur,
389 580 431 606 vel
447 588 500 615 quo
525 580 638 607 tendunt
653 581 680 607 hi
699 581 742 615 qui
760 587 809 615 per
821 580 869 606 du—

80 631 168 652 catum
182 624 319 660 Evangelii
333 628 457 660 pergunt.
476 625 508 651 lli
524 629 587 651 sunt
597 625 690 660 utique
705 625 802 659 quibus
817 625 868 652 Do-

80 673 168 700 minus
183 672 221 698 ait
235 680 242 698 :
259 671 342 698 Amen
367 672 425 697 dico
440 672 521 702 vobis,
537 672 600 706 quia
625 680 679 703 vos,
695 672 739 706 qui
761 671 868 706 reliqui-

78 719 123 745 stis
136 718 225 744 omnia
244 721 267 743 et
291 717 371 743 secuti
389 716 449 743 estis
462 724 513 748 me,
526 716 554 743 in
579 716 781 752 regeneratione,
810 724 869 742 cum

78 764 171 791 sederit
184 762 256 797 filius
270 762 383 789 hominis
397 762 424 788 in
439 762 499 788 sede
509 762 655 797 majestatis
682 769 747 793 sum,
765 761 867 788 sedebi-

77 811 108 836 tis
125 813 148 835 et
161 817 204 835 eos
217 816 294 843 super
317 807 454 833 duodecim
468 807 551 837 sedes,
563 807 715 841 jutlicantcs
731 806 868 832 duodecim

77 855 159 881 tribus
173 852 258 880 Israel
279 852 387 889 (.llalth.
414 853 482 887 XIX).
500 852 532 879 Et
546 852 600 885 ille,
613 853 655 880 cui
672 852 738 879 dicit
755 862 761 879 ί
782 852 865 885 Vade,

920 265 982 288 stra?
997 261 1103 296 (Ephes.
1117 261 1164 295 tv).
1189 261 1239 289 llic
1260 267 1350 289 autem
1372 263 1416 297 qui
1436 270 1482 289 nos
1500 261 1597 289 vocavit
1611 263 1707 290 beatus

920 307 1083 334 Benedictus
1096 307 1172 340 dicit,
1186 312 1213 335 et
1226 308 1387 336 subauditur
1399 309 1439 336 vel
1455 309 1488 335 ad
1502 308 1617 344 gratiam
1642 308 1705 337 lidei

921 352 1047 387 primum,
1071 352 1113 380 vel
1136 353 1169 380 ad
1192 353 1330 388 religionis
1353 358 1445 388 postea
1473 358 1500 381 ct
1521 354 1707 383 conversionis

921 397 1054 424 habitum.

955 442 989 468 In
1013 442 1089 477 cujus
1110 443 1181 478 regni
1201 443 1368 471 tabernaculo
1389 445 1412 470 si
1433 447 1550 472 volumus
1576 445 1707 478 habitare,

921 487 972 514 nisi
990 487 1052 514 illuc
1070 488 1142 515 bonis
1161 489 1261 516 actibus
1282 492 1411 516 currendo
1429 489 1534 516 minime
1549 490 1707 524 pervenitur.

921 531 1091 560 Manifestum
1109 537 1151 561 cst
1166 534 1238 561 enim
1254 534 1316 568 quia
1330 534 1530 561 benclacientcs
1544 538 1571 560 et
1585 542 1639 561 non
1652 542 1709 562 ωδ-

920 577 1076 605 lel’acientes
1096 579 1216 606 cmlestis
1235 579 1311 615 regni
1330 580 1503 607 tabernacula
1524 580 1708 617 pOSsidebunt.

921 623 965 650 Sic
982 624 1053 650 enim
1068 624 1101 650 de
1117 624 1194 651 malis
1210 624 1308 651 Paulus
1322 625 1459 661 apostolus
1473 626 1529 654 ait:
1545 625 1613 659 Quia
1629 634 1709 662 neque

919 667 1042 699 adulteri,
1058 676 1139 703 neque
1155 668 1254 702 molles,
1271 678 1353 705 neque
1371 674 1547 699 masculorum
1559 670 1711 699 concubito-

920 721 970 746 res,
986 722 1066 749 neque
1081 714 1164 750 fures,
1182 723 1261 750 neque
1273 716 1358 748 avari,
1375 724 1456 751 neque
1474 716 1607 750 maledici,
1630 725 1711 752 neque

919 759 1025 791 ebriosi,
1035 768 1115 795 neque
1128 769 1244 796 rapaces,
1254 769 1360 796 regnum
1370 761 1419 789 Dei
1429 762 1595 795 possidebunt
1609 762 1633 797 (l
1647 762 1709 790 Cor.

920 805 968 841 γι).
996 805 1050 833 Nos
1074 810 1164 833 autem
1185 806 1208 834 si
1223 807 1347 842 cupimus
1369 815 1481 842 regnum
1498 808 1545 835 Dei
1561 808 1710 843 possidere,

919 852 947 878 in
961 852 1079 879 ontnibus
1101 851 1268 879 erhibeamus
1289 853 1459 883 nosmetipsos
1479 853 1546 880 sicut
1563 853 1609 880 Dei
1633 855 1715 881 mini-

78 906 99 927 ιιι
115 900 194 927 remIe
211 900 299 926 omnia
317 907 374 935 qua:
393 900 483 932 habes,
504 904 528 926 et
552 900 586 926 da
605 900 771 935 pauperibus,
785 904 808 926 et
823 899 868 926 ha-
881 899 904 928 B
918 902 996 930 stros,
1016 898 1044 924 in
1063 897 1146 924 multa
1164 897 1302 932 patientia,
1324 898 1352 925 in
1372 898 1594 932 tribulationibus,
1619 900 1646 926 in
1667 908 1697 926 ne

78 947 145 973 bebis
159 947 295 972 thesauros
309 946 336 972 in
355 945 436 977 tat/is,
460 950 484 972 et
495 946 563 978 veni,
592 954 697 981 sequere
719 954 759 972 me
770 945 866 979 (Mare.

78 993 114 1027 ς).
132 992 165 1019 l'It
181 1001 187 1018 :
205 991 256 1024 Qui
272 990 325 1018 vult
337 996 393 1026 post
407 999 446 1018 me
455 991 551 1024 venire,
572 991 679 1026 abneget
692 991 868 1026 semetipsum,

78 1043 99 1065 et
116 1037 192 1065 tollat
216 1045 318 1063 crucem
333 1045 421 1070 suam,
436 1042 459 1063 et
475 1042 600 1072 sequatur
615 1046 655 1064 me
679 1036 786 1073 (Matth.
801 1038 869 1071 xvi),

77 1088 102 1110 et
118 1082 228 1110 similia.
247 1081 428 1117 Cognovimus
448 1081 494 1116 qui
508 1085 581 1114 sunt,
604 1081 708 1108 scilicet
730 1081 775 1116 qui
791 1081 871 1108 relin-

78 1132 163 1164 quunt
186 1127 287 1160 omnia,
303 1131 332 1154 et
355 1127 400 1161 qui
419 1126 551 1159 vendunt,
575 1131 602 1154 et
617 1127 681 1154 dant
695 1127 869 1162 pauperibus,

78 1180 103 1202 et
116 1175 162 1209 qui
180 1174 314 1209 abnegant
325 1173 496 1208 semetipsos,
511 1177 539 1201 et
554 1173 650 1200 tollunt
660 1180 769 1201 crucem
782 1181 870 1200 suam.

79 1221 163 1254 Quem
189 1223 339 1254 sequuntur
358 1218 518 1246 Christum?
533 1218 658 1246 videlicet
670 1218 715 1253 qui
729 1219 794 1245 dicit
807 1218 847 1245 eis
863 1228 869 1245 :

79 1272 101 1292 et
129 1265 210 1292 secuti
234 1265 296 1291 estis
324 1272 385 1296 me;
405 1268 442 1295 et,
468 1264 535 1296 ueni,
552 1271 658 1299 sequere
670 1272 718 1290 me.
734 1263 872 1296 Quomodo

79 1314 239 1345 sequuntur,
253 1309 402 1337 videamus.
421 1309 549 1344 Sequitur
561 1313 650 1336 autem
663 1308 812 1341 Christum,
826 1309 872 1343 qui

78 1356 220 1392 pneceptis
234 1355 292 1390 ejus
307 1355 418 1388 insistit,
432 1356 477 1390 qui
493 1363 542 1390 per
556 1355 706 1391 magisterii
723 1354 781 1388 ejus
793 1355 873 1382 vesti-

80 1403 121 1437 gia
138 1402 270 1437 graditur,
286 1401 332 1436 qui
344 1401 456 1437 vestigia
471 1401 528 1435 ejus
539 1404 566 1429 et
580 1400 678 1428 itinera
689 1400 873 1434 sectatur,qui

80 1448 151 1482 quod
165 1447 288 1474 Christus
301 1446 393 1474 docuit
407 1451 435 1473 et
449 1446 512 1474 fecit
536 1445 668 1478 imitatur,
693 1446 763 1472 sicut
777 1445 874 1472 Petrus

80 1494 206 1520 hortatur
219 1493 311 1520 dicens
323 1500 330 1519 :
345 1491 465 1520 Christus
476 1501 569 1528 passus
579 1496 615 1520 est
634 1500 681 1528 pro
697 1492 782 1524 nobis,
796 1491 875 1518 relin-

80 1547 161 1574 quens
180 1539 252 1566 nobis
270 1538 416 1574 exemplum
436 1543 463 1565 ut
481 1546 622 1574 sequamur
641 1539 747 1573 vestigia
773 1539 829 1572 ejus
849 1537 874 1572 (Ι

920 942 1092 974 cessitatibus,
1106 942 1133 969 in
1144 943 1282 977 angustiis,
1303 943 1330 969 in
1340 944 1435 980 plagis,
1453 944 1480 970 in
1500 945 1660 978 carceribus,
1680 945 1711 982 in

921 988 1102 1020 seditionibus,
1123 988 1150 1015 in
1169 988 1311 1021 laboribus,
1336 989 1363 1016 in
1380 989 1484 1025 vigiliis,
1502 991 1529 1019 in
1542 991 1665 1026 jejuniis,
1683 992 1710 1019 in

921 1034 1050 1066 castitate,
1072 1034 1231 1066 inscientia,
1248 1035 1275 1062 in
1296 1033 1505 1069 longanimitate,
1527 1036 1554 1063 in
1575 1037 1713 1070 suavitate,

920 1080 947 1106 in
966 1079 1068 1114 Spiritu
1088 1085 1193 1112 sancto,
1217 1080 1243 1107 in
1264 1080 1392 1107 c/taritatc
1414 1089 1465 1108 non
1485 1081 1562 1116 ﬁcta,
1586 1082 1613 1109 in
1636 1082 1713 1109 uerbo

921 1127 1046 1159 ueritatis,
1064 1127 1092 1154 in
1103 1127 1197 1154 virtute
1208 1127 1266 1155 Dei.
1289 1126 1342 1155 Per
1353 1136 1428 1155 arma
1441 1130 1549 1163 iustitia:
1569 1138 1584 1156 a
1598 1130 1709 1163 dextris,

922 1179 945 1200 et
958 1183 975 1201 a
987 1174 1109 1201 sinistris.
1126 1174 1179 1202 Per
1196 1175 1318 1210 gloriam,
1343 1181 1367 1202 et
1385 1176 1583 1211 ignobilitatem.
1608 1178 1661 1205 Per
1671 1179 1713 1206 iu-

923 1219 1042 1253 famiam,
1057 1225 1081 1246 et
1094 1220 1188 1247 bonam
1204 1220 1313 1255 famam.
1336 1220 1368 1248 Ut
1384 1222 1544 1255 sedat-tores,
1562 1227 1585 1249 et
1598 1231 1712 1251 veraces.

925 1263 998 1291 Sicut
1015 1265 1060 1300 qui
1077 1265 1170 1300 ignoti,
1186 1270 1210 1292 et
1223 1266 1328 1301 cogniti.
1350 1266 1433 1299 Quasi
1448 1267 1599 1300 morientes,
1615 1274 1638 1295 et
1656 1276 1715 1296 ecce

924 1309 1031 1338 vivimus
1044 1319 1053 1338 .'
1067 1316 1094 1337 ut
1107 1312 1236 1346 castigati,
1249 1316 1273 1338 et
1286 1320 1336 1340 non
1347 1313 1508 1346 mortiﬁcati.
1522 1313 1604 1346 Quasi
1618 1315 1714 1347 tristes,

924 1363 1024 1390 semper
1035 1361 1122 1383 autem
1138 1356 1279 1391 gaudentes
1291 1367 1299 1386 :
1311 1358 1377 1384 sicut
1392 1363 1506 1393 egentes,
1522 1359 1617 1387 multos
1629 1365 1717 1389 autent

926 1400 1120 1436 locupletantes.
1136 1401 1271 1437 Tanquam
1284 1403 1349 1429 nihil
1367 1404 1500 1437 habentes,
1516 1411 1539 1433 et
1554 1407 1641 1433 omnia
1656 1415 1718 1442 pos-

926 1447 1039 1474 sidentes
1060 1447 1103 1482 (II
1115 1446 1176 1474 Cor.
1194 1448 1242 1484 vi).
1265 1449 1300 1478 Et
1314 1449 1353 1477 sic
1367 1458 1415 1484 per
1429 1452 1494 1478 istos
1509 1457 1536 1478 et,
1552 1452 1619 1480 alios
1635 1453 1719 1479 honos

927 1496 1004 1519 actus
1017 1496 1158 1521 currentes
1173 1493 1338 1522 tabernaculi
1356 1495 1429 1530 regni
1450 1496 1569 1523 cmlestis
1584 1505 1645 1524 esse
1660 1505 1718 1525 mc-

928 1538 1048 1566 rebimur
1063 1539 1238 1567 habitatores.

82 1586 155 1613 Petr.
165 1586 205 1620 ιι);
214 1585 366 1620 exemplum
373 1583 476 1613 scilicet
485 1584 697 1616 tribulationum,
707 1591 759 1611 non
767 1584 877 1611 delicia-
890 1581 913 1611 C
964 1583 1016 1611 Sed
1027 1585 1217 1620 interrogemus
1225 1593 1283 1612 cum
1295 1585 1423 1621 Propheta
1432 1586 1583 1619 Dmninum,
1592 1588 1718 1616 dicentes:

83 1638 143 1658 rum
157 1639 164 1663 ;
181 1629 416 1664 mutumeliarum,
430 1637 484 1658 non
501 1629 676 1665 gaudiorum;
693 1629 873 1665 ﬂagellorum,

82 1675 217 1708 dolorum,
229 1674 447 1711 (mprobi-iorem,
463 1675 614 1710 spinarum,
626 1675 713 1702 crucis
727 1678 754 1703 et
767 1675 873 1702 mortis.

82 1722 142 1756 Quo
168 1730 231 1750 vero
257 1722 301 1750 isti
327 1722 440 1749 tendunt
465 1721 510 1756 qui
532 1729 581 1758 per
592 1721 730 1757 Evangelii
747 1721 874 1749 ducatum

82 1772 208 1801 currunt,
222 1768 319 1796 melius
345 1767 507 1799 videbimus,
524 1768 546 1795 si
575 1768 650 1803 prius
675 1771 816 1795 vocantem
829 1775 876 1794 eos

84 1815 226 1842 Dominum
248 1815 409 1847 audiamus;
424 1815 462 1842 ait
475 1814 548 1841 enim
568 1814 697 1842 Dominus
712 1823 718 1841 :
739 1813 829 1841 Venite
841 1814 876 1840 ad

84 1869 133 1893 me,
163 1869 252 1887 omnes
275 1860 319 1895 qui
332 1859 457 1886 laboratis
470 1864 493 1885 et
518 1860 620 1886 onerati
635 1859 707 1892 estis,
722 1865 745 1886 et
756 1868 802 1894 ego
817 1860 877 1894 reﬁ—

85 1907 150 1933 ciam
164 1914 208 1932 eos
226 1904 334 1941 (Matth.
350 1903 398 1939 χι).
427 1904 526 1930 lterum
538 1904 604 1930 dicit
619 1912 626 1930 :
647 1903 749 1936 Venite,
774 1904 878 1933 benedi-

85 1952 118 1978 cti
132 1951 225 1978 Patris
236 1951 298 1982 mei,
315 1950 439 1985 pereipite
454 1958 571 1984 regnum,
588 1949 657 1984 quod
673 1949 742 1976 vobis
754 1954 877 1984 paratum

85 2002 122 2024 est
143 1997 176 2024 ab
199 1996 299 2031 origine
323 1995 415 2022 mutuli
439 1994 546 2030 (Matth.
565 1994 639 2030 xxv),
664 1997 693 2022 et
705 1994 812 2022 similia.
830 1993 876 2022 Li-

85 2047 160 2077 quet,
174 2049 248 2074 ecce,
266 2042 312 2068 ubi
327 2042 441 2068 tendunt
455 2041 500 2078 qui
523 2049 572 2076 per
587 2040 726 2076 Evangelii
750 2041 878 2068 ducatum

86 2095 212 2127 pergunt,
230 2090 355 2118 videlicet
369 2090 402 2117 ad
419 2094 520 2119 tantam
538 2089 661 2125 gloriam,
686 2093 715 2116 ut
728 2097 790 2117 cum
805 2089 880 2116 sede-

87 2138 122 2164 rit
137 2136 207 2163 lilius
224 2136 341 2163 hominis
364 2135 389 2162 in
404 2135 467 2163 sedc
486 2134 634 2169 majestatis
650 2142 715 2168 sum,
730 2135 840 2162 sedeant
853 2138 880 2161 et

88 2182 126 2209 illi
141 2189 222 2216 super
235 2181 377 2208 duodecim
393 2181 481 2213 sedes,
496 2185 523 2207 et
534 2179 655 2214 judicent
679 2180 821 2207 duodecim
832 2179 880 2207 tri-

88 2227 138 2255 bus
151 2226 232 2254 lsrael
246 2235 253 2259 ;
267 2230 293 2254 et
306 2230 335 2253 ut
348 2225 522 2254 refectionem
541 2230 670 2253 :cternam
684 2225 818 2261 accipiant
830 2234 837 2258 ;
853 2229 881 2252 et

88 2278 117 2300 ut
138 2281 251 2309 regnum
273 2280 287 2299 a
303 2272 497 2300 constitutione
522 2272 614 2299 mundi
638 2276 762 2307 paratum
790 2271 878 2306 perci-

88 2319 172 2354 piant.
194 2318 271 2346 Unde
284 2322 311 2345 et
325 2322 387 2353 apte
410 2318 491 2345 verba
514 2317 585 2345 beati
602 2317 741 2345 Benedicti
760 2325 877 2352 sequun-

89 2370 132 2391 tur
146 2364 260 2391 dicentis
274 2373 281 2391 :
554 2371 560 2375 '

124 2409 159 2436 Ut
180 2417 326 2436 mereamur
343 2417 413 2441 eum,
431 2409 475 2445 qui
495 2418 541 2437 nos
560 2410 670 2441 vocavit,
693 2410 719 2436 in
738 2417 816 2444 regno
830 2417 878 2436 suo

87 2454 185 2481 ridere.
204 2453 242 2480 De
255 2453 404 2481 vocationis
421 2454 506 2489 gratia
523 2454 562 2482 sic
574 2454 713 2489 apostolus
727 2454 826 2481 Paulus
844 2455 878 2481 ad

88 2499 198 2526 Galatas
213 2499 251 2526 ait
268 2508 274 2525 :
293 2499 386 2531 Miror,
398 2500 468 2535 quot!
487 2505 541 2526 tam
563 2500 614 2526 cito
636 2500 826 2534 trunsferimini
847 2500 879 2527 ab

87 2553 129 2577 eo,
150 2545 194 2580 qui
212 2553 255 2572 vos
274 2545 371 2572 uocauit
387 2545 413 2572 in
434 2546 547 2580 gratiam
561 2545 659 2572 Christi
684 2544 784 2581 (Galat.
801 2545 832 2581 ι).
847 2545 881 2572 Et.

87 2590 121 2618 dc
143 2598 173 2618 sc
191 2590 262 2618 idem
279 2590 317 2616 ait
339 2598 345 2616 :
367 2590 419 2622 Qui
438 2599 478 2617 me
493 2590 635 2625 segregavit
655 2590 688 2617 de
702 2595 775 2617 utero
789 2591 880 2617 matris

86 2645 163 2669 mea',
179 2641 202 2663 et
217 2637 314 2663 rocarit
327 2645 373 2671 per
393 2637 505 2672 gratiam
519 2645 595 2663 suam
611 2636 717 2673 (Ibid).
735 2637 768 2664 Et
781 2638 880 2667 iterum

88 2683 152 2710 alibi
164 2683 245 2710 dicit:
261 2682 373 2709 Obsecro
388 2683 475 2718 itaque
487 2691 539 2716 vos,
552 2691 597 2718 ego
606 2684 705 2710 vinctus
717 2683 745 2710 in
758 2683 879 2715 Domino,

87 2734 116 2757 ut
130 2729 209 2764 digne
227 2726 364 2755 antbulctls
392 2728 525 2754 vocatione
547 2736 599 2763 qua
621 2728 705 2755 vocati
726 2728 797 2760 estis,
822 2736 880 2754 cum

87 2776 159 2803 omni
173 2773 321 2802 humilitate
337 2778 361 2800 et
379 2774 589 2807 nttmsuetutlinc,
606 2783 664 2801 cum
678 2774 805 2809 patientia
820 2782 881 2809 sup~

87 2825 221 2856 portantes
236 2819 344 2846 inuicem
364 2820 389 2845 in
405 2819 542 2851 eharitate,
555 2819 660 2846 solliciti
677 2828 780 2847 servare
797 2820 884 2846 unita~

88 2873 137 2894 tem
150 2865 260 2902 spiritus
279 2864 305 2890 in
324 2864 425 2890 vinculo
444 2865 525 2898 pacis.
543 2863 629 2892 Unum
649 2874 754 2900 corpus,
769 2869 792 2891 et
815 2873 882 2895 unus

295 2911 430 2940 Ρλτιιοι..
459 2910 523 2941 Cll.

925 1630 1048 1664 Domine,
1066 1631 1123 1667 quis
1139 1631 1266 1658 habitabit
1284 1632 1309 1658 in
1328 1631 1495 1660 tabernacula
1517 1634 1582 1661 tuo?
1599 1639 1645 1660 aut
1660 1635 1719 1669 quis

926 1677 1068 1714 requiescet
1084 1677 1109 1704 in
1121 1682 1207 1704 monte
1221 1682 1312 1704 sancto
1327 1683 1371 1704 tuo
1397 1676 1483 1713 (Paul.
1497 1680 1573 1715 xiv)?
1591 1679 1720 1713 Quamvis

926 1723 971 1750 alii
988 1724 1113 1751 doctores
1130 1724 1182 1751 hoc
1201 1724 1227 1751 in
1243 1724 1302 1752 loco
1323 1724 1527 1754 tabernaculum
1558 1732 1720 1761 pncsentem

926 1769 1075 1804 intelligant
1093 1768 1251 1802 Ecclesium,
1266 1769 1361 1797 beatus
1378 1774 1467 1797 tamen
1483 1770 1645 1799 Benedictus
1666 1779 1720 1802 non

927 1815 1017 1842 minus
1039 1814 1156 1849 repletus
1179 1813 1281 1850 Spiritu
1305 1821 1400 1843 sancto
1423 1815 1618 1844 habitationem
1638 1816 1721 1844 cmic—

928 1864 1009 1892 stem,
1033 1859 1103 1894 quod
1127 1864 1168 1887 cst
1190 1868 1302 1895 regnum
1326 1865 1469 1893 aeternum,
1493 1868 1542 1895 per
1563 1861 1615 1890 hoc
1636 1861 1722 1890 voluit

928 1904 1079 1939 intelligere
1103 1905 1316 1933 tabernaculum.
1354 1905 1429 1935 Unde
1460 1911 1487 1933 ct
1507 1906 1638 1937 Dominus
1665 1908 1718 1935 ait:

929 1949 1022 1976 Facite
1036 1950 1106 1976 vobis
1121 1951 1219 1977 anticos
1232 1951 1264 1977 de
1276 1959 1425 1978 mammona
1444 1952 1598 1987 iniquitatis,
1612 1958 1649 1985 ut,
1662 1962 1722 1981 cum

929 1994 1086 2029 defeceritis,
1105 1995 1230 2029 recipiant
1245 2004 1288 2022 vos
1304 1996 1331 2022 in
1344 2001 1442 2022 (eterna
1459 1997 1629 2025 tabernacula
1643 1997 1719 2033 (Luc.

930 2043 997 2077 xvi).
1021 2041 1096 2068 Mons
1114 2046 1203 2068 autem
1220 2042 1276 2076 ipse
1295 2042 1425 2069 Dominus
1446 2048 1538 2070 noster
1550 2042 1629 2071 Jcsus
1643 2044 1722 2071 Chri-

930 2094 987 2115 stus
1011 2088 1177 2123 intelligitur,
1201 2088 1233 2115 de
1251 2096 1304 2124 quo
1328 2088 1410 2117 Isaias
1435 2089 1495 2118 ait:
1517 2089 1550 2117 In
1576 2091 1722 2118 novissimis

931 2133 1020 2160 diebus
1036 2134 1084 2160 erit
1103 2139 1267 2168 pra'paratus
1283 2143 1356 2162 mons
1373 2135 1466 2162 domus
1478 2135 1586 2163 Domini
1601 2136 1629 2163 in
1646 2137 1723 2164 verti-

931 2186 985 2204 cem
1005 2179 1131 2205 montium
1156 2178 1228 2214 (lsa.
1253 2179 1299 2214 ιι).
1326 2180 1354 2206 ln
1379 2188 1433 2215 quo
1454 2188 1548 2208 clunes
1573 2182 1721 2210 electorum

933 2223 1028 2250 animm
1049 2228 1180 2258 perpetuo
1205 2225 1393 2259 requiescunt;
1419 2226 1490 2254 sicut
1513 2226 1583 2254 idem
1599 2227 1650 2255 illis
1671 2228 1723 2255 Do-

932 2269 1021 2296 minus
1038 2269 1094 2296 ait:
1110 2268 1202 2296 Tollite
1217 2270 1312 2304 jugum
1333 2278 1418 2297 meum
1431 2279 1509 2305 super
1527 2280 1579 2305 vos,
1595 2277 1619 2299 et
1632 2273 1723 2300 discite

932 2324 948 2342 a
967 2323 1007 2342 me
1024 2315 1087 2350 quia
1104 2316 1174 2343 ntitis
1194 2324 1252 2343 sum
1272 2321 1294 2342 et
1312 2316 1416 2342 humilis
1432 2317 1510 2344 corde
1522 2324 1531 2342 :
1544 2322 1568 2344 et
1587 2308 1723 2347 invenietis

932 2361 1046 2395 requiem
1063 2361 1200 2388 animabus
1218 2362 1307 2388 vestris
1325 2361 1432 2397 (.llatth.
1444 2362 1493 2397 x1).

970 2409 1032 2437 Post
1048 2410 1116 2439 hanc
1133 2411 1373 2446 interrogationem,
1390 2411 1494 2446 fratres,
1511 2412 1653 2441 audiamus
1670 2414 1724 2441 Do-

932 2456 1032 2483 minum
1057 2456 1270 2491 respondentem,
1304 2462 1329 2484 et
1357 2458 1533 2486 ostendentem
1558 2459 1632 2487 nobis
1655 2460 1725 2487 riam

933 2503 1014 2537 ipsius
1033 2503 1206 2534 tabernaculi,
1225 2509 1250 2530 et
1269 2504 1417 2532 dicentem:
1430 2504 1482 2537 Qui
1501 2506 1648 2541 ingreditur
1669 2507 1726 2534 sine

934 2547 1049 2580 macula,
1066 2553 1090 2574 et
1106 2553 1230 2583 operatur
1239 2549 1369 2582 iustitiam
1382 2556 1390 2575 :
1401 2550 1445 2585 qui
1465 2551 1582 2586 loquitur
1591 2552 1725 2580 ueritatem

933 2593 960 2619 in
978 2593 1057 2620 corde
1071 2601 1128 2625 suo,
1147 2593 1191 2628 qui
1205 2602 1255 2620 non
1272 2595 1323 2628 egit
1338 2594 1427 2621 dolum
1447 2596 1474 2622 in
1490 2595 1579 2631 lingua
1594 2605 1662 2630 sua;
1679 2598 1726 2634 qui

935 2647 986 2665 non
1003 2639 1063 2674 fecit
1074 2639 1193 2674 proximo
1206 2647 1253 2665 suo
1268 2639 1377 2672 malum,
1394 2645 1418 2667 et
1434 2641 1601 2675 opprobrium
1617 2651 1669 2669 non
1681 2651 1725 2669 ατς

934 2683 999 2718 cepit
1017 2683 1141 2710 adversus
1161 2683 1310 2718 proximum
1330 2692 1407 2711 suum
1429 2684 1516 2720 (Psal.
1581 2687 1651 2722 xtv).
1672 2687 1724 2719 Qui

932 2727 1077 2762 malignunt
1094 2727 1228 2754 diabolum
1245 2727 1336 2763 aliqua
1350 2729 1503 2757 suadentem
1517 2730 1578 2762 sibi,
1590 2739 1648 2757 cum
1667 2732 1725 2766 ipsa

933 2772 1055 2799 suasione
1071 2781 1119 2799 sua
1138 2781 1154 2799 a
1172 2773 1350 2808 conspectibus
1369 2774 1454 2802 cordis
1471 2776 1513 2802 sui
1531 2783 1665 2809 respuens,
1678 2776 1725 2803 de.

932 2819 1009 2846 duxit
1029 2819 1063 2846 ad
1084 2818 1205 2851 nihilum,
1223 2824 1247 2846 et
1262 2819 1384 2856 parvulos
1405 2821 1535 2857 cogitatus
1554 2821 1611 2855 ejus
1631 2822 1724 2854 tenuit,

935 2869 958 2892 et
975 2863 1056 2891 allisit
1079 2863 1113 2892 ad
1131 2862 1274 2890 Christum.
1307 2864 1358 2896 Qui
1379 2865 1498 2891 timcnlt's
1519 2864 1671 2897 Dominum,
1695 2866 1725 2895 de

1470 2911 1509 2940 23}
