3940 6428
434 278 555 336 ‘HS

1762 261 2038 317 SllAl‘iAG
2051 262 2110 316 Dl
2150 256 2434 315 AllBATiS

3614 250 3723 305 718

449 397 580 445 bona
610 385 937 439 observantia
966 395 1062 434 sua
1094 394 1196 432 non
1225 393 1278 429 se
1307 374 1531 449 reddunt
1557 371 1755 434 elatos;
1792 371 1886 424 sed
1909 371 2022 440 ipsa
2050 381 2100 440 Α
2127 377 2245 438 pter
2278 366 2680 439 proximitatem
2709 362 3179 434 enim-sanguinis,
3210 362 3390 417 omnis
3420 362 3583 418 homo
3611 365 3716 418 ho-

446 480 503 534 in
531 495 585 533 se
611 474 767 539 bona,
796 488 899 525 non
932 488 963 524 a
991 486 1045 523 se
1070 483 1243 540 posse,
1271 465 1361 519 sed
1389 482 1422 517 a
1445 462 1670 516 Domino
1697 461 1814 530 ﬁeri
1850 459 2031 513 existi-

448 580 672 631 mantes,
699 571 996 636 operantem
1036 562 1090 614 in
1125 577 1178 614 se
1207 558 1489 612 Dominum
1511 554 1873 626 magniﬁcam,
1898 552 2032 607 illud

449 676 565 715 cum
595 655 852 727 Propheta
889 652 1114 705 dicentes
1142 667 1159 705 :
1188 647 1310 703 Non
1348 647 1515 711 nobis,
1540 645 1782 708 Domine,
1813 661 1915 697 non
1942 659 2035 696 no-

450 747 548 811 bis,
577 744 665 800 sed
693 741 890 797 nomini
923 750 1012 794 tuo
1042 739 1109 792 da
1138 736 1361 809 gloriam
1391 734 1506 807 (Ps.
1531 733 1711 805 cxut).
1744 732 2037 788 Videamus

452 855 548 910 per
597 833 829 904 singula,
885 839 941 886 et
990 831 1055 885 de
1088 818 1359 891 onmihns,
1410 834 1468 879 ut
1495 824 1753 878 Dominus
1807 822 2035 887 dederit,

455 930 811 997 disputemus.
844 922 948 989 Qui
975 921 1269 991 ingreditur
1303 917 1413 971 sine
1449 914 1679 970 macula.
1734 913 1882 967 llanc
1916 927 2039 967 sen-

454 1020 679 1074 tentiam
728 1017 917 1069 beatus
955 1011 1288 1083 Augustinus
1333 1008 1615 1078 Propheta:
1664 1004 2040 1075 interrogatio-

458 1126 618 1175 nem,
663 1107 856 1161 beatus
904 1111 1082 1157 autem
1120 1099 1442 1155 Benedictus
1487 1098 1705 1153 Domini
1741 1113 1860 1152 esse
1905 1096 2042 1150 dixit

458 1200 900 1273 responsionem;
964 1194 1056 1249 sed
1102 1194 1227 1264 quia
1275 1191 1567 1246 secundum
1612 1187 1863 1243 Ezechiel
1911 1194 2042 1242 rotae

458 1292 710 1348 animalia
751 1296 1069 1357 sequuntur,
1108 1292 1337 1353 uterque
1377 1280 1533 1345 bene,
1575 1287 1799 1347 uterque
1852 1276 2044 1331 rectis—

459 1387 595 1440 sime
623 1382 763 1437 hanc
792 1377 1116 1433 sententiam
1152 1372 1435 1428 intellexit.
1499 1371 1865 1439 Interrogatus
1899 1366 2043 1421 enim

460 1474 722 1530 Dominus
750 1469 873 1540 quis
902 1466 1174 1522 habitaret
1201 1463 1254 1517 in
1286 1459 1636 1517 tabernaculo
1665 1475 1783 1523 suo,
1813 1472 2042 1527 respon-

462 1566 541 1620 dit
568 1584 581 1619 :
617 1562 721 1628 Qui
754 1557 1047 1629 ingreditur
1078 1556 1190 1609 sine
1215 1550 1458 1616 macula;
1491 1566 1553 1604 ac
1584 1550 1629 1603 si
1661 1549 1905 1603 diceret:
1941 1546 2043 1611 Qui

461 1656 591 1711 vivit
622 1653 737 1709 sine
766 1649 943 1719 culpa,
975 1654 1031 1701 et
1059 1643 1294 1700 custodit
1321 1657 1377 1696 se
1405 1657 1433 1694 a
1462 1639 1668 1711 peccati
1701 1637 2040 1707 contagione,

2133 460 2264 516 mini
2290 460 2570 529 proximus
2606 465 2853 511 vocatur.
2888 454 3123 524 Sanguis
3150 454 3295 508 enim
3340 454 3618 509 hominum
3648 456 3722 510 ah

2133 550 2360 605 aliorum
2390 555 2705 619 segregatur
2732 546 2994 615 sanguine
3020 544 3358 600 animalium.
3397 544 3501 610 Qui
3526 562 3722 615 oppro-

2134 640 2304 695 brium
2346 656 2450 694 non
2492 640 2687 708 accepit
2732 638 2982 691 adversus
3019 636 3316 707 proximum
3355 652 3531 689 suum.
3596 634 3725 691 Non

2131 733 2354 803 accepit,
2378 732 2536 796 dixit,
2570 730 2621 784 id
2652 738 2754 794 est,
2787 738 3002 800 gratum
3044 744 3150 783 non
3182 725 3390 793 habuit,
3421 743 3521 781 nec
3550 727 3725 782 liben-

2141 833 2222 878 ter
2252 822 2475 877 audivit.
2525 821 2758 891 Accepta
2808 821 2953 874 enim
2989 820 3078 873 illa
3126 819 3376 884 dicimus,
3414 834 3533 888 qua:
3564 819 3726 874 nobis

2138 922 2291 984 grata
2322 929 2441 968 esse
2471 923 2855 967 monstramus.
2919 912 3009 965 ille
3045 913 3191 966 enim
3227 912 3576 983 opprobrium
3627 914 3723 968 ad-

2139 1020 2329 1059 versus
2376 1005 2681 1074 proximum
2737 1019 2893 1057 suum
2948 1003 3175 1072 accipit.
3232 1003 3325 1072 qui
3384 1004 3727 1058 detrahentis

2138 1098 2302 1151 verba
2335 1096 2521 1150 libenti
2568 1096 2749 1148 animo
2777 1095 2995 1163 accipit.
3048 1094 3114 1148 Et
3143 1094 3246 1149 hoc
3293 1094 3400 1150 illis
3427 1094 3565 1151 solet
3591 1110 3727 1151 con-

2144 1189 2371 1255 lingere,
2403 1187 2493 1256 qui
2524 1188 2829 1256 proximum
2861 1188 3001 1240 sicut
3035 1187 3356 1256 semetipsos
3383 1187 3574 1241 nolunt
3601 1189 3729 1242 dili-

2142 1296 2288 1349 g-rc.
2339 1280 2412 1334 De.
2450 1282 2549 1334 hoc
2580 1281 2723 1333 enim
2774 1279 2957 1333 fomite
2988 1296 3150 1349 prore
3173 1281 3250 1344 iit,
3295 1288 3353 1333 ut
3391 1280 3731 1335 detrahentis

2142 1374 2307 1424 verba
2354 1370 2585 1425 liLeuter
2630 1371 2839 1439 possint
2888 1371 3082 1425 audiri.
3134 1371 3226 1426 Ille
3273 1387 3402 1426 vero
3446 1373 3538 1442 qui
3584 1374 3731 1427 s'cut

2145 1460 2499 1530 semetipsum
2539 1462 2619 1516 sic
2647 1461 2825 1531 diligit
2870 1473 2925 1516 et
2953 1462 3284 1531 proximum,
3315 1472 3577 1530 quantum
3628 1479 3732 1518 nec

2146 1555 2211 1606 de
2240 1568 2318 1616 se,
2355 1563 2564 1605 tantum
2613 1567 2714 1606 nec
2755 1553 2820 1605 de
2855 1553 3102 1622 proximo
3147 1552 3261 1607 vult
3306 1554 3482 1607 audiri
3532 1569 3732 1623 oppro-

2146 1642 2345 1696 brium.
2393 1642 2547 1709 Quod
2594 1643 2640 1697 si
2670 1642 2795 1712 quis
2821 1643 2985 1697 corde
3018 1644 3264 1713 cogitans
3292 1645 3477 1699 dicat:
3511 1644 3614 1711 Qui
3646 1654 3734 1700 est

464 1748 579 1818 ipse
606 1744 659 1798 in
687 1755 864 1796 meum
895 1736 1119 1793 intrabit
1146 1730 1575 1791 tabernaculum.
1606 1726 1819 1782 Macula
1850 1725 2048 1818 intelli-
2074 1724 2122 1784 B
2151 1740 2313 1793 homo
2342 1739 2434 1808 qui
2474 1739 2553 1793 sic
2597 1738 2739 1793 inici.
2776 1737 3024 1792 homines
3066 1737 3184 1791 sine
3220 1736 3427 1791 maelii“
3469 1738 3637 1802 vim,
3672 1747 3736 1791 ιη

463 1817 609 1910 gitur
634 1843 937 1905 peccatum.
988 1826 1125 1883 Nam
1154 1833 1209 1881 et
1250 1826 1303 1879 in
1332 1821 1547 1877 Domini
1580 1820 1899 1876 holocausto
1926 1817 2044 1910 anif

465 1906 573 1982 inal
622 1940 728 1980 non
774 1921 1125 1983 olferehatur,
1163 1916 1265 1969 nisi
1319 1911 1727 1968 immaculatum
1773 1926 1788 1964 :
1832 1906 2049 1962 Domini

464 2016 610 2072 enim
660 2009 985 2068 sacriﬁcium
1041 2005 1114 2061 nil
1160 2003 1353 2074 recipit
1396 2000 1745 2057 maculatum.
1803 1997 1952 2054 Unde
1994 2005 2049 2051 et

467 2118 699 2179 sponsus
736 2118 965 2172 sponsas,
994 2097 1224 2153 Pulchra
1266 2112 1347 2159 es,
1380 2094 1573 2164 inquit,
1603 2091 1775 2146 amica
1817 2106 1957 2154 mea,
1984 2098 2051 2143 .et

470 2197 680 2255 macula
721 2196 773 2249 in
810 2202 863 2247 te
906 2207 1011 2245 non
1048 2198 1130 2243 est
1162 2185 1338 2259 (Cant.
1369 2185 1466 2256 tv).
1508 2184 1575 2238 Et
1616 2192 1861 2254 operatur
1890 2181 2050 2252 jusli-

470 2292 621 2345 tiam.
672 2286 826 2340 Dicta
873 2290 1054 2337 autem
1087 2278 1320 2351 iustitia,
1372 2277 1496 2346 quia
1535 2274 1677 2344 juris
1720 2283 1911 2330 status.
1957 2274 2050 2326 Est

470 2381 614 2435 enim
639 2376 846 2447 justitia
874 2374 1101 2443 :equitas
1122 2371 1203 2425 vel
1241 2369 1525 2424 rectitulo.
1559 2366 1664 2419 Sed
1692 2366 1814 2434 quia
1841 2363 2051 2432 jnstitia

471 2490 537 2527 ex
583 2470 837 2541 operibus
882 2472 1098 2522 constat
1134 2472 1188 2517 ct
1234 2462 1357 2526 ﬁde,
1396 2461 1486 2514 ille
1522 2460 1751 2530 pleuilet'
1785 2457 2051 2525 justitiam

472 2569 731 2632 operatur
767 2557 855 2626 qui
896 2564 1039 2610 recte
1074 2553 1320 2616 credens,
1355 2553 1523 2605 totum
1568 2566 1625 2604 se
1661 2550 1712 2603 in
1741 2548 1898 2602 bonis
1927 2562 2053 2617 0pc-

477 2655 629 2708 rihus
658 2656 896 2706 exercet.
928 2645 1233 2717 Ingreditur
1257 2644 1368 2697 sine
1397 2640 1625 2705 macula,
1654 2641 1745 2710 qui
1774 2640 1903 2694 vivit
1938 2640 2055 2693 sine

478 2742 655 2813 culpa.
692 2738 953 2810 Operatur
976 2735 1277 2807 justitiam,
1317 2733 1408 2803 qui
1438 2732 1655 2787 sedulus
1696 2746 1813 2800 quze
1848 2746 2056 2801 pra-va-

480 2836 554 2889 let
612 2833 722 2905 agit
759 2831 917 2885 bona.
962 2826 1267 2897 Ingreditur
1309 2823 1419 2879 sine
1454 2823 1684 2891 macula,
1720 2823 1811 2893 qui
1850 2823 2056 2893 plangit

480 2924 786 2986 commissa,
820 2929 874 2975 et
898 2917 1197 2989 plangenda
1220 2914 1448 2970 ulterius
1476 2930 1581 2970 non
1615 2916 1905 2971 committit
1932 2931 2058 2986 pec-

479 3023 620 3068 rata.
660 3012 923 3083 Operatur
943 3008 1232 3078 justitiam,
1264 3005 1357 3076 qui
1389 2994 1695 3077 diligenter
1721 3005 1774 3060 in
1807 3006 2059 3060 omnibus

2146 1846 2245 1885 nec
2273 1830 2520 1901 proximo
2552 1829 2717 1885 faciat
2762 1828 2986 1892 malum,
3030 1843 3130 1882 nec
3159 1827 3316 1883 labiis
3349 1827 3605 1897 loquatur
3635 1829 3736 1882 do-

2147 1920 2256 1974 lum
2279 1935 2401 1975 cum
2432 1920 2693 1990 scriptum
2726 1919 2798 1975 sit
2825 1917 2981 1972 :Non
3003 1928 3078 1972 est
3101 1918 3254 1971 homo
3275 1919 3364 1989 qui
3389 1919 3530 1983 vicit,
3553 1929 3600 1972 et
3628 1935 3735 1972 non

2146 2018 2315 2079 peccet
2340 2005 2459 2080 (111
2489 2007 2615 2079 Reg.
2645 2008 2800 2080 vin);
2831 2008 3019 2062 audiat
3048 2009 3149 2063 sibi
3177 2008 3401 2063 Paulum
3429 2009 3736 2078 apostolum

2150 2100 2565 2169 respondentem
2614 2118 2627 2154 :
2676 2099 2745 2153 Et
2783 2099 2894 2154 hare
2932 2099 3140 2170 quidem
3182 2100 3394 2169 fuistis,
3431 2099 3523 2153 sed
3566 2100 3737 2154 abluti

2149 2187 2303 2250 estis;
2342 2186 2432 2241 scd
2466 2188 2786 2257 sanctiﬁcati
2820 2188 2965 2254 estis,
2993 2197 3097 2243 etc.
3126 2188 3179 2259 (I
3202 2188 3322 2243 Cor.
3347 2188 3444 2260 vt).
3479 2188 3585 2254 Qui
3617 2208 3734 2244 mu.

2150 2279 2348 2348 lignum
2369 2279 2656 2334 diabolum.
2705 2279 3246 2335 Diabolnsllehraiee
3270 2282 3523 2335 deorsum
3563 2281 3738 2335 ﬂuens

2153 2372 2559 2442 interpretatur,
2611 2387 2676 2427 eo
2723 2374 2869 2444 quod
2914 2372 3182 2443 superhim
3225 2373 3465 2441 pondere
3510 2389 3739 2443 pressus

2152 2461 2407 2517 deorsum
2458 2476 2723 2517 corruens
2771 2463 2986 2517 cecidit.
3034 2460 3221 2516 Graece
3264 2470 3447 2517 autem
3487 2462 3739 2517 diaholus

2153 2546 2471 2635 criminator
2498 2552 2719 2618 dicitur,
2747 2555 2873 2625 quia
2900 2554 3042 2609 sicut
3077 2570 3107 2608 a
3130 2554 3359 2610 crimine
3391 2554 3739 2619 criminator,

2153 2652 2208 2697 et
2232 2642 2540 2714 aﬁgperhia
2571 2646 2854 2716 superbus,
2882 2654 2936 2700 et
2962 2646 3033 2700 ab
3062 2645 3343 2715 iniquitate
3368 2645 3618 2714 iniquus;
3662 2645 3739 2700 ita

2155 2749 2184 2787 a
2220 2730 2555 2805 malignitate
2583 2734 2861 2804 malignus
2902 2742 3149 2789 vocatur.
3189 2734 3381 2805 Aliqua
3425 2732 3743 2788 suadentem

2155 2824 2275 2889 sibi,
2318 2825 2372 2881 id
2413 2834 2518 2891 est,
2546 2833 2766 2895 peccata
2794 2836 2849 2881 et
2879 2827 3029 2880 vitia.
3061 2825 3193 2881 Cum
3231 2827 3345 2897 ipsa
3382 2826 3654 2890 suasione,
3687 2826 3742 2880 id

2158 2922 2275 2979 est,
2330 2915 2733 2981 adhortatione,
2785 2916 2868 2971 vel
2920 2917 3255 2971 incitatione.
3297 2917 3341 2969 Α
3380 2916 3743 2985 conspectibus

2161 3005 2334 3057 cordis
2376 3006 2457 3058 sui
2500 3022 2743 3075 respuens
2784 3005 2997 3060 deduxit
3040 3006 3109 3059 ad
3155 3005 3396 3060 nihilum.
3457 3004 3743 3060 Diabolum

485 3073 965 3165 Domini'eustodi—t
994 3073 1298 3171 prmcepta.‘
1330 3097 1435 3164 Qui
1458 3073 1690 3169 loquitur
1715 3098 1978 3152 veritatem
2004 3097 2058 3151 in
2086 3073 2130 3133 (ἶ
2163 3095 2305 3148 enim
2345 3095 2524 3166 justus
2575 3073 2801 3164 respuit,
2843 3097 3058 3165 quando
3363 3111 3464 3151 nec
3501 3095 3744 3150 suasioni

481 3199 637 3256 corde
659 3213 773 3250 suo.
816 3192 989 3248 Homo
1017 3191 1163 3246 enim
1203 3191 1384 3261 lingua
1418 3188 1678 3259 loquitur,
1723 3199 1779 3243 et
1811 3203 1929 3254 ore,
1956 3204 2061 3242 non

483 3288 677 3353 corde;
730 3284 824 3340 sed
869 3282 998 3353 quia
1042 3296 1105 3336 os
1143 3295 1252 3335 non
1302 3280 1559 3349 loquitur,
1604 3279 1707 3335 nisi
1755 3279 1899 3349 quod
1935 3279 1983 3334 ei
2032 3294 2063 3332 a

484 3377 649 3435 corde
677 3373 1038 3437 ministratur,
1071 3379 1218 3425 recte
1246 3369 1336 3424 hic
1364 3367 1582 3434 dicitur,
1613 3369 1702 3439 qui
1729 3367 1961 3439 loquitur
1984 3385 2068 3422 ve-

488 3470 695 3525 ritatem
725 3466 779 3520 in
814 3463 968 3518 corde
995 3477 1114 3517 suo.
1140 3460 1219 3515 Ac
1245 3461 1292 3515 si
1320 3459 1526 3515 diceret
1552 3475 1566 3513 :
1597 3458 1713 3514 Non
1741 3458 1936 3514 sullirit
1968 3460 2069 3513 lin-

491 3572 611 3631 guae
639 3564 697 3611 ut
725 3563 933 3609 tantum
961 3552 1245 3607 veritatem
1295 3549 1548 3620 loquatur
1582 3564 1697 3617 ore,
1746 3549 1849 3603 nisi
1887 3563 2005 3604 eam
2036 3566 2068 3604 a

493 3652 708 3707 sincero
741 3644 1042 3713 susceperit
1085 3641 1274 3697 corde;
1326 3638 1454 3696 Sive
1501 3641 1646 3696 enim
1691 3639 1913 3704 bonum,
1955 3640 2070 3696 sive

495 3740 698 3795 malum
728 3737 977 3806 loquatur
1005 3734 1209 3805 lingua,
1241 3732 1364 3788 fons
1398 3732 1541 3788 illius
1570 3734 1671 3788 hoc
1710 3733 1885 3804 ipsum
1920 3732 2071 3788 cordi

498 3828 793 3891 ministrat,
827 3826 968 3880 sicut
1006 3823 1267 3894 scriptum
1293 3830 1375 3878 est
1399 3839 1414 3876 :
1439 3821 1525 3877 Ea:
1570 3822 1893 3876 abundantia
1934 3823 2073 3877 enim

499 3921 674 3977 cordis
697 3937 754 3974 os
780 3918 1012 3990 loquitur
1041 3917 1190 3991 (Luc.
1213 3915 1313 3990 vr).
1347 3914 1486 3973 Sunt
1518 3918 1662 3973 enim
1692 3918 1783 3972 alii
1813 3918 1928 3987 qui,
1958 3935 2075 3972 ma—

499 4015 643 4087 ligno
666 4013 859 4084 spiritu
895 4009 1105 4081 repleti,
1134 4008 1280 4065 aliud
1314 4008 1566 4065 simulate
1600 4009 1897 4080 loquuntur
1952 4025 2071 4074 ore,

500 4108 645 4163 aliud
686 4106 1016 4162 meditantur
1047 4104 1100 4158 in
1127 4105 1309 4159 corde.
1346 4103 1422 4159 De
1448 4104 1645 4175 quibus
1679 4102 1934 4159 Salomon
1966 4104 2071 4158 ait:

500 4196 794 4253 Simulator
831 4212 920 4251 ore
957 4195 1150 4266 decipit
1179 4195 1406 4248 amicum
1428 4211 1583 4249 suum
1607 4193 1786 4266 (Prov.
1813 4195 1910 4266 xI).
1955 4195 2078 4249 ideo

502 4288 761 4344 Dominus
809 4286 926 4340 ait:
962 4283 1065 4350 Qui
1095 4284 1326 4356 loquitur
1366 4284 1630 4340 ceritatem
1672 4285 1726 4338 in
1766 4285 1920 4338 corde
1959 4302 2075 4351 suo,

505 4380 592 4433 hie
624 4377 884 4432 habitabit
920 4376 974 4429 in
1007 4374 1355 4430 tabernaculo
1387 4390 1529 4430 meo.
1568 4374 1671 4440 Qui
1704 4391 1809 4428 non
1845 4375 1947 4444 egit
1985 4374 2081 4428 do-

502 4469 612 4523 lum
657 4469 711 4522 in
752 4467 934 4537 lingua
970 4482 1089 4520 sua.
1136 4465 1279 4519 ldcm
1323 4464 1499 4535 ipsum
1529 4473 1613 4519 est
1643 4465 1786 4519 enim
1818 4465 1870 4519 in
1901 4465 2080 4535 lingua

504 4556 687 4631 dqlum
718 4570 822 4609 non
851 4568 1033 4624 agere,
1057 4553 1197 4622 quod
1225 4560 1309 4607 est
1335 4552 1388 4605 iu
1412 4554 1574 4607 corde
1599 4552 1744 4622 loqui
1773 4553 2079 4607 veritatem.

505 4647 803 4716 Aliquoties
830 4645 977 4701 enim
1007 4644 1162 4698 dolus
1188 4642 1466 4712 profertur
1503 4643 1557 4695 in
1597 4642 1798 4712 lingua,
1826 4643 1968 4696 sicut
1997 4643 2085 4696 hic

506 4740 705 4795 dicitur
732 4753 831 4808 per
854 4734 1228 4800 Psalmistam;
1260 4733 1546 4802 aliquoties
1572 4732 1729 4788 labiis
1751 4734 1952 4804 pariter
1975 4750 2086 4787 mc-

508 4833 713 4885 ditatur
742 4838 798 4883 et
836 4828 1019 4891 corde,
1054 4826 1195 4880 sicut
1234 4825 1402 4879 habes
1443 4826 1496 4878 in
1552 4823 1875 4881 Salomone:
1908 4826 2085 4881 Labiis

509 4923 645 4986 suis,
675 4920 867 4988 inquit,
900 4916 1214 4985 intelligitur
1250 4915 1515 4979 inimicus,
1559 4932 1676 4969 cum
1707 4916 1760 4970 in
1791 4916 1944 4970 corde
1979 4927 2088 4970 tra-

512 5012 726 5067 ctaverit
756 5008 905 5063 dolos
938 5005 1119 5075 (Prov.
1148 5006 1316 5078 xxvi).
1352 5006 1407 5059 In
1442 5006 1619 5076 lingua
1650 5016 1854 5061 tantum
1882 5007 2090 5078 profer-

513 5114 601 5158 tur
620 5100 776 5156 dolus
799 5101 868 5154 ah
891 5098 1126 5163 homine,
1151 5105 1208 5152 ιιι
1235 5099 1441 5152 amicus
1459 5098 1705 5153 videatur
1732 5099 1785 5152 in
1816 5113 2088 5163 sermone,

515 5195 690 5251 hostis
719 5193 773 5247 in
805 5192 991 5248 corde.
1042 5191 1097 5245 In
1126 5191 1281 5244 iahiis
1309 5191 1512 5260 pariter
1541 5190 1832 5245 meditatur
1856 5191 2012 5246 dolus
2036 5199 2091 5244 et

514 5288 699 5350 corde,
736 5293 799 5340 ut
835 5282 1110 5338 inimicum
1138 5297 1197 5337 se
1227 5296 1344 5336 esse
1372 5282 1534 5336 cerde
1572 5280 1730 5335 simul
1759 5279 2093 5333 demonstret

515 5389 572 5435 et
596 5394 713 5435 ore.
746 5376 850 5442 Qui
890 5390 991 5427 non
1016 5374 1132 5443 fecit
1163 5373 1401 5443 proximo
1432 5387 1528 5426 suo
1556 5370 1772 5424 malum.
1805 5370 2093 5424 Proximus

518 5473 620 5527 hoc
667 5471 722 5523 in
773 5468 891 5521 loco
939 5465 1314 5536 intelligendus
1358 5471 1441 5518 est
1486 5462 1664 5517 omnis
1707 5462 1887 5515 homo.
1942 5461 2097 5517 Unde

520 5564 778 5631 Scriptum
809 5566 891 5612 est
923 5573 936 5608 :
967 5555 1085 5610 Non
1130 5553 1450 5608 adulterabis
1495 5569 1613 5607 cum
1663 5568 1826 5606 uxore
1871 5552 2099 5623 proximi

523 5658 596 5710 tui
622 5652 808 5717 (Lerit.
838 5648 1016 5720 xvnt),
1067 5648 1116 5701 id
1150 5655 1251 5707 est,
1286 5660 1406 5699 cum
1447 5645 1642 5700 nullius
1673 5645 1926 5702 hominis.
1967 5647 2100 5702 Pro-

2110 4419 2159 4476 D

2163 3185 2280 3254 ejus
2333 3186 2622 3240 consentit.
2679 3186 2761 3240 Ad
2805 3186 3053 3261 nihilum
3082 3166 3484 3277 ﬁfyucit,
3525 3187 3748 3254 quando

2164 3294 2265 3333 nec
2301 3278 2490 3346 recipit
2532 3278 2904 3348 suggestioncs
2945 3252 3431 3367 ejuspﬁégsa'u’lrit.
3462 3277 3749 3333 Annihila—

2169 3372 2243 3426 tio
2282 3386 2411 3441 ergo
2440 3369 2635 3424 diaboli
2668 3370 2927 3438 perfectio
2978 3380 3063 3425 est
3094 3371 3361 3425 monachi.
3425 3368 3577 3425 Tunc
3601 3370 3748 3424 enim

2169 3463 2221 3517 in
2248 3462 2539 3534 semetipso
2577 3461 2732 3518 fortis
2763 3478 2881 3517 esse
2910 3462 3157 3519 diabolus
3181 3462 3502 3526 insumatur,
3530 3461 3751 3531 quando

2169 3553 2237 3608 ab
2270 3554 2358 3607 illo
2398 3554 2563 3606 miser
2598 3554 2894 3608 monachus
2927 3554 3178 3609 vincitur.
3228 3553 3379 3609 Tunc
3417 3567 3546 3607 vero
3588 3554 3750 3607 anni-

2169 3642 2396 3710 hilatur,
2424 3644 2639 3713 quando
2665 3631 2692 3697 εἰ
2723 3643 2961 3713 perfecto
2990 3647 3256 3700 monacho
3287 3653 3344 3697 ut
3373 3644 3599 3698 inermis
3629 3644 3750 3696 vin-

2172 3735 2314 3790 citur
2342 3743 2397 3789 ct
2426 3735 2715 3804 respuiiur.
2758 3734 2826 3790 Et
2857 3735 3103 3805 parvulos
3127 3737 3386 3806 cogitatus
3417 3736 3531 3806 ejus
3563 3736 3753 3800 tenuit,

2172 3836 2221 3881 et
2242 3825 2405 3880 allisit
2438 3826 2507 3880 ad
2528 3826 2812 3881 Christum.
2852 3824 3068 3881 Parvuli
3097 3827 3366 3894 cogitatus
3389 3824 3529 3894 ejus,
3563 3826 3618 3881 id
3646 3836 3753 3891 est,

2176 3917 2419 3974 diaboli:
2451 3916 2591 3972 mala
2636 3924 2765 3972 sunt
2808 3915 2927 3985 ejus
2971 3917 3124 3972 initia
3177 3917 3604 3989 suggestionum,
3634 3931 3756 3986 qua:

2174 4009 2315 4063 bene
2344 4016 2471 4062 sunt
2496 4005 2744 4071 tenenda,
2778 4021 2845 4062 ne
2871 4006 3011 4062 male
3040 4015 3310 4074 crescant,
3341 4016 3399 4063 et
3424 4006 3494 4061 ad
3520 4016 3758 4078 petram,

2178 4098 2233 4153 id
2270 4105 2355 4151 est
2393 4096 2461 4150 ad
2488 4094 2790 4161 Christum,
2841 4105 2971 4151 sunt
2999 4096 3270 4164 elidenda,
3300 4104 3362 4152 ut
3406 4105 3655 4167 pereant,
3692 4112 3759 4151 ne

2179 4188 2322 4245 forte
2359 4189 2523 4244 robur
2560 4189 2895 4245 fortitudinis
2935 4188 3156 4258 faciant,
3195 4200 3251 4246 et
3286 4200 3477 4248 contra
3524 4207 3624 4247 nos
3664 4206 3761 4245 no-

2182 4284 2301 4339 civa
2346 4281 2485 4338 bella
2530 4283 2894 4339 committant.
2943 4282 3047 4351 Qui
3090 4284 3325 4338 timentes
3368 4283 3653 4338 Dominum
3697 4283 3761 4336 de

2185 4376 2319 4429 bona
2362 4375 2687 4430 observantia
2731 4393 2835 4434 non
2873 4393 2928 4431 se
2960 4375 3186 4431 reddunt
3225 4375 3411 4443 elatos,
3443 4377 3495 4431 id
3520 4386 3629 4441 est,
3656 4392 3764 4431 non

2188 4480 2248 4520 se
2280 4473 2483 4535 ponunt
2525 4465 2640 4520 sive
2675 4464 2991 4521 existimant
3022 4468 3218 4534 elatos,
3252 4468 3378 4538 quia
3414 4468 3626 4523 viribus
3655 4469 3766 4523 suis

2189 4553 2392 4623 aliquid
2429 4554 2563 4609 boni
2583 4570 2743 4624 agere
2772 4555 2997 4624 possint,
3026 4558 3328 4627 pricsertim
3359 4574 3481 4613 cum
3507 4558 3768 4612 Dominus

2192 4645 2447 4714 apostolis
2473 4643 2673 4698 dixerit
2698 4664 2709 4699 :
2738 4644 2862 4699 Sine
2890 4663 2969 4700 me
2993 4648 3124 4701 nihil
3150 4650 3362 4718 potestis
3385 4648 3558 4718 facere
3581 4646 3763 4716 (Joou.

2193 4738 2302 4809 xv).
2336 4737 2471 4790 Nam
2504 4737 2639 4791 velle
2679 4737 2880 4792 bonum
2930 4746 2986 4793 et
3028 4754 3186 4808 posse
3234 4755 3265 4794 a
3294 4740 3523 4795 Domino
3573 4740 3769 4809 accipit

2195 4829 2377 4882 homo.
2426 4828 2613 4882 Elatns
2661 4828 2807 4894 enim
2854 4829 3054 4884 dicitur
3092 4846 3192 4900 pro
3234 4847 3300 4885 eo
3336 4830 3481 4900 quod
3528 4832 3769 4900 seipsunt

2195 4936 2359 4989 super
2409 4936 2717 4973 mensuram
2774 4935 2927 4975 suam
2977 4921 3171 4987 elevet,
3218 4923 3343 4975 dum
3394 4937 3625 4987 magnus
3670 4921 3770 4975 sibi

2196 5012 2408 5065 videtur
2448 5011 2512 5065 de
2549 5012 2633 5065 his
2672 5028 2792 5079 qua:
2836 5012 2947 5081 agit
2981 5013 3259 5081 operibus.
3325 5011 3431 5067 Sed
3476 5013 3589 5081 ipsa
3633 5010 3774 5071 inte

2199 5100 2333 5153 bona
2365 5116 2466 5152 non
2496 5117 2526 5152 α
2556 5117 2610 5153 se
2635 5117 2804 5171 posse,
2826 5100 2916 5154 sed
2950 5100 3230 5154 a'Domino
3251 5101 3369 5169 ﬁeri
3395 5100 3770 5153 existimantes.

2202 5190 2432 5260 Superbi
2465 5192 2691 5262 cupiunt
2727 5192 2779 5246 in
2815 5209 2873 5248 se
2898 5193 3041 5262 quod
3086 5208 3190 5248 non
3228 5192 3434 5247 faciunt
3467 5191 3772 5262 praedicari.

2201 5282 2442 5338 Humiles
2490 5282 2764 5355 refugiunt
2807 5286 3068 5355 quidquid
3111 5285 3237 5339 boni
3270 5295 3567 5354 operantur
3613 5299 3779 5354 agno—

2203 5375 2301 5429 sci.
2341 5373 2419 5428 Illi
2451 5374 2581 5430 vitia
2620 5391 2717 5429 sua
2756 5392 2787 5430 a
2814 5392 2871 5430 se
2903 5377 3044 5431 facta
3080 5392 3201 5432 esse
3241 5384 3519 5442 recusant,
3552 5384 3608 5430 et
3638 5376 3778 5429 bona

2204 5467 2319 5521 suis
2359 5465 2568 5521 viribus
2609 5465 2750 5523 facta
2791 5470 3022 5539 turpiter
3058 5468 3287 5539 jactant.
3342 5466 3603 5532 llumiles,
3654 5469 3780 5537 quia

2207 5565 2425 5626 peccata
2467 5554 2839 5629 commiserint
2882 5561 3186 5617 voluntarie
3232 5560 3540 5617 conﬁtendo
3588 5569 3782 5614 semct-

2210 5649 2355 5719 ipsos
2390 5658 2674 5713 accusant;
2715 5663 2770 5706 et
2805 5655 2986 5707 omnia
3018 5657 3158 5709 Lona
3200 5669 3295 5708 sua
3327 5670 3432 5707 non
3473 5668 3505 5706 a
3547 5668 3607 5707 se
3644 5651 3778 5708 farta
