3940 6450
188 308 283 363 7Ιῖ

1216 310 1571 367 connexi.
1618 308 1680 364 IN
1724 309 1881 366 nec.
1925 309 1982 363 ε.
2024 276 2400 366 assentari.

3346 312 3448 368 718

181 456 323 506 esse,
347 437 444 495 sed
472 436 658 492 divino
687 445 914 487 munere
944 415 1241 498 deputant:
1270 436 1325 482 et
1369 442 1472 480 non
1504 441 1532 479 a
1558 441 1634 488 se,
1670 422 1765 479 sed
1797 429 1841 488 Α
1870 422 2091 491 ﬂumina
2117 462 2135 488 ,
2171 424 2427 492 ﬂaverant
2460 423 2602 476 remi
2631 464 2644 488 ,
2691 433 2738 477 et
2778 424 3100 493 impegerunt
3138 424 3191 477 in
3235 425 3451 487 domum

186 532 468 589 aDomino
503 530 557 583 in
601 541 660 583 se
707 524 850 580 facta
891 536 1012 581 esse
1058 520 1407 577 conﬁrmant.
1454 519 1768 590 Operantem

120 628 124 632 ’
186 623 245 680 in
288 636 345 677 se
385 620 672 675 Dominum
729 612 1074 684 magniﬁcam
1136 609 1286 664 illum
1348 626 1466 663 cum
1508 604 1770 678 Propheta

187 714 454 771 dicentes:
480 710 603 765 Non
639 706 808 770 nobis,
833 703 1075 766 Domine,
1110 719 1214 756 non
1251 701 1421 766 nobis,
1457 700 1548 755 sed
1574 700 1772 754 nomini

189 813 277 861 tuo
320 802 393 856 da
433 798 658 872 gloriam
700 794 877 867 (Psal.
921 793 1097 864 cxm).
1152 794 1247 848 llle
1293 793 1348 846 in
1387 808 1447 847 se
1484 791 1772 846 Dominum

189 902 502 968 operantem
544 889 884 961 magniﬁcat,
932 886 1026 956 qui
1071 886 1138 941 de
1190 885 1350 940 bonis
1398 885 1513 940 suis
1563 884 1776 941 actibus

193 1003 295 1044 non
327 985 457 1049 sibi,
494 982 587 1037 sed
619 980 851 1035 Domino
902 974 1149 1050 gloriam'
1179 976 1389 1032 tribuit.
1444 975 1774 1045 Operantem
1811 1017 1821 1023 .

194 1079 244 1134 in
275 1093 336 1133 se
381 1074 671 1130 Dominum
728 1068 1079 1141 magniﬁcare
1136 1068 1325 1131 debet,
1374 1070 1464 1137 qui
1520 1067 1636 1123 sine
1685 1067 1776 1122 illo

195 1167 328 1223 nihil
382 1164 510 1219 boni
563 1176 725 1233 agere
778 1159 941 1214 valet.
996 1156 1261 1228 Cognovit
1312 1159 1459 1212 enim
1502 1157 1775 1227 Propheta

195 1258 320 1329 quia
363 1272 469 1311 non
511 1260 595 1308 est
631 1250 868 1307 hominis
907 1249 1141 1319 dirigere
1182 1249 1302 1303 vias
1346 1265 1492 1313 suas,
1548 1251 1643 1305 sed
1686 1250 1778 1303 illo

200 1352 521 1421 disponente
545 1343 756 1399 Domini
804 1349 888 1397 est
930 1341 1166 1413 dirigere
1214 1357 1436 1411 gressus
1486 1340 1621 1409 ejus.
1655 1341 1779 1396 Ideo

198 1443 271 1498 illi
322 1438 520 1495 tribuit
562 1436 821 1508 gloriam,
871 1448 902 1488 a
945 1449 1054 1504 quo
1100 1448 1159 1489 sc
1205 1434 1459 1504 cognovit
1504 1435 1780 1503 accepisse

196 1532 383 1587 omnia
410 1531 587 1591 bona;
621 1526 697 1586 ait
721 1525 865 1581 enim
889 1523 1180 1594 Apostolus
1203 1541 1217 1577 :
1245 1522 1437 1578 Omn’a
1459 1540 1782 1596 qutecunque

195 1623 395 1694 facitis,
431 1619 487 1675 in
528 1617 739 1673 nomine
766 1615 979 1671 Domini
1017 1613 1175 1683 facite
1218 1612 1443 1687 (Coloss.
1485 1614 1588 1686 ιιι).
1642 1614 1783 1687 Ergo

196 1721 374 1769 totum
417 1710 625 1771 nomini
666 1708 744 1763 illi
775 1707 980 1762 tribuat
1006 1705 1270 1768 Ecclesia.
1295 1722 1325 1762 a
1354 1722 1462 1778 quo
1496 1716 1551 1761 et
1588 1707 1643 1761 in
1673 1721 1781 1776 quo

1872 514 2045 581 illam,
2081 524 2129 569 et
2154 532 2256 570 non
2285 515 2489 581 cecidit,
2512 515 2733 586 fundata
2766 516 2904 570 enim
2928 525 3041 570 erat
3071 532 3231 587 supra
3251 526 3457 587 petram

1875 604 2090 675 (Matth.
2118 604 2234 676 vn).
2289 604 2519 675 Sapiens
2554 607 2699 661 enim
2733 607 2819 661 vir
2859 622 2967 663 non
3008 623 3173 677 super
3208 624 3454 679 arenam,

1877 696 1929 751 id
1958 703 2041 751 est
2077 711 2241 766 super
2276 696 2651 767 semetipsum,
2689 698 2814 767 quia
2846 697 3026 768 pulvis
3065 708 3150 755 est
3183 710 3238 756 et
3273 718 3455 758 rever-

1876 794 2021 841 tetur
2047 787 2100 841 in
2127 787 2426 856 pulverem,
2464 788 2560 842 sed
2604 802 2769 856 super
2800 798 3037 858 petram,
3081 791 3229 846 illam
3262 793 3456 849 videli-

1877 887 1963 935 cet
2004 881 2070 935 de
2098 896 2205 950 qua
2230 879 2521 951 Apostolus
2560 880 2637 933 ait
2665 899 2677 933 :
2704 878 2867 935 Petra
2921 892 3097 936 autem
3145 894 3257 938 erat
3306 885 3460 940 Chri-

1876 980 1987 1027 stus
2021 970 2072 1040 (1
2103 969 2225 1025 Cor.
2264 970 2343 1041 x),
2377 972 2594 1026 domum
2635 985 2788 1025 suam
2830 971 3084 1037 tediﬁcat,
3127 973 3177 1028 id
3212 982 3315 1040 est,
3360 977 3462 1030 ini-

1880 1062 2013 1116 tium
2063 1062 2252 1131 prima:
2300 1062 2767 1126 conversationis,
2824 1062 2979 1131 quasi
3047 1061 3459 1125 fundamentum

1881 1155 2073 1209 domus
2122 1169 2260 1216 sum,
2311 1162 2366 1207 et
2413 1153 2760 1208 medietatem
2806 1154 2961 1210 bona:
3005 1157 3256 1223 actionis,
3305 1159 3462 1228 quasi

1881 1245 2119 1302 medium
2164 1245 2386 1316 parietis
2420 1245 2534 1311 sui;
2580 1254 2636 1301 et
2674 1249 3136 1317 perseverantiam
3179 1250 3466 1319 periei-tio-

1882 1336 1988 1400 nis,
2020 1336 2175 1406 quasi
2203 1337 2685 1391 consummationis
2713 1338 3132 1407 perseverantizn
3161 1354 3272 1394 sua:
3304 1356 3466 1411 super

1884 1424 2293 1481 fundamentum
2340 1426 2470 1481 illud
2517 1429 2671 1497 ponit
2705 1446 2717 1480 :
2753 1428 2821 1482 de
2865 1443 2974 1499 quo
3020 1428 3147 1483 alibi
3176 1430 3466 1500 Apostolus

1884 1518 1962 1573 ait
1988 1537 1999 1571 :
2030 1516 2458 1573 Fundamentum
2493 1517 2640 1579 aliud
2673 1535 2821 1573 nemo
2849 1529 3015 1589 potest
3044 1536 3256 1589 ponere,
3277 1531 3468 1593 prmter

1884 1609 1938 1663 id
1957 1608 2096 1680 quod
2118 1607 2343 1680 positum
2365 1618 2462 1675 est,
2483 1611 2573 1680 qui
2595 1618 2668 1663 est
2692 1608 2932 1667 Christus
2950 1609 2987 1663 Ι
2990 1627 3108 1667 esus
3132 1610 3183 1684 (1
3209 1611 3331 1668 Cor.
3358 1613 3465 1684 tu).

1886 1701 1970 1756 Ab
1994 1700 2097 1755 hoc
2124 1699 2269 1754 enim
2291 1698 2643 1756 fundamento
2670 1701 2867 1770 accipit
2890 1701 3058 1770 vires,
3087 1711 3147 1757 ut
3172 1702 3470 1758 mdiﬁcetur

197 1804 422 1861 nomine
458 1802 717 1857 virtutem
758 1800 959 1871 accipit
993 1799 1255 1871 operandi
1284 1808 1455 1867 recta,
1482 1808 1537 1855 et
1564 1799 1783 1856 humili-
1813 1784 1857 1842 Β
1885 1794 2100 1858 domus.
2133 1792 2184 1846 id
2213 1800 2297 1846 est
2326 1807 2487 1847 omne
2517 1794 2766 1848 ῐῐιοηθοιὶί
2793 1808 2957 1863 ορυδς
2991 1802 3044 1848 ει
3072 1792 3466 1858 fortitudinem.

200 1905 282 1951 ter
322 1893 703 1962 veraciterque
742 1891 885 1946 dicat
929 1905 1051 1946 cum
1096 1889 1366 1960 Propheta
1405 1907 1416 1941 :
1455 1888 1578 1945 Non
1616 1891 1783 1957 nobis,

199 1985 449 2049 Domine,
475 1999 581 2037 non
610 1980 777 2046 nobis,
800 1979 891 2036 sed
917 1981 1115 2035 nomini
1145 1989 1234 2035 tuo
1256 1980 1326 2034 da
1346 1979 1591 2052 gloriam.

272 2072 423 2133 Sicut
449 2089 541 2127 nec
568 2070 770 2126 Paulus
795 2069 1064 2141 apostolus
1091 2071 1154 2125 de
1174 2070 1547 2141 prwdicatione
1569 2088 1666 2126 sua
1688 2073 1789 2126 sibi

201 2164 404 2238 aliquid
448 2162 761 2235 imputabat,
797 2162 1017 2217 dicens:
1053 2159 1240 2216 Gratia
1274 2161 1373 2216 Dei
1412 2179 1528 2221 sum
1571 2162 1625 2216 id
1652 2163 1790 2234 quod

203 2271 325 2316 sum
357 2254 410 2328 (1
434 2254 558 2310 Cor.
587 2252 700 2324 xv).
750 2252 952 2307 Fuerat
986 2252 1133 2307 enim
1166 2260 1325 2308 antea
1354 2253 1707 2323 blasphemus
1737 2263 1793 2309 et

205 2352 527 2419 persrcutor
550 2341 806 2398 Ecclesia:
830 2340 1050 2407 Paulus,
1084 2342 1177 2397 sed
1216 2342 1389 2412 gratia
1422 2342 1515 2398 Dei
1547 2351 1788 2407 vocatus,

208 2445 266 2493 et
312 2453 346 2492 a
375 2434 673 2507 Synagogte
720 2439 874 2488 utero
919 2444 1255 2504 segregatus,
1305 2433 1416 2504 jam
1467 2434 1794 2504 praedicator

207 2525 387 2589 factus
419 2531 537 2581 erat
575 2523 632 2577 in
655 2521 899 2579 Ecclesia
939 2519 1113 2577 ﬁdelis
1150 2529 1206 2576 et
1243 2530 1460 2588 rectus;
1503 2521 1623 2578 ideo
1650 2521 1796 2578 dice—

209 2619 340 2674 bat:
366 2614 551 2671 Gratia
573 2614 672 2669 Dei
707 2630 824 2673 sum
845 2613 901 2668 id
926 2612 1066 2686 quod
1103 2628 1244 2678 sum,
1285 2612 1340 2668 id
1385 2620 1491 2678 est,
1536 2627 1634 2686 per
1678 2628 1795 2667 me-

210 2707 505 2777 metipsum
554 2703 630 2759 fui
675 2719 900 2775 pravus,
930 2703 1106 2775 gratia
1131 2703 1229 2757 Dei
1276 2717 1396 2758 sum
1440 2711 1639 2759 rectus.
1695 2702 1798 2756 Per

211 2797 593 2867 memetipsum
636 2802 987 2866 persecutor,.
1022 2808 1121 2864 per
1160 2794 1388 2863 gratiam
1416 2793 1628 2848 Domini
1678 2809 1797 2849 sum

213 2888 377 2944 modo
399 2886 658 2943 Ecclesia:
689 2883 962 2941 defensor.
994 2884 1100 2939 Per
1137 2883 1519 2952 memetipsum
1546 2883 1799 2954 blasphe-

216 2995 341 3036 mus
380 2988 438 3035 et
476 2979 692 3053 impius,
736 2992 836 3048 per
864 2976 1080 3034 Domini
1126 2974 1360 3046 gratiam
1402 2973 1579 3032 ﬁdelis
1624 2974 1801 3034 factus

217 3085 339 3126 sum
366 3077 422 3125 et
449 3070 590 3140 pius.
622 3070 690 3125 Et
713 3071 818 3126 hoc
844 3078 929 3125 est
960 3069 1131 3140 gratia
1154 3068 1251 3122 Dei
1278 3084 1394 3123 sum
1420 3068 1476 3122 id
1497 3068 1634 3139 quod
1658 3085 1798 3135 sum,

218 3162 274 3217 id
303 3170 409 3227 est,
439 3178 547 3217 non
575 3163 787 3219 meritis
825 3162 983 3227 meis,
1012 3161 1108 3217 sed
1137 3161 1313 3233 gratia
1337 3160 1434 3217 Dei
1465 3160 1640 3218 factus
1676 3177 1796 3217 sum
1827 3143 1872 3207 (ἶ

216 3254 283 3310 de
326 3252 527 3309 inﬁdeli
562 3254 737 3313 ﬁdelis
768 3262 824 3309 et
863 3254 929 3310 de
962 3254 1089 3325 lupo
1120 3261 1327 3324 pastor,
1358 3254 1426 3309 de
1451 3264 1801 3324 persecutore

216 3342 473 3400 defensor
501 3353 556 3399 et
582 3345 648 3400 de
673 3358 841 3419 pravo
875 3352 1076 3411 rectus,
1104 3354 1161 3400 et
1189 3344 1257 3399 de
1282 3344 1448 3415 impio
1474 3344 1616 3417 pius,
1645 3343 1803 3400 Chri-

220 3435 432 3490 stianus
461 3435 527 3490 de
549 3432 733 3491 Judan
767 3442 824 3490 et
858 3435 1135 3506 apostolus
1175 3433 1243 3490 de
1273 3435 1579 3502 Pharisaeo;
1616 3445 1673 3491 et
1699 3435 1803 3491 hoc

216 3534 324 3592 est,
354 3526 525 3596 gratia
548 3526 645 3581 Dei
672 3543 789 3581 sum
824 3527 879 3581 id
911 3527 1049 3599 quod
1081 3544 1235 3594 sum;
1276 3527 1331 3584 id
1372 3537 1472 3593 est,
1525 3545 1632 3585 non
1682 3544 1802 3584 sum

216 3616 433 3686 qualem
481 3617 680 3673 dudum
732 3634 819 3674 me
860 3618 989 3674 fecit
1031 3620 1260 3688 malitia,
1310 3623 1405 3678 sed
1451 3621 1665 3692 qualem
1716 3637 1803 3677 me

217 3708 383 3764 modo
411 3709 626 3763 Domini
656 3708 824 3767 volu'it
849 3725 970 3766 esse
998 3712 1194 3781 gratia.

289 3799 362 3854 Et
411 3799 604 3853 iterum
658 3799 767 3869 ipse
807 3800 932 3853 dicit
964 3817 982 3854 :
1009 3800 1116 3866 Qui
1153 3802 1434 3871 gloriatur,
1482 3804 1538 3858 in
1578 3804 1805 3860 Domino

218 3891 476 3962 glorietur
515 3887 569 3961 (1
593 3888 719 3945 Cor.
748 3890 809 3962 I).
859 3889 1005 3946 Nihil
1049 3892 1216 3958 enim,
1247 3900 1307 3948 ut
1348 3895 1669 3964 ptaedictum
1699 3907 1802 3964 est,

222 3982 387 4035 homo
440 3980 604 4035 habet
641 3981 844 4053 aliquid
882 3982 1030 4049 boni,
1068 3983 1173 4039 nisi
1215 3986 1361 4054 quod
1404 3986 1602 4057 accipit
1646 4002 1677 4041 a
1703 3986 1809 4044 Do—

223 4069 391 4131 mino.
445 4066 503 4123 Si
549 4084 679 4140 ergo
721 4070 953 4140 accipit,
1002 4086 1111 4126 non
1157 4070 1448 4143 glorietur,
1498 4075 1653 4145 quasi
1699 4092 1808 4133 non

224 4160 520 4229 acceperit,
558 4175 627 4215 ne
671 4158 812 4216 forte
853 4163 1137 4221 subtrahat
1177 4165 1321 4234 quod
1363 4165 1513 4223 dedit
1558 4167 1806 4239 largitor,

225 4259 287 4309 nt
315 4259 593 4306 remaneat
637 4268 842 4309 vacuus
889 4254 981 4325 qui
1024 4254 1361 4325 gloriabatur
1399 4259 1465 4315 de
1512 4260 1708 4317 alieno.
1742 4263 1811 4317 Et

225 4342 353 4397 alibi
379 4342 665 4413 Apostolus
703 4361 718 4400 :
747 4344 870 4403 Non
893 4362 957 4400 ea:
979 4346 1147 4413 nobis,
1172 4346 1268 4403 Dei
1294 4350 1430 4404 enim
1462 4351 1660 4407 donum
1699 4363 1807 4420 est;

226 4451 331 4488 non
374 4449 437 4488 ea:
475 4434 731 4505 operibus,
779 4453 842 4490 ne
881 4437 999 4507 quis
1042 4436 1298 4508 glorietur
1339 4437 1499 4513 (Eph.
1548 4442 1633 4515 ιι).
1692 4443 1808 4502 Non

225 4540 355 4599 ergo
384 4526 560 4591 nobis,
588 4527 681 4582 sed
710 4528 913 4582 nomini
939 4527 1151 4584 Domini
1182 4530 1312 4588 totis
1337 4518 1809 4605 viribus‘gloriam

227 4614 418 4674 demus
444 4631 458 4667 :
482 4630 588 4684 quo
619 4617 839 4677 nomine
887 4617 1077 4674 salvati
1122 4635 1332 4687 sumus,
1361 4630 1416 4679 et
1461 4624 1515 4683 in
1545 4635 1807 4687 :etcrnutn

225 4704 430 4761 salvari
463 4705 696 4765 ﬁdeliter
734 4724 1036 4778 speramus.
1074 4710 1192 4769 Non
1233 4715 1377 4770 enim
1408 4724 1492 4773 est
1527 4717 1672 4775 aliud
1710 4735 1810 4775 no-

226 4812 354 4852 men
400 4798 456 4852 in
496 4807 609 4855 toto
653 4800 880 4867 mundo,
926 4803 980 4857 in
1033 4818 1140 4873 quo
1188 4805 1372 4861 salvus
1419 4807 1514 4863 ﬁat
1560 4811 1805 4881 populus.

230 4887 384 4944 Unde
443 4896 497 4943 et
537 4889 827 4960 Apostolus
887 4893 963 4947 ait
1007 4911 1023 4950 :
1062 4894 1177 4967 Ipsi
1245 4896 1412 4969 gloria
1471 4900 1525 4954 in
1572 4901 1811 4959 Ecclesia

227 4988 280 5034 et
317 4977 526 5036 Christo
562 4980 726 5047 Iesu,
786 4985 843 5039 in
884 4986 1122 5042 omnibus
1165 4993 1591 5060 generationibus
1632 4996 1815 5053 sa'culi

230 5070 748 5139 stvculorum,amen
793 5074 954 5147 (Eph.
985 5077 1091 5149 ιιι).
1134 5078 1285 5135 Istud
1310 5090 1394 5138 est
1439 5098 1570 5155 ergo
1616 5103 1813 5144 nomen

230 5157 319 5213 cui
366 5159 548 5214 omnia
596 5176 735 5232 genu
779 5162 1025 5232 flectunt,
1078 5169 1419 5238 caelestium,
1476 5179 1815 5233 terrestrium

232 5254 289 5303 et
330 5246 667 5305 infernorum
713 5269 726 5306 :
775 5253 886 5320 Et,
928 5257 1094 5312 omnis
1133 5256 1314 5329 lingua
1354 5262 1655 5331 confitetur,
1692 5268 1841 5337 quia,

232 5339 332 5395 hoc
354 5357 561 5409 nomen,
591 5343 645 5398 id
669 5343 771 5411 est',
800 5346 1060 5404 Dominus
1086 5348 1245 5407 Iesus
1272 5352 1544 5421 Christus,
1571 5355 1623 5413 in
1645 5357 1818 5427 gloria

233 5445 310 5489 est
334 5433 426 5489 Dei
449 5432 628 5491 Patris
659 5435 825 5507 (Phil.
855 5438 937 5513 ιι).

307 5522 458 5585 Unde
488 5533 536 5580 et
561 5525 816 5584 Dominus
844 5530 900 5584 in
922 5531 1208 5604 Evangelia
1225 5536 1301 5590 ait
1324 5553 1343 5591 :
1367 5536 1471 5609 Qui
1492 5540 1640 5594 audit
1660 5543 1816 5597 verba

237 5631 350 5670 mea
391 5618 533 5681 Iure,
591 5627 640 5672 et
681 5619 808 5689 facit
847 5638 932 5688 ea,
969 5623 1210 5702 similabo
1249 5642 1369 5682 eum
1405 5630 1517 5684 viro
1559 5634 1815 5703 sapienti,

232 5709 639 5779 quigrrdiﬁcavit
669 5711 881 5768 domum
912 5730 1064 5770 suam
1100 5733 1260 5787 supra
1294 5729 1537 5789 petram:
1572 5734 1816 5780 venerunt

1888 1899 1955 1939 ne
1976 1882 2189 1953 pulsata
2215 1884 2650 1952 tempestatibus,
2688 1884 2740 1938 id
2773 1892 2858 1939 est
2886 1883 3322 1940 tribulationibus
3353 1893 3472 1939 ten-

1889 1973 2177 2038 tationum,
2210 1972 2543 2027 destruatur.
2595 1973 2803 2031 Stultus
2831 1984 3011 2030 autem
3040 1975 3274 2031 aadiﬁcat
3308 1991 3474 2048 super

1890 2080 2134 2130 arenam,
2162 2065 2288 2135 quia
2322 2064 2389 2120 de
2417 2079 2581 2135 opere
2612 2081 2710 2121 suo
2739 2076 2846 2121 non
2871 2067 2999 2133 Deo,
3029 2068 3123 2123 sed
3148 2067 3250 2122 sibi
3284 2068 3475 2124 tribuit

1891 2154 2141 2225 gloriam.
2174 2153 2403 2224 Sapiens
2431 2164 2612 2210 autem
2641 2155 2871 2212 aediﬁcat
2896 2172 3058 2229 super
3083 2165 3314 2228 petram,
3344 2159 3474 2229 quia

1891 2247 1959 2302 de
1988 2247 2241 2305 omnibus
2265 2248 2520 2325 operibus
2548 2250 2706 2305 bonis
2728 2251 2843 2306 suis
2879 2264 2984 2306 non
3016 2251 3118 2306 sibi
3152 2251 3341 2308 laudes
3373 2253 3476 2308 tri-

1890 2337 2025 2402 buit,
2053 2338 2149 2393 sed
2176 2338 2285 2393 Deo
2312 2339 2514 2407 gratias
2542 2340 2681 2411 agit;
2713 2350 2769 2395 et
2794 2340 3038 2413 largitori
3067 2359 3166 2399 suo
3194 2345 3478 2403 humiliter

1895 2441 2091 2486 cuncta
2123 2432 2333 2497 tribuit,
2360 2433 2487 2503 quia
2517 2434 2585 2490 ab
2612 2433 2704 2490 illo
2740 2450 2799 2491 se
2824 2436 3099 2506 accepisse
3148 2446 3345 2493 cuneta
3385 2454 3479 2497 co-

1894 2523 2125 2593 gnoscit.
2170 2521 2291 2578 Alio
2330 2524 2471 2578 enim
2508 2540 2669 2580 sensu
2705 2526 2821 2581 hinc
2858 2527 3114 2597 parabole
3144 2530 3380 2584 maxime
3409 2532 3477 2589 ad

1897 2612 2270 2669 inobedientes
2306 2615 2545 2684 respicit.
2590 2615 2680 2671 Sic
2701 2618 2844 2671 enim
2876 2617 3106 2689 legimus
3136 2636 3149 2672 :
3184 2619 3368 2676 Omnis
3388 2624 3479 2693 qui

1896 2702 2046 2757 audit
2078 2702 2234 2756 verba
2266 2720 2401 2770 mea,
2437 2715 2487 2758 et
2522 2722 2625 2760 non
2661 2707 2789 2777 facit
2822 2724 2905 2774 ea,
2945 2709 3185 2764 similabo
3220 2728 3339 2767 eum
3371 2715 3480 2767 viro

1895 2791 2057 2846 stulto
2089 2793 2178 2863 qui
2210 2792 2491 2862 a’diﬁcavit
2526 2794 2740 2849 domum
2775 2814 2926 2851 suam
2967 2816 3122 2869 super
3158 2818 3396 2868 arenam,
3427 2814 3483 2858 et

1900 2882 2107 2952 reliqua
2140 2882 2357 2955 (Matth.
2389 2883 2488 2956 vn)
2515 2902 2526 2937 :
2557 2885 2610 2940 id
2639 2895 2743 2950 est,
2776 2903 2899 2942 cum
2931 2890 3246 2949 inﬁuxerint
3273 2893 3485 2949 stillici~

1899 2974 1987 3029 dia
2023 2975 2359 3045 passionum,
2400 2992 2524 3031 cum
2558 2977 2876 3033 advenerim
2904 2978 3148 3047 ﬁumina,
3185 2990 3241 3037 et
3272 2991 3484 3038 torren~

1902 3075 2008 3133 tes,
2055 3074 2219 3137 atque
2268 3066 2501 3137 impetus
2549 3067 2958 3127 tribulationum
3015 3086 3083 3128 ea
3137 3071 3485 3128 multitudine

1903 3159 2350 3231 negligentiarum
2374 3175 2386 3211 :
2412 3175 2531 3213 cum
2570 3160 2811 3229 ﬂaverint
2852 3163 3013 3228 venti,
3055 3161 3132 3217 illi
3175 3163 3363 3234 utique
3391 3166 3485 3234 qui

1903 3265 2001 3325 per
2038 3251 2201 3306 istum
2240 3264 2419 3309 aerem
2450 3250 2699 3317 volitant,
2741 3249 2919 3322 parati
2964 3253 3033 3307 ad
3061 3253 3265 3309 Christi
3302 3269 3483 3317 aream

1906 3338 2297 3404 ventilandum,
2324 3338 2500 3394 sicubi
2541 3339 2821 3395 inveniant
2856 3340 3041 3413 paleas
3067 3358 3204 3415 quas
3243 3344 3313 3399 ad
3350 3345 3486 3400 ludi-

1831 3492 1838 3498 .
1905 3429 2087 3484 brium
2118 3444 2275 3483 suum
2320 3429 2534 3501 rapiant
2563 3438 2726 3504 atque
2753 3431 3086 3505 dispergant,
3118 3442 3249 3490 tunc
3278 3436 3490 3496 irrucut

1906 3519 1963 3575 in
2001 3521 2217 3581 domum
2259 3518 2404 3574 illam
2451 3537 2573 3592 quae
2611 3524 2727 3578 sine
2769 3524 3088 3580 obcdientia:
3134 3525 3490 3584 fundamento

1906 3612 2174 3669 mdiﬁcata
2201 3620 2306 3677 est,
2344 3620 2399 3667 et
2427 3613 2519 3669 ﬁet
2565 3616 2721 3670 ruina
2766 3615 2911 3671 illius
2954 3632 3168 3689 magna.
3212 3616 3329 3674 Non
3358 3635 3490 3692 ergo

1907 3703 2087 3775 pluvia
2144 3719 2316 3775 neque
2371 3704 2591 3763 ﬁumina
2638 3722 2762 3765 cum
2817 3708 3022 3783 impetu
3072 3710 3488 3781 descendentia;

1908 3815 2084 3870 neque
2103 3800 2248 3854 venti
2277 3799 2593 3856 validissimi
2622 3817 2966 3859 commovere
2993 3814 3247 3875 poterunt
3271 3808 3493 3872 domant

1910 3906 2073 3965 super
2119 3898 2328 3967 petram
2371 3891 2673 3958 fundatam,
2714 3903 2776 3949 ut
2811 3911 2879 3955 ex
2909 3897 3012 3952 hoc
3052 3898 3321 3971 intelligas
3364 3899 3494 3972 quia

1911 3984 2004 4052 qui
2049 3983 2285 4052 seipsum
2333 3999 2440 4037 non
2491 3985 2820 4053 prodiderit,
2874 4004 2975 4044 nec
3027 4005 3059 4043 a
3103 3991 3282 4062 seipse
3327 3975 3497 4050 fuerit

1912 4086 2133 4139 motus,
2192 4074 2336 4129 nulla
2381 4076 2767 4149 superveniens
2816 4081 3043 4135 tentatio
3088 4083 3320 4153 dejicere
3368 4100 3494 4147 eum

1911 4164 2113 4239 poterit
2138 4172 2232 4218 aut
2261 4180 2500 4221 movere.
2533 4165 2668 4221 Illud
2688 4183 2819 4223 vero
2845 4169 2993 4224 aliud
3022 4171 3311 4231 aediﬁcium
3336 4174 3496 4237 facile

1913 4254 2265 4319 subvertitur,
2297 4270 2403 4310 non
2431 4270 2543 4326 pra:
2593 4258 2889 4317 tentatione
2918 4260 3211 4328 violentiae,
3254 4265 3496 4337 alioquin

1913 4352 1969 4399 et
1994 4343 2123 4399 illud
2149 4342 2436 4399 aediﬁcium
2457 4346 2760 4417 dejecisset,
2782 4351 2877 4405 sed
2892 4360 3113 4424 propter
3137 4352 3496 4424 fundamenti,

1916 4436 1970 4495 id
1996 4444 2076 4492 est
2104 4435 2387 4511 propositi,
2417 4437 2805 4495 inﬁrmitatem.
2847 4441 3025 4498 Arena
3052 4454 3137 4501 est
3163 4462 3252 4503 res
3281 4450 3499 4505 mobilis

1915 4537 1969 4583 et
1995 4525 2348 4593 infructuosa,
2389 4542 2511 4597 qua:
2545 4529 2661 4584 sine
2690 4530 2855 4587 dubio
2896 4533 3305 4594 instabilitatem
3336 4550 3501 4627 διέλυε

1918 4617 2335 4673 inconstantiam
2360 4618 2604 4689 designat
2630 4621 2952 4679 animarum.

1989 4716 2119 4775 Herc
2158 4718 2418 4788 complens
2441 4720 2719 4788 Dominus,
2755 4738 3019 4797 exspectat
3042 4747 3134 4786 nos
3158 4734 3392 4804 quotidie
3417 4737 3498 4794 his

1916 4812 2026 4867 suis
2072 4812 2268 4864 sanctis
2323 4812 2533 4891 monitis
2584 4814 2740 4884 [actis
2791 4834 2884 4874 nos
2933 4816 3243 4891 respondere
3290 4825 3496 4883 debere.

1918 4900 2073 4967 Quod
2120 4912 2299 4957 autem
2344 4888 2454 4958 hare
2495 4904 2755 4976 complens
2793 4888 3071 4978 Dominus,
3110 4915 3180 4970 ad
3217 4920 3501 4988 superiora

1914 4990 2078 5055 bona,
2107 5006 2227 5061 quae
2252 4991 2319 5046 de
2349 4993 2654 5050 habitatore
2694 4998 3030 5058 tabernaculi
3058 5006 3290 5075 dixerat,
3323 5012 3502 5080 respi-

1917 5082 2023 5147 cit;
2054 5082 2299 5152 implevit
2326 5086 2470 5139 enim
2491 5086 2740 5145 Christus
2760 5090 3023 5150 Dominus
3049 5100 3298 5168 superius
3319 5101 3461 5158 dicta
3483 5120 3498 5168 ;

1918 5187 2168 5228 sermone
2205 5173 2447 5243 implevit
2473 5185 2528 5230 et
2563 5192 2745 5249 opere.
2790 5182 3112 5244 Pnedicavit
3136 5192 3321 5261 verbo,
3353 5196 3498 5265 quod

1920 5264 2161 5337 implevit
2188 5273 2245 5321 et
2270 5274 2415 5322 actu.
2446 5268 2565 5339 lpse
2593 5272 2737 5334 enim
2767 5274 2821 5329 in
2851 5292 2912 5333 se
2936 5280 3197 5352 implevit,
3226 5288 3367 5354 quod
3396 5290 3498 5344 im,

1919 5355 2069 5427 plere
2099 5359 2435 5415 tabernaculi
2484 5362 2844 5424 habitatorem
2878 5383 3154 5447 praecepit.
3204 5380 3323 5451 ipse
3349 5385 3500 5441 cuitu

1920 5447 2038 5549 sine
2083 5451 2290 5519 peccati
2336 5453 2549 5511 macula
2595 5455 2874 5528 ingressus
2916 5474 3003 5523 est
3041 5447 3345 5527 mundum:
3384 5476 3503 5546 ipse

1918 5544 2037 5595 sine
2085 5551 2310 5611 peccato
2355 5544 2490 5601 vixit
2533 5547 2589 5602 in
2632 5552 2853 5621 mundo,
2901 5564 2959 5613 et
3009 5560 3127 5617 sine
3175 5544 3501 5636 contagione

1917 5635 2126 5706 peccati
2154 5638 2398 5694 ascendit
2425 5640 2480 5696 in
2510 5641 2728 5700 celum.
2758 5645 3018 5722 Princeps
3044 5653 3189 5710 enim
3218 5635 3405 5713 mundi
3431 5664 3500 5723 ad

1917 5740 2042 5782 enin
2068 5726 2235 5793 venit,
2261 5730 2356 5785 sed
2384 5731 2438 5790 in
2465 5746 2532 5788 eo
2567 5736 2642 5795 nil
2682 5738 2824 5809 quod
2852 5743 3240 5811 condemnaret
3268 5748 3495 5814 invenit.
