3940 6414
455 251 554 307 710
1729 241 2079 298 sumsum
2118 241 2407 298 ABBATIS
3620 253 3724 309 τεο

451 374 568 439 lpsc
617 366 861 440 quamvis
890 364 1079 434 justus
1124 362 1384 416 Dominus
1424 359 1690 433 jtgstitiam
1737 358 1926 427 diligat
1975 366 2029 409 et
2058 362 2104 418 Α
2135 356 2342 410 Lassati
2370 372 2549 410 sumus
2579 357 2632 410 in
2665 358 2744 410 via
2776 358 3044 423 vanitatis,
3086 368 3134 411 et
3170 359 3499 428 perditionis,
3529 374 3576 417 et
3606 384 3722 420 am-

449 476 664 532 semper
684 460 880 528 ubique
893 457 1159 527 justitiam
1185 462 1657 524 operetur-Amnon
1685 451 2024 521 potissimum
2068 446 2071 449 ’
2129 451 2421 505 bnlavimus
2450 452 2562 505 vias
2591 450 2856 521 difficiles;
2890 452 3024 505 viam
3054 463 3227 507 autent
3263 453 3472 510 Domini
3512 458 3725 527 ignoras

441 555 712 626 justitiam
741 560 995 621 operatus
1017 557 1123 613 est,
1156 549 1372 621 quando
1401 548 1694 617 superbum
1726 545 2029 615 fortemque
2128 536 2315 590 rimus.
2350 534 2491 601 Quid
2519 536 2664 590 nobis
2694 535 2893 607 profuit
2921 536 3211 607 superbia?
3240 549 3331 592 aut
3360 542 3486 612 qu’d
3513 543 3724 599 divitia-

446 644 716 703 diabolum
760 641 952 706 vinxit,
1000 650 1057 696 et
1100 642 1319 697 domum
1370 638 1491 708 ejus
1539 637 1851 709 ingrediens
1896 652 2027 690 vasa
2130 643 2243 678 rum
2262 626 2526 696 jactantia
2554 627 2770 681 contulit
2800 627 2996 681 nobis?
3036 626 3379 682 Transierunt
3409 633 3583 685 omnia
3623 631 3720 689 illa

446 737 610 800 illius,
640 750 761 804 qua:
788 731 985 801 injuste
1017 734 1256 796 tenebat,
1288 730 1529 786 abstulit.
1562 730 1630 783 Et
1658 728 1759 784 sibi
1790 742 1853 782 ea
1882 726 2002 780 fonti

2159 733 2377 787 Iqutam
2414 718 2635 783 umbra,
2690 728 2737 771 et
2784 733 2877 771 nos
2916 717 2969 770 in
3008 717 3336 788 malignitate
3371 731 3550 776 nostra
3586 739 3715 776 con-

444 826 786 897 lmptismatis
826 825 931 878 lota
967 822 1021 877 in
1054 832 1316 893 perpetua
1356 822 1575 876 servitia
1616 818 1871 874 sacravit.
1910 816 2027 886 Ipse
2127 808 2323 877 sumpti
2359 825 2543 862 sumus
2572 805 2722 879 (Sap.
2746 807 2823 880 γ).
2877 807 2995 863 Non
3025 808 3171 863 enim
3210 809 3468 865 Dominus
3500 812 3719 866 lwtatur

444 919 590 972 enim
635 916 873 985 loquitur
912 915 1199 969 veritatem
1244 913 1298 967 in
1322 912 1505 975 corde,
1534 910 1660 979 quia
1687 908 1886 962 veritas
1910 914 2023 970 est;
2128 898 2179 952 in
2214 898 2513 968 perditione
2540 900 2807 965 vit-orum,
2838 898 2931 953 sed
2960 899 3132 970 magis
3158 898 3274 952 vult
3301 900 3510 955 salvarc
3538 903 3719 973 pumi-

444 1018 499 1062 οι
526 1007 670 1079 ψιοά
697 1022 792 1061 om
820 1008 1037 1076 promit,
1068 1019 1232 1076 opere
1278 1002 1531 1072 complet.
1571 1000 1692 1069 Ipse
1722 998 1870 1052 enim
1914 997 2020 1051 ait:
2127 996 2333 1054 tentes,
2371 1005 2532 1059 quam
2571 989 2802 1060 perdere
2831 989 3227 1059 delinquentes.
3269 988 3422 1047 Sicut
3461 992 3577 1063 ipse
3614 1008 3719 1063 per

445 1099 559 1168 Ego
580 1114 696 1152 sum
718 1098 822 1161 via,
847 1096 1058 1158 veritas,
1078 1104 1125 1147 et
1140 1093 1248 1147 vita
1266 1091 1325 1163 (J
1331 1108 1452 1145 oau.
1478 1090 1589 1162 xtv)
1614 1083 1746 1157 ipse
1780 1102 1885 1141 non
1916 1088 2028 1157 egit
2123 1079 2443 1148 prophetam
2473 1079 2569 1133 ait.

446 1189 625 1243 ,ξοιιηη
660 1189 710 1242 in
737 1188 915 1257 lingua
944 1199 1064 1249 sua,
1094 1183 1218 1251 quia
1260 1190 1541 1251 peccatum
1574 1196 1680 1234 ηοη
1729 1178 1877 1243 fecit,
1924 1194 2023 1233 nec
2196 1169 2337 1224 Nam
2365 1171 2481 1241 pius
2506 1170 2762 1225 Dominus
2790 1170 2952 1224 dicit:
2988 1170 3128 1226 Nolo
3157 1184 3372 1227 mortem
3396 1177 3710 1244 peccatoris,

445 1280 599 1333 dolus
647 1278 897 1331 inventus
939 1281 1022 1328 est
1070 1272 1123 1325 in
1172 1285 1266 1324 ore
1311 1270 1445 1340 ejus.
1497 1270 1612 1340 Ipse
1639 1273 1887 1341 proximo
1924 1290 2023 1327 suo
2120 1260 2213 1314 sed
2238 1272 2288 1313 ut
2314 1271 2660 1325 convertatur,
2686 1272 2732 1316 et
2756 1264 2911 1318 vivat.
2945 1262 3076 1317 Cum
3097 1280 3218 1334 ergo
3240 1266 3710 1336 interrogassemus

445 1389 549 1426 non
602 1369 730 1427 fecit
774 1368 1000 1432 malum,
1048 1366 1143 1422 sed
1179 1380 1209 1419 c
1239 1363 1514 1419 contrario
1559 1363 1689 1419 fecit
1716 1365 1766 1420 ei
1795 1366 2001 1420 bonum

2148 1352 2434 1416 )ominum,
2478 1352 2690 1421 fratres,
2740 1353 2804 1407 de
2850 1353 3144 1407 habitatore
3192 1356 3521 1410 tabernaculi
3567 1360 3704 1427 ejus,

443 1462 661 1533 quando
703 1475 849 1523 eum,
899 1459 950 1513 id
997 1466 1079 1511 est
1130 1472 1300 1527 genus
1345 1456 1678 1521 humanum,
1724 1456 1880 1526 cujus
1927 1473 2023 1526 per
2120 1442 2417 1533 audivimus
2450 1442 2723 1497 habitandi
2759 1454 3072 1515 prtt'ceplttm
3100 1459 3119 1495 :
3158 1445 3248 1498 sed
3275 1446 3321 1500 si
3352 1446 3709 1517 compleamus

441 1531 663 1606 parum
713 1550 888 1604 ςηριυε
927 1546 1121 1611 amnis,
1156 1554 1211 1600 οι
1256 1546 1558 1616 proximus,
1590 1545 1923 1600 descendens
1952 1548 2018 1600 (ιο
2118 1531 2430 1585 habitatoris
2476 1533 2695 1602 ofﬁcium
2742 1534 2938 1587 erimus
2985 1535 3216 1588 Iarredes
3265 1537 3410 1606 regni
3456 1537 3707 1591 calonem

439 1640 736 1697 Jerusalem
780 1641 834 1694 in
862 1637 1159 1700 Jericbo,i'.l
1203 1647 1308 1700 est,
1358 1652 1423 1690 ne
1463 1635 1600 1691 cmlo
1645 1636 1698 1690 in
1730 1637 1989 1694 mundum

2151 1621 2339 1675 Ezecli.
2369 1638 2523 1687 xntt,
2557 1622 2774 1695 xxxm).
2810 1624 2908 1679 llic
2940 1625 3127 1679 audire
3158 1625 3351 1680 beatus
3379 1625 3707 1681 Benedictus

440 1732 647 1787 Invenit
674 1746 797 1785 eum
840 1744 870 1783 a
900 1727 1214 1794 latronibus,
1248 1726 1299 1782 id
1328 1734 1410 1781 est
1451 1726 1786 1780 daemonibus
1829 1727 2015 1782 minus
2046 1708 2090 1766 Β
2119 1729 2216 1785 pro
2244 1715 2503 1770 exaudire
2532 1716 2728 1785 ρθειιὶῑ·
2778 1717 2856 1771 Ac
2885 1716 2930 1771 si
2961 1717 3201 1771 diceret:
3236 1724 3366 1772 tunc
3390 1732 3520 1774 vere
3550 1720 3711 1772 audi-

437 1829 784 1890 peccatorum
818 1818 991 1890 plagis
1030 1816 1404 1882 vulneratum;
1457 1815 1690 1870 infundit
1724 1816 1932 1905 vinum,
1962 1833 1991 1870 e

2154 1807 2329 1872 intus,
2381 1808 2427 1861 si
2469 1808 2788 1862 habitatoris
2826 1808 3061 1864 oliicium
3104 1809 3510 1879 compleamus;
3563 1812 3706 1866 sient

436 1914 636 1979 oleum,
676 1910 729 1973 id
758 1919 841 1965 est
869 1909 1240 1965 austeritatem
1271 1907 1622 1979 paenitentiae,
1657 1917 1711 1962 et
1747 1896 2017 1964 reiocilla-
2117 1896 2376 1952 Ποιηίυυδ
2407 1898 2459 1951 in
2489 1898 2781 1969 Ενδηϐθηο
2808 1899 2923 1953 δίίε
2964 1897 3095 1954 Ov“
3138 1917 3267 1954 me“?
3310 1917 3483 1955 υοεετη
3530 1918 3703 1956 meum

436 2009 640 2065 tionem
676 2007 846 2063 venite
879 2005 1166 2075 imposuit;
1200 2003 1253 2057 in
1281 2000 1584 2069 iumentum
1614 2017 1794 2068 suum,
1825 2001 1876 2056 id
1906 2012 1989 2056 est

2144 1986 2336 2040 'udiuut
2363 1986 2543 2058 (Joan.
2564 1986 2644 2059 χ),
2669 1986 2721 2040 id
2744 1996 2826 2041 est
2848 1987 3161 2043 exaudiunt.
3194 1989 3253 2044 Si
3276 1998 3454 2045 autem
3482 1991 3700 2046 habita-

434 2098 649 2169 corpori
699 2112 798 2153 suo
839 2096 1126 2157 sociatum,
1156 2092 1309 2147 dum
1357 2092 1422 2145 ad
1464 2091 1754 2154 ειηιηιιιιηι,
1805 2092 1858 2146 id
1906 2101 2011 2156 est,
2116 2077 2249 2132 toris
2292 2076 2524 2132 cilicium
2567 2094 2674 2133 non
2706 2078 3103 2150 compleamus,
3150 2080 3372 2137 minimc
3416 2081 3699 2137 habitandi

435 2190 646 2246 ﬁdelem
668 2203 793 2245 eunt
822 2186 1024 2241 faciens
1052 2184 1264 2255 corpori
1288 2183 1560 2238 Ecclesire.
1600 2183 1663 2237 Et
1691 2183 2010 2248 stabulario,
2112 2178 2439 2239 PN’CCPU'm
2464 2169 2802 2225 ῧυάίνῖῐηυετ
2828 2170 2967 2225 είευῑ
2986 2179 3039 2224 οἱ
3062 2171 3198 2225 idem
3220 2170 3478 2226 Dominus
3497 2171 3702 2228 διιάπίε

436 2286 487 2339 id
528 2291 643 2349 est,
692 2279 1038 2353 gubernatori
1089 2276 1346 2348 praecepit
1391 2276 1675 2341 Ecclesiae,
1724 2285 1783 2329 ut
1827 2292 1992 2330 euran

2143 2257 2243 2312 iicit
2270 2276 2282 2329 :_
2322 2257 2425 2323 Qui
2454 2268 2527 2312 est
2552 2275 2617 2312 ex
2641 2259 2750 2313 Deo
2782 2258 2933 2313 verba
2961 2258 3057 2313 Dei
3085 2259 3269 2325 audit;
3303 2269 3580 2331 propterea
3608 2278 3699 2315 vos

432 2377 575 2431 illius
622 2347 863 2439 haberet,
905 2381 958 2427 et
1007 2347 1286 2435 dciNovo,
1319 2376 1373 2423 et
1416 2367 1593 2423 Veteri
1640 2368 2006 2430 Testamento,
2112 2364 2214 2402 ’⁸οη
2242 2349 2460 2415 auditis:
2499 2351 2623 2420 qui“
2660 2367 2723 2404 σιτ
2762 2349 2871 2404 De”
2898 2367 3001 2403 "0"
3028 2350 3150 2404 εδίίδ
3178 2349 3360 2420 («Wan-
3383 2347 3701 2418 Vmiounde

431 2466 586 2534 quasi
616 2465 681 2519 de
719 2464 926 2519 duobus
964 2460 1204 2516 denariis
1240 2474 1363 2514 eum
1402 2457 1700 2529 prmdicans
1739 2458 1987 2529 guberna

2146 2447 2166 2493 t
2210 2439 2335 2495 alibi
2381 2457 2541 2497 aures
2584 2443 2764 2497 cordis
2810 2441 3096 2511 requirens
3139 2441 3357 2498 aiebat:
3398 2442 3503 2509 Qui
3540 2442 3698 2497 habet

431 2532 533 2608 vet.
564 2553 701 2607 Ecce
721 2551 990 2620 quomodo
1013 2548 1269 2602 Dominus
1290 2545 1446 2602 Jesus
1470 2545 1717 2602 Christus
1748 2562 1855 2601 non
1883 2547 1982 2602 feci

2138 2548 2263 2585 :ures
2308 2532 2558 2587 audiemli
2601 2533 2786 2587 audiat
2829 2532 3043 2604 (Matth.
3081 2548 3171 2598 ιι,
3213 2550 3346 2601 xm;
3391 2533 3520 2588 Luc.
3548 2535 3694 2605 nn).

430 2644 677 2714 proximo
707 2657 803 2697 suo
834 2640 1054 2705 malum,
1080 2640 1175 2694 sed
1205 2638 1633 2693 misericordiam
1667 2639 1719 2693 in
1748 2638 1892 2693 illam
1922 2638 1986 2693 fa-

2141 2622 2249 2695 ngo
2285 2639 2391 2679 non
2430 2625 2580 2679 audit
2613 2640 2801 2679 vocem
2831 2624 3073 2689 Domini,
3107 2625 3197 2695 qui
3230 2626 3393 2681 corde
3418 2640 3527 2679 non
3561 2626 3697 2679 reti-

430 2713 580 2791 ciens
624 2732 874 2804 praestitit
904 2731 953 2786 ei
998 2731 1216 2786 bonum.
1265 2731 1383 2801 Ipse
1422 2731 1565 2785 enim
1596 2731 1812 2801 sapiens
1840 2749 1853 2785 :
1879 2730 1986 2800 qui:

2148 2723 2222 2779 et,
2253 2724 2307 2769 et
2340 2729 2503 2786 opere
2534 2730 2637 2769 non
2672 2713 2860 2785 implet
2886 2715 3029 2785 quod
3056 2715 3225 2770 audit.
3260 2714 3358 2770 Sin
3388 2722 3569 2770 autem
3597 2714 3699 2769 ali-

431 2826 544 2895 ipse
570 2831 654 2878 es,
678 2822 937 2892 sapientia
968 2821 1155 2891 μαινίδ’
1204 2820 1379 2891 super
1424 2830 1634 2890 petram
1681 2838 1835 2875 suam
1881 2821 2005 2895 [ιω-
2108 2805 2232 2874 quis
2266 2805 2354 2859 hic
2387 2804 2488 2859 sub
2522 2805 2852 2859 auditionem
2889 2806 3140 2861 maluerit
3173 2806 3475 2880 intelligere
3512 2808 3699 2863 taliter

428 2894 575 2968 (lavit
620 2911 860 2976 domum,
890 2911 1015 2982 quia
1051 2927 1213 2981 super
1242 2911 1591 2980 semetipsum
1637 2910 1878 2964 fundavit
1905 2894 1984 2965 lic

2140 2896 2358 2949 oucnda
2394 2896 2517 2952 erit.
2573 2895 2681 2950 Sed
2719 2896 2765 2951 si
2807 2896 3174 2967 compleamus
3214 2897 3536 2954 habitatoris
3578 2898 3696 2953 om-

424 3003 663 3058 clesiatn.
693 3000 758 3057 Et
791 3002 892 3057 hoc
916 3010 1018 3067 est,
1049 3002 1191 3072 quod
1224 3002 1300 3056 ait
1326 3019 1339 3054 :
1378 3000 1507 3057 Ila'c
1538 3000 1801 3071 complens
1824 3000 2003 3053 Domi-
2025 3044 2075 3106 Ο
2109 2987 2277 3052 Cium:
2310 2995 2363 3106 εξ
2390 3003 2488 3043 "03
2513 2985 2755 3056 ej“de
2783 2989 3078 3060 supradicti
3110 2990 3444 3045 tabernam"
3478 2992 3693 3048 ιιιὼῖῑίὶ·

424 3108 522 3146 nus
546 3110 562 3149 :
589 3091 639 3146 id
670 3101 775 3156 cst,
803 3091 1051 3147 universa
1084 3091 1332 3160 superius
1359 3092 1769 3160 comprehensa,
1801 3101 1856 3144 et
1881 3105 2002 3144 ver-
2026 3080 2075 3106 ν
2110 3090 2252 3135 tores
2278 3080 2500 3137 erlmus.

422 3180 507 3234 bis
556 3180 921 3250 prazdicaudo,
972 3188 1028 3235 et
1069 3181 1324 3250 operibus
1374 3179 1613 3249 implevit
1659 3180 1998 3250 complenda.
2172 3172 2316 3244 Ergo
2356 3173 2707 3245 pra'paranda
2753 3185 2874 3228 sunt
2921 3175 3113 3240 corda,
3163 3184 3210 3228 et
3257 3191 3475 3246 corpora
3511 3180 3692 3230 nostra

424 3271 702 3341 Exspectat
735 3287 827 3324 nos
860 3270 1091 3341 quotidie
1122 3270 1202 3324 his
1236 3271 1345 3324 suis
1379 3269 1578 3324 sanctis
1611 3271 1822 3325 monitis
1846 3269 2001 3340 factis
2100 3280 2295 3325 sancta:
2320 3282 2697 3342 praceptorum
2727 3270 3031 3323 obedientite
3055 3270 3367 3324 militatum.
3409 3269 3693 3333 Quomodo

422 3376 513 3413 nos
548 3360 853 3429 respondere
887 3360 1088 3413 debere.
1118 3360 1465 3430 Respondere
1493 3360 1716 3415 cuilibet
1746 3360 1998 3426 dicimus,
2102 3371 2228 3415 sunt
2280 3369 2469 3415 nostra
2523 3360 2589 3415 ad
2636 3360 2979 3414 militandum
3036 3359 3385 3432 pneparanda
3435 3375 3685 3430 corpora.

419 3466 545 3505 cum
567 3451 643 3505 eis
665 3449 827 3523 [ejus]
851 3450 1004 3505 laetis
1030 3467 1265 3521 congrua
1290 3451 1356 3505 ad
1380 3452 1609 3505 invicem
1630 3466 1794 3522 opera
1824 3452 2000 3507 reddi-
2098 3450 2237 3505 Audi
2265 3467 2363 3505 nos
2387 3453 2762 3505 obsecrantem
2785 3449 3122 3522 Apostolum,
3152 3450 3227 3503 ait
3251 3450 3395 3504 enim
3418 3467 3431 3503 :
3458 3448 3689 3504 Obsecro

420 3554 559 3595 mus.
594 3540 702 3595 Deo
733 3555 860 3611 ergo
885 3540 1207 3609 respondere
1234 3549 1337 3606 est,
1370 3539 1526 3594 donis
1554 3540 1670 3609 ejus
1691 3541 2000 3612 przeccdcn-
2098 3541 2275 3612 itaque
2304 3559 2413 3606 vos,
2442 3542 2657 3611 fratres,
2706 3557 2797 3610 per
2825 3541 3238 3594 misericordiam
3268 3541 3400 3605 Dei,
3445 3551 3499 3593 ut
3532 3541 3686 3594 exhi-

418 3628 564 3684 tibus
592 3638 771 3684 nostra
796 3630 1051 3701 obsequia
1092 3631 1338 3686 reddere.
1373 3631 1524 3686 Tttnc
1550 3631 1659 3687 Deo
1687 3648 1815 3688 vera
1841 3634 1999 3689 obse-
2099 3633 2261 3686 beatis
2290 3649 2509 3703 corpora
2540 3643 2709 3686 vestra
2737 3632 2962 3687 hostiam
2994 3633 3263 3696 virentem,
3290 3641 3545 3695 sanctam,
3571 3632 3689 3687 L’co

417 3721 543 3789 quia
577 3721 870 3785 reddimus,
912 3735 1033 3775 cum
1074 3737 1195 3776 eum
1241 3731 1461 3794 propter
1502 3722 1705 3780 amoris
1743 3722 1994 3779 ﬁduciam
2094 3725 2414 3796 placentem,
2458 3724 2768 3778 rationabile
2800 3724 3099 3793 obsequium
3128 3733 3373 3777 vestrum.
3424 3723 3492 3778 Et
3521 3726 3686 3779 nolite

419 3826 524 3865 non
566 3811 839 3865 timemus.

2127 3815 2418 3888 onforntari
2453 3816 2573 3869 huic
2606 3814 2820 3881 sa'culo,
2848 3815 2937 3868 sed
2975 3815 3333 3884 reformamini
3366 3815 3420 3870 in
3452 3817 3683 3872 novitate

490 3902 617 3958 Ideo
659 3904 804 3959 nobis
845 3915 1053 3974 propter
1076 3907 1486 3961 emendationem
1529 3908 1789 3963 malorum
1830 3910 1992 3980 hujus
2094 3925 2279 3964 sensus
2312 3910 2496 3969 vestri;
2531 3918 2585 3961 ut
2614 3908 2839 3978 probetis
2866 3924 2983 3978 quin
3012 3909 3078 3961 sit
3108 3907 3349 3961 voluntas
3396 3906 3489 3961 Dei
3518 3909 3679 3973 bona,

416 3995 534 4049 vilre
562 3995 675 4050 dies
713 3996 781 4049 ad
818 3996 1058 4052 inducias
1088 3996 1414 4065 relaxantur,
1460 4000 1662 4055 dicente
1701 4000 1949 4070 Apostolo
1972 4013 1993 4052 .°
2093 4010 2139 4055 et
2163 4000 2288 4055 bene
2310 4000 2542 4071 placens,
2565 4012 2611 4054 et
2634 3999 2866 4071 perfecta
2891 3998 3067 4072 (Rom.
3097 3999 3216 4071 xu).
3252 3999 3319 4053 Et
3346 3998 3476 4053 alibi
3507 4000 3676 4054 dicit:

412 4090 493 4146 An
526 4090 713 4155 nescis,
754 4090 876 4161 quia
919 4091 1170 4161 patientia
1202 4090 1298 4145 Dei
1329 4092 1399 4146 ad
1432 4093 1788 4162 paenitentiam
1818 4103 1867 4147 te
1896 4092 1994 4147 ad-
2096 4088 2219 4144 Non
2260 4100 2431 4161 regnet
2469 4102 2740 4163 peccatum
2778 4090 2832 4145 in
2869 4100 3040 4144 vestro
3076 4089 3289 4144 mortali
3325 4106 3572 4160 corpore,
3620 4102 3677 4146 ut

411 4166 554 4232 ducit
579 4179 751 4253 (Rom.
777 4180 875 4252 ll)?
902 4179 1033 4235 Nam
1060 4190 1114 4234 et
1140 4180 1332 4236 Petrus
1359 4182 1635 4251 apostolus
1658 4184 1723 4238 de
1748 4184 1850 4238 hac
1876 4184 1990 4254 ipsa
2092 4183 2345 4237 obediatis
2385 4184 2816 4255 concupiscentiis
2859 4182 3008 4252 ejus;
3054 4182 3145 4235 sed
3190 4198 3352 4252 neque
3389 4183 3680 4238 exhibeatis

411 4285 469 4325 rc
509 4272 586 4326 sic
627 4272 738 4325 ait:
776 4270 896 4325 Non
934 4272 1107 4326 tardat
1138 4272 1391 4327 Dominus
1428 4274 1856 4345 promissionem,
1900 4275 1992 4329 sed
2092 4276 2322 4329 membra
2353 4286 2520 4330 vestro
2550 4292 2699 4329 arma
2727 4275 3020 4348 iniquitatis
3045 4284 3276 4344 peccato,
3316 4273 3404 4327 sed
3441 4275 3678 4329 exhibete

409 4364 667 4432 patienter
693 4364 801 4433 agit
833 4374 1042 4434 propter
1066 4381 1177 4428 vos,
1209 4364 1389 4419 nolens
1418 4364 1644 4436 aliquem
1678 4365 1868 4435 perire,
1899 4366 1989 4419 sed
2016 4388 2068 4447 ι)
2093 4382 2179 4419 vos
2226 4365 2334 4419 Deo
2382 4374 2634 4438 tanquam
2676 4381 2741 4418 ea:
2784 4366 3004 4421 mortuis
3050 4364 3303 4430 viventes,
3351 4373 3400 4417 et
3443 4366 3674 4419 membra

411 4473 586 4512 omnes
616 4457 685 4512 ad
717 4459 1067 4530 penitentiam
1098 4461 1280 4514 reverti
1309 4458 1397 4533 (II
1421 4457 1565 4514 Petr.
1592 4459 1697 4532 ιιι).
1740 4460 1856 4530 Ipse
1887 4461 1989 4515 ite-
2093 4465 2259 4509 t'estra
2286 4471 2436 4509 arma
2458 4455 2686 4526 justitia:
2712 4454 2841 4509 Deo.
2888 4451 3171 4510 Peccatum
3201 4455 3341 4511 vobis
3372 4471 3473 4509 non
3503 4454 3684 4510 domis

410 4560 527 4601 rutn
555 4547 686 4602 dicit
712 4567 723 4601 :
764 4548 984 4617 Propter
1012 4550 1172 4619 quod,
1205 4549 1522 4613 charissinti,
1551 4549 1661 4603 ha'c
1689 4559 1991 4619 exspectan—
2092 4555 2246 4599 netur
2271 4545 2443 4615 (Rom.
2470 4543 2568 4616 vr).
2597 4544 2874 4610 Quomodo
2900 4545 3056 4600 n'obis
3075 4545 3271 4599 iterum
3295 4545 3458 4599 corda
3483 4554 3671 4600 nostra

408 4649 505 4703 tes,
536 4638 665 4691 satis
694 4639 832 4707 agite
860 4637 1215 4702 immaculati,
1255 4648 1303 4692 et
1334 4637 1573 4692 inviolati
1599 4637 1818 4691 inveniri
1853 4638 1900 4690 ei
1934 4639 1990 4691 in
2092 4635 2201 4688 sint
2224 4634 2599 4705 prmparanda,
2630 4634 2770 4687 idem
2800 4633 3090 4705 Apostolus
3119 4634 3232 4704 ipse
3256 4634 3370 4688 ait:
3410 4633 3542 4688 Dico
3573 4651 3668 4687 an-

406 4743 566 4794 pace;
588 4737 635 4780 et
658 4726 872 4780 Domini
902 4729 1064 4781 nostri
1096 4726 1567 4797 longanimitatem,
1599 4725 1818 4779 salutem
1849 4726 1990 4779 arbi-
2091 4735 2214 4789 tem,
2237 4726 2425 4794 spiritu
2447 4723 2710 4778 ambulate
2730 4732 2777 4778 et
2799 4724 3059 4778 desideria
3081 4726 3254 4778 carnis
3276 4740 3338 4778 ne
3360 4724 3669 4794 per/Sciatis.

408 4819 624 4870 tramtni
650 4816 860 4889 (Ibid).
899 4816 1012 4871 Non
1044 4833 1171 4887 ergo
1198 4817 1354 4871 nobis
1385 4831 1415 4870 a
1443 4814 1675 4871 Domino
1702 4830 1989 4873 concessas
2087 4815 2219 4870 Item
2252 4815 2401 4884 ipse:
2439 4812 2498 4867 Si
2530 4815 2717 4885 spiritu
2746 4815 2988 4880 vivimus,
3025 4814 3212 4884 spiritu
3242 4824 3290 4868 et
3321 4813 3667 4869 ambulemus.

407 4922 503 4975 per
531 4909 771 4976 corporis
800 4906 1178 4977 negligentiam
1210 4906 1419 4959 dierum
1450 4913 1758 4959 nostrorum
1796 4908 1990 4976 perda-
2093 4904 2216 4958 Non
2246 4905 2531 4975 efficiamur
2555 4905 2727 4959 inanis
2756 4903 2941 4975 gloria:
2973 4905 3178 4975 cupidi,
3224 4905 3440 4960 invicem
3477 4920 3663 4973 provo-

409 5011 527 5050 mus
564 4996 806 5051 inducias
825 5038 839 5060 ,
886 4997 980 5050 sed
1025 4994 1316 5050 emendare
1352 4994 1605 5049 celeriter
1634 4993 1983 5063 festinemus,
2088 5006 2284 5060 cantes,
2308 4995 2523 5049 invicem
2546 4992 3038 5068 invidentes(Galat.
3057 4997 3130 5067 ν).
3161 4996 3313 5049 Tunc
3333 4995 3476 5049 enim
3500 4998 3666 5050 corda

404 5088 547 5154 quod
589 5087 759 5141 multo
800 5096 1039 5155 tempore
1082 5084 1416 5153 negligenter
1455 5085 1684 5154 egimus,
1733 5103 1800 5141 ne
1847 5088 1986 5142 forte
2090 5094 2304 5149 nostra,
2350 5096 2405 5141 et
2432 5103 2658 5158 corpora
2697 5088 2750 5142 in
2788 5087 2999 5142 Domini
3032 5095 3403 5157 pra-parantur
3435 5086 3655 5151 militia,

404 5192 526 5250 post
554 5183 736 5238 carnis
770 5183 931 5252 lmjns
974 5180 1356 5234 resolutionem
1400 5196 1522 5237 cum
1568 5180 1674 5236 illis
1717 5184 1983 5253 reprobis,
2089 5177 2133 5230 si
2163 5178 2481 5248 abjiciatmts
2508 5196 2537 5233 a
2565 5180 2722 5233 nobis
2748 5194 2912 5248 opera
2942 5186 3186 5244 mortua,
3220 5180 3270 5233 id
3298 5187 3381 5233 est
3407 5188 3663 5249 peccata,

404 5272 495 5340 qui
529 5274 580 5326 in
610 5274 749 5328 libro
775 5270 1064 5341 Sapientia:
1092 5268 1420 5336 scribuntur,
1453 5269 1841 5328 infructuosam
1870 5288 1985 5343 pm-
2084 5286 2250 5341 opera
2283 5273 2649 5336 tenebrarum,
2677 5286 2842 5341 opera
2877 5273 3082 5335 carnis.
3110 5282 3164 5326 et
3194 5272 3572 5336 tenebrarum,
3610 5279 3669 5326 et

403 5360 690 5415 nitentium
722 5367 964 5430 agentes,
995 5366 1051 5412 et
1078 5373 1189 5427 pra:
1227 5360 1444 5415 tristitia
1473 5360 1652 5415 cordis
1692 5363 1858 5417 nostri
1891 5379 1984 5433 gc-
2088 5362 2376 5415 induantur
2405 5376 2553 5414 arma
2586 5360 2749 5423 lucis,
2790 5369 2844 5414 et
2878 5359 3087 5415 fructus
3121 5362 3370 5430 spiritus.
3409 5362 3499 5432 qui
3538 5370 3667 5415 sunt

404 5460 616 5505 mentes
654 5447 1058 5517 nobismetipsis
1089 5457 1402 5518 reputantes
1430 5450 1678 5505 dicamus
1706 5468 1718 5503 :
1757 5450 1870 5505 Nos
1899 5453 1984 5506 in-
2089 5452 2315 5504 virtutes
2348 5451 2670 5503 animarum.
2707 5448 2879 5520 Opera
2909 5462 3080 5504 autem
3107 5453 3282 5505 carnis
3310 5462 3429 5505 sunt
3460 5450 3668 5504 adulte-

408 5542 602 5594 scnsati
638 5537 929 5593 erravimus
968 5554 999 5589 a
1036 5538 1119 5590 via
1158 5539 1421 5603 veritatis,
1462 5538 1516 5592 et
1555 5538 1776 5605 iustitia:
1812 5539 1985 5594 lumen
2089 5541 2189 5603 ria,
2228 5540 2621 5608 fornicationes,
2653 5540 3007 5605 irmnunditia,
3040 5541 3387 5611 impudicitia,
3427 5542 3666 5606 :‘ururia,

410 5647 510 5697 non
533 5631 665 5684 luxit
689 5628 857 5691 nobis,
882 5639 928 5681 et
954 5627 1032 5683 sol
1056 5629 1410 5699 intelligentia:
1432 5647 1535 5683 non
1558 5638 1632 5680 cst
1653 5639 1795 5682 ortus
1819 5633 1982 5684 nobis.
2089 5633 2343 5687 idolorum
2379 5633 2616 5699 servitus,
2650 5634 2913 5703 veneficia,
2947 5636 3252 5705 inimieil'a’,
3286 5638 3667 5702 eontemioues‘,

590 5806 610 5830 δ
