3940 6482
211 418 306 474 721

1262 401 1617 462 COMME’NT.
1660 398 1727 455 IN
1768 395 1924 455 RBG.
1965 395 2025 452 S.
2068 395 2471 469 ΒΕΝΕΙΠΟἸΊ.⁸

3378 393 3495 449 rata-

211 532 601 594 a'mulationes,
627 525 1034 598 indignatioms,
1068 523 1482 595 provocationes,
1515 518 1800 573 dissensio-
1827 517 1877 576 Λ
1904 512 1958 566 in
1988 514 2238 582 prmscnti
2270 514 2378 567 vita
2408 513 2799 569 seminaverint
2824 513 2881 568 in
2908 512 3185 585 lacrymis,
3217 511 3269 566 in
3299 509 3482 567 futuro

213 642 322 687 nos,
358 632 537 686 serue,
572 620 816 683 luereses,
857 615 1091 679 incidite,
1130 615 1248 678 ἕνα»,
1290 614 1439 677 rixa',
1481 609 1795 674 homicidia,

210 718 501 778 ebrietates,
534 710 959 774 comessationes,
992 718 1041 762 et
1068 708 1149 761 his
1176 705 1394 770 similia,
1424 720 1543 776 qum
1568 701 1796 773 pra'dico

212 807 370 872 vobis,
409 805 542 859 sicut
572 813 619 857 et
650 801 904 873 pratdixt,
945 799 1193 870 quoniam
1230 796 1321 869 qui
1359 795 1490 850 talia
1520 803 1681 866 agunt
1712 810 1796 847 re-

211 914 369 969 gnum
396 896 495 949 Dei
533 911 637 948 non
671 899 1071 962 consequentur.
1116 887 1348 941 Fructus
1376 895 1550 941 autem
1578 885 1797 955 spiritus

213 997 285 1043 est
318 986 575 1047 charitas,
615 982 890 1053 gaudium,
927 996 1053 1052 pax,
1092 979 1369 1050 patientia,
1401 975 1795 1047 longanimitas,

213 1079 448 1140 bonitas,
491 1074 805 1144 benignitas,
843 1071 1007 1141 ﬁdes,
1047 1069 1331 1134 modestia,
1373 1066 1593 1131 lenitas,
1633 1066 1799 1120 conti-

118 1224 121 1229 ,
213 1168 411 1230 nentia,
433 1176 671 1220 castitas.
711 1165 973 1217 Adversus
996 1159 1302 1231 hujusmodi
1327 1175 1433 1213 non
1457 1166 1532 1211 est
1558 1155 1661 1210 lex.
1694 1154 1797 1221 Qui

212 1268 389 1311 autem
417 1266 537 1312 sunt
564 1255 794 1319 Christi,
838 1269 1049 1309 carnem
1084 1267 1238 1306 suam
1272 1249 1648 1319 cruciﬁxerunt
1678 1262 1797 1302 cum

213 1350 350 1405 vitiis
378 1359 427 1403 et
458 1346 887 1417 concupiscentiis
943 1342 1155 1416 (-lbidz).
1210 1343 1278 1398 Et
1306 1343 1373 1396 ad
1398 1341 1708 1397 Corinthios
1734 1340 1800 1395 de

214 1441 396 1497 cordis
422 1440 649 1511 pariter,
690 1446 744 1493 et
779 1436 1022 1506 corporis
1050 1435 1444 1507 praeparatione
1472 1433 1552 1489 sic
1579 1433 1657 1488 ait
1678 1446 1701 1485 τ
1731 1430 1800 1486 In

215 1533 453 1589 omnibus
481 1530 815 1586 exhibeamus
845 1528 1206 1597 nosmetipsos,
1229 1526 1364 1578 sicut
1384 1523 1484 1578 Dei
1508 1523 1796 1577 ministros.

216 1623 285 1679 In
312 1622 479 1679 multa
506 1621 779 1693 patientia,
819 1620 874 1674 in
904 1616 1349 1681 tribulationibus,
1386 1616 1442 1670 in
1480 1616 1800 1669 necessitati-

215 1715 341 1779 bus,
370 1715 428 1769 iis
457 1712 737 1784 angustiis,
774 1712 831 1764 in
860 1708 1050 1781 plagis,
1076 1709 1133 1762 in
1156 1704 1475 1772 carceribus,
1507 1706 1562 1760 in
1589 1704 1801 1758 seditio-

217 1807 387 1869 nibus,
409 1807 466 1860 in
487 1803 770 1864 laboribus,
798 1802 852 1856 in
874 1800 1085 1871 vigiliis,
1117 1800 1175 1853 in
1193 1799 1438 1869 jejuniis,
1459 1797 1517 1852 in
1536 1797 1798 1862 castitate,

1897 602 2095 659 amcqu
2121 603 2172 657 in
2200 602 2393 674 gaudio
2419 611 2642 658 metent.
2675 602 3012 658 Currendum
3037 609 3122 657 est
3145 617 3277 674 ergo
3300 598 3489 669 nobis,

1898 713 2005 753 non
2035 697 2281 767 pedibus,
2308 696 2402 751 sed
2420 697 2563 761 “vita,
2593 704 2650 750 et
2676 696 2939 763 moribus,
2968 707 3030 751 ut
3057 697 3187 752 illud
3212 699 3484 773 possimus

1898 788 1953 842 in
1983 788 2085 842 hac
2114 788 2226 841 vita
2254 786 2610 857 conquirere,
2650 787 2793 856 quod
2824 788 2981 848 nobis
3016 788 3069 842 in
3100 798 3362 844 aeternum
3392 806 3484 845 co-

1896 879 2210 948 gnoscimus
2240 878 2527 949 expedire,
2568 878 2619 933 id
2648 887 2763 945 est,
2799 878 2917 935 illas
2946 881 3283 949 supradictas
3310 882 3483 936 virtu-

1896 976 2001 1034 tes,
2022 969 2343 1023 charitatem
2362 968 2632 1034 videlicet,
2656 968 2932 1039 gaudium,
2952 984 3162 1042 pacem,
3184 981 3239 1026 et
3260 981 3486 1030 cmterao

1897 1073 2087 1114 omnes
2107 1059 2308 1113 habere
2330 1059 2383 1113 in
2406 1062 2659 1131 prmsenti
2687 1061 2908 1127 saeculo,
2933 1064 3134 1117 etcum
3159 1061 3288 1127 illis,
3312 1072 3367 1118 et
3385 1077 3488 1134 pro

1897 1149 2007 1206 illis
2030 1151 2214 1206 vivere
2239 1152 2511 1220 possimus
2538 1153 2592 1207 in
2624 1152 2827 1209 futuro.

1970 1238 2346 1297 Constituenda
2367 1253 2442 1297 est
2467 1260 2591 1314 ergo
2615 1244 2762 1299 nobis
2785 1244 3047 1301 Dominici
3065 1247 3243 1302 schola
3265 1251 3485 1306 servitii.
3526 1234 3565 1300 ἶ

1901 1331 2098 1389 Sehola
2126 1333 2319 1391 Grieco
2346 1336 2608 1391 vocabulo
2636 1337 3048 1406 diciturlocus,
3102 1340 3154 1394 in
3199 1357 3306 1411 quo
3354 1342 3487 1398 allo-

1898 1424 2168 1481 lescentes
2194 1426 2518 1482 litterazlibns
2547 1427 2742 1482 studiis
2771 1444 2989 1500 operam
3020 1430 3151 1485 dare
3190 1441 3247 1486 et
3282 1431 3351 1485 ad
3386 1449 3485 1487 au—

1900 1517 2127 1572 diendos
2145 1517 2437 1589 magistros
2457 1534 2650 1574 vacare
2670 1518 2865 1574 solent.
2892 1519 3048 1577 Unde
3070 1521 3254 1577 schola
3276 1524 3489 1579 vacatio

1901 1608 2315 1676 interpretatur.
2374 1608 2616 1678 Denique
2666 1610 2718 1664 in
2768 1609 3014 1677 Psalmo,
3071 1611 3163 1666 ubi
3210 1613 3487 1676 canimus,

1908 1699 2134 1765 Vacate,
2177 1709 2225 1753 et
2263 1699 2429 1753 videte
2455 1701 2704 1771 quoniam
2745 1718 2839 1772 ego
2878 1718 2995 1755 sum
3022 1701 3279 1757 Dominus
3312 1702 3484 1774 (Psal.

1904 1789 2058 1862 xuv),
2110 1791 2166 1845 in
2198 1789 2385 1846 Grmco
2422 1791 2652 1846 habetur
2683 1793 3000 1862 Σχολάσατε.
3056 1791 3197 1864 Ergo
3242 1793 3386 1848 sicut
3431 1794 3486 1853 in

217 1897 271 1951 in
297 1867 541 1959 scientia,
576 1895 633 1947 in
666 1867 1087 1964 longanimitate,
1124 1889 1181 1944 in
1195 1867 1491 1954 suavitate,
1520 1888 1575 1941 in
1603 1886 1804 1957 Spiritu
1833 1867 1879 1927 Β
1907 1883 2092 1939 schola
2114 1882 2265 1954 pueri
2289 1899 2411 1939 cum
2435 1881 2738 1953 disciplina,
2763 1899 2882 1953 qua:
2903 1883 3008 1939 illis
3030 1885 3339 1946 necessaria
3362 1893 3491 1947 sunt

216 1995 428 2050 saneto,
458 1986 523 2038 in
549 1984 810 2038 charitate
845 1998 950 2036 non
985 1980 1131 2049 ficta,
1170 1980 1227 2033 in
1263 1977 1416 2033 verbo
1455 1978 1707 2043 veritatis,
1746 1976 1804 2031 in

215 2078 406 2135 virtute
432 2075 546 2141 Dei,
572 2091 665 2146 per
688 2072 1088 2143 armwjustitia:
1114 2089 1147 2126 a
1176 2071 1397 2136 dextris,
1420 2080 1469 2124 et
1495 2086 1525 2123 a
1552 2069 1801 2134 sinistris,

214 2168 556 2241 psr'gloriam
583 2176 631 2221 et
660 2163 1038 2236 ignobis'itatem
1057 2203 1071 2228 ,
1108 2179 1202 2234 per
1229 2161 1506 2232 infamiam
1536 2170 1585 2215 et
1615 2160 1805 2214 bonam

219 2260 451 2329 famam,
495 2265 553 2312 ut
585 2256 884 2311 seductores
912 2263 961 2310 et
989 2270 1220 2319 veraces,
1260 2254 1393 2308 sicut
1430 2252 1520 2325 qui
1556 2252 1720 2323 ignoti
1755 2260 1804 2307 et

217 2350 431 2422 cogniti.
467 2348 634 2415 Quasi
656 2348 957 2410 morientes,
980 2354 1028 2400 et
1052 2362 1168 2400 ecce
1190 2345 1432 2411 vivimus,
1457 2353 1514 2398 ut
1539 2343 1804 2416 castigati,

219 2452 267 2496 et
301 2458 406 2496 non
442 2439 762 2508 morti/icati.
815 2437 981 2504 Quasi
1017 2436 1212 2504 tristes,
1242 2453 1445 2508 semper
1471 2444 1647 2491 autem
1675 2452 1799 2507 gau-

220 2533 418 2587 dentes.
475 2530 625 2586 Sicut
670 2539 897 2601 egentes,
946 2527 1142 2583 multos
1187 2537 1361 2582 autem
1406 2525 1803 2595 locupletantes.

224 2623 503 2694 Tanquam.
542 2619 672 2676 nihil
715 2620 982 2686 habentes,
1032 2628 1079 2674 et
1131 2620 1309 2674 omnia
1351 2616 1677 2689 possidentes
1718 2615 1805 2689 (II

224 2711 346 2769 Cor.
376 2712 474 2785 v1).

297 2802 372 2857 Et
411 2804 549 2875 quod
596 2804 770 2857 asinus
817 2802 971 2856 habet
1016 2801 1073 2855 in
1118 2801 1274 2855 nobis
1306 2808 1499 2855 natura
1541 2798 1805 2871 possibile.

225 2892 485 2949 Naturam
513 2894 645 2950 dicit
674 2892 984 2964 ingenium,
1029 2906 1211 2946 mores
1243 2900 1298 2946 et
1331 2890 1584 2944 astutiam
1616 2889 1804 2944 animi“.

225 2984 427 3039 Natura
453 2986 595 3040 enim
627 2985 770 3039 dicta
802 2984 871 3038 ab
899 3000 986 3050 eo,
1023 2984 1167 3056 quod
1197 2983 1346 3039 nasci
1383 2981 1585 3052 aliquid
1620 2980 1805 3037 faciat.

226 3074 490 3146 Gignendi
533 3075 679 3131 enim
722 3083 777 3130 et
818 3075 1051 3131 faciendi
1089 3083 1284 3145 potens
1320 3082 1403 3129 est
1426 3092 1450 3128 ε.
1478 3072 1688 3144 fragilis
1724 3082 1812 3130 est

226 3165 370 3220 ettim
397 3167 631 3221 humana
664 3174 855 3221 natura
882 3184 897 3219 :
929 3167 1057 3234 quia
1083 3167 1226 3237 quod
1255 3166 1369 3220 vult
1392 3166 1593 3222 bonum
1621 3181 1804 3237 agerc,

1904 1974 2151 2038 discunt,
2202 1981 2256 2028 et
2297 1987 2419 2044 qua:
2462 1974 2519 2029 in
2565 1972 2749 2029 futuro
2778 1975 2989 2043 prosint
3017 1975 3281 2043 capiunt:
3321 1977 3394 2030 ita
3433 1985 3490 2035 et

1902 2065 2161 2120 monachi
2191 2065 2245 2120 in
2275 2064 2593 2120 monasterii
2627 2065 2893 2137 regularis
2920 2065 3102 2121 schola
3120 2106 3135 2132 ,
3167 2074 3223 2122 et
3246 2082 3367 2137 qua:
3393 2082 3505 2124 eos.

1902 2157 1957 2212 in
1985 2157 2239 2227 praesenti
2270 2157 2494 2213 honeste
2522 2158 2704 2213 vivere
2730 2156 3047 2229 facianthet
3074 2174 3194 2229 qua:
3223 2160 3275 2214 in
3305 2159 3489 2223 futuro

1901 2248 2088 2306 felices
2110 2250 2359 2317 reddant,
2384 2250 2592 2306 discere
2617 2251 2888 2324 sagaciter
2905 2258 2960 2307 et
2979 2249 3272 2309 elllcaciter
3293 2252 3490 2312 debent

1902 2341 2148 2413 implere.

1977 2434 2049 2490 In
2075 2452 2181 2507 qua
2215 2435 2539 2491 institutione
2579 2433 2713 2491 nihil
2748 2452 3020 2507 asperum,
3052 2435 3184 2491 nihil
3208 2453 3365 2508 grave
3393 2453 3485 2491 nos

1905 2527 2281 2581 constitutums
2302 2542 2595 2598 speramus.
2624 2527 2896 2583 Institutio
2918 2527 3065 2583 enim
3084 2527 3349 2599 regularis
3360 2529 3488 2585 vitm

1906 2616 2214 2673 volentibus
2249 2632 2373 2672 eam
2413 2617 2548 2672 nihil
2586 2633 2839 2688 asperum
2869 2618 3074 2685 habet,
3121 2619 3258 2674 nihil
3301 2634 3487 2691 grave.

1907 2705 2105 2776 Jugnm
2131 2706 2268 2759 enim
2296 2722 2466 2761 meum
2485 2748 2499 2771 ,
2535 2708 2614 2763 ait
2636 2707 2930 2775 Dominus,
2961 2725 3117 2764 suave
3142 2718 3247 2776 est,
3280 2719 3328 2763 et
3358 2725 3492 2767 onus

1909 2813 2083 2852 meum
2112 2796 2217 2851 leve
2242 2796 2459 2867 (Matth.
2486 2797 2585 2871 ιι).
2626 2797 2942 2857 Nolentibus
2967 2801 3137 2867 enim,
3163 2809 3222 2856 et
3248 2817 3376 2858 suas
3398 2815 3494 2858 vo-

1906 2884 2143 2941 luntates
2170 2886 2394 2957 implere
2418 2888 2724 2945 volentibus
2744 2890 2926 2945 omnia
2952 2891 3095 2946 bona
3123 2903 3251 2947 sunt
3274 2909 3489 2963 aspera,

1909 2976 2095 3032 omnia
2122 2986 2248 3032 sunt
2270 2978 2475 3049 gravia.
2508 2979 2777 3036 Institutio
2801 2982 2948 3037 enim
2972 2982 3277 3053 dispositio,
3298 2984 3384 3040 vel
3404 3000 3493 3041 or-

1910 3068 2117 3124 dinatio
2147 3069 2492 3140 intelligitur.

1984 3158 2092 3215 Sed
2122 3170 2171 3215 et
2199 3161 2246 3215 si
2270 3129 2397 3232 quid
2425 3159 2702 3231 paululum
2742 3162 3031 3218 restrictius
3068 3163 3299 3219 dictante
3332 3129 3497 3235 (equi,-

227 3259 489 3328 perlicere
518 3274 625 3314 non
654 3258 825 3323 valet,
863 3229 969 3313 nisi
998 3229 1323 3327 adjutorimn
1353 3275 1384 3313 a
1410 3259 1638 3313 Domino
1657 3229 1809 3312 acci;
1835 3229 1879 3291 (ἶ
1910 3250 2032 3305 tatis
2056 3229 2558 3321 rationm/Equitas
2578 3261 2662 3307 est
2678 3254 2902 3320 veritas,
2924 3261 2980 3309 et
2998 3254 3251 3310 veritatis
3260 3229 3494 3324 iustitia,

227 3364 361 3418 pere
402 3351 676 3407 meruerit.
733 3351 886 3406 Unde
928 3359 983 3407 et
1016 3351 1310 3422 Apostolus
1350 3353 1459 3408 ait:
1504 3352 1646 3407 Nam
1682 3350 1810 3408 velle

229 3439 436 3511 adjacet
464 3442 616 3507 mihi,
641 3442 889 3512 per/icere
916 3453 1091 3497 autem
1119 3460 1224 3498 non
1250 3443 1453 3499 invenio
1484 3442 1664 3517 (Rom.
1687 3443 1808 3516 vn).

231 3529 386 3589 Unde
415 3540 469 3587 et
496 3532 588 3588 hic
611 3542 798 3600 aperte
823 3533 1110 3603 sequitur:

300 3619 564 3691 Rogemus
594 3621 877 3675 Dominum
903 3632 960 3677 ut
984 3625 1173 3695 gratia:
1200 3640 1311 3679 sure
1331 3623 1518 3695 jubeat
1548 3624 1695 3679 nobis
1724 3622 1811 3678 ad-

223 3707 485 3780 iutorium
504 3710 822 3763 ministrare.
838 3710 983 3766 Inter
1003 3712 1312 3768 ministrare
1330 3721 1386 3769 et
1403 3714 1818 3771 subministrare

227 3801 309 3856 sic
338 3799 473 3854 dicit
500 3798 703 3852 distare
728 3798 1064 3869 Fulgentius,
1104 3801 1248 3869 quod
1276 3802 1331 3855 in
1357 3818 1465 3858 uno
1498 3804 1691 3858 horum
1722 3803 1818 3860 ob-

229 3891 482 3962 sequium
528 3888 887 3953 humilitatis,
942 3890 999 3943 in
1043 3889 1215 3945 altero
1253 3900 1435 3946 autem
1474 3893 1820 3951 abundantiae

226 3979 498 4051 judicium
550 3994 616 4035 ac
665 3980 951 4049 potestatis
997 3980 1318 4037 ostenditur.
1378 3982 1425 4037 A
1473 3984 1821 4040 ministrante

232 4072 433 4143 quippe
471 4071 791 4140 obsequium
823 4071 1087 4138 redditur,
1131 4086 1163 4127 a
1204 4073 1654 4131 subministrante
1690 4090 1821 4132 vero

233 4166 536 4222 subsidium
564 4173 919 4236 praerogatur.

308 4253 376 4308 Et
402 4256 447 4309 si
475 4255 731 4326 fugientes
759 4255 1006 4325 gehenna:
1030 4271 1210 4326 poenas
1235 4254 1306 4309 ad
1332 4256 1490 4310 vitam
1516 4267 1822 4328 perpetuam

239 4345 483 4401 volumus
511 4347 797 4416 pervenire.
831 4345 1092 4403 Cebenna
1119 4353 1203 4402 est
1230 4346 1382 4404 locus
1412 4348 1582 4421 ignis,
1625 4357 1682 4405 et
1709 4350 1822 4406 sul-

237 4436 450 4507 phuris.
499 4436 689 4492 Futuri
716 4453 850 4509 ergo
877 4437 1124 4507 supplicii
1154 4437 1338 4506 locus,
1378 4441 1469 4495 ubi
1509 4451 1825 4510 peccatores

1909 3342 2074 3410 ratio,
2098 3350 2278 3398 motus
2305 3344 2523 3413 quidam
2546 3345 2712 3400 animi
2736 3346 2912 3401 visum
2939 3346 3137 3402 mentis
3160 3362 3387 3413 acuens,
3407 3362 3497 3407 vc-

1911 3448 2081 3505 raque
2111 3449 2143 3489 a
2172 3432 2323 3490 falsis
2349 3434 2708 3507 distinguens.
2749 3436 2899 3492 Mens
2929 3436 3166 3501 hominis
3190 3436 3318 3501 dum
3347 3445 3528 3501 recta,

1906 3523 2136 3596 judicat,
2165 3526 2308 3580 ratio
2333 3534 2435 3581 est.
2468 3525 2608 3582 Dum
2634 3528 2806 3598 spirat
2830 3528 3070 3598 spiritus.

1988 3614 2214 3687 Propter
2236 3617 2650 3673 emendationem
2680 3619 2945 3674 vitiorum.
2992 3619 3137 3676 Vitia
3178 3619 3312 3674 nihil
3353 3626 3530 3683 suntg,

1917 3706 2026 3764 Sed
2051 3709 2143 3764 ubi
2172 3709 2387 3765 bonitas
2413 3710 2599 3777 deest,
2639 3711 2829 3766 vitium
2860 3719 2963 3773 est.
3010 3710 3198 3775 Omnis
3226 3710 3369 3767 enim
3401 3726 3501 3775 na,-

1919 3807 2041 3854 tura
2069 3813 2205 3870 opus
2231 3798 2326 3855 Dei
2353 3806 2456 3854 est.
2510 3798 2687 3869 Opera
2734 3801 2879 3856 enim
2923 3816 3044 3871 qua:
3082 3801 3212 3856 vitia
3250 3801 3505 3865 dicuntur

1918 3898 2074 3946 actus
2100 3898 2244 3956 sunt,
2275 3906 2384 3945 non
2413 3907 2522 3947 res.
2556 3891 3005 3967 Quanquamper
3033 3895 3506 3973 seagweredicun-

1919 3987 2011 4035 tur
2038 3978 2241 4047 aliquid
2270 3994 2393 4034 cum
2430 3994 2495 4034 ea
2517 4019 2546 4047 λ
2577 3988 2633 4034 ct
2670 3995 2771 4061 per
2796 3996 2859 4043 ea
2892 3989 3065 4037 totum
3096 3984 3204 4054 egit
3237 3984 3504 4052 diabolus,

1919 4073 2005 4129 vel
2032 4073 2285 4128 damnata
2312 4072 2585 4139 dicuntur,
2623 4089 2747 4129 cum
2785 4075 2901 4145 ipse
2937 4077 3153 4146 probis
3179 4078 3503 4145 damnatur;

1922 4172 1980 4218 et
2015 4164 2179 4218 homo
2223 4178 2347 4217 cum
2392 4177 2494 4232 per
2534 4163 2768 4219 liberum
2815 4163 3102 4221 arbitrium
3148 4165 3234 4221 his
3281 4166 3510 4223 allectus

1924 4252 2094 4307 trahit
2117 4252 2183 4307 ad
2207 4266 2446 4308 sensum.
2476 4252 2545 4308 Et
2569 4253 2691 4310 ideo
2715 4254 2771 4309 in
2794 4253 2977 4311 futuro
3002 4254 3198 4311 saeculo
3221 4271 3327 4312 non
3350 4267 3511 4313 erunt

1924 4344 2106 4411 vitia,
2138 4358 2260 4414 qua:
2306 4343 2362 4398 in
2413 4352 2635 4400 auctore
2681 4361 2780 4403 suo
2825 4345 3041 4401 diabolo
3087 4346 3509 4412 damnabantur,

1925 4453 2047 4493 cum
2078 4436 2195 4503 ille,
2240 4436 2449 4499 scilicet
2492 4437 2809 4502 damnatus,
2857 4437 2911 4492 in
2954 4439 3235 4509 gehenna.
3281 4448 3341 4494 ut
3382 4456 3512 4511 pecs

238 4526 522 4581 cruciandi
550 4534 696 4593 sunt,
726 4525 887 4597 hujus
913 4527 1017 4584 loci
1036 4529 1301 4585 vocabulo
1324 4530 1657 4602 designatur.
1690 4532 1822 4588 Nam
1848 4591 1896 4602 _
1928 4535 2052 4583 cent
2090 4526 2381 4593 hominesg.
2403 4525 2633 4598 amplius
2672 4534 2999 4602 potestatem
3042 4529 3159 4585 hinc
3199 4545 3361 4600 agere
3401 4546 3511 4595 non

240 4615 436 4686 duplex
468 4615 521 4670 in
548 4591 1201 4687 gehennavdamnatorum
1244 4628 1330 4676 est
1370 4591 1564 4691 ραξηα,
1608 4624 1822 4678 illam,“
1848 4591 1902 4652 Β
1928 4619 2168 4676 habebit.
2344 4591 2378 4593 "
2493 4591 2511 4598 '
2672 4591 2717 4604 -·
3233 4591 3283 4607 ι.

241 4717 424 4764 autem
456 4719 513 4765 et
541 4718 778 4767 mentem
808 4712 922 4766 urit
958 4713 1211 4779 tristitia,
1259 4723 1316 4770 et
1359 4731 1554 4786 corpus
1590 4716 1826 4773 flamma.

244 4796 386 4853 Nam
416 4798 559 4854 sicut
585 4799 675 4855 ille
700 4800 842 4871 ignis
869 4802 1070 4857 camini
1098 4820 1208 4859 non
1238 4805 1383 4860 arsit.
1402 4807 1470 4861 ad
1501 4807 1662 4861 trium
1700 4823 1831 4878 pue-

241 4905 433 4948 rorum
474 4890 831 4961 supplicium,
879 4900 935 4948 et
977 4901 1159 4949 tamen
1188 4895 1322 4951 arsit
1361 4897 1428 4952 ad
1468 4899 1833 4954 comburenda

242 4980 502 5055 ligamina
535 4981 876 5038 vinculorum
899 4984 1033 5038 :ita
1072 4985 1212 5056 ignis
1248 4986 1506 5056 gehennae
1542 4995 1599 5043 et
1631 4987 1832 5045 lucebit

244 5073 464 5130 miseris
500 5072 570 5127 ad
609 5080 897 5143 augmenta
925 5088 1245 5143 pmnarum,
1284 5083 1343 5130 et
1377 5090 1484 5131 non
1523 5076 1730 5134 lucebit
1761 5077 1831 5132 ad

246 5164 673 5222 consolationem
706 5165 1048 5235 gaudiorum.

324 5255 463 5310 Dum
492 5254 664 5314 adhuc
690 5265 869 5319 vacat,
888 5265 937 5311 et
965 5257 1021 5311 in
1046 5257 1388 5329 hoe-oorpore
1415 5275 1618 5325 sumus,
1640 5270 1689 5314 et
1720 5261 1833 5315 ha'c

246 5348 427 5403 omnia
462 5363 555 5417 per
577 5346 713 5400 hanc
740 5346 873 5402 lucis
901 5349 1037 5403 viam
1061 5358 1211 5403 vacat
1248 5348 1482 5421 implere,
1517 5352 1834 5406 currendum

247 5447 298 5493 et
329 5437 590 5509 agendum
620 5448 694 5492 est
728 5438 882 5493 modo
909 5439 1050 5510 quod
1086 5442 1142 5494 in
1177 5449 1479 5511 perpetuum
1510 5441 1655 5496 nobis
1683 5458 1837 5507 erpe-

248 5530 387 5585 diat.
421 5529 739 5589 Eccenunc
765 5537 976 5601 tempus
1001 5531 1363 5601 acceptabile;
1396 5548 1523 5588 ecce
1546 5547 1694 5587 nunc
1721 5532 1840 5589 dies

249 5620 471 5675 salutis.
490 5619 860 5684 Vaeemus,,et
877 5619 1156 5681 videamus
1174 5635 1334 5691 quam
1357 5622 1539 5678 suavis
1557 5630 1640 5678 est
1658 5622 1839 5678 Domi-

244 5728 374 5782 nus,
397 5720 457 5768 et
484 5711 613 5766 dum
642 5719 854 5782 tempus
882 5720 965 5768 est
990 5726 1282 5782 operemur
1303 5713 1505 5770 bonum
1532 5715 1599 5771 ad
1626 5730 1834 5771 omnes.

240 5804 384 5877 Quia
415 5804 563 5877 quod
593 5805 942 5861 seminaverit
969 5806 1152 5872 homo,
1195 5807 1298 5863 boc
1328 5815 1383 5863 et
1412 5815 1596 5863 metet.
1644 5807 1709 5862 Et
1743 5807 1835 5878 qui

2009 4713 2104 4769 Vel
2129 4714 2575 4770 conservationem
2602 4712 2874 4775 charitatis
2898 4714 3222 4786 processerit.
3261 4712 3514 4774 Charitas

1930 4810 2383 4882 GrmceLLatine
2419 4808 2637 4866 dilectio
2676 4809 3355 4882 interpretatur,,eoquod
3379 4809 3516 4871 duos

1931 4900 2120 4973 illigat.
2157 4900 2311 4956 Unde
2335 4908 2388 4956 et
2415 4897 2705 4970 Apostolus
2730 4899 2797 4955 ad
2823 4898 3173 4959 Colosseuses
3197 4899 3310 4959 ait;
3345 4897 3518 4969 Super

1932 4991 2109 5045 omnia
2145 4999 2321 5044 autem
2351 4989 2661 5053 charitatem
2699 4989 2914 5056 habete,
2954 4991 3094 5062 quod
3133 4988 3516 5051 estvinculum

1935 5083 2266 5153 perfectionis
2295 5079 2522 5152 (Coloss.
2551 5080 2659 5152 ιιι).
2710 5079 2843 5136 Nam
2873 5082 3091 5139 dilectio
3126 5098 3157 5137 a
3192 5083 3402 5138 duobus
3435 5082 3518 5136 in-

1937 5173 2102 5243 cipit,
2147 5173 2290 5243 quod
2329 5180 2606 5234 estamor
2633 5172 2766 5239 Dei,
2813 5180 2869 5228 et
2909 5173 3166 5245 proximi.
3219 5173 3335 5229 Non
3368 5174 3517 5229 enim

1939 5260 2251 5332 temporalis
2280 5261 2441 5316 debet
2464 5275 2584 5316 esse
2607 5261 2872 5329 Charitas,
2900 5264 2997 5319 sed
3027 5264 3313 5319 observata
3341 5262 3520 5318 conti-

1940 5370 2067 5409 nuo.
2101 5351 2257 5417 Unde
2282 5360 2338 5408 et
2364 5352 2493 5409 alibi
2518 5352 2712 5408 Petrus
2737 5354 3014 5423 apostolus
3042 5354 3151 5410 ait:
3184 5355 3315 5410 Ante
3340 5354 3519 5409 omnia

1940 5452 2178 5496 mutuam
2200 5442 2257 5497 in
2276 5441 2649 5513 vobismetipsis
2674 5445 2976 5500 continuom
2997 5445 3304 5501 charitatem
3325 5446 3520 5502 haben-

1942 5541 2016 5587 tes
2045 5531 2098 5605 (1
2124 5530 2377 5606 Petmv).
2406 5532 2656 5589 Perfecta
2686 5534 2831 5589 enim
2860 5536 3129 5601 Charitas,
3167 5543 3222 5590 et
3256 5544 3545 5606 perpetuo-

1941 5631 2260 5679 conservata
2293 5624 2347 5678 in
2384 5624 2553 5680 Deum
2590 5632 2647 5680 et
2676 5626 2987 5698 proximum
3017 5642 3257 5682 amorem
3284 5630 3520 5697 compte-,-

1941 5715 2110 5770 ctltur
2134 5724 2416 5771 mternnm.

2016 5808 2138 5863 Non
2173 5807 2314 5864 illico
2340 5825 2529 5880 patore
2552 5810 2855 5879 perterritus
2885 5809 3113 5882 refugiat
3144 5809 3278 5866 viam
3304 5809 3516 5867 salutis.
