3940 6414
458 355 556 419 7:3

1740 352 2013 415 SMARAG
2021 349 2084 411 Di
2119 350 2408 411 ABBATIS

3614 348 3723 409 72.5

461 476 615 532 Sicut
637 483 894 543 scriptum
917 477 1000 528 est
1026 492 1038 525 :
1072 469 1207 537 Quia
1230 473 1319 542 qui
1342 473 1486 538 ponit
1512 487 1725 526 manum
1749 471 1805 523 in
1829 478 2030 532 aratro,
2061 473 2112 529 Λ
2137 466 2367 537 peditior
2387 467 2459 521 sit
2481 482 2697 533 cursus,
2720 467 3095 537 castigandum
3123 472 3205 521 est
3233 475 3460 536 corpus;
3495 475 3556 521 ut
3582 466 3724 523 ilem

459 578 506 622 et
536 567 739 637 respicit
767 574 881 636 post
908 575 1140 635 tergum,
1168 574 1321 635 aptus
1349 581 1453 619 non
1480 564 1577 618 erit
1606 580 1762 635 regno
1787 562 2033 616 ctelorum

424 648 429 653 ⁷
460 657 613 729 (Luc.
642 656 741 727 ιχ).
790 655 976 710 Pavidi
1012 655 1161 710 enim
1197 655 1251 709 in
1284 655 1402 726 lege
1439 669 1546 708 non
1585 653 1941 708 admittuntur
1967 651 2036 706 ad

457 746 727 819 prazlium,
756 761 824 800 ne
853 756 907 800 et
933 745 1008 799 illi
1036 753 1294 816 paventes
1322 752 1567 815 pereant,
1596 751 1650 798 et
1675 742 1810 797 alios
1838 755 2036 811 pavere

456 834 678 892 faciant.
718 833 1009 901 Noncnim
1038 834 1131 904 qui
1163 834 1517 899 inchoavcrit,
1545 833 1639 888 sed
1666 833 1756 902 qui
1787 844 2037 902 perseve-

459 924 695 990 raverit,
727 924 908 979 salvus
936 925 1058 978 erit.
1096 922 1262 978 Nemo
1289 924 1521 978 militans
1546 922 1676 988 Deo,
1709 922 1787 975 ait
1809 921 2037 991 Aposto-

458 1014 575 1083 lus,
618 1015 850 1087 implicat
887 1033 941 1070 se
978 1017 1193 1086 negotiis
1228 1015 1591 1079 sa'cularibus,
1621 1025 1679 1068 ut
1705 1013 1908 1084 placeat
1934 1008 2033 1078 illi,

462 1109 547 1160 cui
570 1123 625 1161 se
647 1105 882 1177 probavit
906 1100 992 1176 (11
1018 1104 1151 1159 Tim.
1178 1105 1260 1176 ιι).
1299 1104 1432 1158 Nam
1454 1104 1543 1173 qui
1570 1112 1745 1159 certat
1767 1104 1819 1158 in
1845 1119 2032 1175 agone,

461 1211 569 1252 non
596 1203 904 1261 coronatur,
934 1189 1037 1249 nisi
1067 1194 1304 1265 legitime
1332 1194 1644 1250 certaverit.

537 1286 667 1352 Qua:
690 1303 791 1341 non
814 1294 886 1339 est
911 1284 1010 1339 nisi
1032 1295 1253 1355 angusto
1276 1286 1427 1337 initio
1448 1284 1767 1354 incipienda.
1796 1283 1956 1338 Arcta
1983 1291 2040 1335 et

461 1386 689 1447 angusta
712 1377 798 1431 via
828 1384 912 1432 est
939 1392 1059 1447 qua:
1082 1375 1231 1431 ducit
1253 1377 1319 1430 ad
1344 1377 1540 1441 vitam;
1577 1376 1685 1430 lata
1714 1386 1770 1431 et
1795 1376 2035 1444 spatiosa

461 1484 583 1538 qua:
605 1467 756 1523 ducit
775 1467 843 1522 ad
861 1475 1110 1523 mortem.
1144 1464 1249 1521 Sed
1271 1475 1326 1521 et
1345 1467 1604 1522 Dominus
1624 1466 1901 1536 discipulis
1926 1465 2000 1519 ait
2021 1483 2032 1516 :

463 1560 773 1617 Contendite
802 1561 1001 1615 intrare
1034 1576 1129 1631 per
1160 1570 1436 1630 angustam
1472 1568 1681 1629 portam
1707 1556 1859 1629 (Luc.
1888 1557 2031 1625 xm).

463 1652 686 1725 Oportet
714 1652 857 1706 enim
888 1666 987 1706 nos
1009 1667 1105 1723 per
1131 1651 1327 1708 multas
1351 1650 1727 1706 tribulationes
1752 1649 1957 1704 intrare
1984 1649 2038 1703 in

463 1759 685 1815 regnum
715 1742 995 1798 caelorum.

2136 554 2425 625 Apostolus
2452 556 2567 610 ait:
2600 555 2716 627 Ego
2744 557 2819 611 sic
2852 572 3037 621 curro,
3083 556 3289 626 inquit,
3335 573 3442 611 non
3477 565 3630 627 quasi
3668 558 3726 613 in

2136 647 2412 701 incertum.
2446 646 2538 703 Sic
2565 665 2761 719 pugno,
2793 660 2900 702 non
2927 647 3083 718 quasi
3113 662 3286 701 aerem
3311 647 3612 711 verberam,
3632 646 3728 701 sed

2137 736 2336 806 castqu
2360 753 2546 807 corpus
2571 754 2761 801 meum,
2790 747 2839 792 et
2864 740 2919 792 in
2946 738 3249 792 servitutem
3278 737 3476 808 redigo,
3503 754 3566 791 ne
3589 737 3729 806 forte

2138 844 2257 883 cum
2285 828 2405 884 aliis
2428 830 2845 900 prtedicaverim,
2874 831 2984 901 ipse
3010 831 3260 901 reprobus
3295 829 3491 901 eﬁiciar
3515 829 3568 900 (Ι
3595 827 3726 886 Cor.

2141 921 2239 994 Ix).
2271 921 2341 977 Et
2362 922 2487 976 alibi
2512 922 2627 993 ipse
2650 922 2942 992 Apostolus
2967 923 3076 976 ait:
3101 920 3375 976 Certamen
3397 921 3586 976 bonum
3614 937 3731 975 cer-

2138 1014 2262 1079 tavi,
2302 1028 2510 1066 cursum
2540 1013 2922 1078 consummavi,
2960 1012 3120 1081 ﬁdem
3148 1013 3395 1080 servavi:
3420 1011 3484 1066 de
3521 1011 3726 1083 reliquo

2140 1104 2364 1173 reposita
2390 1111 2467 1157 est
2505 1102 2633 1156 mihi
2658 1118 2851 1157 corona
2877 1102 3139 1172 justitire,
3180 1116 3340 1173 quam
3373 1102 3555 1156 reddet
3595 1102 3728 1157 mihi

2143 1192 2396 1247 Dominus
2421 1194 2477 1247 in
2503 1191 2597 1246 illa
2623 1192 2709 1245 die
2728 1191 2909 1262 justus
2936 1192 3097 1260 iudex
3122 1191 3208 1265 (II
3238 1191 3374 1245 Tim.
3401 1190 3497 1263 tv).

2212 1282 2282 1338 Ut
2316 1284 2381 1339 ab
2414 1283 2577 1355 ipsius
2607 1300 2875 1354 nunquam
2911 1283 3216 1354 magisterio
3249 1281 3596 1336 discedentes.
3644 1279 3730 1336 Ab

2140 1374 2327 1444 ipsius,
2355 1373 2504 1438 dicit,
2536 1374 2589 1428 id
2617 1378 2723 1438 est,
2751 1373 2866 1428 Dei.
2908 1372 3240 1445 Magisterio,
3265 1372 3320 1427 id
3346 1380 3431 1427 est
3452 1372 3729 1440 doctrina,

2142 1463 2223 1517 vel
2253 1464 2575 1519 eruditione.

2214 1553 2281 1608 In
2316 1554 2433 1625 ejus
2468 1551 2707 1609 doctrina
2745 1566 2907 1626 usque
2943 1553 3015 1607 ad
3053 1562 3270 1608 mortem
3308 1555 3364 1609 in
3401 1555 3729 1612 monasterio

2140 1653 2542 1713 perseverantes.
2597 1643 2715 1701 Non
2752 1645 2899 1700 enim
2938 1644 3031 1715 qui
3067 1644 3404 1702 inchoaverit
3427 1688 3442 1713 ,
3495 1649 3592 1704 sed
3634 1646 3732 1719 qui

2142 1734 2579 1806 perseveraverit,
2605 1734 2787 1790 salvus
2808 1735 2932 1789 erit.
2966 1733 3350 1790 Monasterium
3374 1738 3539 1793 etiam
3566 1739 3733 1795 unius

536 1830 791 1886 Processu
813 1848 931 1886 vero
950 1832 1357 1887 conversationis
1378 1840 1426 1887 et
1445 1831 1593 1901 ﬁdei.
1620 1830 1883 1888 Processu
1910 1830 2041 1887 dicit
2068 1817 2115 1876 Β
2144 1824 2394 1880 monachi
2443 1824 2705 1881 habitatio
2752 1825 2861 1880 dici
2907 1833 3104 1896 potest.
3156 1824 3346 1883 Mones
3391 1829 3536 1883 enim
3587 1831 3731 1901 apud

462 1924 920 1990 conversationis,
951 1932 1299 1996 augmentum
1325 1926 1618 1991 virtutum,
1656 1932 1710 1980 et
1736 1924 2038 1995 preteetum

466 2014 661 2069 anima:
683 2055 698 2079 ,
750 2013 805 2068 in
850 2012 1047 2085 quibus
1087 2015 1386 2071 monachus
1424 2012 1666 2085 quotidie
1701 2013 2040 2086 augmentari

463 2104 663 2170 debet,
714 2111 769 2159 et
810 2119 1077 2161 crescere.
1132 2103 1224 2162 Sic
1261 2106 1404 2163 enim
1435 2104 1725 2177 Apostolus
1761 2121 1862 2177 pro
1887 2105 2043 2162 nobis

464 2209 629 2249 orans
653 2193 760 2248 ait:
789 2190 1040 2261 Oramus,
1064 2204 1119 2249 ut
1144 2195 1421 2250 ambuletis
1447 2196 1601 2267 digne
1623 2195 1730 2250 Deo
1753 2213 1848 2267 per
1867 2196 2043 2250 omnia

463 2281 748 2354 placentes,
772 2284 828 2339 in
850 2285 991 2339 omni
1013 2302 1163 2356 apere
1187 2286 1318 2341 bono
1342 2287 1721 2357 fructiﬁcantes
1747 2299 1793 2342 et
1814 2305 2044 2343 crescen-

468 2382 543 2428 tes
574 2371 798 2445 (Coloss.
827 2374 890 2446 ι).
929 2374 1180 2441 Quotidie
1213 2377 1358 2431 enim
1386 2378 1684 2433 monachus
1737 2392 1909 2434 novus
1935 2418 1950 2445 ,
1989 2386 2046 2434 et

466 2479 639 2519 novus
662 2465 903 2529 etiectus,
926 2466 993 2522 de
1015 2465 1213 2522 virtute
1234 2482 1485 2524 crescere
1508 2468 1665 2524 debet
1691 2468 1744 2524 in
1764 2468 2039 2535 virtutem,

376 2608 385 2617 _
467 2564 526 2612 et
550 2571 669 2627 qua:
694 2565 840 2612 retro
865 2563 989 2612 sunt
1017 2556 1359 2625 obliviscens,
1389 2560 1441 2613 in
1465 2573 1529 2614 ea
1572 2575 1691 2630 qua:
1717 2560 1895 2629 priora
1921 2569 2046 2614 sunt

469 2666 530 2708 se
551 2653 862 2718 extendere,
883 2653 1052 2709 donec
1072 2652 1137 2707 ad
1159 2653 1480 2708 destinatum
1504 2650 1783 2723 perveniat
1800 2650 2047 2706 bravium

471 2759 718 2817 supernae
740 2745 1041 2801 vocationis
1066 2744 1178 2812 Dei,
1211 2744 1265 2799 in
1293 2743 1509 2800 Christo
1535 2743 1661 2799 Jesu
1689 2744 1919 2799 Domino
1950 2759 2048 2799 no—

473 2844 607 2891 stro.
664 2835 811 2891 Nam’
844 2845 899 2892 et
938 2836 1079 2911 quod
1110 2836 1242 2891 ﬁdes
1269 2835 1322 2891 in
1353 2835 1572 2891 homine
1599 2849 1950 2906 processum,
1992 2835 2048 2898 id

470 2934 591 2993 est,
624 2936 1006 2998 augmentum,
1040 2935 1094 2981 et
1119 2925 1417 2998 profectum
1445 2923 1640 2989 faciat,
1680 2925 2048 2995 apostolorum

471 3018 630 3074 nobis
656 3018 947 3074 ostendunt
968 3018 1156 3084 verba,
1179 3017 1267 3074 ubi
1298 3017 1526 3073 Domino
1549 3016 1736 3073 dicunt
1762 3034 1775 3071 :
1802 3015 2044 3083 Domine,

475 3127 610 3182 attge
644 3109 793 3167 nobis
826 3111 986 3183 ﬁdem
1016 3110 1166 3183 (Luc.
1211 3109 1368 3184 xvn).
1424 3110 1582 3166 Fides
1627 3117 1711 3165 est
1752 3109 2049 3165 divinitatis

472 3202 762 3270 confessio,
792 3212 847 3260 et
875 3203 1151 3276 religionis
1175 3203 1404 3260 solidum
1430 3202 1857 3258 fundamentum.
1892 3201 2054 3257 Fides

473 3300 557 3348 est
586 3294 878 3350 credulitas
901 3308 1006 3365 qua
1032 3293 1203 3349 Deum
1236 3290 1579 3358 confitemur,
1620 3291 1799 3347 cultus
1833 3298 1890 3347 et
1927 3291 2054 3346 reli-

474 3383 585 3453 gio,
635 3398 797 3454 quam
847 3381 921 3438 illi
966 3384 1250 3439 credentes
1294 3383 1633 3438 exhibemus.
1693 3382 1844 3438 Dicta
1872 3391 2052 3437 autem

476 3474 613 3529 ﬁdes
650 3475 718 3529 ab
754 3488 840 3541 eo,
878 3475 1023 3545 quod
1061 3473 1122 3528 ﬁt
1158 3474 1319 3541 illud,
1359 3475 1503 3544 quod
1542 3474 1596 3529 in
1635 3482 1894 3543 utrosque
1933 3473 2051 3543 pla-

477 3565 645 3619 citum
693 3572 809 3632 est,
865 3565 1019 3635 quasi
1058 3566 1201 3621 inter
1236 3564 1407 3621 Deum
1458 3572 1515 3620 et
1551 3564 1845 3621 hominem.
1894 3562 2055 3620 Fides

475 3655 695 3725 proprie
736 3655 957 3722 dicitur,
1004 3656 1220 3726 quando
1260 3656 1317 3711 id
1354 3656 1594 3711 creditur
1630 3655 1771 3726 quod
1817 3656 2053 3712 nondum

479 3743 710 3798 videtur.
757 3741 893 3799 Nam
931 3743 1156 3800 credere
1186 3742 1298 3814 jam
1335 3760 1443 3801 non
1480 3759 1767 3816 possumus
1802 3745 1945 3816 quod
1974 3745 2055 3801 vi-

480 3833 688 3889 demus.

553 3926 789 3983 Dilatato
816 3926 987 3983 corde.
1026 3926 1260 3983 Dilatato
1287 3927 1451 3984 corde
1479 3927 1643 3993 dicit,
1689 3927 1745 3983 id
1777 3934 1897 3993 est,
1941 3941 2056 3981 ma-

479 4015 733 4088 gnificato
769 4026 825 4072 et
858 4016 1096 4087 spatioso
1133 4015 1305 4086 facto;
1347 4018 1471 4089 quia
1501 4025 1765 4089 quantum
1802 4019 1966 4073 homo
2000 4018 2056 4073 in

478 4106 702 4162 servitio
737 4103 833 4161 Dei
870 4106 1132 4177 profecit,
1175 4114 1323 4164 tanto
1362 4108 1533 4164 lmtior
1567 4108 1622 4165 in
1661 4117 2053 4178 praeceptorum

479 4196 598 4265 ejus
622 4198 974 4270 amplitudine
1002 4215 1250 4256 crescere
1276 4201 1506 4272 satagit;
1540 4209 1599 4255 ut
1621 4200 1910 4256 Psalmista
1939 4200 2053 4255 ait:

491 4285 644 4341 Viam
667 4287 1035 4342 mandatorum
1060 4298 1270 4345 tuorum
1294 4290 1525 4358 cucurri,
1548 4290 1674 4345 dum
1694 4289 1946 4345 dilatares
1968 4276 2059 4344 cor

478 4392 653 4431 meum
677 4374 847 4450 (Psal.
875 4377 1083 4451 cxvm).

553 4465 909 4522 Inenarrabili
959 4468 1249 4524 dilectionis
1301 4467 1594 4523 dulcedine.
1672 4469 2057 4527 inenarrabilis

2141 1912 2359 1969 Graecos
2391 1913 2537 1970 solus
2561 1914 2794 1980 dicitur;
2835 1916 3062 1971 sterium
3093 1917 3258 1973 statio
3284 1928 3532 1974 vocatur.
3586 1921 3733 1993 Ergo

2142 2005 2532 2078 monasterium
2559 2006 2804 2061 solitaria
2833 2006 3099 2062 habitatio
3125 2008 3228 2064 diei
3255 2016 3450 2079 potest.

2215 2094 2556 2161 Passionibus
2595 2094 2792 2152 Christi
2839 2114 2933 2168 per
2972 2098 3280 2169 patientiam
3331 2100 3728 2170 participemur.

2143 2187 2338 2243 Petrus
2364 2188 2637 2257 apostolus
2661 2190 2776 2244 ait:
2812 2189 3052 2244 Christus
3079 2207 3266 2262 passus
3303 2201 3379 2246 est
3416 2209 3511 2263 pro
3545 2192 3720 2257 nobis,

2146 2279 2439 2350 re.'inquens
2469 2279 2617 2335 nobis
2644 2264 2956 2351 exemplum,
2984 2289 3039 2334 ut
3066 2297 3347 2351 sequamur
3371 2278 3589 2350 vestigia
3612 2273 3732 2351 ejus

2147 2367 2199 2440 (Ι
2228 2365 2370 2423 Petr.
2395 2367 2476 2441 ιι).
2514 2369 2618 2427 Per
2640 2370 2956 2439 patientiam
2981 2370 3387 2440 participemur,
3418 2370 3567 2436 dicit,
3595 2372 3727 2441 quia

2146 2460 2199 2515 in
2224 2461 2565 2532 passionibus
2584 2463 2843 2532 patientia
2863 2462 3174 2518 necessaria
3197 2463 3445 2517 habetur.
3471 2461 3564 2517 ille
3585 2463 3734 2518 enim

2147 2569 2246 2627 pro
2276 2555 2572 2635 nobis‘tam
2599 2558 2811 2627 patiens
2840 2558 2893 2612 in
2921 2556 3177 2626 passione
3206 2556 3448 2622 exstitit,
3483 2563 3546 2611 ut
3575 2555 3734 2627 quasi

2148 2661 2322 2716 agnus
2367 2655 2682 2702 mansuetus
2728 2647 3015 2702 duceretur
3052 2648 3119 2702 ad
3154 2647 3470 2711 victimam,
3521 2656 3578 2702 et
3625 2663 3739 2703 non

2149 2737 2387 2809 aperiret
2423 2753 2486 2794 os
2521 2754 2700 2795 suum.
2753 2738 3171 2810 Participemur,
3213 2738 3375 2803 dicit,
3426 2739 3480 2794 id
3521 2747 3610 2794 est
3647 2752 3742 2797 so-

2150 2830 2378 2886 ciemur.

2223 2920 2293 2975 Ut
2321 2931 2369 2976 et
2401 2923 2545 2993 regni
2572 2922 2687 2992 ejus
2717 2938 3013 2978 mereamur
3041 2938 3152 2976 esse
3181 2931 3464 2976 consortes.
3501 2921 3740 2977 Consor-

2152 3018 2250 3075 tes,
2282 3009 2434 3077 dicit,
2465 3012 2519 3068 id
2549 3019 2634 3067 est
2664 3011 2820 3077 socii,
2848 3011 3111 3077 hmredcs,
3144 3012 3229 3066 vel
3254 3010 3566 3082 participes.
3597 3011 3742 3067 Cou-

2152 3108 2272 3159 so'rs
2302 3104 2500 3160 dicitur
2525 3105 2618 3176 qui
2649 3112 2796 3160 sorte
2825 3119 2885 3159 se
2907 3102 3118 3173 jungit,
3146 3104 3288 3160 sicut
3310 3110 3369 3159 et
3389 3119 3619 3160 concors
3644 3105 3740 3176 qni

2079 3181 2125 3244 C
2157 3195 2318 3249 corde
2340 3194 2537 3265 jungit.
2587 3194 2775 3249 Dictus
2805 3209 3028 3250 consors
3052 3208 3118 3249 eo
3143 3194 3286 3264 quod
3316 3194 3383 3249 ad
3406 3209 3531 3249 eum
3561 3195 3736 3265 perti-

2110 3294 2113 3295 '
2152 3294 2283 3341 neat
2308 3302 2435 3358 pars
2463 3286 2748 3342 bonorum.
2798 3284 2934 3341 Nam
2972 3294 3183 3341 veteres
3214 3297 3416 3342 sortem
3452 3302 3552 3356 pro
3582 3296 3739 3357 parte

2152 3380 2445 3453 ponebant.
2499 3377 2559 3434 Si
2586 3379 2733 3435 enim
2761 3377 2855 3435 lilii
2889 3394 3109 3446 sumus,
3153 3387 3210 3434 et
3237 3380 3480 3436 haredes
3508 3382 3737 3439 erimus.

2155 3472 2217 3528 Si
2247 3480 2429 3528 autem
2455 3473 2723 3539 haaredes,
2759 3472 2879 3529 sine
2904 3471 3086 3538 dubio,
3117 3480 3174 3526 et
3200 3479 3483 3529 consortes
3510 3473 3738 3530 erimus.

2154 3563 2346 3616 Amen.

2258 3576 2346 3617 en.
2680 3628 2914 3703 Explicit
2942 3630 3211 3703 prologus.

2227 3706 2433 3791 Iiegula
2464 3721 2884 3793 appellatur,,.ut
2920 3723 3114 3778 beatus
3150 3722 3474 3778 Benedictus
3511 3722 3625 3787 ait,
3670 3722 3743 3780 ab

2156 3808 2259 3864 hoc
2308 3810 2452 3879 quod
2497 3807 3301 3880 obedientiumdirigatmores.
3353 3809 3460 3865 Alii
3489 3826 3622 3866 vero
3657 3811 3744 3867 di-

2155 3912 2319 3970 cunt,
2350 3900 2533 3975 regula
2561 3903 2702 3959 dicta
2720 3944 2734 3971 ,
2764 3904 2907 3974 quod
2933 3912 3081 3959 recte
3108 3904 3288 3970 ducit,
3320 3919 3422 3960 nec
3452 3903 3741 3973 aliquando

2155 3992 2412 4049 aliorsum
2454 3993 2652 4060 trahit,
2679 3993 2762 4048 vel
2787 3994 2929 4064 quod
2957 4003 3143 4067 regat,
3180 3995 3266 4051 vel
3304 3998 3453 4066 quod
3491 4010 3742 4052 normam

2158 4092 2306 4140 recte
2331 4084 2548 4140 vivendi
2585 4084 2853 4154 praebeat,
2881 4084 2965 4141 vel
2997 4088 3140 4155 quod
3170 4087 3457 4143 distortum
3486 4104 3744 4159 pravum-

2157 4188 2263 4244 que
2288 4175 2548 4246 corrigat.

2658 4262 2886 4323 CAPUT
2933 4262 3221 4323 PRIMUM.

2426 4356 2500 4412 De
2525 4364 2755 4429 quatuor
2778 4357 3051 4428 generibus
3081 4357 3475 4411 monachorum.

2232 4469 2613 4526 Monachorum
2641 4480 2872 4541 quatuor
2898 4486 3008 4526 esse
3043 4487 3234 4542 genera
3268 4471 3604 4541 manifestum
3643 4483 3739 4529 est.
3812 4464 3827 4473 ’

483 4557 711 4612 dulcedo
754 4557 951 4612 dicitur
990 4556 1078 4611 illa
1126 4558 1192 4614 de
1239 4574 1344 4628 qua
1390 4558 1675 4613 Psalmista
1718 4559 1832 4614 ait:
1887 4558 2058 4625 Quam
2084 4540 2139 4603 Ῑ)
2165 4567 2457 4622 Monachus
2500 4540 2687 4620 Graeca
2730 4540 3059 4636 etymologia
3095 4574 3340 4629 vocatur,
3389 4580 3455 4620 eo
3490 4567 3633 4636 quod
3672 4567 3746 4621 sit

485 4664 679 4718 magna
704 4645 985 4701 multitudo
1010 4646 1307 4702 dulcedinis
1331 4656 1458 4711 tuae,
1487 4647 1728 4712 Domine,
1755 4665 1914 4719 quam
1941 4650 2061 4704 abs-

483 4737 708 4792 condisti
736 4736 1035 4792 timentibus
1065 4746 1136 4802 te,
1165 4746 1214 4790 et
1242 4736 1506 4808 perfecisti
1529 4737 1625 4799 eis,
1653 4738 1742 4806 qui
1766 4747 1976 4807 sperant
2006 4740 2061 4794 in

482 4836 536 4884 te
570 4825 744 4899 (Psal.
784 4825 934 4899 xxx).
987 4825 1157 4893 Quam
1206 4833 1263 4880 et
1305 4823 1594 4896 Apostolus
1641 4823 2060 4881 inenarrabilem

487 4917 637 4982 dicit,
665 4916 757 4972 ubi
784 4915 860 4970 ait
882 4931 896 4971 :
929 4915 1083 4982 Quod
1111 4914 1292 4968 oculus
1320 4930 1423 4967 non
1446 4913 1594 4979 vidit,
1621 4928 1714 4968 nec
1739 4916 1886 4970 auris
1911 4918 2065 4972 audi-

482 5006 578 5073 vit,
604 5022 697 5061 nec
723 5006 778 5061 in
803 5022 893 5061 cor
917 5005 1143 5060 hominis
1168 5002 1419 5069 ascendit,
1444 5018 1561 5073 qua:
1582 5005 1896 5075 praeparavit
1923 5005 2064 5062 Deus

486 5097 822 5170 diligentibus
850 5114 905 5151 se
930 5095 982 5169 (Ι
1008 5096 1128 5150 Cor.
1156 5092 1239 5166 ιι).

443 5195 450 5204 ’
558 5198 807 5255 Curritur
830 5197 913 5250 via
941 5193 1311 5249 mandatorum
1345 5190 1462 5246 Dei.
1516 5190 1669 5273 Sicut
1709 5195 1959 5264 superius
1997 5194 2064 5252 de

486 5292 666 5364 primo
706 5288 910 5344 dictum
952 5295 1055 5350 est,
1101 5283 1257 5338 Viam
1303 5283 1678 5340 mandatorum
1710 5295 1925 5341 tuorum
1963 5302 2061 5342 cu-

486 5382 666 5448 curri,
708 5380 833 5435 dum
864 5376 1116 5431 dilatares
1144 5389 1239 5429 cor
1262 5390 1462 5429 meum.
1511 5375 1647 5431 Nam
1685 5384 1740 5432 et
1774 5375 2065 5447 Apostolus

488 5473 601 5526 ait:
635 5470 724 5527 Sic
753 5471 972 5533 currite,
1012 5478 1069 5523 ut
1098 5470 1542 5541 comprehendatis
1575 5470 1624 5545 (1
1653 5471 1776 5527 Cor.
1803 5472 1901 5544 ιι).
1943 5473 2059 5529 Non

487 5557 575 5617 hic
601 5577 821 5617 cursum
848 5561 1066 5631 pedum,
1095 5563 1187 5619 sed
1214 5578 1424 5619 morum
1455 5564 1741 5635 signiﬁcat.
1774 5564 2063 5621 Axnhulate

487 5652 635 5706 enim
678 5652 742 5707 de
778 5651 977 5707 virtute
1021 5651 1073 5708 in
1111 5653 1403 5721 virtutem,
1451 5654 1621 5710 donec
1648 5656 1893 5711 videatur
1920 5657 2062 5712 Deus

491 5733 715 5795 deorum
745 5741 798 5796 in
826 5740 989 5809 Sion;
1025 5760 1217 5804 cursus
1243 5753 1321 5800 cst
1351 5746 1559 5799 animm.
1613 5745 1719 5801 Sed
1751 5757 1809 5802 ut
1842 5748 1939 5801 iste
1970 5763 2061 5801 cx-

2162 4655 2471 4727 singularis.
2509 4654 2567 4709 In
2594 4654 2749 4710 libris
2780 4655 3126 4711 collationum
3153 4655 3409 4710 Alonardi
3429 4695 3443 4720 ,
3474 4657 3589 4711 sive
3615 4655 3746 4713 Aloo

2162 4747 2448 4812 nazontai,
2500 4746 2790 4817 singularis
2825 4763 2891 4805 ac
2927 4748 3187 4804 solitariae
3224 4749 3349 4803 vitae
3396 4749 3746 4806 distinctione

2162 4842 2422 4896 nominati
2452 4850 2595 4897 sunt.
2632 4843 2783 4897 Unde
2810 4858 3147 4912 consequens
3173 4843 3292 4907 fuit,
3321 4852 3382 4899 ut
3406 4859 3471 4900 ex
3499 4860 3746 4901 commu-

2165 4931 2324 4986 nione
2350 4932 2607 4988 consortii
2656 4928 2819 4989 hoino
2863 4934 3080 5000 bisatai,
3134 4932 3390 4995 cellaeque
3443 4951 3507 4991 ac
3566 4938 3745 4993 diver-

2166 5020 2308 5076 soria
2337 5035 2523 5076 eorum
2553 5022 2805 5080 koinohia
2852 5035 3195 5080 vocarentur.
3236 5025 3381 5080 Istud
3412 5041 3541 5097 ergo
3567 5028 3743 5084 solum

2170 5112 2270 5167 fuit
2305 5113 2741 5184 antiquissimum
2784 5117 3171 5171 monachorum
3213 5132 3410 5188 genus,
3456 5120 3597 5187 quod
3633 5135 3741 5175 non

2168 5222 2258 5261 mo
2278 5206 2328 5261 lo
2356 5215 2619 5278 tempore,
2649 5209 2742 5263 sed
2770 5210 2935 5263 etiam
2964 5210 3133 5279 gratia
3172 5210 3404 5280 primum
3434 5221 3539 5277 est,
3573 5214 3744 5282 quod-

2167 5312 2272 5368 que
2308 5312 2406 5366 per
2442 5314 2613 5353 annos
2640 5299 2900 5368 plurimos
2941 5300 3113 5354 solum
3149 5315 3322 5370 usque
3356 5303 3567 5358 abbatis
3591 5302 3742 5358 Pauli

2172 5387 2251 5443 vel
2276 5388 2494 5443 Antonii
2520 5387 2731 5444 duravit
2760 5396 2989 5443 aetatem.
3023 5390 3184 5458 Cujus
3209 5392 3371 5445 etiam
3399 5407 3542 5447 nunc
3568 5393 3745 5449 adhuc

2168 5480 2223 5534 in
2270 5479 2532 5535 districtis
2576 5481 2837 5536 cmnobiis
2885 5482 3159 5536 cernimus
3211 5482 3447 5537 residere
3488 5483 3741 5554 vestigia.

2167 5571 2352 5640 itaque
2383 5572 2773 5626 coenohitarum
2800 5572 3091 5642 disciplina
3129 5589 3159 5627 a
3197 5581 3438 5643 tempore
3474 5576 3744 5644 praedica-

2167 5660 2331 5714 tionis
2364 5661 2673 5729 apostolica).
2709 5663 2935 5731 sumpsit
2971 5663 3269 5718 exordium.
3321 5663 3455 5718 Nam
3488 5665 3617 5721 talis
3641 5681 3747 5720 es-

2168 5750 2308 5806 stitit
2344 5751 2520 5804 omnis
2565 5752 2618 5805 in
2656 5751 3005 5824 Jezosolymis
3049 5753 3136 5807 illa
3180 5755 3517 5809 credentium
3554 5754 3746 5813 multi-
