3940 6414
225 320 333 376 7‘25
1292 317 1645 376 COMMENT.
1684 318 1751 374 IN
1792 316 1952 373 RBG.
1994 318 2052 372 ὃ.
2096 314 2478 373 BENEDICTI.
3392 317 3507 371 πθ

230 439 385 500 tudo,
422 453 542 506 qua:
579 436 632 490 in
672 436 884 491 actibus
916 434 1299 521 Apostolorum
1338 436 1411 490 ita
1449 422 1811 491 describitur:
1842 437 1893 495 Α
1917 433 2057 487 docti
2078 449 2333 504 pugnare.
2380 430 2538 488 Sicut
2578 432 2632 487 in
2672 431 3056 487 luctammihus
3100 431 3258 502 hujus
3309 437 3491 490 sa'culi

228 527 592 583 MultiJudinis
641 536 815 581 autem
865 526 1186 580 credentium
1231 536 1343 581 erat
1394 543 1485 581 cor
1524 542 1722 591 unum,
1765 535 1815 580 et
1916 526 2033 580 sine
2056 540 2251 596 agone,
2286 540 2379 582 seu
2407 527 2722 590 certamine,
2752 541 2859 581 non
2886 535 3178 580 coronatur
3201 565 3217 588 ,
3264 528 3337 580 ita
3361 528 3492 581 etin

226 618 409 671 animo
446 632 582 681 una,
616 630 710 669 nec
742 615 1018 685 quisquam
1050 631 1260 680 eorum,
1299 633 1414 686 qua’
1447 615 1812 684 possidebant,

226 702 445 775 aliquod
474 720 627 756 suum
655 720 765 757 esse
792 703 1019 769 dicebat,
1045 704 1135 759 sed
1162 714 1311 758 erant
1338 704 1443 759 illis
1470 706 1647 758 omnia
1673 722 1814 760 com-

226 796 432 850 munia.
466 792 832 850 Possessiones
857 805 905 850 et
925 795 1247 850 substantias
1274 795 1578 875 vendebant,
1605 805 1652 849 et
1677 796 1814 849 divi-

225 887 419 940 debant
455 902 516 940 ea
554 887 794 941 omnibus
827 896 981 956 prout
1017 887 1205 957 cuique
1237 902 1366 956 Opus
1400 896 1513 941 erat
1543 885 1682 957 (Act.
1714 885 1810 957 tv).

225 972 398 1041 Talis,
424 970 662 1046 inquam,
685 985 805 1031 erat
831 985 958 1031 tunc
977 976 1154 1031 omnis
1178 976 1438 1041 Ecclesia,
1461 977 1648 1045 quales
1671 992 1815 1032 nunc

223 1081 325 1135 per
350 1084 551 1134 paucos
577 1068 632 1122 in
660 1067 923 1122 ccenobiis
948 1066 1191 1121 invenire
1214 1066 1426 1121 difﬁcile
1450 1076 1554 1122 est.

299 1153 539 1210 Plinium
569 1156 964 1210 cretiobitarum.
998 1155 1262 1220 Primum,
1288 1139 1397 1212 hoc~
1419 1172 1527 1210 non
1555 1172 1653 1225 pro
1679 1166 1814 1212 tem-

224 1249 376 1318 poris
407 1249 629 1313 ordine,
661 1249 756 1304 sed
798 1264 899 1317 pro
938 1249 1126 1318 gratia:
1167 1249 1536 1320 magnitudine
1574 1250 1809 1318 positum

224 1337 486 1406 intelligo.
542 1336 871 1401 Cmnobitae,
912 1353 1083 1407 genus
1106 1337 1526 1401 monachorum,
1576 1354 1714 1408 quos
1756 1339 1811 1393 in

224 1443 516 1483 commune
553 1429 800 1483 viventes
843 1442 1128 1498 possumus
1158 1427 1445 1497 appellare.
1490 1427 1810 1484 Cmnobium

222 1521 370 1574 enim
405 1530 489 1575 est
525 1521 912 1576 monasterium
945 1520 1329 1591 plurimorum,
1379 1519 1433 1576 id
1460 1529 1545 1576 est
1574 1520 1628 1574 in
1658 1535 1809 1575 eom-

220 1626 387 1665 nmne
412 1610 745 1676 viventium;
777 1610 922 1680 quod
950 1625 1018 1665 ex
1047 1608 1237 1665 Graeco
1287 1616 1345 1663 et
1377 1608 1572 1663 Latino
1600 1607 1678 1680 [in
1708 1609 1811 1663 La-

164 1694 167 1697 λ
221 1700 419 1775 tinum]
462 1702 677 1756 videtur
735 1717 857 1757 esse
910 1700 1165 1770 positum.
1205 1699 1409 1756 Cmnon
1459 1701 1604 1756 enim
1634 1698 1808 1756 Graeci

1913 615 2144 685 spiritali
2185 616 2626 682 conversatione,
2657 624 2714 670 et
2749 617 3026 686 proposito
3067 623 3254 672 sancto
3279 656 3294 681 ,
3335 632 3511 671 nemo-

1914 707 2032 760 sine
2050 704 2341 760 luctamine
2366 712 2545 775 potest
2571 705 3074 761 immarcessihilcm
3109 720 3369 761 coronam
3394 723 3490 763 ac-

1912 796 2113 867 cipere,
2129 796 2362 865 vitaeque
2381 803 2599 852 aeternae
2619 798 2794 852 haeres
2813 797 3068 853 existere.
3095 797 3323 867 Semper
3342 798 3487 853 enim

1912 884 2139 954 perfecti
2168 886 2383 941 athletre
2420 885 2539 942 sine
2568 885 2749 956 aliquo
2784 894 2928 941 metu
2953 927 2973 951 ,
3020 895 3090 942 ct'
3125 902 3249 941 eum
3296 903 3489 958 magna

1913 976 2195 1033 alacritate
2216 978 2566 1033 inveniuntur
2595 978 2651 1032 in
2681 979 2999 1033 certamine.
3033 977 3123 1033 Sic
3142 993 3271 1049 ergo
3295 988 3349 1034 et
3370 995 3491 1048 per-

1913 1065 2195 1121 fectissimi
2221 1066 2547 1131 luctatores,
2572 1076 2629 1122 et
2648 1068 3100 1124 oontinentissimi
3126 1070 3376 1125 monachi
3400 1070 3494 1125 de-

1913 1163 2145 1221 certant,
2178 1156 2440 1213 habentes
2470 1172 2685 1228 semper
2706 1173 2818 1227 prie
2845 1159 3021 1213 oculis
3039 1159 3277 1229 paradisi
3298 1160 3495 1230 jucun-

1912 1244 2160 1311 ditatem,
2183 1254 2239 1302 et
2256 1255 2635 1317 exspectantes
2654 1247 2864 1303 deliciis
2892 1249 3011 1317 ejus
3040 1246 3267 1317 perfrui,
3294 1257 3350 1303 et
3370 1263 3493 1318 qua:

1910 1336 2178 1406 promissa
2205 1345 2331 1392 sunt
2363 1337 2534 1402 bona,
2557 1348 2609 1393 et
2634 1336 2960 1392 immortalia
2986 1336 3203 1402 saecula,
3231 1344 3286 1391 et
3310 1337 3504 1392 lumen-

1911 1428 2322 1496 sempiternum.
2374 1428 2465 1484 Vis
2508 1428 2562 1482 in
2587 1443 2762 1498 agone
2807 1436 3043 1492 certare,
3075 1435 3131 1482 et
3174 1426 3351 1482 victor
3377 1427 3493 1481 exi-

1913 1529 2090 1582 stcre,
2123 1518 2283 1572 indue
2307 1527 2358 1573 te
2401 1526 2676 1573 armatura
2718 1517 2849 1582 Dei,
2895 1517 3037 1572 sicut
3065 1517 3407 1581 vestimento,
3439 1518 3502 1572 id'

1911 1616 2014 1675 est,
2064 1618 2218 1665 scuto
2247 1609 2389 1673 fidei,
2435 1610 2587 1681 galea
2614 1609 2839 1676 salutis,
2887 1618 2942 1666 ct
2983 1608 3217 1675 caeteris,
3264 1623 3385 1680 qua:
3424 1608 3494 1664 ab

1912 1698 2171 1770 Apostolo
2209 1701 2621 1772 praecipiuntur.

219 1772 511 1848 commune
551 1794 754 1847 dicunt.
801 1791 875 1847 De
909 1792 1014 1848 hoc
1068 1790 1433 1861 perfecturum
1464 1806 1715 1857 onmem,
1752 1799 1809 1846 et
1838 1772 1884 1830 Β
1982 1789 2051 1845 Et
2091 1790 2217 1845 bene
2253 1791 2494 1845 instructi
2528 1792 2765 1861 fraterna
2798 1808 2865 1846 ea:
2909 1792 3022 1847 acie
3063 1791 3133 1844 ad
3171 1790 3497 1862 singularem

218 1884 331 1937 vita
361 1882 441 1955 [et
472 1891 532 1937 ut
563 1882 663 1954 ita]
711 1882 938 1937 dixerim
966 1880 1349 1937 fecundissima
1384 1881 1565 1936 radice
1593 1889 1809 1936 sancto-
1905 1898 2137 1954 pugnam
2164 1882 2362 1948 eremi,
2389 1882 2561 1937 securi
2587 1882 2708 1953 jant
2741 1884 2854 1938 sine
2884 1881 3242 1938 consolatione
3272 1881 3493 1937 alterius

220 1991 376 2041 rum,
406 1974 569 2030 etiam
596 1973 1044 2029 anachoretarum
1065 1980 1189 2043 post
1223 1973 1340 2029 lucc
1369 1970 1529 2027 flores
1563 1971 1805 2027 fructus-
1907 1973 2023 2029 sola
2057 1990 2236 2039 manu,
2266 1973 2345 2029 uel
2371 1974 2586 2028 brachio
2604 1984 2790 2028 contra
2814 1975 2943 2028 vitia
2965 1971 3267 2057 carnis,.uel
3292 1972 3491 2043 cogita-

217 2081 327 2135 quc
361 2064 555 2135 prolati
593 2072 738 2120 sunt.
774 2061 940 2134 Cujus
984 2061 1337 2133 professionis
1375 2062 1651 2133 principes
1685 2062 1804 2127 bos,
1908 2067 2109 2121 tionunt
2146 2064 2255 2120 Deo
2282 2064 2575 2120 auxiliante
2597 2081 2832 2136 pugnare
2849 2064 3132 2135 sufﬁciunt.
3166 2063 3329 2118 Acies
3360 2062 3491 2118 dici-

220 2171 362 2227 quos
398 2155 559 2227 paulo
597 2163 724 2210 ante
779 2153 1220 2219 memoravimus,
1264 2160 1515 2208 sanctum
1556 2152 1811 2208 videlicet
1909 2165 1998 2213 tur
2018 2156 2314 2212 instructus
2335 2155 2470 2212 ordo
2485 2156 2716 2212 militum
2740 2156 2809 2211 ad
2827 2155 3136 2211 bellandum
3158 2163 3348 2210 contra
3371 2153 3493 2208 dia-

217 2247 446 2306 Paulum
479 2254 534 2304 et
562 2246 875 2311 Antonium,
914 2244 1149 2300 nominis
1188 2240 1443 2316 [Forsan,
1475 2240 1804 2315 monuimus]

215 2338 515 2395 exstitisse.
532 2335 633 2403 Qui
657 2351 786 2402 non,
805 2342 867 2390 ut
884 2335 1126 2404 quidam,
1138 2330 1600 2404 pusillanimitatis
1616 2346 1804 2398 causa,

216 2442 321 2482 nec
366 2425 719 2498 impatientia:
764 2424 972 2488 morbo,
1021 2424 1117 2479 sed
1162 2421 1432 2477 desiderio
1471 2421 1807 2478 sublimioris

215 2517 516 2590 profectus,
545 2515 1129 2587 rontemplationisque
1163 2514 1360 2570 divinzc
1385 2511 1694 2569 solitudinis
1719 2527 1806 2567 se-

215 2617 366 2665 creta
398 2608 589 2664 sectati
619 2618 766 2664 sunt.

289 2694 527 2769 Afilitans
551 2698 647 2752 sub
674 2696 878 2767 regula,
902 2696 979 2751 vel
999 2696 1203 2751 abbate.
1243 2694 1477 2749 Militans
1505 2693 1657 2758 dicit,
1678 2692 1805 2762 quia

216 2789 408 2843 militia
438 2790 541 2843 vita
567 2799 640 2844 est
679 2789 906 2844 hominis
931 2806 1088 2860 super
1116 2797 1313 2843 terram
1340 2784 1463 2858 (Job
1498 2785 1614 2856 vn).
1651 2784 1809 2841 Sicut

216 2889 269 2935 et
311 2880 437 2934 alihi
468 2866 728 2952 scriptum
767 2888 853 2936 est
889 2899 901 2934 :
942 2879 1073 2945 Fili,
1102 2879 1353 2934 accedens
1394 2876 1465 2932 ad
1510 2876 1806 2932 servitutem

214 2971 336 3029 Dei.
373 2980 454 3024 sta
493 2972 547 3037 in
569 2971 805 3041 iustitia,
833 2980 880 3025 et
901 2987 1144 3042 prazpara
1173 2969 1404 3023 animam
1432 2977 1579 3023 tuam
1598 2966 1669 3023 ad
1694 2976 1808 3022 ten-

218 3062 469 3115 tationem
506 3060 709 3133 (Eccli.
777 3061 869 3132 ιι).
912 3060 970 3115 ln
1009 3074 1117 3129 qua
1153 3057 1343 3112 militia
1370 3055 1534 3127 positi
1561 3053 1806 3126 ﬂagitare

219 3166 343 3206 cum
374 3150 649 3222 Propheta
672 3151 933 3207 debemus
961 3149 1248 3219 Dominum
1278 3147 1520 3204 dicentes
1545 3165 1558 3200 :
1584 3145 1802 3213 Judica,

216 3239 461 3306 Domine,
510 3250 750 3297 nocentes
778 3257 891 3306 me,
935 3250 1293 3312 expugnantes
1335 3255 1436 3297 me.
1467 3239 1810 3310 Apprehende

217 3348 394 3397 arma,
420 3341 468 3387 et
479 3342 684 3388 scutum
706 3373 723 3400 ,
749 3342 797 3388 et
817 3349 1038 3404 exsurge
1052 3334 1105 3387 in
1127 3332 1455 3404 adjutorium
1481 3333 1609 3387 mihi
1630 3332 1803 3405 (Psal.

222 3422 436 3495 xxxn').

289 3512 594 3570 Secundum
619 3531 782 3587 genus
809 3525 884 3571 est
923 3513 1398 3582 anacltoretarum,
1433 3515 1487 3570 id
1518 3525 1591 3571 est
1622 3516 1809 3570 eremi-

214 3612 414 3658 tarum.
460 3606 814 3662 Anachorisis
858 3607 1038 3672 enim,
1083 3604 1269 3661 Cnecc
1317 3621 1536 3661 oremus
1586 3606 1805 3662 dicitur.

219 3695 692 3750 Anachorctarum
719 3711 893 3765 genus
905 3704 990 3751 est
1014 3699 1406 3767 monachorum
1430 3701 1522 3768 qui
1544 3706 1669 3768 post
1695 3714 1810 3755 cte-

216 3785 527 3842 nobitarum
558 3784 722 3838 vitam
752 3784 964 3840 deserta
992 3791 1216 3854 petunt;
1253 3794 1308 3839 et
1330 3786 1400 3841 ab
1420 3802 1488 3842 eo
1520 3789 1662 3856 quod
1683 3805 1811 3860 pro-

216 3878 303 3934 cul
337 3876 408 3931 ab
444 3875 754 3931 hominibus
791 3873 1157 3941 recesserint,
1206 3873 1302 3929 tali
1348 3876 1568 3931 nomine
1596 3893 1808 3935 nuncu-

217 3981 436 4043 pantur.
508 3971 652 4043 Ergo
707 3968 1050 4026 anachoreta:
1099 3983 1409 4026 secesseres
1463 3970 1810 4041 interpretari

219 4071 468 4133 possunt.

290 4152 499 4208 Horum
524 4154 615 4225 qui
652 4169 756 4208 non
780 4153 1139 4209 conversionis
1172 4151 1375 4223 feruore
1403 4152 1616 4207 nouitio.
1642 4150 1808 4207 Novi-

220 4244 327 4298 tius
356 4244 500 4298 enim
525 4243 963 4314 compunctionis
996 4241 1212 4298 fervore
1245 4250 1468 4298 coactus
1502 4242 1687 4297 omnia
1724 4258 1811 4299 re-

222 4335 431 4406 gularia
466 4336 758 4391 observare
800 4349 862 4390 se
889 4334 1157 4404 promittit
1198 4342 1489 4406 prmcepta.
1532 4332 1640 4389 Sed
1681 4336 1815 4405 quia

1908 2245 2110 2301 bolum.
2139 2244 2219 2301 Ex
2241 2262 2348 2316 qua
2366 2245 2471 2302 iste
2487 2245 2636 2302 solus
2654 2245 3039 2301 monachorum
3059 2244 3195 2300 ordo
3219 2243 3499 2315 egreditur

1904 2343 2262 2408 pugnaturus.
2297 2334 2485 2407 Pugna
2510 2344 2700 2392 vocata
2727 2350 2794 2392 eo
2821 2335 2965 2405 quod
2997 2325 3250 2405 primitus
3270 2334 3325 2391 in
3353 2321 3497 2388 hell'o

1904 2424 2100 2496 pugnis
2151 2424 2388 2497 prmliari
2436 2424 2789 2495 incipiebant.
2860 2420 3050 2478 Nullus
3097 2422 3243 2477 enim
3289 2422 3497 2491 absque

1906 2516 2206 2574 certamine
2254 2516 2633 2583 coronabitur;
2689 2531 2865 2586 neque
2924 2512 3101 2583 gratia
3147 2511 3245 2569 Dei
3294 2511 3497 2568 deserit

1907 2623 2257 2678 quemquam,
2285 2607 2331 2662 si
2364 2623 2488 2663 cum
2521 2606 2802 2663 alacritate
2828 2614 2885 2659 et
2914 2605 3056 2660 bona
3092 2602 3373 2659 voluntate
3398 2616 3498 2672 pu-

1905 2699 2153 2766 gnaverit
2176 2706 2363 2753 contra
2394 2698 2522 2752 vitia
2559 2698 2760 2753 carnis.
2791 2698 2932 2753 Vitia
2959 2703 3139 2752 autem
3170 2694 3351 2751 carnis
3377 2709 3499 2749 om-

1905 2788 2066 2843 nibus
2098 2795 2222 2841 nota
2252 2795 2418 2853 sunt,
2446 2788 2587 2843 sicut
2609 2786 2901 2857 Apostolus
2928 2787 3005 2842 ait
3039 2801 3054 2839 :
3087 2784 3373 2855 Manifesta
3394 2800 3499 2838 au—

1906 2888 2008 2932 tent
2044 2886 2189 2941 sunt,
2229 2877 2425 2947 inquit,
2451 2893 2610 2948 opera
2648 2877 2857 2943 carnis,
2885 2893 3004 2947 quia
3036 2886 3160 2931 sunt
3192 2874 3509 2946 fornicatio,.

1906 2968 2240 3024 immunditia
2283 2966 2482 3040 (Galat.
2513 2966 2595 3041 v),
2630 2976 2686 3022 et
2723 2968 2957 3037 reliqua,
2998 2969 3138 3023 sicut
3175 2965 3292 3035 jam
3330 2981 3496 3035 supra

1911 3059 2054 3116 dicta
2082 3068 2230 3114 sunt.
2268 3058 2361 3115 Sic
2386 3059 2524 3115 dixit
2545 3067 2734 3115 contra
2762 3058 2891 3113 vitia
2918 3058 3124 3123 carnis,
3170 3057 3255 3112 vel
3293 3058 3517 3127 cogita-7

1911 3151 2151 3215 tionum;
2182 3167 2246 3206 ac
2272 3151 2319 3207 si
2362 3151 2601 3218 diceret,
2632 3157 2821 3206 contra
2848 3149 2976 3205 vitia
3012 3149 3192 3219 operis
3218 3156 3275 3205 et
3307 3148 3517 3204 volun~

1914 3250 2103 3297 talum.
2132 3241 2435 3312 Aliquotics
2457 3252 2639 3298 autem
2662 3248 2790 3298 sunt
2814 3241 2967 3305 vitia,
2994 3240 3229 3311 primum
3257 3240 3312 3294 in
3345 3240 3501 3310 cogis

1912 3333 2138 3399 talione,
2171 3341 2294 3404 post
2328 3333 2681 3405 egrediuntur
2714 3332 2770 3387 in
2810 3346 2994 3403 opere.
3034 3329 3335 3401 Aliquoties
3367 3344 3521 3385 vero.

1910 3432 2037 3480 sunt
2086 3433 2298 3480 tantum
2346 3425 2400 3479 in
2443 3422 2794 3495 cogitatione,
2832 3431 2889 3476 et
2935 3437 3041 3477 non
3088 3418 3393 3490 procedunt
3439 3420 3510 3475 in.

1908 3531 2094 3587 opere.
2143 3515 2295 3571 llnde
2340 3523 2398 3572 et
2440 3515 2778 3585 ponderosus
2806 3514 2863 3571 in
2909 3514 3029 3585 lege
3079 3513 3236 3586 panis
3268 3511 3511 3568 Domino,

1910 3607 2231 3678 prohibetur
2276 3606 2493 3662 otl'erre.
2541 3603 2887 3660 Ponderosus
2936 3618 3064 3658 vero
3109 3612 3194 3658 est
3236 3602 3328 3671 qui
3358 3602 3498 3659 vitia

1914 3697 2145 3768 turpiter
2172 3713 2280 3752 non
2294 3703 2512 3753 exercet
2532 3695 2589 3753 in
2611 3709 2800 3767 Opere,
2821 3694 2887 3748 ah
2911 3694 3016 3751 illis
3043 3701 3220 3750 tamen
3239 3692 3496 3763 frequen-

1912 3796 1995 3843 ter
2033 3789 2290 3860 polluitur
2320 3787 2375 3842 in
2414 3794 2616 3844 mente.
2665 3785 2737 3842 Et
2761 3786 3009 3854 quamvis
3050 3800 3187 3855 opus
3232 3783 3514 3840 nefarium.

1909 3894 2016 3937 non
2055 3886 2310 3933 exerceat
2350 3878 2406 3935 in
2437 3876 2799 3945 cogitatione,
2834 3883 3012 3930 tamen
3044 3876 3220 3944 turpia
3250 3874 3382 3931 vitia
3408 3890 3501 3946 ge-

1910 3978 2041 4024 stat.
2072 3967 2274 4023 Contra
2303 3980 2422 4038 (ιω
2451 3966 2582 4031 vitia
2610 3965 2723 4020 sola
2749 3981 2914 4019 manu
2939 3964 3019 4019 vel
3044 3966 3271 4021 brachio
3304 3980 3500 4021 mona-

1911 4056 2049 4112 chus
2094 4062 2326 4127 pugnat,
2365 4055 2492 4123 quia
2536 4053 2755 4126 propria
2802 4053 3002 4108 virtute
3045 4053 3125 4109 ‘el
3160 4055 3511 4124 operatione,

1909 4166 2031 4221 qum
2067 4166 2164 4220 per
2197 4150 2480 4204 brachium
2522 4149 2863 4220 significatur
2890 4158 2948 4205 et
2974 4164 3214 4213 manum,
3247 4150 3363 4205 sine
3386 4148 3503 4206 fra-

1913 4248 2055 4292 trum
2116 4238 2464 4303 adminiculo,
2517 4253 2643 4294 cum
2703 4237 2919 4293 Domini
2972 4244 3181 4295 tantum
3231 4235 3501 4307 adiutorio

1913 4330 2087 4384 vietor
2109 4329 2318 4411 exstitit
2354 4329 2409 4384 in
2439 4343 2643 4384 eremo.

223 4423 459 4479 hominis
494 4432 577 4480 est
605 4425 895 4495 disponere
917 4424 1035 4480 vias
1062 4439 1215 4491 suas,
1243 4435 1297 4478 et
1321 4424 1533 4479 Domini
1564 4432 1650 4480 est
1667 4424 1803 4479 diri-
1831 4465 1889 4525 Β
1984 4418 2215 4474 Tertium
2238 4435 2358 4473 vero
2380 4419 2758 4472 monac/torum
2778 4417 3107 4473 teterrimum
3118 4434 3280 4489 genus
3298 4414 3504 4474 estSc-

222 4530 352 4585 gere
383 4531 601 4585 gressus
627 4531 770 4579 suos,
819 4524 1001 4571 utrum
1042 4516 1111 4571 ad
1140 4513 1493 4587 perfectionis
1525 4516 1811 4585 perveniat

222 4605 429 4660 calcem
461 4606 675 4675 ignorat
703 4607 883 4662 homo.

296 4694 403 4749 Sed
431 4697 733 4752 monasterii
750 4696 1052 4768 probatione
1076 4696 1351 4750 diuturna.
1379 4695 1702 4750 Diuturnam
1728 4695 1808 4749 di-

222 4786 319 4850 cit,
352 4786 406 4841 id
432 4794 534 4851 est,
566 4787 751 4842 multis
777 4787 1132 4856 temporibus,
1162 4786 1249 4842 vel
1283 4786 1472 4841 diebus
1495 4785 1801 4856 probatam.

225 4875 384 4933 Sicut
422 4878 567 4934 enim
608 4878 661 4933 in
689 4878 904 4935 camino
940 4877 1079 4949 ignis
1104 4876 1387 4948 coquendo
1423 4878 1681 4947 probatur
1708 4892 1809 4931 au-

228 4985 380 5036 rum;
414 4969 489 5025 ita
519 4970 573 5024 in
594 4969 911 5026 monasterii
934 4970 1173 5025 claustro
1192 4977 1246 5024 et
1268 4968 1501 5039 regulari
1523 4966 1810 5040 disciplina

227 5062 563 5129 tribulando,
591 5062 766 5119 bonus
806 5061 1066 5132 probatur
1108 5061 1441 5126 monachus;
1482 5067 1546 5115 ut
1584 5060 1726 5115 sicut
1753 5059 1809 5113 in

227 5158 533 5217 diademate
553 5158 666 5213 veri
691 5159 833 5229 regis
849 5158 1133 5227 probatum
1171 5154 1469 5211 fabricatur
1495 5168 1709 5220 aurum,
1737 5153 1811 5207 ita

227 5248 283 5307 in
314 5249 616 5306 diademate
639 5248 781 5320 regis
819 5247 1021 5303 Christi
1062 5248 1201 5301 bene
1232 5245 1492 5316 probatus
1516 5242 1813 5299 fabricetur

230 5339 546 5395 monachus.
590 5338 747 5394 Sicut
783 5338 1045 5413 scriptum
1088 5346 1173 5392 cst
1222 5336 1287 5391 de
1335 5335 1504 5406 ipsius
1529 5332 1643 5390 veri
1670 5332 1814 5403 regis

229 5447 459 5501 persona
489 5446 502 5485 :
536 5429 702 5497 Quasi
734 5445 983 5502 sponsum
1021 5429 1285 5483 decoravit
1326 5443 1406 5482 me
1430 5442 1625 5481 corona
1651 5423 1809 5497 (Isai.

233 5522 365 5592 uti).
399 5522 611 5577 Corona
658 5523 802 5577 enim
831 5520 1035 5577 Christi
1063 5528 1190 5575 sunt
1217 5532 1405 5575 omnes
1434 5516 1626 5583 electi,
1669 5516 1813 5571 inter

232 5627 368 5682 quos
396 5611 534 5666 bene
556 5612 765 5681 probati
795 5610 1089 5681 computati
1118 5618 1243 5664 sunt
1270 5607 1520 5665 monachi

306 5705 617 5762 Didicerunt
649 5713 831 5760 contra
862 5702 1129 5761 diabolum
1155 5699 1440 5756 multorum
1475 5698 1664 5755 solatio
1690 5699 1809 5770 jam

1912 4511 2259 4565 rabaitarum.
2298 4508 2540 4565 Tertium
2588 4509 2723 4567 dicit
2754 4509 3133 4581 nigerrimum,
3175 4507 3501 4565 obscurissi-

1912 4618 2084 4667 mum,
2134 4602 2415 4669 horribile,
2445 4610 2659 4674 agreste
2705 4602 2791 4658 vel
2840 4600 3035 4657 ferum.
3089 4602 3315 4659 Veteres
3350 4601 3499 4659 enim

1914 4708 2012 4763 pro
2034 4691 2196 4748 nimis
2213 4691 2331 4748 fero
2346 4692 2684 4749 teterrimum
2699 4691 2969 4747 dixerunt.
2995 4689 3296 4748 Sarabaitte
3314 4699 3497 4748 autem

1915 4785 2340 4853 interpretantur
2361 4781 2669 4848 Rennuitae,
2695 4796 2762 4837 eo
2788 4781 2930 4852 quod
2958 4779 3222 4850 majorum
3249 4781 3498 4853 exempla

1915 4878 1999 4934 vel
2056 4876 2363 4934 doctrinam
2410 4874 2565 4947 sequi
2611 4883 2861 4930 renuant.
2915 4873 3153 4928 Emersit
3199 4874 3346 4929 enim
3393 4873 3498 4931 hoc

1913 4968 2253 5023 teterrimum
2271 4974 2328 5022 et
2348 4965 2565 5021 infidele
2584 4966 2975 5022 monachorum
2998 4979 3189 5035 genus,
3211 4963 3293 5020 vel
3316 4964 3498 5036 potius

1912 5057 2108 5113 noxius
2152 5055 2242 5111 illa
2287 5055 2546 5125 plantatio
2593 5054 2830 5110 rediviva
2878 5054 3187 5121 concrevit,
3238 5069 3359 5126 quae
3399 5069 3501 5126 per

1912 5147 2178 5203 Ananiam
2207 5156 2263 5201 et
2299 5144 2585 5217 Saphiram
2612 5145 2668 5202 in
2696 5145 2920 5202 exordio
2948 5144 3204 5202 Ecclesiae
3228 5145 3509 5217 pullulans

1916 5238 2145 5311 apostoli
2169 5237 2315 5293 Petri
2341 5239 2633 5294 severitate
2664 5237 2876 5294 succisa
2904 5247 3008 5292 est.
3040 5236 3171 5306 Qua:
3209 5237 3357 5295 inter.
3382 5253 3500 5294 mo—

1914 5330 2121 5387 nachos
2148 5338 2258 5385 tam
2293 5328 2627 5386 detestabilis
2654 5329 3096 5402 exsecrandaque
3116 5327 3359 5400 judicata
3387 5337 3491 5395 est,

1912 5440 2017 5480 nec
2044 5439 2076 5478 a
2104 5438 2375 5494 quoquam
2399 5422 2625 5481 ulterius
2655 5429 2910 5493 usurpata
2945 5430 3049 5488 est,
3074 5421 3314 5492 quandiu
3343 5420 3505 5478 illius

1915 5522 2027 5570 tam
2059 5514 2318 5569 districta:
2359 5511 2590 5567 formido
2631 5512 2913 5567 sententiae
2946 5510 3221 5567 memorize
3259 5509 3505 5565 fidelium

1913 5605 2077 5662 infixa
2099 5604 2333 5660 duravit.
2364 5603 2479 5671 Qua
2508 5602 2699 5660 beatus
2731 5602 3025 5675 Apostolus
3047 5601 3339 5672 prmdictos
3368 5603 3497 5657 novi

1912 5694 2169 5753 facinoris
2194 5693 2487 5767 principes,
2525 5708 2632 5751 non
2660 5692 3005 5768 paenitentia,
3036 5707 3146 5750 non
3173 5691 3279 5747 ulla
3301 5707 3516 5765 passus.
