3940 6424
483 303 582 365 7Z7

1751 265 2099 365 summa:
2139 310 2428 370 ABBATIS

3629 316 3732 379 79.8

479 440 564 486 est
591 429 960 485 satisfactione
976 431 1178 493 curari,
1202 431 1820 502 sedperniciosissimum
1835 449 2054 504 germen
2089 437 2133 496 A
2161 441 2268 500 tur,
2307 442 2364 490 et
2394 435 2447 489 in
2492 435 2609 492 loco
2647 450 2863 506 pascua:
2888 437 3242 494 collocantur.
3274 440 3315 494 A
3368 457 3475 510 quo
3517 442 3604 496 isti
3633 455 3734 498 nec

481 519 643 575 celeri
665 527 838 574 morte
873 520 1119 575 succidit.

553 609 658 675 Qui
702 610 850 665 nulla
890 613 1072 682 regula
1115 616 1390 685 approbati
1424 621 1743 688 experientia
1787 623 2052 692 magistri,

479 700 612 753 sicut
633 716 825 754 aurum
849 701 1099 770 fornacis.
1129 703 1231 771 Qui
1256 706 1403 761 nulla
1429 709 1609 778 regula
1636 711 1940 779 approbati,
1977 713 2056 767 di-

479 789 574 854 cit,
613 789 668 845 id
701 800 807 856 est,
841 791 1039 847 nullius
1071 795 1266 866 regulae
1302 799 1701 854 examinatione
1735 803 1943 870 experti
1971 803 2056 856 vel

478 882 700 937 eruditi.
725 881 980 939 Omnium
1008 887 1152 941 enim
1180 897 1329 943 recte
1349 890 1644 944 viventium
1668 891 1793 946 vita:
1819 893 1936 948 sine
1961 895 2057 948 du-

480 970 571 1025 bio
600 972 799 1041 regula:
823 981 949 1028 sunt
970 982 1190 1030 vocata).
1217 977 1583 1046 Experientia,
1616 982 1830 1047 notitia,
1863 982 1944 1036 vel
1966 983 2059 1037 do-

480 1063 698 1130 ctrina,
755 1064 823 1120 ab
881 1069 1254 1138 experimento
1309 1072 1472 1126 dicta.
1534 1073 1772 1140 Quarum
1817 1079 2058 1132 omnium

481 1156 761 1228 exemplar
790 1157 1086 1216 Sarabaita:
1115 1177 1220 1215 non
1250 1163 1533 1218 imitantur
1563 1173 1622 1219 ut
1651 1167 1852 1230 vivant,
1880 1169 1975 1224 sed
2005 1168 2059 1223 in

484 1249 599 1304 suis
632 1251 873 1320 corrupti
922 1252 1288 1322 voluptatibus
1331 1257 1671 1312 resolvuntur
1718 1268 1776 1314 ut
1814 1270 2056 1329 pereant.

485 1337 600 1394 Non
651 1340 885 1412 regulari
936 1342 1217 1414 disciplina
1261 1346 1560 1415 probantur
1604 1357 1664 1403 ut
1706 1363 1936 1416 aurum,
1968 1353 2063 1407 sed

484 1432 598 1487 suis
638 1433 926 1490 desideriis
955 1437 1281 1492 mollescunt
1303 1448 1362 1493 ut
1393 1439 1690 1508 plumbum.
1721 1441 1874 1499 Unde
1901 1450 1955 1499 et
1980 1457 2064 1500 se—

484 1524 670 1591 quitur
704 1544 717 1578 :

555 1615 660 1671 Sed
689 1617 744 1671 in
763 1617 964 1688 plumbi
998 1630 1190 1675 natura
1219 1623 1426 1678 molliti.
1459 1625 1667 1681 Aurum
1698 1629 1842 1683 enim
1874 1630 1928 1684 in
1953 1629 2064 1685 for-

484 1724 618 1765 naee
639 1711 872 1780 positum
896 1753 910 1778 ,
943 1722 999 1768 et
1027 1712 1399 1772 fortitudinem
1440 1721 1637 1790 accipit
1667 1731 1721 1777 et
1759 1721 2018 1794 fulgorem
2044 1743 2060 1792 ;

486 1800 558 1853 ita
587 1809 642 1856 et
664 1802 866 1871 probus
899 1807 1198 1862 monachus
1231 1809 1284 1862 in
1325 1810 1540 1866 camino
1573 1813 1803 1882 regulari
1831 1816 2060 1884 positus,

481 1902 538 1944 et
558 1891 930 1950 fortitudinem
963 1898 1160 1966 accipit
1187 1907 1246 1952 ut
1273 1901 1499 1956 adversa
1525 1905 1901 1973 aquanimiter
1927 1907 2062 1963 tole-

486 1990 591 2047 ret,
618 1991 674 2037 et
713 1982 975 2060 fulgorem
1001 1994 1060 2040 ut
1087 1987 1351 2044 bonorum
1388 2005 1612 2062 operum
1642 1997 1850 2050 cunctis
1885 2011 2066 2052 exem-

483 2069 606 2138 plar
629 2072 981 2130 demonstret.
1007 2075 1291 2133 Plumbum
1312 2095 1442 2136 vero
1468 2083 1520 2136 in
1546 2083 1668 2154 igne
1690 2086 1912 2142 missum
1934 2089 2066 2143 mol-

485 2162 640 2218 lescit
677 2173 732 2218 et
767 2167 996 2236 deperit,
1039 2170 1118 2224 sic
1149 2173 1366 2240 quando
1390 2177 1686 2232 monachus
1716 2181 1977 2249 reprobus
2005 2179 2062 2236 in

484 2254 717 2324 regulari
740 2257 1020 2328 disciplina
1049 2261 1259 2330 positus
1289 2265 1534 2333 tepescit,
1565 2268 1726 2336 perit.
1765 2269 1840 2325 De
1869 2270 1959 2325 illo
1983 2273 2063 2326 di-

483 2343 663 2398 citur:
691 2344 960 2418 Tanquam
989 2366 1181 2404 aurum
1206 2352 1261 2405 in
1290 2353 1506 2422 fornace
1534 2358 1769 2424 probarit
1799 2376 1918 2413 eum
1956 2360 2064 2414 De-

481 2435 657 2490 minus
683 2435 948 2508 (Sapient.
975 2439 1079 2511 tu).
1111 2442 1186 2497 De
1209 2443 1312 2498 isto
1338 2454 1520 2500 autem
1551 2465 1564 2500 :
1596 2447 1734 2513 Quia
1762 2451 1964 2522 tepidus
1984 2468 2058 2519 es,

481 2523 731 2595 incipiam
760 2535 808 2582 te
835 2544 1066 2585 evomere
1093 2532 1157 2587 de
1186 2548 1274 2588 ore
1297 2550 1432 2600 meo,
1452 2537 1581 2593 dicit
1596 2537 1854 2596 Dominus
1875 2540 2057 2615 (Apoc.

483 2611 589 2686 tu).
620 2614 772 2672 Unus
819 2620 936 2673 auri
982 2619 1190 2693 fulgore
1241 2635 1459 2697 recepto
1486 2644 1606 2684 cum
1633 2629 1849 2688 Christo
1877 2611 2064 2706 regna-

486 2713 644 2760 turus
663 2709 906 2764 ascendit
935 2711 987 2764 in
1013 2713 1231 2780 cmlum,
1255 2715 1392 2771 alter
1408 2719 1458 2772 in
1483 2719 1686 2789 plumbi
1711 2731 1906 2780 natura
1927 2727 2062 2782 ωσι-

483 2795 612 2852 litus
638 2813 760 2852 eum
783 2799 997 2857 diabolo
1026 2803 1350 2861 cruciandus
1377 2808 1654 2866 descendit
1679 2812 1744 2868 ad
1770 2821 2054 2870 tartarum.

485 2886 635 2944 Unus
665 2891 952 2948 virtutibus
979 2905 1169 2952 auctus
1197 2899 1394 2954 crescit
1423 2900 1476 2954 in
1501 2903 1714 2968 melius,
1745 2905 1884 2962 alter
1920 2907 2059 2977 tepi-

481 2975 582 3030 dus
612 2974 789 3033 factus
811 2979 1078 3037 decrescit
1115 2984 1166 3038 in
1195 2985 1364 3056 pejus.
1401 2987 1552 3044 Unus
1577 2991 1743 3061 pollet
1773 2974 2060 3052 virtutibus

479 3067 688 3133 sacris,
722 3067 861 3125 alter
898 3075 1123 3142 tepescit
1170 3078 1350 3133 saeculi
1392 3081 1557 3136 curis.
1607 3083 1759 3139 Unus
1789 3087 2059 3142 veraciter

481 3159 728 3216 monachi
763 3177 956 3219 nomen
987 3177 1192 3237 portat,
1228 3171 1366 3227 alius
1393 3170 1662 3230 falsatoris
1690 3178 1938 3233 monachi
1968 3194 2060 3235 no-

482 3265 602 3306 men
634 3260 809 3322 gestat
835 3264 1058 3326 propter
1088 3265 1385 3315 tonsuram.
1427 3262 1578 3318 Unde
1614 3273 1669 3319 et
1697 3267 1940 3336 sequitur
1971 3285 1984 3321 :

548 3339 734 3394 Adhuc
765 3344 1004 3412 operibus
1028 3359 1289 3403 servantes
1311 3352 1503 3405 sa'culo
1529 3354 1688 3421 fidem
1716 3357 1926 3409 mentiri
1947 3355 2058 3412 Deo

479 3446 571 3486 ver
594 3438 866 3487 tonsuram
893 3445 1196 3491 noscuntur.
1227 3438 1318 3494 ille
1346 3441 1490 3495 enim
1522 3442 1680 3498 iidem
1713 3445 1909 3500 sacculo
1941 3462 2058 3501 scr-

483 3529 591 3586 vat,
621 3523 715 3593 qui
763 3537 825 3578 ea
871 3541 991 3594 qua:
1027 3529 1300 3585 smcularis
1336 3532 1444 3601 egit
1486 3533 1539 3587 iu
1575 3535 1762 3588 habitu
1808 3539 2056 3594 monachi

485 3615 691 3682 positus
730 3630 890 3686 agere
918 3634 1023 3672 non
1054 3630 1251 3675 cessat.
1283 3623 1422 3690 Quid
1454 3635 1536 3680 est
1561 3627 1704 3681 enim
1728 3629 1904 3687 adhuc
1932 3647 2059 3702 ope-

483 3706 634 3761 ribus
663 3722 883 3764 servare
910 3711 1108 3766 saeculo
1149 3713 1326 3777 fidem,
1359 3714 1460 3769 nisi
1490 3731 1552 3771 ea
1583 3717 1761 3773 facere
1796 3719 1848 3774 in
1877 3738 2060 3778 mona-

481 3799 650 3854 sterio
671 3803 995 3856 monachum
1015 3843 1030 3867 ,
1061 3818 1181 3872 qua:
1217 3807 1327 3875 egit
1369 3806 1421 3861 in
1453 3808 1648 3863 szcrulo
1673 3809 1844 3866 adhuc
1875 3811 1927 3866 in
1959 3829 2059 3869 sa:-

482 3888 654 3943 culari
707 3890 894 3946 habitu
947 3895 1172 3964 positus.
1228 3895 1434 3951 Szeculo
1485 3897 1644 3953 fidem
1694 3910 1894 3967 servat,
1931 3903 2056 3972 quia

479 3979 598 4048 rjus
645 3981 974 4039 voluntatem
1015 3985 1194 4041 facere
1235 4003 1340 4042 non
1391 3997 1609 4055 cessat;
1655 3992 1851 4047 saeculo
1894 3993 2057 4048 tidem

479 4079 681 4136 servat,
726 4075 852 4142 quia
882 4090 940 4129 sc
980 4091 1079 4130 nec
1109 4077 1397 4144 desiderio,
1442 4095 1543 4135 nec
1575 4081 1923 4152 cogitatione,
1957 4100 2058 4140 nec

477 4177 642 4232 opere
667 4166 736 4220 ab
777 4165 867 4220 illo
910 4177 1156 4238 separat;
1191 4170 1284 4224 sed
1315 4178 1519 4225 tantum
1560 4187 1658 4243 per
1705 4182 1977 4230 tonsuram
2002 4185 2059 4231 et

481 4255 758 4326 religionis
797 4257 1040 4313 habitum
1071 4261 1165 4314 Dei
1207 4275 1328 4316 sese
1356 4264 1618 4318 mentitur
1652 4265 1840 4320 lilium.
1879 4266 1936 4320 In
1963 4267 2056 4321 ha-

478 4347 594 4402 bitu
620 4349 763 4404 enim
789 4359 842 4404 et
865 4351 1123 4423 religione
1143 4355 1386 4411 exterius
1403 4371 1434 4410 a
1464 4358 1828 4420 nescientltus
1845 4359 2058 4413 videtur

2156 532 2434 594 reguntur,
2463 541 2564 581 nec
2589 527 2940 595 collocantur,
2972 531 3068 585 sed
3087 531 3355 585 desideria
3381 547 3477 586 sua
3507 533 3739 602 implen-

2158 621 2238 669 tes
2276 617 2503 685 turpiter
2531 618 2582 671 in
2624 620 2737 674 suis
2778 621 3044 676 cubilibus
3074 630 3497 677 commorantur.
3533 623 3636 680 Ubi
3681 634 3740 681 et

2155 721 2255 776 pro
2281 706 2397 778 lege
2436 716 2622 763 tenent
2663 711 2843 765 omnia
2880 727 2998 781 qua:
3021 720 3336 782 operantur,
3376 722 3429 768 et
3468 715 3737 770 desideria

2157 812 2374 853 suarum
2394 799 2675 870 implentes
2705 803 3058 874 voluptatum,
3081 806 3262 860 omnia
3284 821 3618 878 qumcunque
3645 825 3740 864 vo—

2158 885 2278 942 lunt
2303 899 2582 960 peragunt.
2613 890 2765 947 Unde
2791 901 2845 947 et
2875 894 3124 949 subditur
3150 911 3164 950 :

2228 975 2361 1032 Cum
2395 979 2647 1049 quidquid
2680 984 2974 1051 putaverint
3010 983 3087 1038 vel
3109 984 3378 1055 elegerint,
3421 989 3518 1041 hoc
3555 989 3742 1042 dicunt

2157 1079 2432 1135 sanctum;
2464 1071 2690 1150 et.quod
2731 1089 2833 1126 non
2863 1073 3142 1139 voluerint,
3183 1087 3370 1144 putant
3410 1095 3514 1130 non
3558 1077 3739 1131 licere.

2159 1160 2428 1230 Quidqui]
2455 1163 2786 1231 putaverint,
2815 1164 2971 1230 dixit,
2999 1181 3104 1221 non
3122 1167 3383 1237 quidquid
3407 1168 3744 1223 auctoritate

2160 1249 2460 1306 divinarum
2517 1251 2918 1322 Scripturarum
2964 1254 3050 1309 vel
3095 1255 3354 1324 exemplis
3393 1255 3746 1326 probaverint

2161 1348 2398 1409 patrum.
2429 1339 2563 1396 Cum
2593 1343 2790 1411 quibus
2819 1345 2964 1398 enim
3007 1345 3272 1400 voluerint
3295 1345 3501 1414 jejunia
3533 1346 3746 1400 solvere

2162 1429 2407 1495 solitunt,
2437 1431 2529 1500 qui
2553 1431 2756 1497 dicunt,
2785 1431 3010 1498 Bonum,
3040 1441 3096 1490 et
3118 1443 3363 1490 sanetum
3391 1442 3474 1490 est
3499 1451 3599 1504 pro
3641 1436 3744 1490 ho-

2162 1519 2304 1587 spite
2348 1517 2552 1590 jejunia
2597 1521 2824 1577 solvere.
2869 1523 2977 1578 Illis
3012 1532 3191 1579 autem
3238 1526 3434 1596 quibus
3470 1526 3748 1582 noluerint

2165 1614 2552 1668 humanitatem
2575 1616 2854 1682 exhibere,
2879 1616 2996 1672 Non
3025 1619 3180 1673 nobis
3208 1619 3335 1674 licet
3355 1618 3621 1690 jejunium
3648 1622 3747 1675 ho—

2165 1703 2253 1758 die
2279 1703 2504 1759 solvere.
2537 1705 2709 1760 Aliter
2726 1713 2918 1776 putant
2943 1708 2994 1762 in
3025 1710 3278 1765 cordibus
3299 1712 3430 1777 suis,
3460 1721 3515 1768 et
3535 1712 3749 1784 eligunt

2166 1793 2221 1849 in
2259 1804 2440 1851 mente
2468 1812 2566 1852 sua
2594 1799 2775 1868 potius
2808 1799 3107 1854 solitariam
3137 1801 3304 1856 vitam
3329 1802 3547 1868 ducere,
3579 1817 3746 1874 quam

2163 1901 2285 1940 cum
2328 1886 2448 1943 aliis
2473 1889 2572 1943 sub
2611 1889 2842 1958 regulari
2867 1890 3150 1960 disciplina
3188 1907 3429 1947 manere.
3465 1893 3743 1960 Dicentes,

2164 1975 2417 2031 Sanctius
2445 1986 2529 2032 est
2557 1992 2746 2032 secura
2775 1987 2955 2034 mente
2984 1987 3035 2034 et
3063 1989 3268 2035 secreta
3300 1981 3511 2036 divisim
3537 1984 3742 2046 vivere,

2160 2080 2324 2135 quam
2353 2075 2447 2120 aut
2471 2066 2592 2122 aliis
2614 2068 2862 2139 irrogare
2890 2077 2984 2124 aut
3013 2070 3080 2124 ab
3109 2069 3230 2124 aliis
3261 2070 3551 2141 irrogatam
3583 2087 3746 2144 regu-

2161 2155 2329 2212 larem
2368 2158 2609 2228 recipere
2653 2159 3014 2229 disciplinam.
3070 2159 3385 2216 Nescientes
3443 2163 3741 2232 scriptum:

2169 2248 2261 2304 Va:
2287 2249 2387 2303 soli
2411 2287 2424 2315 ,
2461 2251 2585 2319 quia
2614 2268 2731 2304 cum
2774 2232 3016 2306 ceciderit
3063 2269 3167 2307 non
3205 2253 3356 2307 habet
3384 2253 3743 2307 sublevantem

2163 2340 2359 2413 (Eccle.
2390 2342 2484 2414 tv).
2515 2343 2678 2397 Multa
2711 2344 2857 2399 enim
2886 2344 3122 2414 pericula
3146 2355 3270 2400 sunt
3297 2345 3536 2400 solitario
3556 2346 3745 2416 proxi-

2160 2447 2267 2486 ma.
2305 2432 2545 2487 Primum
2591 2433 2719 2504 quia
2765 2434 3085 2505 sibimetipsi
3134 2436 3186 2490 in
3229 2437 3478 2492 omnibus
3525 2438 3738 2492 actibus

2161 2523 2274 2578 suis
2298 2522 2490 2592 placet,
2514 2532 2569 2578 et
2589 2523 2794 2578 nullum
2819 2524 2983 2579 alium
3009 2525 3168 2581 habet
3195 2527 3285 2596 qui
3309 2541 3445 2598 opus
3469 2525 3585 2596 ejus
3609 2543 3738 2597 pro-

2159 2615 2269 2669 bet.
2309 2614 2512 2670 Deinde
2538 2629 2764 2685 quaeque
2789 2615 2863 2670 illi
2892 2616 3020 2671 vitia
3053 2619 3351 2683 abundent,
3383 2633 3608 2688 quaeque
3637 2619 3747 2672 vir-

2161 2713 2303 2761 tutes
2354 2704 2570 2773 desint,
2621 2723 2727 2763 non
2779 2707 3073 2780 cognoscit.
3110 2709 3166 2763 ln
3217 2723 3324 2778 quo
3371 2708 3736 2764 humilitatem

2161 2812 2316 2852 suam
2367 2799 2556 2868 probet
2601 2798 2872 2854 neminem
2932 2800 3130 2866 habet,
3181 2799 3538 2856 obedientiam
3585 2799 3744 2854 fratri

2163 2904 2272 2944 non
2319 2888 2628 2960 impendit,
2681 2891 2735 2945 in
2775 2888 2999 2959 jejuniis
3040 2891 3357 2961 patientiam
3403 2903 3509 2944 non
3560 2898 3744 2944 osten-

2159 2979 2256 3035 dit.
2289 2979 2474 3034 Melius
2500 2989 2736 3051 estergo
2778 2982 3040 3036 monacho
3075 2990 3133 3036 ut
3151 2981 3299 3036 vivat
3327 2981 3382 3035 in
3413 2980 3744 3036 monasterio

2161 3084 2284 3126 cum
2313 3069 2594 3141 disciplina
2619 3072 2781 3127 unius
2807 3072 2976 3140 patris
3009 3072 3409 3142 multorumque
3443 3072 3742 3135 consortio,

2159 3167 2214 3214 et
2244 3160 2313 3215 ab
2355 3159 2460 3216 alio
2501 3161 2675 3216 discat
2703 3161 3062 3217 humilitatem
3087 3202 3102 3228 ,
3143 3163 3211 3217 ab
3255 3163 3362 3217 alio
3383 3163 3739 3232 patientiam;

2160 3265 2301 3306 unus
2327 3251 2473 3306 enim
2519 3250 2796 3306 silentium
2817 3292 2832 3318 ,
2863 3252 3003 3307 alter
3037 3253 3194 3308 docet
3217 3253 3687 3308 mansuetudinem
3723 3271 3738 3306 :

2161 3358 2268 3398 non
2293 3342 2454 3398 faciat
2477 3345 2621 3413 quod
2643 3344 2783 3407 vult;
2825 3345 3074 3399 comedat
3099 3345 3241 3414 quod
3260 3344 3516 3415 jubetur;
3543 3344 3742 3398 habeat

2160 3443 2425 3504 quantum
2465 3435 2768 3503 acceperit;
2818 3433 2999 3504 operis
3047 3434 3130 3488 sui
3177 3449 3399 3504 pensam
3428 3432 3738 3503 persolvat;

2160 3524 2480 3595 subjiciatur
2503 3527 2588 3580 cui
2613 3541 2718 3580 non
2747 3524 2878 3578 vult.
2905 3525 3106 3579 Lassus
3139 3523 3206 3578 ad
3233 3524 3511 3578 servitium
3535 3523 3740 3585 veniat,

2160 3619 2547 3687 ambulansque
2573 3617 2861 3683 dormitet,
2903 3615 3378 3684 necdum‘expleto
3406 3629 3595 3669 somno
3622 3630 3742 3668 sur-

2159 3725 2284 3783 gere
2314 3709 2684 3779 compellatur.
2716 3707 2916 3764 Passus
2945 3706 3197 3776 iniuriam
3229 3711 3427 3760 taceat.

2230 3804 2492 3870 Quartum
2518 3818 2634 3857 vero
2659 3817 2822 3873 genus
2843 3809 2917 3856 est
2934 3799 3328 3864 monachorunt,
3347 3797 3486 3869 quod
3503 3796 3740 3850 nomina-

2157 3907 2244 3949 tur
2257 3907 2596 3962 ggrovagum,
2619 3892 2708 3962 qui
2730 3900 2838 3945 tota
2864 3891 2966 3945 vita
2980 3907 3077 3944 sua
3091 3905 3183 3960 per
3197 3888 3427 3942 diversas
3446 3886 3742 3958 provincias

2157 3985 2308 4040 trmis
2345 3992 2438 4037 aut
2463 3984 2730 4056 quaternis
2757 3983 2939 4037 diebus
2966 3998 3059 4053 per
3092 3982 3416 4036 diuersorum
3445 3979 3603 4034 cellas
3647 3979 3744 4031 ho—

2155 4077 2438 4148 spitentur,
2467 4091 2666 4146 semper
2692 4075 2806 4145 vagi
2828 4082 2877 4128 et
2909 4089 3174 4141 nunquam
3197 4074 3429 4128 stabiles.
3461 4071 3608 4142 Gyro
3636 4073 3744 4125 cir—

2157 4169 2334 4224 cuitus
2369 4163 2586 4223 dicitur.
2635 4167 2776 4237 Ergo
2804 4181 3105 4238 gyrovagus
3133 4165 3392 4220 dicendus
3423 4172 3506 4218 est
3529 4163 3620 4217 ille
3646 4163 3739 4232 qui

2156 4277 2325 4333 vagus
2350 4269 2514 4332 atque
2541 4259 2786 4331 vagando
2812 4259 3041 4314 aliorum
3065 4257 3229 4314 cellas
3248 4258 3560 4327 pariterque
3583 4269 3743 4309 casas

2157 4355 2375 4410 circuit.
2413 4354 2520 4423 lpsi
2563 4361 2618 4406 et
2661 4349 2768 4407 alio
2806 4352 3025 4407 nomine
3063 4349 3404 4406 Circilliones
3450 4354 3737 4411 vocantur,

479 4453 602 4494 esse
624 4441 941 4508 monachus,
965 4445 1218 4513 operibus
1239 4453 1416 4502 tamen
1441 4462 1473 4502 a
1501 4449 1798 4504 scientibus
1828 4449 2056 4506 Domino
2080 4470 2133 4531 Β
2159 4445 2252 4515 qui
2284 4445 2384 4499 sub
2420 4443 2606 4498 habitu
2646 4442 3036 4497 monaChOI'um
3068 4439 3168 4495 hac
3197 4436 3422 4531 “hcque
3449 4445 3735 4509 vagantur.

481 4531 692 4586 videtur
716 4545 840 4590 esse
871 4536 1148 4592 mentitus.
1176 4537 1252 4592 De
1280 4539 1476 4594 talibus
1497 4540 1640 4595 enim
1662 4541 1920 4597 Dominus
1939 4543 2050 4598 ait:

2156 4538 2400 4594 venalem
2456 4533 2898 4592 circumferentes
2940 4531 3270 4602 hypocrisin.
3328 4529 3740 4584 Circumeuntes

493 4619 740 4677 l’idebitis
787 4639 873 4678 eos
921 4626 976 4678 in
1020 4626 1240 4681 uestibus
1290 4629 1484 4694 arium,
1518 4630 1830 4684 intrinsecus
1881 4642 2056 4686 autem
2151 4627 2458 4700 provincias
2502 4641 2766 4695 nusquam
2803 4625 2976 4688 miSSi.
3015 4636 3283 4693 nusquam
3323 4621 3435 4683 “3i.-
3469 4634 3736 4688 "us‘l‘mm

478 4722 600 4766 sunt
629 4712 739 4786 lupi
765 4731 1014 4786 rapaces,
1056 4734 1088 4770 a
1127 4717 1386 4787 fructibus
1411 4734 1590 4772 eorum
1628 4721 1942 4789 cognoscetis
1969 4737 2056 4776 eos
2151 4728 2390 4783 stantes,
2424 4734 2691 4788 nusquam
2719 4719 2998 4782 sedentes;
3039 4731 3253 4786 semper
3287 4724 3342 4769 et
3370 4715 3587 4783 ubique.

481 4805 696 4876 (Matth.
721 4807 840 4880 vn).

552 4900 656 4966 Qui
689 4901 796 4956 bini
829 4912 918 4956 aut
948 4904 1100 4964 terni,
1137 4912 1227 4955 aut
1268 4912 1405 4956 certe
1433 4901 1628 4970 singuli
1667 4901 1778 4956 sine
1818 4913 2050 4972 pastore,

481 5007 582 5044 non
607 4990 913 5056 Dominicis,
950 4991 1040 5046 sed
1077 4992 1188 5045 suis
1222 4991 1411 5045 inclusi
1448 4990 1664 5045 ovilibus
1708 5009 1802 5062 pro
1833 4992 1941 5063 lege
1977 4993 2052 5049 eis

478 5092 552 5136 est
579 5082 955 5137 desideriorum
991 5083 1247 5152 voluptas.
1294 5083 1423 5138 Sine
1455 5093 1670 5161 pas_tore
1705 5085 1862 5147 dicit,
1892 5085 1944 5140 id
1972 5097 2057 5142 est

478 5177 596 5231 sine
623 5176 839 5242 abbate,
881 5175 972 5245 qui
1014 5176 1068 5229 in
1110 5175 1438 5228 monasterio
1474 5175 1645 5230 vicem
1675 5176 1874 5232 Christi
1905 5178 2053 5233 vide-

479 5279 568 5323 tur
611 5282 787 5337 agere,
839 5266 930 5334 qui
987 5265 1164 5318 dixit:
1197 5263 1310 5334 Ego
1345 5280 1461 5318 sum
1508 5276 1690 5335 pastor
1739 5267 1919 5330 bonus,
1963 5268 2055 5338 qui

477 5377 634 5432 pasco
658 5376 772 5413 oves
801 5375 960 5420 meas,
990 5358 1079 5428 qui
1101 5372 1352 5426 cognosco
1383 5373 1557 5422 meas,
1585 5359 1708 5427 quia
1740 5367 2058 5428 cognoscunt

479 5471 558 5509 me
579 5451 907 5522 meonan.
936 5451 1012 5523 ι).
1041 5451 1103 5504 Ει
1131 5450 1252 5519 quia
1279 5460 1546 5520 pastorem
1572 5466 1676 5504 non
1700 5451 1923 5512 habent,
1951 5466 2058 5504 non

482 5548 533 5599 in
575 5544 898 5608 Dominicis,
931 5543 1024 5598 sed
1052 5541 1166 5596 suis
1203 5541 1390 5596 inclusi
1425 5541 1655 5596 ovilibus
1686 5548 1919 5593 manent.
1955 5540 2058 5593 Do-

484 5637 611 5689 tniui
641 5636 783 5710 enim
813 5635 972 5690 ovilia
1004 5642 1314 5689 sanctorum
1357 5632 1744 5687 monachorum
1775 5637 1900 5683 sunt
1943 5643 2058 5681 mo-

486 5727 741 5790 nasteria,
776 5728 866 5793 qui
908 5736 1052 5784 recte
1080 5743 1107 5780 a
1132 5741 1342 5781 summo
1365 5735 1583 5793 pastore
1617 5721 1835 5775 Christo
1861 5735 2056 5789 regun-

2226 4809 2467 4879 PrOpriis
2505 4807 2853 4878 voluptatibus
2893 4818 2942 4861 et
2975 4807 3112 4878 gula:
3143 4806 3395 4860 illecebris
3435 4807 3734 4859 servientes.

2161 4899 2430 4954 llleccbrte
2465 4899 2716 4952 dicuntur
2752 4897 3134 4953 delectationes
3171 4897 3390 4960 illicitae,
3425 4895 3733 4957 luxuriose,

2161 4989 2525 5058 voluptuosm,
2567 4987 2681 5042 sive
2723 4987 3084 5057 turpissimze,
3133 4986 3186 5040 in
3229 4985 3423 5054 quibus
3458 4982 3634 5037 mollis
3683 4991 3737 5036 et

2162 5079 2456 5136 dissolutus
2482 5077 2781 5132 monachus
2805 5077 3118 5146 frequenter
3149 5074 3458 5129 involvitur.

2233 5169 2442 5223 Etcum
2470 5169 2578 5222 sint
2606 5166 2694 5221 isti
2721 5183 2814 5236 per
2831 5166 3006 5220 omnia
3031 5164 3310 5218 deteriores
3333 5161 3648 5227 Sarabnitis,
3669 5161 3735 5216 de

2161 5258 2372 5313 illorum
2401 5257 2575 5309 omnia
2606 5255 2900 5308 miserrima
2929 5253 3317 5306 conversatione
3337 5251 3529 5306 melius
3548 5259 3632 5306 est
3661 5249 3737 5306 si-

2161 5351 2292 5414 lere,
2322 5362 2484 5419 quam
2507 5346 2673 5416 loqui.
2941 5373 2948 5376 -

2787 5433 3012 5488 CAPUT
3051 5433 3114 5486 ll.

2567 5527 2751 5592 Qualis
2785 5525 2966 5579 debeat
2996 5541 3106 5579 esse
3145 5524 3322 5577 abbas.

2226 5623 2552 5690 Qualitatem
2583 5621 2724 5674 enim
2764 5618 2888 5673 boni
2921 5618 3152 5688 pastoris
3189 5616 3239 5669 in
3280 5615 3734 5684 subsequentibus

2157 5715 2441 5772 ostendere
2489 5711 2676 5766 volens
2726 5712 2914 5766 beatus
2953 5712 3272 5766 Benedictus
3312 5708 3595 5778 prmmisit,
3655 5707 3732 5760 di-
