3940 6418
194 336 298 395 7!!)

1250 327 1607 389 COMLEN'L
1649 326 1713 379 ιλ
1756 328 1909 383 LM}.
2054 329 2443 420 EiiNEDlCTl,
3356 337 3457 393 750

192 474 322 515 cens
350 469 368 509 :
395 449 586 523 Qualis
624 452 785 508 debet
823 450 991 506 abbas
1028 450 1181 506 esse?
1215 449 1313 505 Cui
1338 448 1770 519 respondendum
1801 452 1849 510 Α
1875 447 2100 513 docere;
2131 448 2225 503 sed
2247 449 2366 519 ejus
2389 448 2635 504 doctrina
2662 463 2785 505 eum
2811 451 3098 521 praeceptis
3130 448 3341 506 Domini
3367 452 3454 509 deo

191 558 279 605 est
318 546 661 603 aﬂirmative.
707 546 887 599 Bonus
936 543 1143 613 utique.
1189 542 1354 607 Talis,
1395 541 1609 611 qualem
1636 539 1780 611 Apo-

193 641 367 698 stolus
414 637 675 694 describit
722 637 909 692 dicens
952 652 965 688 :
1011 633 1135 689 Sine
1198 634 1436 698 crimine,
1488 633 1622 687 sicut
1684 632 1781 685 Dei

193 734 514 795 ministrum,
541 747 647 784 non
676 729 979 799 superbum,
1015 744 1119 782 non
1146 726 1480 791 iracundum,
1508 742 1614 779 non
1634 726 1781 779 cino—

194 825 417 888 lentum,
452 838 558 877 non
581 836 936 892 percussorem
956 859 971 882 ,
1006 835 1112 873 non
1136 816 1438 887 temporalis
1463 815 1599 869 lucri
1629 831 1705 884 cu,
1728 815 1778 868 i-

194 918 339 979 dum,
398 914 493 969 sed
546 912 873 984 hospitalem,
919 912 1217 982 benignum,
1266 909 1520 971 sobrium,
1546 907 1777 977 justum,

193 1014 464 1072 sanctum,
494 1006 840 1061 continentem
858 1040 872 1069 ,
912 1014 968 1057 ut
995 1014 1176 1074 potens
1205 1002 1273 1056 sit
1305 1000 1574 1056 exhortari
1598 1002 1653 1053 in
1685 1000 1782 1053 do-

194 1098 365 1153 ctrina
390 1110 551 1161 sana,
575 1104 625 1150 et
654 1108 764 1161 eos,
796 1092 885 1165 qui
909 1093 1278 1148 contradicunt
1312 1101 1535 1162 arguere
1557 1089 1686 1161 (Tit.
1713 1087 1775 1159 ι).

193 1189 339 1248 Talis
365 1191 489 1247 sine
518 1190 702 1255 dubio,
729 1199 784 1243 et
810 1185 1114 1258 bujttsmodi
1142 1185 1301 1241 debet
1335 1196 1474 1238 esse.

260 1278 471 1347 Abbas,
512 1282 601 1352 qui
635 1292 858 1350 pra’esse
884 1279 1075 1347 dignus
1109 1285 1183 1330 est
1211 1274 1552 1337 monasterio,
1579 1282 1781 1341 semper

128 1444 137 1447 _
190 1378 492 1432 meminisse
517 1374 662 1429 debet
683 1371 822 1444 quod
843 1370 1056 1425 dicitur.
1084 1369 1293 1423 Dicitur
1310 1367 1455 1422 enim
1475 1373 1531 1420 et
1553 1372 1779 1418 vocatur

191 1471 382 1535 abbas,
410 1469 464 1524 id
496 1474 581 1522 est
608 1473 782 1537 pater.
812 1463 869 1517 Si
896 1462 1039 1517 enim
1070 1469 1227 1531 pater
1246 1469 1352 1523 est,
1375 1467 1604 1527 paterno
1626 1466 1779 1508 more

196 1560 351 1624 ﬁlios,
386 1560 443 1615 id
482 1565 586 1623 est,
617 1555 911 1610 menachos
943 1568 1071 1608 suos
1100 1551 1324 1615 nutriat,
1364 1557 1594 1619 paterno
1629 1561 1779 1602 more

193 1647 403 1723 diligat,
442 1656 499 1704 et
529 1664 652 1705 cum
684 1661 906 1703 necesse
938 1642 1131 1709 fuerit,
1162 1650 1389 1712 paterno
1429 1654 1578 1695 more
1615 1639 1778 1694 casti-

190 1751 301 1809 ttct,
331 1749 544 1811 arguat,
571 1740 840 1804 obsecret,
869 1746 923 1793 et
951 1752 1076 1791 cum
1104 1724 1473 1805 increpatione
1495 1731 1773 1802 corripiat.

1879 538 1971 592 bet
1997 539 2050 593 in
2095 539 2346 595 omnibus
2396 540 2804 612 diligentissime
2854 541 3206 597 concordare.
3246 542 3290 596 Α
3321 559 3461 612 prte-

1880 633 2052 702 ceptis
2079 633 2224 687 enim
2262 634 2475 688 Domini
2519 635 2677 690 debet
2702 637 2947 706 accipere
2981 628 3035 691 in
3081 639 3356 703 omnibus,
3396 639 3464 693 de

1879 726 2076 796 quibus
2101 725 2394 796 discipulos
2429 742 2557 782 suos
2591 728 2707 781 vult
2736 728 2950 783 docere.
2985 732 3088 783 Aut
3113 732 3462 795 constituere;

1878 819 2212 873 constituere
2241 819 2408 885 dicit,
2436 819 2689 886 diliinire,
2722 822 2805 875 vel
2830 824 3049 877 modum
3075 839 3297 894 ponere,
3319 827 3463 894 quod

1877 916 2032 961 extra
2059 917 2386 979 praeceptum
2423 910 2636 964 Domini
2675 911 2745 965 ab
2772 912 2967 967 abbate
3000 912 3114 967 ﬁeri
3146 928 3250 967 non
3281 916 3459 970 debet.

1879 996 2069 1053 Modus
2090 999 2238 1054 enim
2267 1008 2324 1054 et
2362 997 2612 1055 diﬂinitio
2640 1002 2892 1056 abbatum
2929 1006 3223 1058 secundum
3250 1004 3459 1062 Domini

1879 1087 1932 1141 in
1964 1089 2219 1144 omnibus
2243 1089 2406 1145 debet
2452 1090 2572 1145 ﬁeri
2615 1084 2941 1161 praeceptum
2961 1136 2975 1160 ,
3007 1110 3076 1149 ne
3116 1104 3207 1150 aut
3239 1097 3464 1151 remisse

1884 1179 2122 1235 viventes
2160 1191 2372 1253 mergat
2396 1183 2451 1237 in
2480 1183 2766 1253 laqueum;
2808 1195 2901 1241 aut
2932 1189 3155 1243 nimium
3190 1191 3467 1246 abstinen-

1877 1276 1962 1323 tes
1991 1270 2044 1322 in
2075 1272 2328 1325 nocivum
2360 1274 2642 1343 compellat
2672 1278 3053 1332 murmurium.
3084 1278 3311 1337 Abbatis
3334 1296 3464 1352 ergo

1877 1360 2192 1416 constitutio
2235 1363 2289 1416 in
2330 1363 2416 1418 via
2454 1366 2603 1435 regia
2643 1376 2847 1421 rectum
2892 1367 3074 1425 facere.
3112 1372 3272 1428 debet
3312 1391 3465 1445 gres-

1877 1463 2037 1514 sum;
2074 1467 2143 1505 ne
2187 1452 2233 1507 si
2262 1452 2381 1522 plus
2427 1453 2639 1521 fecerit,
2683 1471 2896 1529 gregem
2923 1475 3080 1515 suum
3118 1461 3368 1519 laborare
3408 1465 3460 1518 in

1877 1537 2204 1595 ambulando
2231 1541 2552 1598 defectionis
2581 1547 2846 1602 sustineat
2873 1548 3279 1606 detrimentum.
3314 1551 3381 1607 Et
3410 1554 3458 1608 si

1877 1629 2162 1685 remissius
2183 1646 2348 1700 quam
2382 1634 2539 1689 decet
2571 1637 2860 1693 nutriverit
2886 1655 3032 1706 eum,
3071 1640 3348 1700 luxuriose
3373 1645 3459 1699 vi—

1877 1732 2012 1776 vens
2039 1720 2253 1777 labatur
2294 1724 2347 1778 in
2387 1733 2671 1781 tartarum.
2714 1727 2806 1782 Vel
2825 1726 3052 1799 fnbere;
3086 1732 3279 1803 jubere
3308 1736 3461 1802 dicit,

194 1834 261 1898 Et
296 1833 347 1888 si
375 1796 686 1888 necessario
725 1826 1300 1885 excommunicationis
1334 1824 1659 1887 cauterium,
1688 1821 1773 1877 vel
1802 1796 1850 1856 Β
1876 1812 2203 1886 principem,
2229 1816 2315 1870 vel
2342 1816 2632 1887 imperare,
2664 1835 2784 1889 qme
2816 1822 2886 1877 ab
2913 1824 3293 1883 abbate‘extra
3323 1844 3463 1898 pra:-

191 1925 467 1995 virgarum
504 1919 809 1975 adhibuerit
851 1916 1145 1989 ﬂagellum,
1177 1928 1282 1971 nun
1315 1913 1481 1969 animi
1505 1913 1650 1977 odio,
1678 1913 1771 1968 sed

192 2018 297 2071 hoc
318 2013 487 2070 faciat
519 2026 704 2068 amore
737 2019 992 2082 paterno,
1026 2006 1133 2064 ulla
1168 2023 1331 2063 causa
1371 2007 1641 2070 vindicta),
1679 2004 1772 2061 sed

190 2118 379 2162 amore
400 2101 646 2177 justitire.
680 2102 953 2173 Scriptum
980 2109 1066 2157 est
1098 2101 1244 2156 enim
1271 2114 1287 2154 :
1318 2098 1472 2154 Iuste
1503 2098 1643 2170 quod
1672 2098 1771 2168 ju-

190 2206 334 2252 stum
370 2205 447 2250 est
487 2194 784 2265 exsequeris
834 2191 1012 2262 (Deut.
1045 2189 1180 2264 xvr).
1211 2189 1279 2244 Et
1306 2189 1434 2259 quia
1469 2187 1649 2257 justus
1674 2188 1776 2241 Do-

191 2288 375 2342 minus
405 2284 675 2355 justitiam
727 2283 922 2355 diligit,
974 2283 1162 2346 abbas,
1203 2281 1297 2352 qui
1346 2281 1402 2335 in
1445 2280 1772 2335 monasterio

191 2374 312 2449 ejus
346 2378 493 2432 vices
526 2375 740 2431 videtur
765 2389 952 2445 agere,
985 2372 1249 2442 justitiam
1279 2373 1440 2427 debet
1458 2384 1659 2424 amare.

268 2468 340 2522 Et
377 2484 564 2522 nomen
613 2464 832 2537 majoris
868 2465 1024 2536 factis
1068 2463 1300 2536 implere.
1343 2461 1494 2517 Multi
1537 2474 1772 2532 namque

192 2555 447 2613 abbatum
471 2555 708 2628 gaudent
735 2557 935 2610 habere
962 2569 1159 2609 nomen
1201 2552 1443 2622 majoris,
1474 2551 1529 2607 id
1558 2559 1643 2607 est
1677 2552 1774 2606 ab-

191 2646 355 2708 batis.
379 2646 473 2701 sed
509 2652 690 2699 tamen
717 2643 969 2698 sudorem
1003 2642 1198 2697 timent
1222 2639 1373 2695 adire
1407 2639 1627 2694 laboris.
1662 2638 1772 2709 Ap-

189 2744 382 2807 petunt
425 2734 651 2807 gloriam
691 2732 1064 2802 temporalem,
1112 2739 1170 2787 et
1208 2746 1318 2785 non
1362 2742 1464 2800 pro
1509 2730 1769 2784 mandato

187 2843 447 2885 exercere
474 2827 732 2883 laborem.
775 2825 840 2880 Et
870 2825 915 2880 si
947 2822 1234 2894 contigerit
1254 2837 1350 2879 eos
1382 2820 1645 2878 fratribus
1679 2836 1772 2877 ex-

188 2917 513 2976 hortationis
552 2918 797 2989 proferre
843 2931 1150 2972 sermonem
1187 2928 1286 2985 pro
1315 2928 1452 2968 vana
1489 2914 1677 2985 gloria,
1714 2915 1770 2968 id

190 3018 359 3082 agunt
396 3026 502 3066 non
531 3026 630 3081 pro
674 3020 874 3064 aeterna
906 3005 1173 3061 mercede.
1223 3005 1326 3072 Qui
1360 3018 1491 3075 ergo
1521 3004 1635 3059 vult
1658 3019 1769 3075 pra:

1873 1916 2089 1978 ceptum
2110 1908 2319 1962 Domini
2353 1909 2471 1964 ﬁeri
2495 1923 2601 1964 non
2626 1912 2708 1966 de!
2732 1920 2843 1967 ent.
2874 1913 2930 1968 Si
2953 1916 3095 1970 cnim
3122 1933 3243 1987 qum
3269 1936 3461 1975 secun‘

1874 1998 2002 2052 dum
2034 1999 2245 2053 Domini
2271 2010 2539 2070 praecepta
2563 2014 2689 2057 sunt
2715 2005 2991 2074 discipulis
3017 2011 3336 2080 prarcipiens
3364 2012 3461 2066 im-

1873 2085 2237 2154 peraverit,et
2260 2087 2329 2140 ab
2344 2086 2452 2141 illis
2466 2088 2718 2157 gratiam,
2744 2097 2800 2144 et
2826 2105 2857 2144 a
2888 2091 3116 2148 Domino
3146 2097 3454 2151 mercedem

1873 2176 2099 2246 recipiet
2123 2177 2532 2259 sempiternam.
2577 2178 2637 2235 Si
2678 2193 2857 2236 autem
2898 2185 3040 2253 quod
3080 2196 3235 2242 extra
3259 2203 3461 2258 pasce--

1872 2277 2021 2336 pium
2050 2258 2263 2324 Domini
2302 2268 2372 2323 sit
2416 2258 2733 2340 imperando
2772 2276 3048 2346 prmcepit,
3097 2285 3153 2332 et
3182 2279 3463 2349 discipulis

1880 2357 2151 2424 damnum,
2197 2369 2254 2414 et
2303 2361 2494 2417 animm
2534 2377 2647 2418 sua:
2695 2363 2893 2437 ingerit
2940 2368 3342 2426 detrimentum.
3394 2372 3464 2427 Et

1873 2446 1994 2503 ideo
2023 2450 2155 2505 nihil
2185 2452 2329 2521 quod
2364 2461 2517 2509 extra
2562 2466 2893 2528 prmceptum
2924 2458 3133 2517 Domini
3168 2462 3272 2529 sit,
3300 2464 3463 2522 debet

1872 2548 1968 2593 aut
1994 2540 2208 2606 docere,
2240 2550 2333 2596 ant
2359 2546 2716 2613 constituere,
2745 2549 2829 2604 vel
2852 2547 3067 2619 jubere.

1943 2628 2051 2684 Sed
2076 2631 2251 2700 jussio
2296 2634 2435 2703 ejus,
2488 2635 2567 2689 vel
2610 2637 2875 2707 doctrina,
2918 2643 3230 2712 fermentum
3270 2646 3460 2702 divina:

1862 2717 2090 2789 justitia:
2130 2723 2184 2775 in
2215 2723 2593 2794 discipulorum
2643 2732 2901 2787 mentibus
2948 2747 3277 2807 conspergat.
3326 2738 3458 2794 Fer-

1873 2819 2117 2865 mentum
2145 2815 2290 2867 enim
2336 2829 2366 2868 a
2405 2815 2620 2871 fervore
2662 2835 2858 2875 nomen
2911 2826 3142 2896 accepit.
3177 2826 3328 2895 Quod
3357 2829 3459 2885 hoc

1872 2900 1926 2955 in
1957 2900 2076 2956 loco
2097 2902 2384 2958 charitatis
2395 2904 2664 2975 signiﬁcat
2684 2909 3053 2980 dilectionem,
3077 2931 3197 2984 quae
3219 2919 3285 2972 ad
3311 2935 3461 2974 amo-

1871 3008 1986 3047 rem
2015 2993 2210 3049 divina
2231 2992 2454 3063 iustitia:
2483 2996 2693 3055 fervere
2724 3001 2871 3068 facit,
2902 3011 2957 3058 et
2981 3007 3183 3062 excitat
3205 3019 3451 3076 mentes;

190 3102 403 3159 catteris
432 3118 627 3157 nomen
674 3100 897 3169 majoris
928 3098 1130 3153 habere
1157 3137 1171 3163 ,
1202 3097 1257 3151 in
1304 3096 1459 3152 bonis
1511 3096 1766 3166 operibus

1874 3086 2045 3142 donec
2066 3084 2133 3141 ad
2156 3094 2362 3143 tantam
2385 3104 2480 3146 eos
2507 3090 2810 3149 dilectionis
2844 3095 3231 3165 perfectionem
3258 3104 3451 3170 perdu-

191 3205 304 3263 prae
334 3192 545 3248 exteris
571 3192 731 3247 debet
764 3191 979 3246 sudare.
1015 3186 1133 3243 Non
1162 3187 1307 3243 enim
1332 3185 1605 3241 auditores
1632 3186 1769 3258 legis

185 3279 318 3352 justi
359 3291 485 3337 sunt
522 3282 664 3354 apud
704 3278 905 3347 Deum,
950 3280 1042 3337 sed
1069 3277 1304 3334 factores
1338 3276 1474 3348 legis
1507 3276 1773 3346 justiiica-

190 3373 411 3428 buntur.

257 3462 455 3519 Christi
498 3464 638 3519 enim
681 3461 815 3517 uices
858 3476 1011 3532 agere
1055 3475 1111 3515 ιη
1148 3458 1468 3514 monasterio
1513 3458 1766 3526 creditur,

185 3553 397 3625 quando
423 3554 589 3624 ipsius
621 3561 836 3607 vocatur
862 3552 1204 3621 praenomine,
1240 3550 1443 3606 dicente
1473 3549 1723 3622 Apostolo
1748 3560 1768 3601 :

188 3642 471 3714 Accepistis
492 3641 733 3711 spiritum
762 3640 1056 3710 adoptionis
1090 3638 1348 3709 ﬁliorum,
1369 3640 1424 3694 in
1446 3656 1548 3710 quo
1570 3638 1771 3694 clama-

184 3747 302 3788 mus
326 3749 345 3787 :
387 3731 559 3794 Abba,
601 3739 769 3799 pater.
800 3728 951 3782 Tunc
979 3730 1122 3782 enim
1148 3729 1316 3783 abbas
1346 3728 1397 3782 in
1439 3729 1770 3784 monasterio

186 3825 360 3880 vicem
387 3819 589 3875 Christi
627 3819 756 3889 agit,
805 3815 1018 3886 quando
1045 3831 1263 3888 gregem
1289 3816 1388 3872 sibi
1419 3819 1767 3873 commissum

185 3911 409 3985 provide
430 3919 487 3965 et
502 3908 648 3979 juste
668 3908 824 3978 regit,
847 3908 1062 3978 quando
1084 3914 1277 3962 cuncta
1293 3920 1412 3976 quae
1434 3907 1767 3975 disponenda

185 4012 315 4058 sunt
335 4008 484 4057 recte
510 3999 765 4070 disponit,
793 4006 1090 4068 temperate
1112 4013 1232 4068 qum
1254 3998 1461 4068 agenda
1483 4006 1610 4053 sunt
1633 4000 1764 4068 agit,

187 4093 452 4152 catholice
498 4109 617 4165 quae
665 4094 901 4149 docenda
946 4100 1072 4148 sunt
1117 4092 1292 4148 docet.
1346 4090 1614 4160 Operatur
1648 4105 1768 4160 quae

187 4188 459 4260 operanda
508 4193 652 4249 sunt,
705 4193 912 4242 etcum
958 4186 1284 4241 discretione
1323 4199 1443 4254 quae
1472 4184 1763 4256 judicanda

188 4285 315 4332 sunt
335 4275 575 4345 iudicat,
608 4284 662 4331 ct
707 4274 1132 4330 misericorditer
1172 4288 1292 4344 qum
1320 4273 1608 4328 relaxanda
1640 4281 1768 4329 sunt

186 4366 424 4430 relaxat,
456 4376 512 4422 et
544 4373 714 4421 totum
744 4363 845 4421 sibi
874 4379 1091 4436 gregem
1117 4363 1468 4418 commissum
1500 4364 1554 4418 in
1594 4363 1768 4419 chari-

188 4456 315 4510 tatis
358 4454 641 4510 dilectione
671 4453 1028 4525 conglutinat,
1073 4460 1131 4508 et
1174 4458 1371 4517 totum,
1423 4452 1572 4507 velut
1604 4460 1762 4521 pater

187 4546 408 4601 unicum
442 4545 607 4600 lilium
628 4587 642 4611 ,
677 4552 849 4603 amat.
880 4553 934 4599 et
962 4553 1090 4599 tunc
1111 4540 1259 4613 juste
1286 4551 1342 4597 et
1369 4543 1764 4599 rationabiliter

187 4652 286 4707 pro
313 4636 529 4690 nomine
558 4635 761 4691 Christi
793 4634 1041 4705 fungens,
1072 4634 1141 4689 ab
1169 4634 1442 4699 omnibus,
1470 4633 1616 4689 velut
1642 4648 1672 4688 a
1703 4634 1766 4689 ii-

186 4726 274 4783 liis
299 4727 436 4782 abba
463 4736 617 4798 pater
650 4735 892 4782 vocatur.

255 4816 486 4884 Ideoque
512 4816 671 4870 abbas
693 4814 823 4870 nihil
843 4825 991 4871 extra
1019 4827 1333 4888 prwceptum
1358 4815 1573 4871 Domini
1600 4815 1763 4888 (quod

174 4905 343 4978 absit)
367 4905 512 4961 debet
543 4916 632 4960 aut
660 4905 867 4972 docere,
912 4916 1005 4960 aut
1054 4908 1393 4972 constituere,
1424 4916 1516 4961 aut
1555 4907 1762 4977 jubere.

186 4996 374 5052 Omnis
399 4997 543 5052 enim
569 4997 812 5051 doctrina
839 4997 1046 5052 duobus
1071 4997 1245 5053 modis
1273 4998 1554 5064 consistit,
1582 4998 1764 5053 verbis

187 5087 522 5170 videlicetet
547 5088 807 5157 exemplis
829 5129 845 5154 ,
884 5089 1025 5144 sicut
1052 5090 1192 5145 idem
1223 5090 1414 5145 beatus
1441 5089 1765 5145 Benedictus

188 5181 241 5237 in
272 5181 724 5250 subsequentibus
755 5181 830 5234 ait
858 5196 870 5233 :
902 5180 1036 5236 Cum
1066 5180 1281 5250 aliquis,
1313 5180 1508 5251 inquit,
1536 5180 1765 5250 suscipit

187 5290 383 5330 nomen
423 5273 662 5337 abbatis,
694 5270 894 5343 duplici
927 5272 1085 5328 debet
1111 5274 1354 5328 doctrina
1396 5272 1509 5329 suis
1530 5285 1764 5341 prmesse

187 5363 483 5435 discipulis.
507 5364 649 5436 Ergo
670 5364 825 5428 nihil,
848 5364 993 5434 quod
1018 5369 1171 5419 extra
1191 5371 1520 5434 praeceptum
1547 5362 1759 5418 Domini

188 5458 278 5523 sit,
324 5456 378 5510 in
432 5455 536 5510 hac
583 5453 781 5524 duplici
835 5454 1080 5510 doctrina
1135 5454 1295 5509 debet
1338 5454 1507 5509 abbas
1545 5453 1759 5509 docere.

188 5541 589 5617 Scripturarum
630 5547 829 5601 etenim
858 5546 1158 5600 divinarum
1186 5542 1460 5615 plenitudo
1492 5551 1548 5597 et
1580 5559 1763 5598 exem-

188 5642 288 5711 plis
333 5648 551 5711 patrum
581 5637 775 5693 referta
801 5677 817 5703 ,
852 5646 907 5693 et
942 5637 1120 5693 verbis
1157 5639 1436 5692 doctorum
1467 5644 1552 5690 est
1580 5635 1758 5705 plena.

188 5726 300 5788 Non
330 5747 461 5804 ergo
488 5730 632 5801 quod
668 5738 821 5786 extra
864 5736 1190 5800 praaccptum
1241 5726 1451 5785 Domini
1500 5727 1571 5783 sit
1601 5726 1760 5783 debet

1870 3186 1958 3233 cat
1981 3196 1994 3232 :
2019 3188 2078 3233 ut
2106 3176 2238 3235 nihil
2274 3180 2374 3245 eis,
2413 3191 2612 3252 prmter
2639 3194 2938 3242 creatorem
2966 3203 3121 3244 suum
3149 3190 3374 3264 diligere
3396 3194 3458 3250 li-

1869 3271 2015 3324 beat.
2052 3271 2194 3343 Ergo
2217 3272 2412 3342 jussio,
2441 3272 2527 3328 vel
2557 3272 2800 3330 doctrina
2829 3276 3041 3333 abbatis
3070 3280 3124 3334 in
3160 3284 3455 3338 monacho-

1869 3374 1989 3413 rum
2026 3360 2299 3416 mentibus
2329 3360 2658 3417 fermentum
2692 3365 2851 3420 debet
2879 3381 3241 3440 conspergere
3280 3370 3459 3425 chari-

1870 3453 2017 3516 tatis,
2063 3461 2122 3506 ut
2154 3451 2287 3507 nihil
2329 3462 2603 3509 terrenum
2643 3456 2877 3526 sapiant,
2925 3459 3059 3514 nihil
3102 3476 3300 3516 vanum
3332 3462 3458 3517 dili-

1868 3548 2029 3612 gant,
2061 3542 2308 3612 nihilque
2333 3544 2597 3599 caducum
2629 3548 3045 3618 concupiscant;
3081 3549 3176 3605 sed
3216 3550 3456 3607 divinam

1869 3647 2084 3704 semper
2125 3641 2402 3699 amantes,
2442 3643 2795 3706 tenentesqne
2822 3636 3089 3705 juStitiam
3128 3640 3194 3694 ad
3226 3641 3457 3696 Redem—

1868 3732 2079 3795 ptorem
2109 3740 2287 3790 suum,
2316 3732 2372 3779 et
2400 3726 2467 3780 ad
2490 3740 2782 3797 supernam
2810 3725 3067 3785 festinent
3094 3732 3457 3788 conscendere

1866 3815 2122 3884 patriam.

1939 3905 2144 3961 Memor
2170 3906 2237 3961 sit
2260 3920 2462 3976 semper
2484 3907 2665 3974 abbas,
2690 3907 2814 3978 quia
2838 3909 3092 3965 doctrina:
3117 3928 3248 3977 sum,
3274 3919 3350 3967 ret
3374 3911 3453 3966 di‘

1847 3997 2186 4067 'scipulorum
2209 3995 2531 4061 obedientiw,
2555 4006 2897 4067 utrarumque
2918 3999 3162 4053 rerun‘tin
3179 4001 3450 4054 tremendo

1857 4086 2066 4156 judicio
2094 4085 2195 4140 Dei
2222 4085 2468 4156 facienda
2509 4086 2607 4139 erit
2635 4084 2913 4140 discussis.
2963 4085 3091 4143 ilaac
3130 4088 3298 4142 verba
3344 4105 3453 4142 non

1867 4177 2111 4247 indigent
2130 4176 2489 4245 expositione,
2519 4178 2613 4232 sed
2643 4178 2824 4247 potius
2852 4179 3159 4245 abbatibus,
3182 4189 3237 4235 et
3266 4195 3454 4236 mena.

1843 4266 1984 4321 .chis
2030 4264 2392 4322 fortissimum
2421 4267 2693 4321 incutiunt
2719 4282 3000 4337 pavorem.
3048 4268 3276 4326 Abbatis
3304 4271 3451 4326 enim

1864 4355 2126 4412 doctrinae
2152 4356 2352 4415 imbue
2376 4356 2483 4411 erit
2519 4356 2572 4411 in
2603 4358 2883 4413 tremendo
2911 4357 3116 4427 judicio
3162 4360 3451 4429 discussio,

1863 4454 2047 4501 utrum
2085 4446 2152 4502 de
2184 4444 2397 4502 Sancta:
2422 4444 2705 4502 Trinitatis
2747 4434 2990 4518 mysterii
3021 4446 3165 4504 ﬁdeli
3199 4449 3453 4520 dogmate

1866 4538 2067 4605 docuit,
2094 4545 2151 4593 et
2178 4544 2384 4603 utrum,
2415 4552 2536 4607 quae
2556 4537 2851 4593 secundum
2877 4538 3086 4593 Domini
3114 4549 3442 4610 praeceptum

1866 4628 2159 4700 discipulos
2190 4644 2351 4700 agere
2387 4629 2658 4699 praecepit,
2704 4629 2847 4700 prior
2884 4630 2997 4700 ipse
3027 4630 3319 4700 complevit
3343 4672 3358 4698 ,
3393 4640 3451 4686 et

1864 4733 1986 4791 qua:
2012 4720 2069 4774 in
2096 4719 2219 4775 aliis
2246 4734 2479 4791 arguens
2509 4720 2836 4786 emendavit,
2866 4721 3019 4792 prius
3042 4722 3096 4776 in
3129 4722 3309 4792 seipse
3332 4728 3453 4778 co'r-

1867 4813 2027 4868 rexit.
2065 4812 2461 4882 Discipulorum
2495 4812 2640 4868 enim
2678 4811 2998 4869 obedientias
3029 4814 3081 4868 in
3115 4815 3218 4869 hoc
3250 4815 3341 4869 illo
3364 4816 3452 4871 die

1868 4905 2148 4960 tremendo
2168 4904 2273 4958 erit
2292 4903 2537 4960 facienda
2566 4904 2853 4972 discussio,
2878 4916 3060 4962 utrum
3086 4909 3309 4980 vestigia
3342 4909 3449 4964 Do-

1868 4994 2002 5050 mini
2028 5003 2316 5066 sequentes
2338 4995 2587 5061 bumilia,
2620 5005 2801 5051 utrum
2826 5013 2887 5053 se
2913 5000 3015 5054 sub
3050 5015 3209 5055 manu
3241 5001 3452 5058 abbatis

1869 5088 1953 5141 sui
1981 5085 2109 5143 facti
2130 5087 2444 5144 obedientes
2467 5104 2637 5159 usque
2666 5091 2731 5145 ad
2753 5099 3004 5156 mortem,
3031 5099 3086 5146 et
3104 5091 3306 5152 omnia.
3330 5105 3450 5162 qum

1869 5178 1977 5235 illis
2005 5181 2074 5235 ab
2113 5180 2308 5235 abbate
2336 5179 2600 5249 imperata
2644 5190 2810 5246 sunt,
2851 5183 3165 5239 obedientes
3196 5182 3451 5252 impleve-

1869 5279 1994 5326 runt
2026 5284 2124 5342 pro
2152 5286 2341 5326 amore
2366 5272 2592 5336 Christi,
2621 5279 2675 5328 et
2696 5272 2841 5328 velut
2861 5273 3100 5340 Christo,
3130 5276 3283 5347 cujus
3302 5275 3449 5330 vices

1869 5363 2038 5419 abbas
2064 5364 2177 5435 agit
2216 5363 2270 5416 in
2295 5363 2650 5428 monasterio,
2678 5365 3000 5420 obcdierunt
3041 5382 3141 5421 suo
3171 5366 3351 5420 abbati
3378 5378 3447 5420 ex

1868 5453 2059 5519 corde;
2107 5454 2233 5522 quia
2278 5452 2539 5523 scriptum
2567 5461 2654 5509 est
2684 5472 2697 5508 :
2732 5453 2872 5520 Quia
2913 5458 3004 5529 qui
3042 5474 3129 5512 ros
3155 5456 3323 5516 audit,
3366 5470 3448 5510 me

1868 5543 2018 5599 audit
2054 5542 2205 5615 (Luc.
2242 5542 2321 5615 x).
2346 5543 2414 5598 Et
2450 5543 2576 5599 alibi
2614 5562 2627 5597 :
2667 5543 2886 5599 Obedite
2917 5546 3221 5615 parentibus
3261 5544 3445 5599 vestris

1866 5636 1923 5690 in
1952 5634 2176 5688 Domino
2207 5633 2421 5707 (Ephes.
2450 5649 2527 5697 vt;
2551 5632 2713 5689 Hebr.
2745 5633 2888 5707 xm).

1939 5723 2185 5792 Scialque
2206 5724 2363 5779 abbas
2401 5723 2568 5795 culpa'
2590 5725 2817 5795 pastoris
2845 5723 3161 5793 incumbere,
3192 5725 3446 5800 quidquid
