3940 6412
539 316 598 370 si
880 296 882 299 ’
1801 304 2078 365 suanm

2193 307 2481 363 ABBA'I'IS

3664 307 3771 364 752

505 431 560 483 in
593 427 769 484 ovibus
793 425 1176 498 paterfamilias
1203 426 1446 481 utilitatis
1472 427 1645 480 minus
1680 425 1904 492 potuerit
1934 424 2078 477 inve—
2104 424 2155 482 Α
2181 421 2314 475 riter
2339 430 2396 476 et
2421 421 2715 491 querulosi.
2748 422 2954 478 Debent
2982 421 3127 476 enim
3165 420 3395 493 subjecti
3424 422 3608 479 abbati
3642 439 3760 491 suo,

506 522 635 574 nire.
669 519 795 573 llaec
823 519 968 573 enim
1006 519 1273 573 sententia
1306 517 1593 572 abbatibus
1629 514 1858 570 multum
1892 511 2083 567 fuisset

506 610 847 664 formidanda
873 650 888 675 ,
922 609 1025 665 nisi
1052 625 1082 663 a
1112 608 1461 678 subsequenti
1488 608 1758 665 sententia
1785 606 1973 661 fuisset
1996 621 2085 660 sa-

505 699 731 754 lubriter
760 707 1081 770 temperata,
1110 715 1218 768 qua
1242 699 1373 754 dicit
1403 716 1417 752 :

577 789 803 844 Tantum
834 792 1019 845 iterum
1041 793 1139 846 erit
1166 791 1317 847 liber.
1346 792 1403 846 ld
1427 800 1529 856 est,
1560 791 1614 845 in
1651 799 1856 845 tantum
1877 804 1907 843 a
1926 787 2080 856 culpa

504 880 762 935 immunis
790 883 919 948 erit,
952 892 1011 936 ut
1046 901 1060 936 :

575 968 636 1023 Si
666 970 919 1039 inquieto,
971 970 1050 1025 vel
1093 972 1408 1026 inobedienti
1458 972 1602 1041 gregi
1642 973 1869 1041 pastoris
1922 969 2079 1039 fuerit

501 1061 671 1112 omnis
700 1060 971 1129 diligentia
1000 1062 1277 1126 attributa,
1305 1073 1353 1115 et
1385 1062 1635 1116 morbidis
1669 1078 1852 1114 earum
1874 1062 2081 1117 actibus

503 1150 744 1203 unirersa
800 1151 958 1216 fuerit
1015 1168 1142 1203 cura
1187 1151 1434 1204 exhibita.
1481 1150 1708 1204 Omnem
1748 1149 2079 1218 diligentiam

501 1238 669 1292 abbas
698 1239 976 1293 monachis
998 1240 1110 1293 suis
1138 1240 1347 1302 tribuit,
1371 1240 1586 1308 quando
1612 1239 1975 1309 cosmoribus
1996 1253 2082 1293 sa-

498 1328 611 1382 cris
661 1329 964 1397 componit,
1011 1330 1190 1383 verbis
1243 1330 1689 1384 convenientibus
1728 1337 1782 1382 et
1827 1328 2082 1398 operibus

499 1417 706 1473 sanctis
734 1418 974 1472 instruit.
1024 1418 1346 1474 Universum
1369 1435 1557 1474 curam
1587 1419 1834 1484 exhibet,
1864 1419 2081 1488 quando

495 1508 582 1561 eis
617 1523 738 1577 qua:
796 1511 1101 1566 necessaria
1142 1519 1266 1565 sunt
1314 1512 1599 1567 animabus
1637 1521 1695 1566 et
1736 1512 2078 1580 corporibus,

499 1598 554 1652 in
585 1607 841 1668 quantum
861 1602 1025 1666 valet,
1048 1602 1341 1657 ministrat.
1372 1602 1714 1672 Diligentiam
1746 1603 1851 1659 illis
1878 1604 2082 1674 pariter

500 1689 722 1743 exhibet
763 1698 819 1743 et
845 1704 1051 1754 curam,
1081 1692 1295 1760 quando
1325 1691 1442 1748 illos
1474 1692 1707 1748 internis
1738 1694 1944 1748 sanctis
1969 1694 2080 1749 vir-

501 1779 704 1834 tutibus
729 1789 986 1847 exornat;
1025 1789 1079 1836 et
1098 1755 1355 1838 externis
1382 1798 1565 1838 rerum
1587 1785 1902 1840 substantiis
1934 1794 2075 1840 tem-
2105 1755 2152 1815 Β

495 1876 753 1937 peranter
775 1871 1061 1941 gubernat,
1110 1873 1328 1942 quando
1368 1888 1468 1943 pro
1503 1875 1873 1930 exterioribus
1915 1876 2078 1930 rebus

498 1960 810 2016 interiorem
838 1978 1024 2018 curam
1053 1981 1161 2020 non
1199 1966 1425 2031 deserit,
1460 1974 1516 2022 et
1535 1982 1634 2037 pro
1661 1969 1906 2023 interiori
1931 1969 2078 2023 solli-

494 2054 736 2109 citudine
759 2056 1082 2111 exteriorem
1107 2057 1500 2126 providentiam
1532 2072 1639 2113 non
1664 2059 1949 2129 relinquit;
1982 2059 2078 2116 sed

497 2142 555 2197 in
583 2151 807 2214 utroque
849 2154 1177 2216 temperatus
1206 2149 1464 2213 existens,
1485 2156 1541 2203 et
1580 2148 1919 2220 diligentiam
1962 2150 2079 2205 ani-

500 2248 736 2300 marum,
769 2243 824 2289 et
851 2252 1039 2291 curam
1070 2237 1176 2293 illis
1204 2239 1427 2295 exhibet
1450 2236 1758 2309 corporum.

569 2320 763 2377 Pastor
792 2342 971 2381 eorum
1018 2328 1074 2382 in
1106 2328 1311 2397 judicio
1354 2328 1568 2384 Domini
1611 2330 1903 2395 absolutus,
1934 2332 2078 2386 dicat

496 2428 615 2464 tum
643 2412 903 2484 Propheta
930 2416 1155 2472 Domino
1180 2435 1199 2473 :
1224 2417 1499 2473 Justitiam
1529 2430 1675 2474 tuam
1700 2437 1804 2475 non
1830 2420 2078 2478 abscondi

495 2502 551 2553 in
580 2504 735 2558 corde
771 2522 881 2559 meo
906 2522 923 2561 :
954 2508 1221 2563 veritatem
1245 2518 1391 2562 tuam
1430 2519 1478 2563 et
1502 2508 1737 2565 salutare
1765 2520 1913 2565 tuum
1942 2512 2073 2568 dixi.

502 2586 760 2643 Voluntas
806 2590 949 2646 enim
988 2591 1200 2649 abbatis
1234 2593 1356 2648 talis
1400 2594 1563 2650 debet
1585 2610 1705 2651 esse
1746 2606 1828 2663 ut,
1861 2599 2078 2666 quando

496 2686 671 2747 potest
698 2678 987 2748 prodesse,
1040 2695 1072 2734 a
1115 2682 1516 2749 praedicationis
1545 2698 1793 2740 sermone
1824 2700 1930 2740 non
1960 2700 2078 2742 ceso

498 2778 601 2823 set.
642 2770 888 2825 Debitmn
915 2771 1112 2841 quippe
1163 2772 1239 2827 illi
1268 2783 1351 2828 est
1382 2775 1601 2845 superni
1627 2776 1800 2846 patris
1842 2777 2076 2847 gloriam

497 2875 596 2930 per
620 2876 805 2916 vocem
832 2862 1233 2932 praedicationis
1252 2864 1573 2932 ostendere;
1598 2876 1801 2939 quanta
1836 2869 1893 2923 in
1917 2864 2079 2938 hujus

499 2954 625 3009 vita;
654 2954 846 3010 itinere
879 2956 1236 3011 tentationum
1262 2958 1470 3030 antiqui
1497 2959 1671 3016 hostis
1704 2960 1914 3016 lateant
1951 2974 2078 3031 ape-

497 3045 643 3111 rire;
690 3052 745 3100 et
774 3044 1111 3101 subditorum
1156 3047 1319 3113 mala,
1347 3063 1469 3118 quae
1493 3048 1727 3107 tolerare
1754 3066 1863 3106 non
1891 3051 2073 3117 debet,

496 3137 694 3193 leniter
714 3152 838 3194 cum
878 3153 1072 3209 magna
1102 3138 1205 3193 zeli
1231 3140 1529 3210 asperitate
1552 3141 1863 3213 corrigere;
1900 3157 1999 3208 ne,
2027 3144 2076 3199 si

497 3231 675 3286 minus
712 3239 901 3287 contra
925 3231 1115 3301 culpas
1145 3232 1494 3299 accendatur,
1523 3233 1807 3303 culparum
1832 3234 2074 3289 omnium

495 3335 623 3375 reus
667 3319 781 3389 ipse
809 3328 1074 3375 teneatur.
1108 3319 1229 3391 Ipse
1267 3323 1451 3377 tamen
1503 3322 1718 3378 abbatis
1752 3338 1955 3389 sermo,
1983 3325 2076 3394 qui

496 3418 716 3483 propter
764 3406 1029 3478 justitiam
1057 3401 1091 3476 ,'
1123 3410 1408 3466 veritatem
1437 3410 1520 3477 tit,
1565 3421 1622 3467 et
1669 3412 1930 3479 salutem,
1975 3414 2075 3469 ali-

498 3502 715 3571 quando
765 3501 925 3557 debet
950 3498 1320 3570 subiectorum
1362 3503 1499 3559 vitia
1548 3502 1739 3560 durius
1765 3505 2073 3576 increpare,

498 3591 788 3669 aliquando
810 3590 1004 3646 leniter
1026 3606 1278 3661 arguere,
1299 3600 1355 3648 et
1389 3608 1529 3663 quae,
1561 3593 1646 3648 vel
1669 3595 2077 3666 quibus,quan-

498 3682 602 3746 do,
645 3681 727 3734 vel
759 3680 994 3750 qualiter
1029 3682 1176 3736 dicat
1223 3681 1404 3738 subtili
1434 3682 1778 3754 indagatione
1806 3685 2080 3741 discerne-

499 3787 590 3836 re,
629 3780 688 3827 et
732 3772 1022 3841 unicuique
1068 3774 1364 3828 secundum
1416 3774 1635 3829 modum
1687 3774 1899 3844 culpae,
1953 3791 2078 3831 cum

500 3862 829 3918 discretione
875 3872 1087 3930 tamen,
1140 3872 1197 3919 et
1226 3864 1611 3935 tranquillitate
1656 3867 1886 3933 mentis,
1927 3867 2076 3938 judi-

500 3954 644 4008 cium
685 3953 978 4024 imponere.
1023 3954 1105 4010 Sit
1134 3955 1301 4012 abbas
1328 3972 1572 4022 necesse,
1617 3968 1673 4013 ut
1704 3957 1904 4013 Paulus
1942 3974 2077 4029 apo-

503 4045 677 4101 stolus
706 4046 813 4110 ait,
845 4056 1041 4116 potens
1077 4048 1352 4104 exhortari
1399 4049 1455 4103 in
1509 4049 1756 4104 doctrina
1809 4064 1976 4114 sana,
2025 4057 2081 4107 et

501 4154 598 4195 eos
645 4139 738 4209 qui
795 4141 1179 4196 contradicunt
1219 4156 1468 4213 arguere.
1505 4141 1685 4197 Clavis
1727 4142 1877 4198 enim
1923 4156 2081 4212 aper-

502 4230 665 4285 tionis
689 4239 772 4286 est
789 4271 804 4297 ,
831 4247 1016 4287 sermo
1043 4233 1432 4303 correptionis,
1462 4234 1589 4302 quia
1616 4232 1943 4301 increpando
1968 4230 2082 4287 cul-

501 4335 627 4390 pam
653 4321 876 4392 detegit,
898 4337 1059 4391 quam
1088 4337 1232 4391 stepe
1264 4323 1435 4378 nescit
1474 4323 1589 4393 ipse
1614 4322 1782 4401 etiqm
1830 4321 1923 4390 qui
1956 4335 2082 4390 per-

499 4412 759 4481 petravit.
805 4411 963 4477 Sunt,
988 4420 1044 4467 et
1073 4421 1234 4468 erunt
1259 4412 1505 4483 plerique
1534 4411 1815 4476 monachi,
1847 4410 1941 4481 qui
1982 4425 2082 4482 per

503 4502 862 4571 ignorantiam
907 4504 1247 4560 committere
1292 4504 1484 4575 culpas
1531 4520 1638 4559 non
1688 4502 1980 4568 desinunt,
2022 4511 2076 4558 et

503 4595 626 4649 ideo
677 4596 995 4650 commissas
1033 4610 1140 4649 non
1177 4594 1458 4666 plangunt,
1512 4594 1606 4648 sed
1653 4593 1833 4663 potius
1888 4601 2078 4648 contra

503 4686 886 4755 corripieutcm
914 4685 1217 4755 procaciter
1251 4690 1661 4740 contemnentes
1698 4682 2004 4751 insurgunt,
2026 4689 2081 4737 et

503 4776 587 4829 sui
636 4784 886 4845 proterve
938 4775 1361 4831 admonitionem
1407 4772 1622 4830 abbatis
1667 4783 1949 4841 spernunt.
2003 4773 2080 4827 De

505 4866 703 4934 quibus
742 4876 797 4920 et
843 4866 1133 4921 subditur:

576 4955 689 5025 Ipsi
715 4965 887 5009 autem
909 4964 1288 5010 contemnentes
1313 4963 1613 5024 spreverunt
1636 4971 1736 5009 me.
1768 4954 1918 5012 Tunc
1937 4956 2081 5010 enim

506 5044 631 5099 mali
661 5046 909 5101 monachi
951 5046 1149 5100 bonum
1176 5043 1424 5099 abbatem
1466 5059 1625 5099 suum
1674 5055 2082 5101 contemnentes

507 5146 785 5207 spernunt,
819 5138 1035 5207 quando
1060 5135 1346 5206 praeceptis
1373 5134 1490 5204 eius
1517 5136 1794 5193 humiliter
1818 5153 1925 5193 non
1954 5138 2083 5194 obe-

507 5230 680 5294 diunt,
717 5228 932 5297 quando
985 5226 1243 5282 salutaria
1274 5227 1527 5282 mandata
1556 5225 1671 5295 ejus
1714 5228 1945 5283 humiles
1974 5243 2079 5283 non

507 5321 847 5385 custodiunt;
871 5318 963 5373 sed
987 5318 1204 5387 superbi
1224 5318 1387 5373 etiam
1409 5320 1837 5388 reprehendunt;
1866 5320 2080 5390 quando

507 5426 573 5467 ea
597 5428 718 5483 qua:
740 5411 998 5480 jubentur
1023 5409 1250 5479 implere
1283 5409 1608 5480 despiciunt,
1631 5418 1688 5467 et
1718 5426 1837 5482 quae
1872 5426 1977 5465 non
1993 5410 2082 5480 ju-

507 5504 704 5561 bentur
758 5500 979 5571 implere
1031 5503 1284 5574 impudici
1346 5506 1708 5571 contendunt;
1762 5504 1979 5574 quando
2023 5505 2080 5559 in

509 5595 731 5667 agendis
778 5593 1031 5663 operibus
1077 5595 1214 5666 pigri
1254 5606 1309 5649 ct
1364 5596 1551 5666 tepidi,
1584 5595 1664 5649 vel
1719 5595 1884 5650 etiam
1938 5594 2074 5648 desi-

512 5687 669 5752 diosi,
718 5694 772 5740 ct
801 5687 853 5742 in
893 5686 1102 5745 aclibus
1146 5687 1258 5743 suis
1289 5686 1612 5741 murmur-osi
1643 5683 1947 5740 elﬁciuutur
1988 5698 2081 5754 pa-

2179 515 2325 568 velut
2355 515 2599 570 membra
2627 516 2790 585 capiti
2821 531 2920 570 suo
2952 516 3250 582 deservire,
3273 525 3328 570 et
3353 527 3625 588 prmeepta
3650 533 3769 587 ejus

2178 606 2326 661 velut
2357 608 2645 676 imperium
2672 608 2887 663 Domini
2914 623 3129 663 summo
3159 624 3347 665 amore
3382 610 3681 677 custodire,
3711 619 3769 667 et

2180 701 2571 757 correctionem
2612 702 3007 773 oljurgationis
3044 702 3161 756 suis
3204 702 3545 772 negligentiis
3594 703 3767 761 ascri-
3824 708 3835 715 ’

2179 790 2331 857 bere,
2361 809 2468 848 non
2514 795 2727 850 abbatis
2762 793 3111 849 severitatem
3184 802 3279 848 aut
3305 794 3649 863 disciplinam
3679 811 3764 850 re-

2178 882 2535 951 prehendere.

2252 972 2320 1025 Et
2356 981 2480 1026 tunc
2523 970 2734 1025 demum
2779 971 3193 1026 inobedientibus
3241 986 3384 1025 curae
3420 988 3533 1025 sua:
3579 971 3763 1027 ovibus

2178 1076 2329 1129 paena
2354 1059 2421 1115 sit
2452 1062 2527 1115 eis
2545 1059 2833 1130 pra'valens
2863 1061 2977 1128 ipsa
3011 1059 3210 1114 scilicet
3234 1076 3395 1115 mors.
3420 1059 3551 1128 Qua:
3573 1061 3764 1130 primis

2180 1150 2613 1206 inobedientibus
2638 1150 2949 1205 hominibus
2974 1149 3255 1219 prmvaluit
3274 1149 3327 1204 in
3343 1149 3617 1218 paradiso,
3644 1151 3762 1220 ipsa

2179 1257 2325 1298 nunc
2353 1242 2573 1300 demum
2594 1240 3026 1303 inobeJientibus
3051 1239 3332 1295 monachis
3357 1240 3599 1308 quotidie
3630 1256 3766 1310 pne-

2179 1330 2324 1386 valet
2362 1334 2417 1384 in
2463 1329 2683 1385 mundo.
2714 1328 3072 1398 Reliquerunt
3099 1329 3246 1383 enim
3275 1329 3329 1382 in
3382 1328 3638 1397 paradiso
3666 1344 3765 1399 per

2180 1421 2606 1479 iuobedientiam
2633 1419 2808 1475 Adam
2837 1429 2892 1474 et
2944 1421 3054 1475 Eva
3100 1420 3316 1477 Domini
3365 1430 3673 1491 prmcepta;
3707 1426 3764 1475 et

2180 1519 2311 1566 tunc
2343 1510 2577 1579 primum
2604 1509 2888 1579 praevaluit
2920 1509 3026 1564 illis
3070 1508 3285 1565 fortiter
3311 1512 3501 1566 mortis
3543 1519 3765 1565 interna:

2179 1618 2361 1672 poena.
2399 1602 2505 1658 Sed
2537 1601 2796 1657 Dominus
2837 1609 3021 1657 noster
3046 1600 3203 1657 Jcsus
3228 1601 3500 1668 Christus,
3531 1602 3621 1671 qui
3666 1615 3766 1672 per

2179 1695 2502 1764 prophetam
2528 1706 2687 1747 suum
2717 1691 2855 1746 dixit
2886 1708 2901 1746 :-
2936 1689 3041 1744 Ero
3071 1702 3211 1746 mors
3246 1700 3360 1759 tua,
3391 1708 3422 1746 ο
3464 1707 3639 1756 mors,
3682 1707 3765 1745 se-

2179 1785 2452 1853 metipsum
2499 1783 2806 1848 eainanivit,
2839 1782 3066 1852 formam
3111 1783 3247 1837 servi
3275 1782 3556 1854 accipiens,
3588 1781 3763 1851 {actus

2179 1875 2422 1929 obediens
2462 1890 2623 1944 usque
2658 1873 2727 1926 ad
2756 1883 2973 1927 mortem
3001 1871 3187 1943 (Osete
3215 1886 3350 1938 xui;
3398 1870 3631 1943 Philipp.
3660 1871 3762 1942 ιι),

2177 1965 2463 2035 imperium
2510 1964 2701 2019 mortis
2729 1964 3019 2029 destruxit,
3046 1971 3101 2018 et
3150 1979 3180 2018 a
3222 1964 3477 2019 cordibus
3504 1962 3765 2018 obedien-

2179 2056 2311 2113 tium
2339 2053 2762 2111 misericorditer
2808 2053 2956 2109 illam
2983 2053 3332 2121 illuminavit,
3362 2062 3417 2110 et
3444 2070 3662 2125 poenam
3692 2052 3760 2107 il-

2176 2146 2245 2201 lis
2272 2144 2515 2200 funditas
2539 2145 2823 2200 exstinxit.
2863 2144 2972 2200 Sed
2998 2154 3127 2200 tunc
3149 2145 3365 2201 demum
3396 2145 3449 2199 in
3497 2143 3759 2199 obedien-

2177 2235 2323 2290 tibus
2352 2235 2562 2298 ovibus,
2597 2234 2654 2288 id
2684 2241 2785 2298 est,
2815 2235 3117 2300 monachis,
3142 2234 3234 2306 qui
3266 2235 3475 2290 abbatis
3513 2235 3618 2300 sui,
3650 2234 3761 2289 imo

2176 2323 2386 2379 Domini
2432 2322 2727 2379 Salvatoris
2777 2322 3142 2394 relinquentes
3187 2334 3472 2395 praecepta,
3520 2340 3618 2381 sua
3659 2341 3755 2380 co-

2176 2422 2379 2470 nantur
2405 2412 2631 2483 implere
2669 2413 2955 2479 desideria,
2986 2429 3147 2483 poena
3190 2415 3261 2469 sit
3302 2408 3601 2485 prmvalens
3644 2415 3757 2483 ipsa

2175 2520 2353 2571 mors;
2385 2513 2446 2559 ut
2491 2514 2638 2560 recte
2682 2504 2747 2560 de
2777 2505 2883 2560 illis
2920 2505 3133 2559 dicatur
3169 2523 3181 2558 :
3234 2503 3383 2560 Sicut
3415 2522 3528 2558 oves
3578 2504 3632 2558 iu
3672 2504 3759 2557 iu-

2177 2594 2326 2663 ferno
2353 2594 2510 2664 positi
2539 2602 2684 2660 sunt,
2735 2610 2874 2648 mors
2920 2594 3170 2664 depascat
3216 2609 3302 2649 eos
3335 2590 3507 2665 (Psal.
3542 2592 3757 2664 xnvm).

2177 2682 2369 2738 Merito
2396 2683 2541 2739 enim
2568 2684 2662 2753 qui
2682 2684 2808 2739 boni
2842 2684 3086 2755 magistri
3110 2691 3378 2755 praecepta
3401 2691 3764 2738 contemnunt

2176 2780 2342 2837 talem
2377 2780 2681 2836 mercedem
2712 2779 3000 2850 recipiunt.

2247 2871 2390 2944 Ergo
2442 2888 2562 2926 cum
2607 2870 2799 2942 aliquis
2828 2871 3042 2938 suscipit
3092 2886 3279 2924 nomen
3307 2867 3528 2932 abbatis,
3563 2866 3763 2937 duplici

2175 2962 2323 3018 debet
2346 2961 2593 3017 doctrina
2630 2961 2740 3015 suis
2763 2977 2982 3030 prteesse
3009 2957 3298 3031 discipulis,
3328 2959 3383 3012 id
3423 2967 3529 3023 est,
3585 2957 3761 3013 omnia

2178 3051 2335 3117 bona,
2366 3058 2413 3105 et
2436 3059 2644 3115 sancta,
2662 3049 2818 3119 factis
2848 3049 3075 3120 amplius
3099 3066 3256 3120 quam
3280 3048 3446 3102 verbis
3468 3046 3758 3103 ostendere.

2176 3139 2351 3212 Caput
2375 3156 2610 3212 namque
2629 3148 2755 3196 sunt
2779 3139 3146 3210 subjectorum
3172 3140 3355 3196 cuncti
3382 3140 3471 3210 qui
3500 3148 3758 3215 praesunt,

2175 3240 2236 3288 ut
2262 3242 2411 3289 recta
2440 3233 2608 3302 pedes
2645 3232 2860 3287 valeant
2894 3233 3089 3287 itinera
3109 3247 3348 3302 carpere,
3374 3247 3472 3303 per
3502 3232 3604 3287 hoc
3626 3246 3759 3301 pro-

2176 3324 2266 3380 cul
2293 3325 2459 3380 dubio
2487 3325 2641 3394 prius
2680 3333 2843 3394 caput
2886 3324 3081 3379 debent
3115 3324 3384 3380 incedere.
3417 3323 3647 3379 Necesse
3674 3331 3761 3379 est

2176 3423 2237 3471 ut
2263 3415 2451 3482 abbas,
2490 3414 2584 3485 qui
2625 3413 2807 3469 verbis
2836 3414 3079 3470 subditos
3107 3413 3383 3484 prtedicat,
3427 3411 3654 3467 vivendo
3679 3410 3760 3467 eis

2175 3508 2404 3578 vestigia
2423 3509 2576 3562 bona:
2602 3504 3130 3569 actionis'ostendat;
3154 3513 3209 3559 et
3232 3519 3355 3559 cum
3375 3503 3535 3557 verba
3556 3510 3759 3557 sancta:

2174 3596 2578 3669 praedicationis
2604 3595 2755 3660 dicit,
2773 3595 2926 3664 prius
2954 3594 3009 3649 in
3039 3595 3219 3650 studio
3246 3595 3401 3648 bonae
3427 3593 3653 3647 actionis
3680 3606 3762 3646 se-

2176 3687 2466 3758 metipsum
2520 3684 2776 3754 evigilet,
2829 3683 2982 3754 prius
3030 3697 3246 3752 semper
3310 3681 3561 3736 sublimia
3611 3680 3756 3735 facta

2176 3782 2450 3840 exerceat,
2481 3781 2538 3829 et
2565 3781 2696 3828 tunc
2736 3770 2806 3826 ad
2850 3771 2989 3829 bene
3017 3770 3303 3826 vivendum
3334 3769 3469 3825 alios
3497 3770 3762 3825 sollicitos

2179 3867 2390 3924 reddat.
2417 3865 2578 3921 Prius
2614 3880 2675 3920 se
2721 3864 2971 3933 districta
3005 3863 3472 3920 animadversione
3498 3864 3760 3934 corrigat,

2177 3965 2233 4014 et
2263 3966 2391 4013 tunc
2433 3955 2666 4010 aliorum
2694 3956 2865 4008 vitam
2916 3942 3186 4024 loquendo
3237 3961 3544 4023 componat.
3593 3951 3756 4006 Prius

2177 4047 2371 4118 punire
2400 4045 2620 4116 propria
2658 4044 2873 4099 ﬂetibus
2909 4054 3104 4111 curet,
3154 4053 3210 4099 et
3253 4054 3380 4098 tunc
3408 4042 3636 4098 aliorum
3665 4041 3759 4097 de-

2179 4137 2306 4192 licta
2349 4136 2617 4208 puniendo
2657 4134 2957 4190 denuntiet.
3009 4133 3077 4188 Et
3123 4141 3411 4201 antequam
3441 4132 3620 4186 verbis
3657 4147 3762 4185 ex-

2179 4226 2486 4283 hortatione
2522 4226 2757 4290 insonat,
2787 4240 2948 4280 omne
2999 4222 3142 4294 quod
3191 4223 3470 4279 locuturus
3498 4230 3582 4277 est
3630 4236 3762 4290 0pc-

2181 4318 2333 4374 ribus
2360 4318 2572 4373 clamet.
2599 4316 2693 4371 illa
2736 4329 2970 4385 namque
3000 4329 3102 4368 vox
3152 4312 3405 4369 libentius
3453 4311 3762 4366 auditorum

2183 4427 2279 4467 cor
2304 4418 2576 4482 penetrat,
2607 4423 2770 4478 quam
2800 4406 3029 4462 dicentis
3057 4405 3167 4459 vita
3196 4406 3568 4468 commendat;
3610 4402 3762 4471 quia,

2182 4504 2327 4574 quod
2364 4500 2630 4571 loquendo
2654 4500 2902 4569 imperat,
2948 4496 3280 4553 ostendendo
3311 4494 3529 4566 adjuvat
3556 4502 3612 4547 ut
3644 4492 3760 4547 ﬁat.

2258 4591 2326 4646 Ut
2376 4589 2653 4661 capacibus
2706 4588 2994 4656 discipulus
3043 4585 3296 4640 mandata
3344 4584 3557 4638 Domini
3596 4582 3765 4637 verbis

2184 4699 2490 4755 proponere.
2516 4681 2786 4736 Subaudis
2808 4680 2987 4735 debet.
3019 4675 3089 4731 Ut
3121 4677 3263 4732 enim
3313 4675 3627 4730 adverbium
3656 4676 3764 4729 hoc

2187 4775 2241 4831 in
2266 4773 2384 4829 loco
2406 4787 2504 4842 pro
2526 4780 2573 4826 et
2601 4769 2980 4840 conjunctione
3000 4767 3198 4836 posuit.
3218 4764 3518 4834 Capacibus
3534 4762 3690 4826 dixit,
3707 4760 3762 4815 id

2187 4872 2292 4930 est,
2320 4860 2681 4925 memoriosis,
2708 4856 3148 4921 accommolatis,
3179 4855 3264 4909 vel
3310 4853 3761 4924 intelligibilibus,

2182 4954 2273 5023 qui
2308 4968 2373 5008 ea
2418 4966 2539 5021 quae
2581 4965 2612 5003 a
2643 4948 2914 5018 magistris
2961 4946 3183 5000 audiunt
3211 4944 3470 4998 velociter
3515 4943 3761 5011 capiunt,

2181 5041 2497 5098 memoriter
2531 5038 2786 5103 retinent,
2829 5045 2884 5091 et
2917 5035 3172 5106 operibus
3214 5033 3501 5102 complent.
3550 5032 3766 5101 Propo-

2182 5148 2312 5188 nere
2341 5130 2497 5195 dixit,
2539 5129 2591 5183 id
2618 5136 2702 5182 est
2742 5135 3103 5196 anteponere;
3135 5123 3260 5193 quia
3291 5136 3518 5190 capaces
3549 5128 3603 5174 et
3629 5119 3766 5174 sim-

2180 5226 2349 5296 plices
2383 5221 2665 5290 discipuli,
2712 5235 2831 5289 quae
2858 5218 3008 5288 prius
3051 5216 3311 5271 vivaciter
3360 5212 3426 5267 de
3471 5211 3764 5282 praeceptis

2183 5315 2395 5371 Domini
2426 5313 2797 5382 jntelligentes
2826 5310 3070 5373 audiunt,
3121 5317 3309 5379 postea
3345 5304 3613 5376 sagaciter
3660 5303 3766 5358 im-

2183 5405 2330 5475 plere
2359 5399 2708 5459 contendunt.

2255 5493 2413 5548 Duris
2442 5507 2556 5545 vero
2596 5489 2773 5553 corde,
2815 5496 2863 5543 et
2906 5487 3327 5559 simplicioribus.
3382 5485 3542 5541 Duris
3594 5484 3763 5539 corde

2180 5588 2331 5651 dicit,
2358 5584 2411 5639 id
2452 5591 2535 5637 est
2554 5581 2982 5647 contumacibus,
3011 5581 3199 5651 rigidis
3218 5620 3232 5645 ,
3260 5578 3344 5633 vel
3377 5577 3763 5649 iucorrigibili—

2180 5680 2301 5736 bus.
2330 5672 2755 5744 Simplicioribus
2775 5679 2955 5726 autem
2987 5669 3295 5736 illitteratis,
3315 5676 3369 5723 et
3389 5682 3525 5737 pene
3549 5667 3762 5723 nullam
