3940 6410
157 343 266 411 753

1196 328 1556 398 COMMENT.
1595 334 1661 391 IN
1703 325 1861 388 lilii].
1907 330 1964 386 S.
2003 320 2391 384 BEXEDICTI.

3331 316 3437 372 734

159 472 214 526 in
251 462 552 535 Scripturis
582 460 782 517 divinis
828 458 915 515 vel
944 455 1264 513 memoriam
1282 495 1298 521 ,
1334 452 1419 507 vel
1448 448 1749 517 intelligen-
1779 449 1828 507 Α
1856 456 1995 507 rare,
2025 450 2079 497 et
2103 448 2355 495 sanctum
2385 437 2581 492 audeat
2606 444 2884 490 assumere
2907 433 3314 488 testamentum.
3332 428 3440 535 Qui

161 562 314 623 tiam,
347 553 698 609 habentibus.

234 646 414 701 Factis
450 644 561 698 suis
593 643 777 696 divina
820 647 1079 712 praecepta
1109 643 1426 690 monstrare.
1463 631 1557 686 ille
1597 644 1747 699 ergo,

162 752 224 795 ut
267 742 459 794 beatus
501 734 799 804 Gregorius
847 732 944 794 ait,
970 729 1129 784 debet
1158 729 1225 783 ad
1265 724 1572 794 exemplum
1613 722 1752 776 bene

162 829 379 884 vivendi
413 825 629 882 caeteris
656 838 911 893 pricesse,
935 822 1027 891 qui
1068 819 1279 875 cunctis
1323 817 1505 871 carnis
1546 814 1756 884 passio-

166 923 327 977 nibus
362 918 601 973 moriens
623 914 738 983 jam
775 912 1100 982 spiritaliter
1137 911 1302 974 vivit;
1353 908 1445 977 qui
1488 911 1750 976 prospera

168 1011 353 1065 mundi
384 1006 720 1078 postposuit;
767 1005 861 1075 qui
903 1003 1049 1058 nulla
1093 1002 1324 1057 adversa
1371 997 1747 1069 pertimescit;

168 1104 260 1172 qui
300 1101 412 1156 sola
459 1102 671 1154 interna
723 1098 1026 1159 desiderat;
1079 1096 1171 1164 qui
1208 1094 1276 1148 ad
1328 1094 1505 1148 aliena
1555 1105 1754 1145 concu-

167 1192 424 1264 piscenda
480 1198 588 1244 non
645 1188 883 1253 ducitur,
934 1187 1029 1241 sed
1083 1186 1303 1255 propria
1344 1183 1609 1254 largitur;
1661 1181 1753 1250 qni

171 1282 315 1337 nulla
351 1279 537 1335 illicita
570 1284 870 1348 perpetrat,
912 1277 1009 1330 sed
1056 1280 1364 1344 perpetrata
1418 1273 1491 1325 ab
1523 1270 1644 1324 aliis
1698 1277 1755 1324 ut

172 1370 389 1442 propria
426 1367 704 1437 deplorat;
742 1366 833 1434 qui
866 1365 941 1419 ita
989 1378 1048 1419 se
1079 1363 1397 1418 imitabilem
1454 1360 1670 1416 caeteris
1700 1359 1755 1413 in

171 1460 385 1515 cunctis
412 1472 532 1527 quae
571 1456 685 1526 agit
730 1455 1001 1519 insinuat;
1032 1454 1124 1523 qui
1178 1453 1260 1507 sic
1312 1452 1494 1507 studet
1538 1451 1755 1518 vivere,

171 1558 235 1606 ut
262 1548 544 1605 monachis
572 1547 686 1603 suis
714 1547 768 1601 in
788 1546 937 1602 omni
958 1545 1070 1600 vita
1094 1558 1194 1599 sua
1216 1542 1419 1599 benum
1448 1542 1755 1613 exemplum

169 1642 354 1699 valeat
383 1643 790 1705 demenstrare;
824 1639 916 1709 qui
957 1638 1227 1709 lacrymas
1269 1651 1405 1706 quas
1431 1635 1604 1690 vulta
1642 1635 1758 1691 suis

170 1736 513 1792 auditoribus
542 1730 697 1788 fundi
722 1733 875 1804 prius
903 1733 1018 1803 ipse
1046 1730 1259 1797 fundat,
1285 1737 1346 1785 et
1381 1730 1460 1784 sic
1482 1743 1578 1784 eos
1605 1743 1757 1784 com-

170 1829 467 1901 punctione
491 1828 573 1883 sui
597 1826 778 1882 cordis
798 1825 1077 1881 accendat.
1106 1825 1175 1879 Et
1199 1825 1345 1881 sicut
1363 1825 1501 1879 bene
1525 1836 1758 1893 operan-

174 1930 260 1977 tes
289 1920 536 1976 subditos
571 1919 775 1974 honore
799 1924 1041 1988 Superat,
1071 1917 1150 1972 ita
1180 1916 1349 1972 etiam
1390 1914 1549 1971 factis
1573 1922 1631 1970 et
1648 1916 1761 1969 vita

177 2009 551 2065 transcendat.

248 2099 439 2155 Omnia
456 2117 575 2155 vero
601 2116 720 2171 quas
740 2099 1013 2169 discipulis
1037 2099 1273 2155 docuerit
1293 2116 1404 2155 esse
1425 2099 1690 2175 contraria
1707 2099 1762 2153 in

174 2188 287 2247 suis
313 2191 467 2262 factis
481 2187 684 2263 judicct
710 2208 814 2246 non
835 2192 1060 2263 agenda.
1089 2191 1259 2247 Docet
1290 2191 1436 2246 enim
1463 2189 1761 2260 crapulam,

175 2283 471 2339 ebrietates
487 2291 541 2338 et
556 2298 719 2339 curas
743 2283 903 2354 hujus
925 2282 1131 2349 saeculi,
1150 2291 1205 2339 et
1224 2284 1405 2338 omnia
1424 2282 1585 2338 simul
1605 2283 1762 2347 vitia,

180 2386 342 2445 atque
356 2382 578 2444 peccata
601 2375 878 2445 discipulis
896 2388 1016 2430 esse
1036 2376 1327 2437 contraria,
1346 2391 1375 2429 a
1390 2376 1586 2445 quibus
1596 2373 1767 2429 omni-

180 2465 283 2521 bus
312 2479 536 2522 necesse‘
553 2474 638 2521 est
658 2474 721 2521 ut
751 2466 840 2521 ille
872 2467 1023 2536 prius
1049 2482 1109 2521 se
1139 2466 1433 2531 abstineat,
1462 2472 1517 2520 et
1533 2466 1612 2521 sic
1632 2464 1769 2519 alios

180 2557 459 2612 abstinuere
485 2558 739 2628 operibus
763 2566 818 2611 et
847 2556 1030 2612 verbis
1066 2558 1308 2612 edoceat.
1349 2556 1432 2610 Ad
1471 2556 1576 2609 hoc
1617 2554 1763 2609 enim

181 2645 401 2716 eligitur
419 2647 607 2711 abbas,
637 2660 705 2700 ne
735 2647 876 2701 dicta
900 2662 995 2701 sua
1016 2644 1171 2702 factis
1192 2652 1438 2701 eVacuet.
1469 2645 1572 2712 Qui
1612 2645 1763 2700 enim

183 2736 254 2790 ad
272 2737 374 2790 hoc
388 2736 627 2805 eligitur,
646 2744 706 2791 ut
727 2734 955 2791 aliorum
979 2737 1165 2807 culpas
1181 2737 1441 2808 corrigat,
1457 2746 1652 2792 cavere
1682 2737 1771 2792 de-

182 2830 301 2894 bet,
328 2845 396 2885 ne
425 2831 491 2884 ab
511 2830 632 2885 aliis
659 2831 1101 2900 reprehendenda
1122 2830 1443 2885 committat.
1476 2830 1595 2884 Non
1623 2829 1769 2884 enim

185 2921 349 2976 debet
397 2920 799 2990 praedicationis
844 2919 1078 2976 cilicium
1129 2921 1421 2991 suscipere,
1455 2921 1547 2989 qui
1595 2919 1772 2974 nescit

186 3020 418 3066 ceteros
447 3011 585 3066 bene
612 3012 842 3067 vivendo
867 3012 1079 3081 praeire.
1102 3006 1263 3067 Prius
1296 3026 1425 3082 ergo
1453 3011 1619 3065 abbas
1645 3022 1771 3079 pra-

186 3104 271 3158 vis
304 3102 556 3173 operibus
581 3104 906 3159 omnimodis
933 3104 1142 3159 alienus
1180 3104 1402 3169 existat,
1424 3111 1479 3158 et
1516 3102 1597 3158 sic
1634 3102 1768 3158 alios

188 3191 345 3245 ﬁrma
373 3193 696 3249 auctoritate
723 3200 995 3248 coerceat.
1016 3193 1250 3248 Necesse
1280 3192 1426 3247 enim
1457 3199 1541 3247 est
1566 3198 1769 3247 utesse

188 3283 388 3337 munda
432 3284 649 3338 studeat
691 3298 903 3349 manus,
952 3284 1043 3354 qui
1071 3284 1277 3338 diluere
1308 3283 1497 3338 sordes
1540 3282 1770 3338 aliorum

192 3382 372 3440 curat,
400 3390 469 3431 ne
505 3382 646 3431 tacta
674 3391 903 3446 quaque
942 3376 1181 3430 deterius
1220 3375 1520 3445 inquinent,
1566 3375 1610 3430 si
1652 3389 1771 3430 sora

190 3466 314 3521 dida
362 3467 652 3535 insequens
680 3466 883 3521 luctum
936 3472 1103 3521 tenet.
1132 3465 1272 3521 Hinc
1316 3480 1415 3536 per
1453 3466 1771 3536 prophetam

190 3552 429 3612 dicitur:
463 3556 823 3624 Mundamini,
871 3559 960 3630 qui
991 3557 1142 3628 fertis
1185 3574 1310 3612 vasa
1358 3557 1574 3613 Domini
1603 3556 1768 3630 (Isai.

190 3645 308 3719 ιιι).
337 3646 552 3701 Domini
597 3647 798 3701 etenim
829 3662 959 3701 vasa
984 3647 1168 3702 ferunt
1195 3648 1444 3714 abbates,
1475 3649 1567 3718 qui
1592 3646 1775 3719 proxi-

191 3750 405 3792 morum
459 3735 671 3789 animas
723 3736 789 3789 ad
843 3736 1056 3791 interna
1115 3738 1352 3792 sacraria
1400 3740 1775 3808 perducendas

193 3826 244 3881 in
276 3840 390 3881 sua:
419 3824 789 3879 conversionis
818 3825 921 3878 [ide
971 3832 1343 3894 susceperunt.
1374 3826 1529 3896 Apud
1576 3837 1775 3884 semet-

193 3918 340 3988 ipsos
374 3930 524 3985 ergo,
556 3923 819 3984 quantum
876 3915 1105 3970 debeant
1139 3916 1409 3981 mundari,
1441 3917 1778 3987 conSpiciant

194 4009 287 4078 qui
320 4005 390 4061 ad
418 4005 737 4061 mmrnitatis
770 4004 1027 4074 templum
1079 4020 1208 4060 vasa
1261 4005 1496 4061 viventia
1550 4008 1604 4062 in
1654 4006 1775 4062 sinu

194 4103 427 4174 propriae
462 4100 769 4170 sponsionis
794 4107 1031 4170 portant.
1079 4097 1219 4170 Ergo
1248 4101 1391 4169 quod
1420 4115 1527 4155 non
1574 4099 1780 4155 facien-

196 4192 324 4247 dum
372 4190 632 4261 praedicat
676 4189 867 4255 abbas,
896 4189 1012 4258 ipse
1039 4203 1144 4243 non
1186 4186 1381 4255 faciat;
1412 4197 1468 4243 et
1511 4188 1654 4259 quod
1693 4187 1778 4242 fa-

198 4283 446 4339 ciendum
474 4283 767 4353 praedicat,
816 4284 968 4353 prius
995 4283 1111 4354 ipse
1151 4297 1375 4339 necesse
1416 4290 1500 4338 est
1527 4282 1780 4354 operibus

196 4376 440 4447 impleat.

271 4467 357 4523 Ne
379 4468 499 4521 aliis
526 4468 819 4537 praedicans
862 4469 972 4539 ipse
1011 4467 1258 4539 reprobus
1285 4466 1604 4522 inveniatur.
1641 4466 1777 4523 Aliis
1800 4484 1854 4544 Β

196 4561 498 4632 praediatus
519 4561 840 4629 praedicator
866 4561 983 4629 ipse
1005 4562 1265 4629 reprobus
1287 4558 1582 4624 invenitur,
1599 4574 1777 4629 quan-

199 4654 268 4708 do
284 4652 427 4706 aliud
444 4652 697 4722 loquitur,
714 4661 768 4707 et
781 4652 923 4707 aliud
946 4659 1221 4722 operatur.
1240 4651 1398 4705 Aliud
1413 4652 1775 4718 sermonibus,

201 4741 344 4797 aliud
383 4757 512 4797 vero
548 4750 766 4798 exercet
788 4744 1058 4812 operibus.
1094 4742 1247 4810 Quod
1276 4743 1421 4798 enim
1476 4743 1598 4798 aliis
1639 4757 1780 4814 prae-

201 4833 346 4887 dicat
392 4832 723 4902 operandam
762 4832 876 4903 ipse
923 4833 1076 4903 piger
1126 4831 1355 4886 edicitur
1392 4832 1461 4887 ad
1514 4847 1780 4889 exercen-

201 4925 346 4979 dum.
378 4925 553 4980 Verbo
583 4926 723 4980 viam
762 4926 1099 4981 rectitudinis
1146 4926 1404 4989 ostendit,
1450 4925 1543 4981 sed
1592 4926 1779 4979 ambuo

201 5013 315 5070 lare
349 5030 446 5085 per
486 5031 606 5070 eam
632 5016 870 5087 negligit.
903 5015 983 5070 Ad
1013 5015 1413 5086 prtedicandum
1460 5015 1677 5078 alacer,
1710 5013 1779 5068 ad

201 5106 532 5175 operantium
571 5104 802 5160 eﬂicitur
829 5106 999 5176 piger.
1032 5105 1167 5159 Aliis
1201 5103 1490 5158 tenendam
1518 5104 1779 5173 praedicat

200 5195 344 5249 viam
362 5193 604 5262 justitire,
627 5194 741 5263 ipse
771 5208 830 5249 se
848 5209 954 5249 non
968 5194 1085 5248 vult
1109 5192 1332 5248 salutari
1364 5192 1596 5247 subdere
1618 5191 1779 5247 disci-

201 5284 378 5354 plinae.
410 5282 507 5337 Cui
543 5291 688 5338 recte
716 5284 987 5349 convenit,
1020 5281 1157 5352 quod
1189 5281 1456 5337 subditur.

276 5371 569 5443 Nequando
590 5372 729 5426 dicat
757 5371 835 5426 illi
862 5372 1000 5427 Deus
1025 5372 1259 5442 peccanti
1282 5384 1298 5422 :
1329 5368 1507 5435 Quare
1531 5378 1586 5421 tu
1622 5384 1779 5422 enar-

203 5463 537 5534 rasjustitias
560 5479 721 5526 meas,
737 5473 783 5515 et
802 5464 1024 5517 assumis
1048 5468 1410 5517 testamentum
1430 5475 1602 5513 meum
1617 5474 1710 5529 per
1723 5475 1780 5511 os

202 5564 347 5609 tuum
362 5550 534 5623 (Psal.
551 5554 715 5624 χιιι),
736 5553 844 5609 Nec
860 5554 926 5608 ad
941 5567 1374 5624 unumquemque
1388 5551 1622 5621 pertinet
1636 5548 1780 5620 quod

203 5644 461 5714 pmdicat
503 5642 638 5705 aliis,
671 5651 726 5697 et
753 5644 865 5714 ipse
898 5657 1002 5698 non
1030 5650 1288 5712 operatur
1330 5640 1470 5710 quod
1497 5640 1774 5709 prcedicat.

202 5736 276 5794 Os
288 5736 437 5799 enim
451 5735 611 5792 debet
623 5734 976 5805 esseju~tum,
993 5735 1133 5806 quod
1147 5733 1387 5806 justitias
1400 5731 1609 5789 Domini
1626 5745 1779 5787 enar-

1853 534 1999 590 euim
2036 547 2156 602 qua:
2184 530 2444 601 praedicat
2492 527 2717 597 implere
2745 523 3070 587 dissimulat,
3104 534 3161 578 et
3201 538 3320 591 qua:
3364 519 3454 576 fa-

1855 624 2046 680 cienda
2066 622 2276 693 iudicat
2298 620 2523 690 implere
2558 635 2666 674 non
2697 626 2899 683 cessat,
2944 633 3047 672 nec
3065 616 3306 685 justitias
3336 615 3443 671 Do-

1855 716 1987 770 mini
2034 727 2311 776 enarrare,
2341 720 2443 764 nec
2486 717 2897 765 sacrosanctum
2939 709 2992 762 in
3040 706 3442 777 praedicationis

1855 808 2088 862 cilicium
2113 806 2272 860 debet
2297 813 2577 858 assumere
2619 810 3023 856 testamentum.
3055 798 3330 867 Scriptum
3357 803 3443 852 est

1855 902 2001 954 enim
2028 916 2043 952 :
2074 894 2200 952 Non
2226 905 2302 951 est
2335 894 2497 965 digna
2523 893 2641 948 laus
2673 892 2738 949 in
2769 906 2901 945 aure
2931 890 3220 948 peccatoris
3244 887 3439 960 (Eccli.

1858 1006 1927 1045 xv
1947 989 1987 1059 ).

1929 1079 2009 1135 Tu
2049 1097 2169 1135 vero
2197 1079 2354 1134 odisti
2390 1062 2728 1146 disciplinam
2749 1115 2767 1141 ,
2814 1081 2864 1130 et
2890 1073 3156 1145 projecisti
3182 1086 3446 1126 sermones

1855 1184 1999 1226 meos
2018 1179 2134 1242 post
2161 1180 2230 1223 te.
2285 1166 2439 1222 Tunc
2467 1166 2614 1220 enim
2661 1163 2912 1220 subditus
2938 1162 3055 1216 odit
3081 1159 3443 1229 disciplinam,

1858 1261 2076 1332 quando
2108 1261 2177 1315 ad
2219 1258 2591 1315 correctiones
2617 1253 2797 1324 justas
2814 1253 3009 1322 iniqua
3028 1250 3451 1321 praesumptione

1860 1359 2243 1409 remurmurat.
2270 1346 2422 1405 Sicut
2443 1348 2709 1417 scriptum
2730 1352 2819 1400 est
2845 1362 2858 1397 :
2889 1342 3053 1398 Stulti
3088 1342 3234 1396 enim
3262 1337 3447 1410 despi-

1858 1445 2010 1500 ciunt
2063 1441 2423 1511 disciplinam.
2461 1438 2614 1494 Tunc
2660 1446 2842 1492 autem
2898 1447 3179 1490 sermones
3232 1426 3451 1487 Domit}

1859 1541 1984 1605 post
2021 1547 2083 1589 se
2128 1530 2364 1603 proiicit,
2396 1528 2616 1599 quando
2647 1525 2862 1581 abbatis
2891 1523 2996 1588 sui,
3037 1521 3124 1578 vel
3170 1520 3451 1576 seniorum

1859 1612 2082 1681 suorum
2097 1621 2433 1693 jussionibus
2450 1617 2618 1687 iustis
2643 1616 2867 1673 obedire
2897 1612 3215 1669 contemnit.
3244 1609 3447 1665 Praela-

1860 1724 1950 1771 tus
1979 1721 2164 1769 autem
2187 1718 2434 1768 sanctam
2457 1706 2801 1778 disciplinam
2831 1703 2968 1768 odit,
3010 1700 3229 1771 quando
3255 1715 3452 1757 secun-

1785 1799 1832 1859 B
1859 1805 1987 1860 dum
2018 1802 2290 1874 regularia
2314 1807 2590 1870 praecepta
2611 1797 2795 1852 vivere
2814 1792 3136 1857 contemnit,
3154 1789 3454 1859 Scriptura:

1863 1897 2059 1953 divinae
2104 1893 2422 1956 obliviosus,
2451 1904 2575 1961 quae
2603 1889 2736 1944 dicit
2776 1904 2790 1941 :
2822 1883 3170 1955 Disciplinam
3214 1881 3451 1946 Domini,

1862 1985 1945 2055 fili
1984 1986 2077 2050 uti,
2129 1999 2194 2038 ne
2231 1981 2476 2052 obiicias,
2512 1989 2563 2035 et
2601 1978 2732 2033 audi
2784 1974 3099 2040 consilium,
3155 1980 3203 2027 et
3248 1972 3453 2042 suscipe

1864 2074 2224 2146 disciplinam,
2247 2082 2307 2127 ut
2337 2072 2463 2127 bene
2491 2072 2560 2126 sit
2600 2069 2694 2124 tibi
2725 2066 2909 2139 (Prov.
2972 2082 3064 2132 In;
3102 2064 3263 2119 Prov.
3314 2063 3452 2133 nx).

1865 2168 1989 2224 Vita
2008 2167 2212 2223 etenim
2252 2164 2521 2236 regularis
2540 2160 2852 2218 tenentibus
2878 2172 3022 2223 eam,
3057 2156 3339 2226 disciplina
3369 2163 3456 2211 est

1864 2258 2143 2314 salutaris.
2171 2256 2303 2311 Post
2325 2269 2386 2310 se
2421 2267 2705 2310 sermones
2749 2249 2962 2306 Domini
2993 2248 3251 2318 praelatus
3289 2245 3456 2316 proji—

1865 2349 1960 2414 cit,
1988 2348 2205 2419 quando
2223 2361 2344 2416 qua:
2370 2345 2438 2401 de
2465 2344 2666 2401 divinis
2687 2342 2972 2413 scripturis
2999 2339 3232 2396 subditis
3258 2335 3454 2407 praedi-

1866 2448 1957 2496 cat
1982 2439 2206 2509 implere
2236 2438 2351 2506 ipse
2375 2435 2701 2492 dissimulat.
2734 2433 2837 2501 Qui
2865 2432 3010 2488 enim
3038 2430 3254 2487 curiose
3275 2427 3456 2483 aliena

1866 2531 2150 2599 increpare
2190 2528 2416 2583 festinat
2439 2527 2661 2591 delicta,
2700 2538 2923 2580 necesse
2966 2529 3052 2577 est
3092 2529 3153 2576 ut
3197 2535 3297 2576 sua
3323 2531 3455 2591 pro—

1866 2608 1990 2673 vide
2019 2618 2378 2673 considerans
2421 2614 2919 2686 per-paenitentiam
2948 2613 3171 2669 damnet
3210 2616 3458 2681 peccata,

1866 2719 1956 2773 ne,
1983 2707 2113 2762 dum
2135 2707 2372 2762 alienum
2390 2707 2672 2761 minimum
2694 2705 2906 2775 publice
2924 2704 3153 2773 corripit
3175 2701 3457 2766 delictum,

1867 2814 2023 2854 suum
2068 2798 2245 2853 inanis
2292 2805 2551 2866 tanquam
2588 2811 2780 2849 aurum
2817 2793 3119 2849 abscondat
3146 2800 3454 2863 peceatum.

1867 2890 2005 2945 Nam
2043 2897 2175 2945 sunt
2204 2887 2445 2943 nonnulli
2472 2887 2564 2957 qui
2603 2886 2835 2940 aliorum
2856 2898 3078 2953 semper
3101 2890 3230 2937 ante
3272 2882 3460 2938 oculos

1868 2984 2075 3039 habent
2101 2988 2306 3045 errata,
2332 2994 2429 3034 sua
2482 2987 2661 3033 autem
2707 2990 2806 3046 pro
2850 2974 3021 3029 nihilo
3046 2973 3277 3037 ducunt,
3311 2980 3368 3025 et
3400 2971 3457 3024 iu

1869 3073 2195 3129 oblivionem
2243 3076 2468 3140 ponunt,
2515 3074 2727 3137 etpost
2762 3066 2983 3120 dorsum
3030 3060 3328 3132 projiciunt
3365 3061 3459 3115 de-

1795 3145 1840 3206 C
1871 3165 2021 3220 licta.
2067 3164 2151 3217 De
2189 3161 2390 3231 quibus
2413 3167 2470 3215 et
2496 3166 2685 3229 aperte
2707 3156 2953 3224 sequitur
2980 3171 2994 3209 :

1941 3253 2011 3308 Et
2037 3254 2128 3324 qui
2164 3253 2218 3305 in
2241 3251 2426 3322 fratris
2457 3249 2533 3304 tui
2556 3246 2708 3302 oculo
2734 3246 2991 3316 festucam
3012 3242 3243 3306 videbas,
3262 3241 3320 3295 in
3359 3249 3451 3294 tuo

1869 3346 2069 3401 trabem
2085 3360 2191 3400 non
2205 3344 2380 3399 vidisti
2394 3340 2734 3413 (Mantum).
2753 3340 2811 3394 ln
2827 3337 3015 3393 fratris
3029 3337 3114 3392 sui
3128 3335 3288 3392 oculo
3300 3333 3463 3391 festa-

1871 3453 1990 3493 cam
2015 3438 2182 3492 abbas
2204 3435 2372 3500 videt,
2387 3434 2483 3490 sed
2508 3434 2563 3487 in
2587 3446 2685 3488 suo
2711 3431 2920 3487 trabem
2943 3443 3051 3484 non
3065 3429 3229 3491 videt,
3246 3424 3463 3497 quando

1871 3527 1957 3583 vel
1983 3526 2237 3582 minimas
2267 3524 2633 3594 subiectorum
2672 3535 2897 3578 suorum
2927 3520 3117 3590 culpas
3154 3517 3371 3589 publice
3406 3523 3465 3571 et

1871 3619 2250 3690 exaggerando
2269 3618 2502 3690 iudicat,
2520 3623 2574 3672 et
2592 3631 2691 3671 sua
2715 3612 2924 3683 majora
2947 3610 3344 3684 parvipendens
3370 3623 3465 3664 oc—

1872 3710 2066 3777 cultitt,
2084 3717 2139 3765 et
2154 3709 2447 3765 emendare
2467 3706 2792 3763 dissimulat.
2826 3703 2883 3759 in
2914 3702 3099 3759 fratris
3120 3701 3275 3758 oculo
3294 3698 3465 3755 festin-

1873 3817 1994 3858 cam
2020 3801 2187 3866 videt,
2233 3801 2452 3870 quando
2482 3799 2540 3854 in
2565 3798 2730 3853 corde
2765 3796 2989 3851 alterius
3028 3793 3340 3855 iracundia,
3374 3790 3460 3861 pi-

1875 3892 2070 3963 gritiae,
2094 3890 2491 3954 somnolentim,
2527 3898 2583 3943 et
2608 3897 2930 3944 cancrorum
2990 3885 3177 3940 talium
3206 3882 3465 3939 vitiorum

1874 3995 1995 4036 esse
2023 3980 2215 4034 vitium
2245 3969 2627 4047 reprehendit;
2661 3976 2717 4029 in
2760 3990 2858 4030 suo
2881 3973 3091 4029 trabem
3130 3987 3239 4027 non
3284 3970 3462 4037 videt,

1876 4071 2090 4140 quando
2123 4069 2256 4133 odii,
2296 4067 2599 4134 ebrietatis,
2637 4065 2936 4135 superbiae,
2984 4071 3041 4119 et
3070 4062 3331 4119 similium
3382 4068 3464 4116 ta-

1876 4161 2008 4216 lium
2037 4161 2245 4215 crimen
2272 4158 2442 4214 abbas
2470 4158 2679 4213 habens
2704 4158 2759 4211 in
2793 4154 2960 4211 corde
3011 4153 3217 4208 habere
3252 4166 3315 4208 se
3363 4150 3467 4206 Ini-

1875 4251 2021 4307 nime
2056 4250 2416 4319 recognoscit,
2443 4247 2663 4317 quando
2713 4248 2771 4302 in
2808 4246 3042 4300 aliorum
3087 4243 3347 4300 cordibus
3382 4242 3464 4298 le-

1875 4341 1988 4407 via,
2016 4356 2139 4412 quae
2168 4338 2503 4409 increpanda
2533 4345 2684 4403 sunt,
2719 4335 2896 4392 cernit
2931 4343 2988 4390 et
3014 4333 3229 4404 arguit,
3257 4339 3318 4388 et
3342 4346 3464 4402 qm:

1879 4428 1935 4486 in
1958 4429 2121 4485 corde
2149 4443 2249 4484 suo
2270 4434 2400 4484 sunt
2424 4425 2632 4497 gravia,
2665 4440 2768 4481 nec
2793 4424 2961 4491 videt,
2986 4437 3091 4479 nec
3109 4420 3354 4490 corrigit.

1953 4543 2077 4598 Non
2101 4542 2166 4596 ab
2193 4558 2251 4596 eo
2274 4556 2497 4613 persona
2525 4539 2582 4593 in
2616 4537 2935 4593 monasterio
2959 4534 3310 4589 discernatur.
3337 4531 3466 4587 Non

1878 4628 2022 4693 enim
2045 4649 2387 4707 personarum
2416 4640 2657 4702 acceptor
2691 4640 2764 4685 est
2797 4629 2934 4684 Deus
2982 4626 3119 4700 (Act.
3151 4626 3209 4697 ι)
3229 4666 3243 4691 ,
3274 4625 3367 4681 sed
3404 4625 3467 4681 in

1880 4727 2028 4783 omni
2049 4732 2210 4797 gente
2229 4724 2285 4779 in
2316 4723 2403 4778 his
2431 4722 2522 4792 qui
2552 4721 2744 4776 timent
2775 4734 2920 4785 eum,
2948 4724 3231 4787 acceptum
3257 4723 3342 4771 est
3360 4714 3463 4770 illi.

1880 4819 1949 4874 Et
1968 4819 2090 4874 ideo
2112 4818 2182 4874 ab
2207 4815 2403 4872 abbate
2429 4814 2484 4869 in
2513 4810 2846 4867 monasterio
2864 4823 3094 4880 persona
3124 4822 3232 4863 non
3262 4807 3466 4862 discer-

1880 4919 2056 4974 natur,
2106 4924 2207 4965 nec
2251 4907 2578 4976 accipiatur;
2627 4903 2755 4974 quia
2791 4916 2822 4955 a
2853 4901 2965 4956 Deo
2993 4914 3095 4955 nec
3135 4898 3469 4955 discernitur

1878 5018 2110 5074 persona
2142 5000 2398 5063 hominis,
2424 5012 2528 5055 nec
2571 4995 2856 5065 accipitur,
2896 4995 2994 5050 sed
3041 5001 3250 5047 tantum
3296 5006 3463 5062 opera

1877 5092 2020 5148 bona
2070 5099 2125 5146 et
2160 5090 2375 5159 accipit,
2423 5095 2478 5143 et
2529 5087 2810 5155 approbat.
2870 5084 3108 5154 Accipere
3152 5083 3291 5136 enim
3338 5095 3461 5150 per-

1876 5183 2143 5238 sonam'in
2162 5180 2369 5251 judicio
2396 5193 2503 5232 non
2526 5188 2605 5231 est
2621 5177 2833 5241 bonum,
2849 5174 2980 5230 dicit
3001 5169 3457 5243 Salomon(Prov.

1877 5271 2057 5345 xvm).
2109 5271 2177 5325 Et
2228 5271 2282 5325 in
2326 5269 2568 5326 Levitico
2618 5268 2878 5337 scriptum
2932 5274 3014 5322 est
3063 5283 3078 5319 :
3127 5264 3252 5319 Non
3298 5264 3464 5334 facies

1881 5363 2022 5434 quod
2051 5362 2290 5432 iniquum
2316 5367 2415 5425 est,
2443 5374 2535 5412 nec
2562 5359 2759 5428 injuste
2773 5356 3065 5427 judicabis,
3100 5373 3193 5411 nec
3220 5355 3462 5408 conside-

1884 5472 1966 5508 res
1993 5470 2270 5525 personam
2295 5452 2541 5523 pauperis
2560 5491 2573 5512 ,
2615 5466 2707 5504 nec
2731 5449 2955 5503 honores
2988 5446 3187 5503 vultum
3211 5447 3460 5517 potentis.
3560 5498 3567 5513 ,

1881 5544 2033 5599 Iuste
2051 5542 2323 5613 judicabis
2366 5543 2608 5612 proximo
2644 5549 2732 5594 tuo
2764 5539 2951 5611 (Levii.
2986 5538 3122 5610 xxx).
3165 5536 3462 5607 Postquam

1879 5650 2011 5690 vero
2063 5634 2128 5689 ad
2182 5634 2540 5687 monachatus
2588 5631 2655 5684 de
2691 5629 2891 5686 saeculo
2927 5630 3050 5700 quis
3095 5629 3311 5686 venerit
3355 5627 3459 5683 ha-

1878 5728 2077 5795 bitum,
2127 5725 2242 5781 sive
2279 5724 2416 5781 liber
2442 5722 2635 5779 fuisset
2677 5730 2865 5789 antea,
2913 5722 3029 5779 sive
3066 5735 3287 5791 servus,
3335 5720 3456 5781 sim
