3940 6434
488 347 592 404 755

1768 343 2052 404 SilARAG
2063 343 2127 399 Dl
2166 337 2453 396 ABBATIS

3667 342 3784 398 Ἱῗϐ

488 476 713 533 pauper,
757 461 872 515 sive
900 457 1069 523 dives,
1102 459 1216 513 slve
1252 459 1469 525 nobilis,
1503 460 1617 514 sive
1645 460 1921 530 ignobilis,
1963 472 2070 511 non
2101 460 2150 517 Λ
2178 454 2407 508 Domino
2442 452 2725 521 aequaliter
2748 451 3049 519 bajtdamus
3077 471 3091 507 :
3124 454 3250 523 quia
3293 454 3542 524 quamvis
3587 469 3781 524 inqua-

486 561 573 605 est
614 550 683 603 ab
724 549 860 601 abba
888 563 919 603 e
960 548 1377 602 discernendum
1405 587 1420 610 ,
1479 550 1576 602 sed
1626 561 2072 618 unumquemque

486 641 780 693 secundum
818 639 942 693 vitae
966 654 1078 693 sua:
1116 641 1274 695 debet
1306 640 1387 694 vel
1418 642 1711 709 castigare.
1750 642 1836 694 vel
1885 653 2075 692 amare

490 730 768 784 meritum.

561 818 681 874 Non
728 836 864 874 unus
893 819 1011 890 plus
1048 830 1253 873 ametur
1298 837 1457 891 quam
1506 821 1668 885 alius,
1708 822 1807 875 msi
1839 829 1993 891 quem
2017 820 2076 874 in

486 911 635 965 bonis
687 912 891 965 actibus
949 920 1043 965 aut
1100 911 1398 965 abedientia
1462 913 1715 966 inuenerit
1779 911 2070 964 meliorem.

487 1002 681 1060 Merito
730 1003 798 1057 ab
828 1003 1023 1058 abbate
1056 1018 1155 1058 suo
1184 1004 1480 1057 monachus
1525 1004 1737 1057 czeteris
1763 1002 1884 1073 plus
1925 1015 2077 1055 ama-

487 1102 594 1156 tur,
624 1094 719 1163 qui
744 1094 797 1147 in
827 1094 985 1147 honis
1009 1094 1220 1147 actibus
1248 1102 1305 1147 et
1335 1075 1642 1147 obe-iientia
1688 1094 1881 1147 melior
1908 1101 2073 1146 czete-

487 1182 565 1235 ris
594 1181 891 1235 invenitur.
918 1179 1071 1234 iuste
1095 1181 1298 1234 etenim
1351 1180 1439 1233 ille
1469 1182 1538 1235 ab
1585 1182 1801 1235 homine
1829 1181 2078 1251 diligitur

489 1271 675 1335 homo,
703 1270 795 1339 qui
846 1271 1003 1325 bonis
1027 1270 1287 1339 operibus
1330 1279 1384 1325 et
1412 1279 1600 1325 saneta
1638 1271 1949 1325 obedientia
1979 1270 2079 1325 ho-

486 1370 712 1416 noratur
745 1378 777 1416 a
817 1361 949 1417 Deo.
982 1361 1218 1417 Necesse
1241 1370 1345 1426 est,
1379 1363 1600 1432 inquam
1620 1399 1636 1427 ,
1667 1370 1727 1417 ut
1762 1378 1950 1417 amore
1979 1362 2076 1416 tali

487 1449 749 1523 diligatur
768 1455 949 1516 homo,
991 1454 1085 1524 qui
1114 1455 1183 1508 ab
1213 1454 1776 1524 immortali—diligitur
1811 1454 1938 1508 Deo.
1968 1454 2076 1508 Pro

485 1548 629 1601 enim
673 1547 768 1602 Dei
802 1560 988 1600 amore
1047 1561 1108 1601 se
1144 1545 1268 1601 talis
1317 1546 1616 1600 monachus
1663 1560 1775 1614 prae
1823 1546 2076 1602 omnibus

483 1640 805 1693 obedientia:
859 1638 1072 1704 subdit,
1129 1645 1186 1692 et
1243 1637 1296 1691 iu
1353 1637 1511 1691 bonis
1550 1638 1804 1692 omnibus
1861 1638 2076 1692 actibus

484 1738 733 1793 exercet;
794 1736 851 1783 et
890 1729 1014 1783 ideo
1054 1727 1124 1781 ab
1165 1728 1363 1782 abbate
1413 1741 1528 1798 pra:
1570 1727 1823 1781 omnibus
1875 1723 2076 1781 merito

481 1815 728 1886 diligitur
764 1824 822 1870 et
859 1824 1091 1870 amatur.

555 1906 681 1960 Non
710 1909 1027 1962 conuertenti
1065 1924 1130 1962 ex
1158 1907 1371 1961 servitio
1410 1917 1755 1977 pneponatur
1786 1907 2068 1976 ingenuus,

2179 544 2303 598 liter
2358 560 2465 597 non
2512 558 2775 608 vzvaiuus,
2813 542 3003 614 jugum
3044 544 3258 599 Domini
3311 560 3479 600 suave
3517 554 3575 600 et
3629 562 3783 602 onus

2174 637 2293 705 ejus
2335 634 2452 689 leve
2481 633 2535 688 in
2581 633 2814 703 regulari
2851 635 2961 688 vita
2991 634 3249 704 degentes
3304 636 3592 704 mqualiter
3640 653 3775 708 pro-

2175 728 2426 783 misimus
2481 734 2537 782 et
2577 727 2925 781 sustinemus.
2976 727 3107 793 Quae
3156 728 3419 799 regularis
3461 728 3590 789 vita,
3641 744 3777 798 qua:

2176 819 2266 873 hic
2287 826 2515 872 vocatur
2555 817 2771 881 militia,
2800 817 2870 871 ab
2889 817 3144 872 omnibus
3169 818 3452 873 monachis
3476 820 3777 888 :cqualiter

2175 918 2262 964 est
2291 909 2543 972 tenenda,
2559 918 2737 963 etnec
2757 923 2788 962 a
2809 908 3004 973 servis,
3031 923 3178 964 necs
3202 909 3407 974 liberis,
3425 926 3526 965 nec
3551 927 3582 965 a
3608 911 3770 981 prio-

2176 1000 2347 1064 ribus,
2384 1015 2483 1054 nee
2509 1016 2540 1053 a
2577 998 2881 1053 minoribus
2924 998 3217 1067 aliquando
3244 998 3475 1054 licenter
3502 1010 3588 1055 est
3633 1002 3768 1055 vio-

2176 1089 2359 1143 landa.
2379 1089 2447 1143 Et
2464 1092 2510 1142 si
2530 1101 2750 1158 propter
2774 1087 3121 1158 fragilitatem
3148 1090 3443 1144 humanam
3455 1092 3524 1145 ab
3546 1107 3612 1146 ea
3636 1107 3773 1147 con-

2177 1179 2362 1246 tigerit
2389 1178 2616 1243 deviari,
2650 1194 2680 1232 a
2710 1193 2981 1248 quoquam
3013 1193 3119 1233 una
3168 1181 3487 1235 emendetur
3535 1197 3774 1238 necesse

2175 1276 2262 1319 est
2283 1266 2623 1334 paenitentia,
2640 1274 2696 1320 et
2720 1282 2826 1320 una
2849 1274 3101 1320 teneatur
3115 1267 3168 1320 in
3184 1269 3435 1323 ominibus
3453 1269 3771 1339 disciplina.

2180 1356 2333 1413 Unde
2359 1365 2417 1411 et
2438 1367 2629 1426 aperte
2654 1358 2930 1427 sequitur.

2251 1448 2390 1514 Quia
2443 1465 2549 1503 non
2602 1457 2679 1503 est
2725 1466 3074 1520 personarum
3130 1453 3364 1521 acceptio
3407 1455 3549 1522 apud
3598 1452 3772 1509 Deum

2180 1540 2334 1613 (Act.
2364 1541 2446 1612 ι).
2464 1540 2573 1595 Nos
2601 1556 2864 1611 personas
2889 1544 3219 1613 accipientes
3242 1546 3619 1610 discernimus,
3639 1552 3771 1619 quia

2177 1634 2460 1689 venientes
2488 1634 2543 1688 in
2567 1635 2671 1689 hoc
2701 1635 2955 1690 sceculum
2997 1637 3261 1692 discretas
3292 1653 3387 1693 eas
3435 1640 3770 1697 invenimus.

2177 1724 2323 1781 Deus
2348 1734 2530 1780 autem
2560 1727 2653 1795 qui
2681 1728 2967 1784 universos
2985 1730 3040 1783 in
3065 1729 3219 1784 initio
3246 1729 3314 1785 de
3330 1747 3438 1784 uno
3459 1733 3684 1787 homine
3715 1742 3774 1787 et

2095 1812 2143 1871 B
2171 1830 2277 1869 una
2307 1817 2621 1873 conditione
2663 1819 2895 1883 creavit,
2943 1835 3206 1889 personas
3255 1837 3355 1876 nec
3394 1823 3629 1891 accipit,
3665 1840 3772 1879 nec

2174 1906 2461 1973 discernit,
2509 1909 2606 1964 sed
2653 1924 3093 1980 unumquemque
3121 1912 3419 1971 secundum
3454 1929 3623 1982 opera
3668 1930 3768 1968 sua

482 2000 586 2054 nisi
609 1998 719 2053 alia
748 1999 1078 2053 rationabilis
1101 2014 1263 2052 causa
1289 1997 1686 2063 existanouatl
1707 1998 1755 2052 si
1772 1998 1846 2051 ita
1858 1998 2074 2067 jnstitia
2172 1996 2260 2051 vel
2283 1997 2523 2063 damnat,
2556 2000 2640 2055 vel
2660 1998 2947 2069 justilieat.
2997 2002 3230 2071 lnjustos
3261 2013 3443 2059 autem
3486 2004 3660 2074 juste,
3708 2016 3769 2062 et

481 2088 717 2142 dictante
739 2087 928 2141 abbate
956 2089 1126 2142 visum
1153 2086 1345 2158 fuerit,
1367 2098 1416 2142 et
1463 2088 1528 2142 de
1562 2088 1843 2158 cujuslibet
1882 2088 2067 2141 ordine

482 2177 539 2232 id
568 2178 751 2247 faciat.
781 2175 876 2231 Sin
897 2178 1056 2243 alios,
1073 2181 1290 2249 propria
1316 2189 1529 2233 teneant
1549 2178 1686 2232 loca.
1712 2179 1864 2245 Quod
1887 2186 2070 2233 autem

484 2267 637 2332 dicit,
665 2282 772 2322 non
801 2278 1147 2337 prmponatur
1175 2267 1442 2338 ingenuus
1488 2282 1680 2331 servo,
1715 2266 2077 2337 subintelligi-

484 2364 593 2421 tur,
626 2356 683 2410 in
723 2358 936 2422 ordine,
966 2357 1053 2412 vel
1092 2358 1413 2413 ministerio.
1448 2357 1564 2412 Non
1609 2366 1920 2427 propterea,
1945 2358 2074 2428 quia

489 2449 761 2521 ingenuus
785 2459 890 2515 est,
921 2458 1014 2504 aut
1045 2451 1380 2520 superiorem
1409 2451 1617 2505 ordinis
1664 2457 1846 2504 teneat
1870 2451 2071 2517 locum,

483 2550 578 2595 aut
600 2542 901 2610 praepositi,
934 2540 1018 2595 vel
1051 2542 1240 2596 decaui
1292 2551 1473 2597 teneat
1514 2542 1912 2607 ministerium,
1963 2542 2075 2597 nisi

485 2632 593 2686 alia
642 2632 981 2687 rationabilis
1028 2647 1192 2687 causa
1243 2634 1463 2687 existat.
1528 2633 1887 2688 Ratioaabilis
1928 2615 2074 2688 eiiim

488 2736 653 2775 causa
680 2729 765 2775 est
792 2734 850 2774 ut
888 2721 957 2787 is,
987 2722 1079 2790 qui
1108 2721 1161 2775 in
1211 2722 1451 2777 Ecclesia
1482 2723 1677 2777 melius
1716 2731 1899 2791 potest
1938 2738 2076 2778 can-

492 2818 612 2864 tare
637 2818 693 2864 et
718 2809 915 2879 legere,
945 2810 1027 2865 vel
1075 2825 1234 2865 omne
1265 2810 1499 2865 oﬂicium
1526 2811 1772 2881 implere,
1819 2811 1914 2866 tali
1944 2826 2075 2867 con-

486 2915 623 2970 grue
645 2901 1011 2956 constituatur
1039 2900 1177 2965 loco,
1206 2908 1268 2955 ut
1287 2902 1448 2971 digne
1482 2903 1658 2972 possit
1680 2902 1816 2956 illud
1848 2901 2076 2971 implere

483 2991 742 3046 cilicium.
775 2991 915 3045 Etsi
947 2992 1020 3045 ita
1063 2999 1150 3046 est
1180 2991 1534 3061 intelligentia
1576 2991 1835 3046 rationali
1878 2991 2075 3061 praedi-

486 3093 595 3150 tus,
625 3092 681 3138 et
712 3086 900 3150 verbo,
930 3091 987 3139 et
1013 3084 1270 3155 cperibus
1297 3085 1563 3148 eruditus,
1599 3091 1660 3137 ut
1683 3084 1920 3139 decanos
1948 3098 2075 3153 pos-

2176 2086 2371 2143 merito
2398 2087 2640 2144 damnat.
2685 2088 2869 2146 Justus
2909 2106 3038 2147 vero
3068 2093 3516 2162 misericorditer,
3547 2104 3603 2151 et
3641 2114 3769 2168 gra—

2176 2175 2609 2245 tuitojustillcat.
2654 2177 2801 2245 Quos
2832 2181 2884 2234 in
2914 2183 3097 2251 pravis
3125 2183 3385 2252 operibus
3413 2187 3649 2255 superbe
3675 2188 3761 2241 vi-

2176 2274 2367 2322 ventes
2405 2267 2647 2332 invenit.
2703 2271 2970 2336 humiliat,
3003 2280 3059 2326 et
3090 2275 3434 2329 condemnat.
3479 2275 3627 2342 Quos
3668 2293 3769 2331 au-

2176 2366 2283 2413 tem
2314 2359 2369 2414 in
2393 2359 2550 2415 bonis
2589 2362 2802 2417 actibus
2843 2362 3120 2418 humiliter
3147 2364 3390 2420 viventes
3420 2365 3647 2430 invenit,
3679 2383 3765 2422 re-

2176 2458 2449 2515 munerat,
2479 2450 2701 2505 exultat.
2742 2451 2895 2507 Unde
2924 2460 2981 2507 et
3004 2435 3098 2508 hic
3131 2454 3410 2523 sequitur:

2250 2538 2593 2595 Solummodo
2620 2542 2675 2595 in
2719 2542 2818 2595 hac
2840 2553 3007 2614 ,ραι-ιε
3028 2543 3170 2612 apud
3194 2544 3363 2613 ipsum
3391 2544 3764 2612 disecrninmr,

2174 2630 2221 2686 si
2265 2629 2507 2685 meliores
2538 2630 2660 2686 aliis
2696 2634 2749 2687 in
2790 2633 3031 2704 operibus
3075 2633 3221 2687 bonis
3269 2645 3317 2688 et
3357 2634 3585 2689 humiles
3626 2642 3766 2689 inre-

2176 2726 2407 2779 niamur.
2440 2724 2497 2778 lu
2524 2724 2610 2779 his
2657 2725 2865 2779 duabus
2894 2725 3054 2779 rebus
3096 2740 3312 2795 semper
3332 2725 3447 2780 elec
3474 2725 3488 2779 i
3516 2740 3549 2779 a
3576 2741 3764 2794 repro-

2175 2817 2265 2872 bis
2317 2817 2718 2879 discernuntur,
2776 2817 2827 2870 iil
2880 2824 3001 2882 est,
3048 2816 3102 2870 in
3143 2832 3272 2871 vera
3315 2816 3495 2872 cordis
3542 2816 3762 2870 humili-

2176 2914 2308 2971 tate,
2340 2915 2397 2962 et
2438 2907 2567 2962 boni
2603 2907 2784 2976 operis
2816 2908 3048 2962 actione.
3093 2906 3300 2976 Capitis
3319 2906 3463 2961 enim
3494 2915 3548 2960 et
3574 2921 3764 2974 corpo-

2176 2994 2270 3056 ris.
2300 2994 2359 3049 id
2382 3004 2488 3060 est,
2534 2993 2738 3050 Christi
2762 3002 2819 3050 et
2852 2994 3109 3050 Ecclesiae
3131 3010 3233 3050 vos
3274 3002 3358 3051 est
3400 2995 3455 3048 in
3500 2994 3756 3050 Psalmo:

2174 3081 2374 3137 Indica
2404 3100 2503 3148 me,
2540 3083 2701 3148 Deus,
2728 3094 2777 3139 et
2810 3085 3046 3139 discerne
3071 3102 3287 3139 causam
3317 3101 3485 3138 meam
3517 3084 3584 3138 de
3612 3095 3761 3154 gente

484 3174 557 3227 sit
580 3187 725 3236 esse,
751 3174 839 3229 vel
868 3174 1210 3244 prmpositus,
1245 3173 1381 3227 nihil
1409 3173 1484 3227 illi
1510 3175 1593 3228 vel
1623 3174 1935 3243 ingenuitas
1957 3172 2071 3226 θαι.
2099 3173 2145 3235 C
2177 3190 2282 3227 non
2309 3182 2493 3228 sancta
2534 3172 2707 3246 (Psal.
2733 3175 2890 3241 xui).
2916 3174 3033 3230 Non
3053 3190 3183 3245 ergo
3212 3175 3468 3229 discernit
3497 3175 3759 3231 Dominus

484 3267 615 3331 eiet,
646 3266 732 3321 vel
776 3267 1031 3321 servitus.
1059 3264 1168 3321 Sed
1196 3266 1242 3320 si
1274 3264 1615 3320 rationabilis
1663 3267 1835 3336 exigit
1884 3280 2073 3331 causa,

484 3364 542 3410 et
573 3356 627 3409 in
654 3356 845 3411 ordine
885 3355 1253 3410 ednstituatur
1280 3355 1550 3425 superior,
1578 3362 1635 3409 et
1663 3355 1716 3409 in
1744 3357 2077 3411 monasterio

484 3447 656 3517 prior.
687 3445 813 3499 [lare
841 3453 1020 3499 autem
1051 3459 1158 3499 non
1186 3452 1396 3499 tantum
1424 3445 1492 3500 de
1536 3444 1798 3514 ingenuili
1827 3444 1913 3500 vel
1956 3460 2076 3499 ser-

487 3538 580 3591 vili
609 3537 800 3592 ordine
830 3534 1137 3591 faciendum
1180 3544 1286 3601 est,
1311 3535 1406 3591 sed
1441 3537 1509 3591 de
1550 3534 1838 3603 cujuslibet
1862 3536 2075 3601 ordine,

488 3626 541 3683 id
565 3637 671 3704 est,
695 3627 813 3682 sive
841 3627 908 3681 de
940 3625 1135 3696 priori,
1166 3626 1283 3681 sive
1307 3628 1376 3680 de
1400 3625 1628 3692 minori,
1657 3626 1772 3681 sive
1798 3626 1866 3681 de
1894 3642 2078 3683 sacer-

486 3719 680 3783 dotali,
710 3718 827 3774 sive
855 3719 923 3773 de
953 3717 1264 3783 levitarum,
1294 3716 1382 3772 vel
1411 3717 1746 3786 reliquorum
1792 3718 1984 3773 ordine
2022 3719 2076 3775 id

488 3812 676 3866 faciat.
692 3808 789 3865 Sin
815 3818 994 3863 autem
1017 3810 1236 3879 propria
1260 3817 1475 3865 teneant
1501 3810 1704 3875 loca,id
1731 3819 1834 3876 est,
1852 3820 2077 3881 prepter

487 3901 747 3972 potentia:
776 3901 857 3955 vel
883 3900 1236 3972 ingenuitatis
1267 3901 1581 3972 dignitatem
1620 3901 1760 3957 alter
1787 3918 1894 3957 non
1937 3919 2077 3973 pra:-

489 4006 726 4070 ponatur
750 3997 931 4063 alteri,
961 3998 1058 4052 sed
1087 3996 1460 4067 unusquisque
1498 3998 1554 4052 in
1589 4012 1698 4068 quo
1723 3997 1931 4053 ordinis
1958 3997 2075 4053 loco

487 4089 656 4152 venit,
687 4089 739 4141 in
772 4088 889 4157 ipso
917 4094 1260 4158 permaneat.

564 4180 702 4245 Quia
724 4181 831 4233 sive
854 4194 1053 4245 servus,
1081 4179 1187 4234 sive
1211 4178 1362 4247 liber,
1384 4196 1563 4235 omnes
1588 4180 1644 4234 in
1679 4180 1888 4235 Christo
1910 4196 2073 4234 unum
2097 4168 2106 4183 ’

488 4284 692 4322 suntut.
728 4266 931 4323 Omnes
984 4267 1040 4322 in
1085 4266 1303 4322 Christo
1345 4284 1514 4323 unum
1557 4284 1765 4333 sumus,
1811 4268 1972 4332 dicit,
2019 4268 2074 4324 id

491 4366 576 4413 est
596 4372 763 4412 unum
783 4371 982 4427 corpus
1007 4355 1235 4413 Christi.
1263 4357 1356 4414 Sic
1390 4359 1537 4414 enim
1569 4358 1677 4413 alio
1708 4359 1829 4414 loco
1874 4358 2073 4415 Paulus

493 4448 769 4518 apostolus
795 4448 872 4502 ait
900 4465 914 4501 :
944 4447 1015 4503 In
1052 4463 1158 4503 uno
1185 4449 1376 4514 spiritu
1405 4465 1584 4504 omnes
1620 4466 1743 4515 nos,
1782 4459 1831 4502 et
1874 4450 1932 4503 in
1966 4465 2071 4503 uno

2181 3279 2213 3318 a
2239 3265 2491 3335 personis
2509 3279 2792 3335 personas,
2820 3264 2873 3320 id
2915 3273 3018 3331 est,
3061 3281 3091 3319 a
3118 3266 3289 3321 servis
3314 3266 3612 3335 ingenuos,
3656 3266 3752 3322 sed

2178 3354 2248 3408 ab
2270 3353 2528 3424 operibus
2550 3354 2809 3409 discernit
2835 3369 3021 3424 opera,
3061 3363 3118 3410 et
3154 3370 3184 3409 a
3214 3356 3422 3410 meritis
3447 3356 3662 3420 merita,
3700 3363 3762 3411 ut

2177 3445 2472 3515 unicuique
2526 3446 2823 3501 secundum
2859 3445 3065 3516 proprii
3099 3446 3301 3501 laboris
3352 3460 3519 3515 opera
3558 3446 3759 3501 tribuat

2176 3545 2233 3592 et
2263 3537 2507 3608 praemia.
2533 3535 2671 3591 Nam
2713 3544 2769 3591 et
2807 3535 2948 3601 illos,
2975 3552 3111 3606 quos
3143 3538 3197 3609 in
3227 3537 3384 3592 bonis
3407 3536 3662 3605 operibus
3705 3545 3761 3592 et

2178 3626 2442 3681 virtutum
2471 3627 2678 3682 meritis
2707 3627 2977 3682 invenerit
2997 3628 3268 3694 meliores,
3301 3637 3356 3684 et
3378 3629 3612 3698 puritate
3636 3644 3760 3683 eor-

2176 3716 2261 3772 dis
2286 3717 2500 3773 caeteris
2522 3718 2857 3784 humiliores,
2897 3734 3021 3773 cum
3044 3719 3389 3788 praemiorum
3431 3719 3761 3776 discretione

2176 3821 2445 3876 congruas
2504 3806 2560 3860 in
2627 3821 2795 3878 regno
2850 3806 3111 3861 caelorum
3168 3808 3368 3861 tribuet
3427 3809 3756 3863 inausiones.

2177 3896 2352 3962 Quam
2378 3896 2639 3951 virtutum
2676 3896 2914 3951 omnium
2943 3903 3172 3951 matrem
3222 3898 3276 3951 iu
3304 3898 3554 3952 omnibus
3595 3899 3760 3955 abbas

2177 3996 2363 4042 tenere
2384 3987 2546 4042 debet
2571 3988 2977 4051 discretionem,
3003 3997 3060 4042 et
3077 4004 3179 4043 non
3202 4005 3463 4059 personas
3483 3991 3760 4046 discerne-

2177 4092 2268 4144 re,
2306 4077 2401 4133 sed
2429 4077 2852 4148 uniuscujusque
2888 4080 3084 4134 merito
3115 4082 3440 4150 approbare,
3468 4089 3526 4136 et
3569 4097 3760 4138 omnes

2174 4170 2472 4225 secundum
2519 4170 2713 4224 merita
2761 4184 2987 4238 operum
3035 4171 3250 4226 sincero
3303 4172 3465 4227 corde
3508 4171 3755 4242 diligere.

2177 4259 2332 4315 Unde
2357 4269 2413 4315 et
2436 4260 2686 4331 sequitur
2715 4277 2728 4314 :

2249 4348 2389 4420 Ergo
2417 4351 2634 4421 aqualis
2666 4352 2735 4404 sit
2756 4350 2821 4405 ab
2850 4367 2910 4405 eo
2936 4350 3176 4406 omnibus
3203 4344 3472 4417 Charitas;
3494 4370 3600 4407 una
3624 4369 3760 4423 prm-

2176 4439 2360 4494 beatur
2390 4441 2444 4501 in
2473 4440 2713 4495 ontnibus
2738 4481 2754 4507 ,
2791 4441 3078 4495 secundum
3111 4442 3322 4507 merita,
3359 4442 3661 4513 disciplina.
3697 4442 3758 4498 In

491 4517 707 4609 corpore
752 4538 1003 4610 baptizari
1030 4554 1235 4604 smnus,
1288 4539 1395 4593 sive
1429 4537 1641 4604 Ιιιάωί,
1688 4540 1795 4593 sive
1830 4538 2068 4609 gentiles,
2098 4517 2151 4577 D
2175 4530 2280 4586 hoc
2308 4531 2455 4587 enim
2477 4532 2700 4602 aqualis
2723 4533 2882 4588 debet
2899 4547 3020 4588 esse
3043 4534 3110 4587 ab
3134 4534 3331 4589 abbate
3360 4533 3612 4590 omnibus
3631 4535 3760 4590 cha-

492 4629 598 4682 sive
627 4629 780 4694 servi,
805 4629 907 4683 sive
929 4628 1101 4687 liberi.
1135 4636 1185 4682 et
1229 4644 1408 4681 omnes
1450 4629 1505 4682 in
1535 4646 1639 4683 uno
1671 4630 1862 4700 spiritu
1910 4631 2076 4697 palati

493 4736 674 4775 sumus
740 4720 960 4796 (Ephes.
1054 4717 1375 4788 Iv,b,l6;l
1418 4717 1541 4772 Cor.
1579 4734 1688 4784 xu;
1738 4718 1765 4771 1
1802 4717 1938 4772 Tim.
1988 4719 2072 4791 ιι).

496 4812 639 4868 Deus
667 4818 848 4866 autem
876 4806 973 4864 Dei
993 4808 1186 4874 Filius,
1202 4808 1296 4878 qui
1317 4808 1564 4864 homines
1588 4809 1705 4864 vult
1728 4809 1904 4864 salvos
1934 4809 2071 4876 ﬁeri,

494 4913 553 4958 et
576 4903 646 4957 ad
671 4902 1003 4971 agnitionem
1028 4900 1270 4956 veritatis
1290 4901 1587 4971 perducere
1611 4916 1830 4957 omnem
1859 4918 2073 4970 sexum,

494 5006 714 5046 clunem
741 4997 986 5054 aetatem,
1019 5003 1237 5043 omnem
1284 4988 1677 5056 conditionem,
1727 4990 1793 5046 de
1820 4991 2074 5046 universo

496 5096 696 5151 genere
722 5081 959 5136 humano
1009 5078 1260 5142 redemit,
1293 5087 1349 5135 et
1372 5095 1440 5135 ex
1468 5078 1574 5134 illis
1599 5081 1811 5151 corpori
1837 5095 1934 5136 suo
1966 5080 2077 5136 ele-

493 5184 709 5233 ctorum
733 5189 959 5230 numero
984 5173 1232 5239 sociavit,
1261 5183 1316 5231 et
1341 5175 1463 5231 ideo
1485 5175 1539 5230 in
1560 5174 1798 5243 Christo,
1816 5176 1931 5232 sive
1957 5190 2077 5231 ser-

493 5267 580 5333 vi,
619 5266 736 5324 sive
760 5265 918 5322 liberi
947 5279 1137 5322 omnes
1164 5281 1331 5320 unum
1361 5280 1566 5321 sumus.

568 5359 639 5414 Et
671 5358 767 5414 sub
814 5375 921 5412 uno
964 5356 1189 5411 Domino
1236 5357 1492 5427 (equolam
1538 5357 1801 5411 seruitutis
1833 5354 2077 5417 militioni

497 5448 819 5522 bajulamus.
850 5446 1121 5501 Bonorum
1147 5446 1291 5501 enim
1322 5445 1713 5500 monachorum
1737 5443 1791 5497 in
1815 5443 1918 5498 hoc
1939 5457 2079 5514 prte-

497 5540 639 5597 Senti
668 5538 867 5596 seculo
901 5537 1011 5592 vita
1035 5536 1089 5591 in
1118 5534 1321 5591 Christi
1345 5543 1431 5590 est
1453 5547 1669 5602 semper
1692 5533 1867 5603 posita
1907 5532 2079 5588 servi-

501 5632 631 5685 tutis
660 5628 874 5685 militia.
899 5626 1051 5685 Unde
1076 5633 1132 5680 et
1154 5624 1346 5678 beatus
1366 5620 1469 5676 Job
1491 5621 1569 5675 ait
1595 5638 1608 5674 :
1646 5621 1842 5675 Militia
1870 5630 1945 5675 est
1972 5621 2077 5675 vita

504 5719 726 5779 hominis
763 5736 919 5791 super
957 5728 1153 5773 terram
1191 5714 1353 5787 (Job.
1407 5712 1545 5785 vn).
1595 5712 1769 5780 Quam
1820 5713 1918 5768 sub
1970 5727 2079 5768 uno

2180 4622 2333 4686 ritas,
2361 4623 2502 4677 utin
2533 4622 2839 4679 dilectionis
2885 4622 3076 4678 habitu
3119 4639 3226 4677 non
3255 4624 3535 4679 discernat
3574 4640 3762 4695 perso-

2178 4727 2296 4766 nas.
2327 4710 2634 4781 IEqualiter
2676 4714 2820 4768 enim
2859 4714 3018 4769 debet
3037 4713 3104 4769 de
3125 4714 3293 4768 nobili
3324 4715 3548 4785 diligere
3570 4732 3757 4771 mena-

2176 4802 2311 4858 chos
2337 4841 2353 4868 ,
2392 4803 2675 4871 aequaliter
2715 4804 2782 4858 de
2829 4803 3012 4859 servili
3055 4805 3362 4860 conditione
3405 4813 3639 4861 creatos.
3669 4805 3759 4861 Sic

2176 4892 2361 4961 itaque
2384 4892 2717 4963 singulorum
2742 4893 2903 4948 debet
2940 4892 3253 4949 discernere
3282 4895 3495 4958 merita,
3518 4901 3579 4948 ut
3603 4895 3755 4949 alteri

2176 4983 2404 5038 alteram
2436 5000 2541 5039 non
2580 4994 2857 5056 praeponat
2896 5000 3205 5055 personam.
3231 4986 3298 5040 Et
3323 4986 3368 5040 si
3399 5001 3560 5040 uuam
3614 5002 3758 5041 eam-

2181 5075 2411 5145 demque
2467 5075 2768 5147 ingenuitas
2820 5076 2906 5132 vel
2935 5076 3215 5132 servitutis
3256 5092 3485 5146 persoua
3534 5078 3757 5131 commi-

2182 5165 2316 5223 serit
2358 5164 2592 5235 culpam,
2644 5180 2809 5221 unam
2846 5166 3201 5236 eamdemque
3242 5166 3545 5221 sustineant
3594 5166 3756 5221 disci-

2180 5256 2400 5325 plinam.
2435 5256 2552 5311 Non
2578 5257 2722 5311 enim
2744 5256 2968 5311 honoris
2987 5257 3158 5328 gratia
3182 5257 3320 5311 alius
3350 5257 3404 5310 in
3442 5258 3756 5326 pmnitemia

2184 5344 2465 5417 levigetur,
2498 5345 2636 5401 alius
2678 5360 2805 5400 vero
2853 5343 3216 5415 despectionis
3266 5361 3432 5400 causa
3485 5358 3752 5416 gravetur.

2187 5435 2293 5490 Sed
2315 5435 2389 5491 ita
2416 5435 2485 5489 ab
2512 5435 2708 5490 abbate
2738 5450 2967 5491 censura
2982 5436 3174 5507 judicii
3198 5445 3547 5506 temperetur,
3575 5445 3633 5492 ut
3655 5454 3756 5494 non

2184 5541 2291 5581 una
2320 5539 2551 5594 persona
2584 5524 2776 5591 levius,
2807 5524 2978 5581 altera
3023 5527 3240 5598 gravius
3275 5527 3569 5598 iudicetur.

2274 5614 2345 5669 In
2382 5613 2622 5668 doctrina
2669 5630 2896 5684 namque
2936 5632 3034 5670 sua
3082 5614 3243 5671 abbas
3292 5615 3630 5684 apostolicam
3671 5615 3753 5668 de-

2188 5706 2268 5761 bet
2298 5704 2450 5760 illaut
2484 5719 2684 5774 semper
2723 5703 2949 5773 formam
2994 5721 3220 5773 servare,
3259 5705 3313 5760 in
3337 5722 3441 5777 qua
3466 5704 3635 5761 dicit:
3662 5707 3756 5782 tr-
