3940 6412
140 235 238 289 ῗῖιῚ

1191 234 1547 291 (ΣΟΜΜΕΝΤ.
1588 234 1655 290 1N
1698 234 1856 289 ΠΕΟ.
1898 234 1956 291 S.
1991 237 2370 295 BENEDICTI.

3313 243 3414 301 753

139 369 236 421 gae
259 394 276 417 ,
315 349 552 413 obsecra,
597 349 810 419 increpa
857 347 942 416 (11
995 347 1132 405 Tim.
1165 347 1271 417 tv).
1307 348 1364 402 ln
1403 348 1506 402 hac
1549 350 1732 417 itaque
1760 352 1808 410 Λ
1835 348 2007 412 dirus,
2053 365 2302 421 magnus,
2340 350 2422 405 vel
2451 352 2643 422 dignus
2672 352 3011 426 intelligitur.
3058 353 3211 421 Quod
3235 366 3416 409 autem

140 440 439 511 apostolica
465 439 741 494 sententia
771 439 916 493 beati
948 438 1261 509 llieronymi
1308 449 1365 492 et
1406 438 1549 493 beati
1590 438 1745 492 Pro-t

139 531 285 601 speri
314 530 564 600 ponenda
607 536 738 584 sunt
779 530 962 584 verba.
1009 528 1101 584 Ait
1127 530 1272 583 enim
1322 528 1726 599 Hieronymus:

142 624 322 693 Argue
377 628 701 691 peccantes,
745 628 1054 674 contestare
1104 634 1173 674 ne
1213 617 1466 688 peccent‘,
1510 618 1729 688 increpa

142 714 481 768 resistentes.
509 712 617 767 Sed
639 713 755 767 hzec
779 712 960 765 omnia
987 726 1111 766 cum
1153 711 1436 781 patientia,
1457 719 1514 765 et
1536 726 1730 765 secun-

141 801 270 855 dum
314 802 637 857 doctrinam.
694 799 929 869 Prosper
974 810 1156 855 autem
1214 802 1354 855 dixit
1408 818 1420 854 :
1476 800 1730 855 Ecclesia:

141 892 340 961 quippe
386 892 702 947 doctoribus
749 899 806 944 et
849 906 1078 944 censura
1123 891 1284 946 debet
1327 891 1525 956 inesse,
1552 900 1612 944 ut
1639 906 1728 944 ar-

143 991 330 1053 guant,
371 990 427 1036 et
468 982 753 1051 patientia,
798 988 858 1035 ut
884 981 1177 1036 emendare
1220 982 1467 1036 nolentes
1512 980 1730 1035 fortiter

146 1078 321 1131 ferant
379 1077 694 1145 Apostolico
740 1075 1140 1131 satisfacientes
1179 1076 1447 1143 imperio,
1496 1076 1589 1144 qui
1638 1074 1729 1129 Ti-

144 1170 367 1223 motheo
411 1168 672 1237 praecepit
697 1167 884 1221 dicens
918 1184 931 1219 :
962 1166 1170 1236 Argue,
1219 1166 1433 1219 obsecra
1456 1206 1471 1231 ,
1514 1168 1727 1236 increpa

141 1260 198 1313 in
238 1259 382 1313 omni
404 1258 680 1328 patientia,
708 1265 757 1311 et
783 1256 1047 1310 doctrina.
1077 1255 1243 1323 Quasi
1270 1257 1511 1311 diceret:
1548 1256 1728 1326 Argue

143 1348 471 1418 comquales,
500 1349 728 1403 obsecra
763 1348 1032 1413 seniores,
1073 1349 1287 1417 increpa
1312 1346 1578 1416 juniores.
1621 1349 1728 1403 Sed

144 1448 431 1509 propterea
475 1439 681 1493 addidit
731 1438 785 1492 in
816 1437 962 1492 omni
1015 1439 1299 1507 patientia,
1347 1445 1402 1492 et
1441 1438 1723 1504 doctrina;

141 1531 269 1599 quia
312 1528 509 1584 leniter
545 1529 846 1600 castigatus
884 1527 1109 1582 exhibet
1154 1526 1516 1582 reverentiam
1565 1526 1729 1582 casti-

140 1619 312 1689 ganti.
335 1617 642 1687 Asperitate
666 1625 847 1671 autem
868 1616 1053 1671 nimia:
1075 1615 1463 1685 increpationis
1487 1614 1728 1671 oll‘ensus

1829 436 1980 502 dicit,
2008 440 2157 507 pium
2183 442 2357 510 patris
2385 444 2638 498 ostendat
2662 444 2936 511 affectum,
2984 446 3328 512 subauditur,
3358 446 3417 501 in

1830 544 1891 585 se
1908 530 2127 586 habere.
2150 532 2324 588 Aliter
2340 533 2518 588 dirum
2537 536 2782 606 magistri
2803 537 2936 593 dicit
2957 533 3409 607 magnitudinem,

1829 619 1913 673 vel
1943 627 2202 676 terrorem
2249 622 2657 692 increpationis,
2703 640 2824 693 quae
2848 640 2975 696 erga
3025 626 3269 682 subditos
3295 641 3414 681 ma-

1829 710 1997 781 gister
2042 710 2279 776 exhibet,
2329 720 2389 765 ut
2439 722 2721 767 sanentur.
2772 714 2925 780 Quod
2972 715 3170 779 dirum,
3220 715 3273 769 id
3310 724 3416 781 est,

1828 804 1955 873 quia
1985 811 2159 857 terror
2197 819 2303 859 non
2353 804 2558 867 odium,
2588 804 2683 858 sed
2713 806 2911 859 habere
2940 806 2996 860 in
3039 822 3097 860 sc
3128 807 3200 876 pii
3236 808 3414 877 patris

1829 907 2052 947 necesse
2076 900 2159 947 est
2195 892 2448 947 ostendat
2478 893 2748 948 affectum.
2800 893 2917 948 Non
2964 895 3108 949 enim
3157 896 3212 950 in
3244 895 3415 952 delin-

1828 992 2058 1053 quentes
2083 984 2377 1053 discipulos
2408 993 2586 1039 terror
2632 986 2699 1041 de
2727 986 2836 1041 odii
2875 984 3087 1051 fomite,
3114 988 3208 1042 sed
3251 989 3317 1041 de
3343 988 3420 1057 pii

1828 1074 2000 1143 patris
2021 1075 2315 1142 procedere
2343 1074 2504 1130 debet
2539 1090 2744 1132 amore.
2780 1076 2848 1132 Ut
2873 1084 3123 1132 errantes
3169 1078 3417 1147 magistri

1830 1175 2010 1224 terror
2035 1169 2295 1239 providus
2320 1169 2585 1238 corrigat,
2613 1180 2669 1224 et
2693 1170 2832 1223 bene
2850 1178 3074 1238 agentes
3100 1170 3223 1240 pius
3249 1169 3424 1238 patris

1829 1274 1984 1315 amor
2021 1258 2283 1313 refoveat.
2327 1258 2482 1313 Unde
2525 1269 2579 1313 et
2608 1268 2734 1328 apta
2760 1260 3024 1328 expositio
3073 1260 3215 1314 beati
3254 1259 3424 1314 Bene-

1828 1351 1961 1406 dicti
1981 1351 2034 1405 in
2065 1350 2331 1420 superiori
2363 1350 2656 1415 sententia,
2697 1366 2805 1420 qua
2833 1351 3001 1405 dicit:
3031 1350 3232 1420 Argue.
3263 1350 3424 1405 obsco

1831 1454 1948 1504 cra,
1995 1439 2241 1508 increpa,
2285 1438 2616 1494 lucidissime
2642 1439 2909 1494 subditur.
2952 1438 3044 1493 Ait
3070 1452 3213 1492 enim
3241 1438 3309 1494 de
3335 1453 3425 1492 ar-

1827 1528 2080 1599 gutioue:
2116 1527 2184 1582 Id
2206 1538 2280 1582 est
2315 1527 2757 1599 indisciplinatos,
2786 1537 2833 1582 et
2858 1528 3115 1599 inquietos
3139 1528 3288 1583 debet
3317 1529 3420 1583 du-

1828 1619 1940 1673 rius
1971 1634 2211 1688 arguere.

142 1725 244 1765 nec
285 1708 710 1778 increpationem
740 1707 966 1777 recipit,
1015 1720 1117 1762 nec
1143 1706 1394 1761 salutem.
1430 1705 1727 1762 Possumus
1755 1692 1801 1751 Β
1897 1708 1989 1763 Ait
2031 1709 2097 1765 de
2124 1709 2506 1766 obsecratione
2540 1727 2553 1762 :
2592 1707 2902 1765 Obedieutes
2937 1719 3135 1775 autem,
3171 1720 3221 1767 et
3249 1711 3421 1777 mites,

140 1809 190 1854 et
220 1799 279 1853 in
310 1798 412 1853 bac
440 1797 729 1862 sententia,
761 1812 924 1866 quam
963 1796 1042 1851 illi
1074 1797 1132 1852 in
1155 1796 1388 1852 diversis
1422 1796 1724 1851 rationabi-

142 1892 269 1946 liter
314 1889 623 1959 intelligunt
683 1888 1010 1959 impleudam
1051 1889 1329 1958 personis,
1384 1887 1438 1943 in
1475 1902 1583 1942 una
1627 1902 1724 1942 ea-

140 1984 372 2052 demque
396 1995 626 2051 persona
654 1995 749 2051 per
779 1988 1077 2051 temporum
1107 1980 1389 2036 intervalla
1419 1980 1537 2035 sine
1563 1979 1726 2034 dubio

145 2072 447 2142 intelligere
472 2085 592 2126 esse
626 2069 1017 2140 complendum.
1041 2070 1285 2125 Primum
1313 2070 1459 2125 enim
1499 2084 1727 2140 arguen-

141 2164 246 2219 dus
285 2170 372 2216 est
414 2168 689 2231 peccator,
734 2160 862 2230 quia
898 2169 1108 2230 peccat.
1159 2160 1345 2230 Neque
1382 2161 1528 2216 enim
1558 2160 1725 2216 alium

142 2257 299 2312 decet
346 2269 596 2325 arguere,
630 2254 732 2308 nisi
778 2262 1113 2324 peccantem.
1158 2253 1312 2310 Sicut
1357 2254 1618 2310 Dominus
1668 2255 1725 2310 in

145 2347 433 2417 Evangelio
453 2346 532 2400 ait
562 2364 575 2400 :
604 2343 663 2401 Si
701 2346 986 2416 peccaverit
1024 2346 1081 2399 in
1125 2354 1174 2400 te
1217 2345 1384 2415 frater
1404 2356 1549 2410 tuus,
1576 2345 1723 2409 eode,

143 2451 193 2496 et
232 2456 395 2508 argue
438 2456 557 2494 eum
593 2440 731 2494 inter
767 2446 817 2492 te
860 2446 911 2492 et
945 2437 1117 2508 ipsum
1154 2437 1347 2492 solum.
1399 2436 1459 2492 Si
1496 2438 1725 2492 audierit

143 2545 213 2598 te,
255 2532 492 2586 lucratus
539 2546 593 2585 es
636 2529 854 2599 fratrem
893 2538 1043 2583 tuum
1085 2528 1303 2599 (Matth.
1355 2527 1537 2600 xvm).
1584 2528 1725 2582 Ecce

136 2629 251 2697 jam
281 2628 519 2682 lucratus
539 2642 600 2682 es
625 2626 901 2696 arguendo
930 2624 1185 2690 fratrem;
1232 2625 1361 2694 quia
1391 2624 1618 2679 audiens
1646 2632 1721 2689 te,

142 2720 386 2776 correxit
407 2734 485 2775 se.
508 2718 744 2774 Obsecra
768 2718 915 2772 enim
942 2716 1165 2780 iterum,
1187 2723 1248 2769 ut
1270 2714 1512 2784 quotidie
1533 2714 1587 2767 in
1624 2714 1723 2768 bo-

143 2809 231 2865 nis
272 2809 483 2864 actibus
513 2809 718 2872 vivens,
744 2807 823 2861 sic
868 2806 921 2861 in
954 2805 1242 2860 virtutibus
1273 2812 1503 2868 crescat,
1527 2811 1722 2875 quate-

144 2914 246 2954 nus
268 2899 336 2953 ad
357 2897 817 2969 perseverantiam
839 2896 965 2951 boni
989 2896 1170 2965 operis
1188 2898 1390 2949 veniat.
1421 2894 1518 2950 Sin
1541 2903 1720 2949 autem

146 3001 199 3046 te
233 3005 344 3044 non
393 2989 645 3055 audierit,
681 3004 784 3043 nec
826 3003 884 3043 se
916 2986 1317 3052 emendaverit,
1356 2994 1451 3041 aut
1490 2985 1721 3041 fortasse

142 3091 265 3153 post
303 3083 734 3138 emendationem
773 3081 840 3135 ad
890 3080 1149 3135 vomitum
1204 3078 1466 3144 redierit,
1501 3078 1721 3149 increpa

142 3188 268 3228 eum
295 3172 519 3239 duriter,
543 3180 599 3228 et
621 3172 665 3228 si
689 3171 857 3237 vales,
880 3170 1130 3236 emenda,
1163 3169 1218 3224 in
1241 3170 1388 3227 omni
1411 3178 1589 3224 tamen
1620 3184 1721 3239 pa-

144 3264 355 3327 tientia,
385 3271 441 3318 et
474 3262 743 3318 doctrina.
774 3263 841 3317 Et
866 3263 970 3316 hoc
1007 3261 1169 3315 modo
1198 3259 1251 3314 in
1274 3276 1380 3314 una
1426 3259 1723 3330 eademque

142 3372 373 3427 persona
420 3357 537 3412 haec
579 3348 695 3412 tota
723 3355 933 3426 impleri
982 3360 1163 3424 potest
1212 3352 1502 3408 sententia.
1550 3351 1724 3405 Aliter

140 3463 380 3520 congruo
405 3458 646 3518 tempore
675 3448 983 3519 arguendus
1011 3455 1098 3501 est
1124 3460 1356 3516 peccans
1400 3444 1721 3507 monachus,

140 3548 202 3595 ut
227 3541 464 3595 declinet
486 3556 517 3594 a
545 3540 705 3594 malo.
724 3539 783 3594 Si
813 3538 1140 3603 emendavit,
1157 3539 1355 3592 iterum
1380 3534 1724 3590 convenienti

143 3639 386 3701 tempore
434 3631 802 3685 obsecrandus
838 3638 943 3693 est,
968 3638 1162 3684 utnon
1207 3628 1390 3699 tepide
1417 3628 1583 3691 vivat,
1628 3626 1725 3682 sed

143 3724 193 3777 in
238 3721 538 3776 virtutibus
585 3733 839 3772 crescens
894 3717 1059 3772 faciat
1109 3718 1337 3771 bonum.
1395 3716 1492 3771 Sin
1541 3725 1725 3771 autem

141 3811 432 3867 emendare
461 3807 714 3872 noluerit,
739 3807 825 3861 vel
844 3808 1163 3861 obsecratus
1192 3805 1392 3858 iterum
1426 3813 1552 3873 apto
1591 3814 1727 3859 tetu-

140 3919 269 3973 pore
328 3898 618 3956 terrendus
648 3906 733 3951 est
779 3897 976 3961 valde,
1028 3903 1085 3949 et.
1130 3892 1511 3963 increpandus,
1543 3892 1616 3946 ita
1667 3902 1730 3946 ut

138 3994 387 4048 ethnicus
412 3998 468 4044 et
494 3988 831 4060 publicanus.
878 3985 1015 4041 Huic
1059 3984 1243 4040 sensui
1279 3983 1425 4038 beati
1448 3982 1726 4037 Benedicti

140 4088 351 4142 videtur
381 4081 652 4154 expositio
686 4094 1004 4150 congruere.
1038 4078 1173 4133 Cum
1211 4076 1358 4132 enim
1389 4075 1616 4141 diceret,
1642 4089 1729 4128 ar-

139 4195 263 4249 gue,
283 4178 534 4239 obsecra,
558 4175 799 4243 increpa,
840 4171 1050 4227 addidit
1075 4189 1088 4223 :

208 4270 277 4324 Id
298 4278 394 4332 est,
423 4267 640 4320 miscens
659 4263 976 4334 temporibus
997 4271 1251 4330 tempora,
1273 4256 1561 4312 terroribus
1584 4256 1731 4311 blan-

136 4364 369 4417 dimenta
414 4358 493 4412 Ac
517 4358 564 4412 si
593 4356 801 4411 diceret
825 4368 842 4409 :
878 4352 1214 4423 temporibus
1235 4348 1534 4419 argutiouis
1561 4348 1730 4402 misce

140 4467 384 4522 tempora
431 4446 844 4510 obsecrationis,
883 4452 939 4499 et
974 4442 1311 4513 temporibus
1338 4440 1733 4497 obsecrationis

138 4546 309 4600 misce
340 4551 581 4610 tempora
612 4537 1018 4609 increpationis.
1049 4536 1116 4589 Et
1140 4549 1264 4589 cum
1292 4532 1564 4603 peccatrix
1613 4531 1732 4585 ani-

140 4652 226 4691 ma
265 4630 730 4702 increpationibus
766 4627 1011 4700 magistri
1040 4626 1230 4697 rigidis
1251 4626 1523 4697 justisque
1566 4622 1731 4679 fuerit

138 4727 351 4791 territa,
382 4724 651 4776 addantur
677 4721 753 4775 illi
782 4730 1008 4790 paterno
1049 4732 1256 4781 amore,
1292 4729 1362 4769 ne
1389 4715 1443 4769 in
1471 4714 1728 4783 desperao

139 4819 306 4876 tionis
358 4825 634 4886 mergatur
674 4814 905 4876 foveam,
945 4820 1002 4868 et
1039 4811 1427 4865 blandimenta.
1478 4806 1618 4863 Hinc
1646 4815 1726 4861 ‘et

139 4916 333 4968 beatus
362 4906 658 4976 Gregorius
685 4904 800 4959 ait:
835 4901 1110 4958 Miscenda
1130 4907 1215 4955 est
1234 4914 1365 4970 ergo
1383 4898 1581 4954 lenitas
1604 4913 1727 4952 cum

137 4998 453 5057 severitate.
506 4994 835 5049 Faciendum
865 4991 1137 5062 quoddam
1168 5004 1236 5044 ex
1265 4998 1498 5059 utroque
1523 4995 1731 5057 tempe-

141 5077 477 5152 ramentum,
520 5093 585 5139 ut
609 5100 785 5155 neque
827 5082 997 5137 multa
1028 5081 1321 5151 asperitate
1345 5078 1731 5135 exulcerentur

138 5177 365 5242 subditi,
397 5191 573 5247 neque
619 5175 785 5230 nimia
825 5173 1161 5244 benignitate
1208 5170 1506 5226 solvantur.
1540 5168 1730 5225 Omnis

140 5271 286 5327 enim
315 5268 385 5323 ab
407 5268 599 5322 abbate
623 5266 894 5337 sagaciter
918 5262 1221 5319 exhibenda
1250 5269 1337 5317 est
1358 5274 1512 5325 cura,
1539 5274 1609 5314 ne
1627 5260 1728 5315 ali-

137 5377 245 5434 qua
269 5376 337 5417 ex
360 5360 555 5415 ovibus
580 5358 697 5429 ejus
729 5363 935 5428 pereat.
965 5355 1121 5411 Unde
1146 5362 1203 5409 et
1226 5352 1508 5408 subditur:

211 5453 401 5506 Dirum
423 5449 683 5519 magistri,
710 5450 854 5518 pium
878 5447 1044 5518 patris
1074 5444 1311 5499 ostendat
1336 5443 1602 5512 affectum.
1635 5441 1727 5495 Dio

144 5558 259 5597 runt
283 5541 553 5612 magistri,
582 5539 781 5592 dicitur
805 5537 1089 5606 gravitudo
1113 5535 1249 5605 ejus,
1277 5533 1362 5588 vel
1400 5532 1726 5603 magnitudi-

143 5634 248 5697 nis,
275 5640 371 5688 aut
409 5631 650 5698 dignitas
693 5629 914 5698 grandis
962 5627 1204 5683 honoris.
1251 5624 1551 5694 Aliquoties
1577 5623 1724 5679 enim

1825 1809 1874 1853 et
1904 1801 2177 1870 patientes,
2204 1812 2258 1854 ut
2279 1802 2335 1856 in
2359 1802 2542 1856 melius
2565 1801 2842 1872 proﬁciant
2869 1802 3160 1856 obsecrare.

1895 1888 1985 1945 Ait
2017 1890 2086 1945 de
2132 1890 2505 1960 increpatione
2546 1906 2563 1945 :
2605 1890 2939 1961 Negligentes
2991 1900 3039 1946 et
3082 1900 3422 1947 contemnen-

1827 1993 1923 2049 tes,
1952 1993 2009 2038 ut
2049 1984 2303 2055 increpet,
2333 1994 2382 2039 et
2425 1984 2677 2054 corripiat
2724 1984 3087 2038 admouemus.
3136 1983 3312 2049 Nulla,
3362 1991 3424 2038 ut

1826 2075 2082 2141 ariitror,
2117 2074 2347 2131 lucidior
2390 2075 2660 2143 expositio
2706 2074 2761 2129 in
2813 2074 2913 2129 hac
2958 2074 3224 2144 Apostoli,
3257 2090 3423 2144 quam

1825 2165 2015 2221 beatus
2051 2164 2375 2220 Benedictus
2396 2162 2549 2230 fecit,
2576 2164 2777 2234 poterit
2806 2164 3038 2219 inveniri
3065 2164 3357 2220 sententia.

1901 2272 2085 2343 Neque
2113 2271 2408 2327 dissimulet
2437 2281 2651 2343 peccata
2682 2272 3113 2343 delinquentium.
3143 2271 3259 2326 Non
3281 2274 3425 2328 enim

1826 2365 2212 2420 dissimulanda
2252 2372 2380 2420 sunt
2404 2372 2627 2435 peccata
2655 2363 3104 2433 delinquentium,
3138 2379 3205 2418 ne
3237 2363 3425 2418 subdi-

1827 2464 2007 2511 torum
2053 2457 2215 2511 noxia
2265 2456 2354 2511 diu
2402 2455 2739 2528 protelentur
2781 2455 3001 2511 delicta.
3043 2456 3215 2523 Quam
3259 2456 3425 2511 citius

1826 2547 1969 2602 enim
2000 2548 2303 2617 peccatoris
2329 2547 2667 2603 emendanda
2710 2546 2873 2602 fuerit
2899 2547 3077 2619 culpa,
3108 2556 3220 2603 tam
3250 2547 3420 2603 citius

1824 2639 2177 2708 consequitur
2222 2646 2279 2694 et
2305 2640 2543 2693 veniam.
2592 2637 2861 2694 Celeriter
2905 2641 3066 2695 holie
3095 2641 3264 2696 abbas
3308 2639 3423 2695 cnl-

1824 2748 1949 2803 pam
1977 2731 2323 2785 manifestam
2374 2731 2631 2787 emendat
2677 2748 2879 2798 unam;
2928 2749 3053 2788 cras
3097 2735 3216 2789 sine
3260 2735 3427 2789 dubio

1826 2842 1988 2898 quam
2020 2826 2315 2881 emendare
2365 2825 2560 2879 debeat
2594 2826 2816 2879 habebit
2846 2826 3094 2880 alteram.
3141 2828 3282 2897 Ergo
3318 2842 3426 2881 non

1826 2917 2050 2971 tardans
2092 2913 2397 2969 dissimulet
2427 2916 2737 2981 emendare,
2768 2916 2921 2983 quasi
2967 2916 3236 2981 nesciens,
3264 2933 3426 2986 quem

1827 3015 1936 3062 tam
1965 3005 2185 3077 grandis
2211 3004 2517 3059 animarum
2552 3005 2833 3074 regiminis
2861 3006 3058 3074 proruit
3094 3005 3278 3060 fascis.

1898 3117 2001 3173 Sed
2024 3134 2146 3172 mox
2176 3126 2230 3170 ut
2261 3117 2504 3187 cmprrint
2527 3117 2673 3182 oriri,
2708 3117 2959 3170 radicitus
2980 3135 3056 3175 ca.
3076 3128 3128 3171 ut
3149 3117 3423 3188 pra'valet,

1824 3220 2075 3281 amputet.
2144 3209 2201 3263 ln
2267 3218 2387 3263 ortu
2457 3225 2556 3263 suo
2612 3210 2869 3265 radicitus
2922 3210 3247 3280 amputanda
3298 3217 3425 3269 sunt

1824 3302 1978 3365 vitia,
2009 3302 2094 3357 vel
2142 3312 2385 3374 peccata,
2443 3318 2534 3367 ne,
2587 3301 2709 3357 ﬁxis
2740 3303 3077 3374 ﬁrmatisque
3124 3303 3425 3373 radicibus,

1824 3396 2019 3453 noxios
2062 3412 2243 3453 ramos
2290 3397 2533 3463 mittant,
2566 3406 2619 3451 et
2651 3398 2704 3451 in
2737 3397 2901 3451 ramis
2930 3396 3057 3451 mali
3104 3397 3285 3467 operis
3311 3396 3424 3455 fru—

1826 3496 1946 3544 ctus
1979 3489 2174 3544 ferant.
2229 3488 2510 3543 Radicitus
2543 3496 2828 3559 amputare
2873 3496 3116 3558 peccata.
3167 3486 3249 3542 vel
3289 3487 3425 3543 vitia

1818 3576 2002 3647 jussit,
2034 3578 2129 3633 sed
2158 3585 2338 3635 tamen
2368 3585 2429 3632 ut
2455 3578 2714 3648 praevalet
2738 3577 2892 3632 dixit.
2934 3576 3050 3631 Non
3082 3577 3227 3632 enim
3251 3592 3426 3648 quan-

1828 3678 1940 3724 tum
1972 3670 2223 3725 volumus
2264 3678 2546 3740 amputare
2592 3678 2833 3739 peccata,
2867 3667 2950 3723 vel
2988 3668 3119 3723 vitia
3151 3669 3415 3731 valemus,

1827 3760 1921 3816 sed
1952 3769 2213 3831 quantum
2244 3776 2366 3815 cum
2414 3760 2627 3815 Domini
2669 3759 2937 3828 asljtttorio
2979 3774 3267 3832 possumus
3305 3775 3423 3813 aut-

1826 3859 2021 3920 putare
2050 3859 2273 3921 peccata
2305 3834 2755 3920 delinquentium:
2799 3849 3132 3905 festinemus.

1904 3963 2108 4020 Memor
2131 3964 2353 4035 periculi
2381 3963 2505 4019 Heli
2528 3965 2816 4019 sacerdotis
2843 3964 2907 4020 de
2949 3963 3060 4019 Silo
3103 3964 3155 4035 (l
3176 3965 3303 4035 Reg.
3335 3965 3422 4037 It).

1829 4054 1966 4123 Quia
1995 4056 2140 4111 enim
2172 4055 2307 4110 falsa
2336 4056 2539 4125 pietate
2567 4064 2852 4126 superatus
2893 4055 3060 4111 let-ire
3104 4056 3220 4111 llcli
3249 4057 3424 4113 deliu-

1834 4153 2057 4215 quentes
2084 4144 2224 4200 ﬁlios
2250 4142 2438 4208 noluit,
2468 4144 2610 4215 apud
2639 4143 3196 4213 districtumjudicem
3222 4154 3423 4201 semct-

1830 4237 2004 4307 ipsum
2043 4251 2166 4290 cum
2198 4234 2325 4291 filiis
2367 4234 2572 4290 crudeli
2604 4234 2949 4290 damnatione
2992 4236 3282 4305 percussit.
3311 4234 3423 4290 Pro

1833 4326 2120 4396 iniquitate
2149 4326 2293 4380 enim
2324 4325 2561 4382 ﬁliorum
2592 4340 2814 4381 suarum
2844 4325 3134 4380 damnatus
3163 4333 3269 4390 est,
3296 4326 3424 4395 quia

1838 4432 1945 4473 non
1972 4433 2069 4472 eas
2088 4418 2399 4482 severitate,
2425 4425 2481 4472 et
2505 4417 2833 4472 auctoritate
2856 4416 3137 4473 Pontiﬁcis
3176 4417 3424 4487 increpa—

1836 4508 1954 4573 vit;
1984 4507 2078 4563 scd
2108 4507 2521 4563 mansuetudine
2542 4517 2768 4577 paterna
2792 4507 2998 4562 lenivit.
3040 4507 3170 4574 Qua:
3203 4518 3425 4563 sentcn-

1836 4600 1911 4654 tia
1958 4598 2246 4671 vigilanter
2291 4599 2362 4655 ab
2405 4598 2706 4654 Abbatibus
2747 4606 2833 4653 est
2880 4597 3138 4662 timenda,
3184 4613 3255 4653 ne
3283 4597 3427 4653 forte

1835 4707 1959 4746 cum
1988 4690 2109 4760 plus
2150 4704 2313 4760 quam
2359 4690 2538 4754 decet,
2585 4688 2780 4744 leniter
2817 4687 3154 4743 subditorum
3201 4703 3425 4747 suorum

1833 4782 2171 4853 palpaverint
2210 4781 2421 4852 culpas,
2463 4797 2495 4837 a
2524 4780 2778 4838 districto
2822 4779 3007 4850 judice
3057 4780 3426 4841 damnationis

1831 4874 2102 4930 feriantur
2137 4873 2428 4929 sententia.

1901 4987 1972 5042 Et
1995 4986 2317 5043 honestiores
2345 4984 2574 5056 quidem,
2612 4993 2768 5057 atque
2803 4982 3156 5053 intelligibiles
3196 4984 3426 5049 animos,

1829 5082 2023 5151 prima,
2046 5076 2124 5133 uel
2165 5076 2396 5131 secunda
2433 5075 2793 5130 admonitione
2820 5073 2986 5129 verbis
3019 5074 3288 5144 corripiat.
3318 5073 3429 5130 Ho-

1831 5170 2102 5226 nestiores
2151 5166 2325 5230 dicit,
2378 5165 2830 5221 honorabiliorrs.
2886 5164 3157 5218 llonestus
3205 5162 3427 5230 dicitur,

1830 5259 1985 5329 quasi
2013 5256 2238 5312 honoris
2265 5263 2463 5319 status,
2486 5270 2555 5310 eo
2594 5255 2741 5324 quod
2780 5253 2916 5309 nihil
2960 5254 3160 5308 habeat
3189 5254 3425 5322 turpitu-

1833 5349 1992 5405 dinis.
2019 5345 2406 5418 lntelligibiles,
2451 5345 2663 5400 ratione
2689 5359 2939 5415 capaces.
2973 5344 3064 5414 qui
3086 5358 3150 5399 ea
3171 5358 3294 5413 qua:
3322 5358 3423 5396 au-

1831 5439 1986 5496 diunt
2036 5454 2069 5493 a
2116 5436 2396 5508 magistris
2440 5435 2765 5506 intelligunt,
2811 5444 2868 5490 et
2906 5434 3163 5505 operibus
3200 5432 3426 5502 implere

1836 5527 2194 5587 contendunt.
2227 5526 2383 5595 Quod
2412 5526 2458 5581 si
2489 5525 2548 5582 in
2572 5524 2844 5595 aliquibus
2873 5526 3035 5580 rebus
3057 5523 3422 5587 excesserint;

1829 5621 1956 5693 quia
1983 5634 2090 5676 non
2129 5626 2213 5674 est
2243 5619 2406 5673 homo
2434 5617 2527 5687 qui
2572 5618 2704 5672 vivit
2740 5624 2797 5671 et
2841 5631 2950 5671 non
2994 5622 3201 5684 peccet,
3230 5629 3422 5668 secun-
