3940 6484
488 243 593 297 759

1772 232 2120 288 SliAllACDl
2163 233 2453 290 AlillA'l'lS

3660 240 3783 297 7-ίῦ

478 356 608 410 dum
657 352 867 408 Domini
918 352 1270 420 praeceptum,
1322 346 1560 403 secundo
1607 359 1703 401 eos
1751 345 1932 400 verbis
1965 345 2062 401 ad-
2090 350 2136 409 Α
2165 357 2403 417 praesunt
2425 349 2737 413 exhibeant,
2768 347 2963 417 quibus
2990 347 3218 417 subjecti
3246 350 3458 407 occulta
3497 371 3601 413 sua
3634 344 3809 424 pro?

476 458 700 500 monere
745 441 1024 515 praecepit,
1075 440 1203 507 quia
1240 454 1335 495 cos
1382 439 1563 495 taliter
1608 438 1889 495 emendari
1936 452 2058 493 crc-

477 535 631 590 didit.
933 536 949 554 ’

544 624 816 696 Improbos
849 633 1023 683 autem
1066 633 1115 678 et
1158 623 1320 679 duros
1367 623 1546 688 corde,
1590 638 1653 676 ac
1699 622 1947 693 superbos
1982 619 2062 675 vel

470 717 842 780 iuobedientes,
894 715 1186 780 verborum,
1235 714 1313 770 uel
1358 714 1589 785 corporis
1635 714 1975 784 castigatione
2006 714 2062 767 iu

471 811 584 880 ipso
607 810 757 864 initio
784 810 983 879 peccati
1021 816 1294 861 coerceat:
1342 808 1510 862 sciens
1539 807 1807 876 scriptum,
1855 803 2062 859 Stultus

473 899 643 955 verbis
671 917 776 957 non
817 901 1101 970 corrigitur
1127 898 1307 971 (Prov.
1338 899 1516 969 xvm).
1563 899 1631 953 Et
1667 899 1900 953 iterum:
1937 897 2065 950 Per-

473 1000 591 1045 cute
632 989 803 1059 ﬁlium
835 999 983 1044 tuum
1030 990 1198 1059 uirga,
1244 998 1293 1043 et
1335 987 1582 1042 liberabis
1615 989 1849 1042 animam
1891 988 2005 1057 ejus
2029 1005 2062 1042 α

472 1092 639 1136 morte
680 1082 863 1154 (Prov.
896 1080 1076 1152 χχιιι).
1134 1082 1432 1150 Improbos,
1481 1080 1851 1150 imprudentes
1905 1082 2059 1147 dicit,

471 1174 741 1244 probitate
783 1173 981 1226 mentis
1001 1181 1267 1225 carentes.
1310 1172 1484 1226 Duros
1506 1180 1708 1236 autem,
1733 1174 2057 1241 pertinaces,

473 1264 558 1318 vel
589 1272 961 1325 contumaces,
1010 1269 1067 1316 et
1110 1260 1527 1332 incorrigibiles.
1581 1261 1717 1318 istos
1761 1271 1963 1326 autem,
1998 1278 2063 1317 ac.

471 1354 752 1423 superbos,
802 1360 859 1407 et
906 1353 1300 1417 inobedientes,
1355 1354 1641 1407 verborum
1688 1354 1771 1408 vel
1819 1356 2063 1425 corporis

471 1442 829 1513 castigatione
859 1442 914 1496 in
944 1442 1060 1513 ipso
1090 1442 1248 1496 initio
1277 1442 1486 1512 peccati
1513 1457 1766 1498 coercere
1790 1442 1969 1509 debet,
1996 1460 2062 1500 ne

468 1534 677 1606 peccati
704 1534 903 1589 malum
929 1542 1139 1587 crescat
1169 1533 1222 1586 in
1249 1534 1436 1598 altum,
1477 1541 1682 1590 etcum
1718 1549 2063 1591 consumma-

472 1634 586 1683 tum
616 1624 799 1690 fuerit,
828 1626 1037 1679 auctori
1062 1641 1160 1680 suo
1184 1626 1375 1680 mortis
1396 1636 1619 1696 generet
1649 1625 1906 1690 fructum,
1934 1627 2059 1695 quia

2163 439 2295 493 dere
2324 453 2430 493 non
2476 439 2818 503 erubescant,
2870 447 2931 493 ut
2980 454 3103 494 cum
3153 440 3513 496 tentationum
3560 442 3779 499 ﬂuetus

2162 530 2371 599 parvuli
2400 531 2746 596 tolerant,ad
2786 532 2956 602 patris
2984 540 3223 586 mentem
3259 533 3415 601 quasi
3463 533 3530 587 ad
3560 536 3776 590 matris

2163 620 2341 674 sinum
2366 630 2669 677 recurrant.
2698 625 2836 675 Nam
2858 630 2917 675 et
2936 620 3067 675 illud
3088 620 3228 675 scire
3253 621 3413 677 debet
3437 622 3613 678 abbas
3634 627 3777 692 quia

2163 711 2249 766 cui
2273 711 2394 781 plus
2417 713 2796 777 committitur,
2826 711 2946 782 plus
2971 712 3041 766 ab
3066 727 3133 766 eo
3166 712 3422 782 exigitur.
3464 712 3567 767 Cui
3613 714 3777 773 enim

2162 801 2283 871 plus
2322 803 2377 856 in
2406 817 2538 858 cura
2574 802 2853 872 regiminis
2893 802 3322 867 commendatur,
3369 801 3439 856 ab
3462 816 3531 857 eo
3572 805 3740 872 requl

2164 889 2316 945 residi
2354 892 2492 944 ratio
2514 890 2633 959 plus
2658 891 2912 960 exigitur.
2938 890 3181 957 Quantos
3206 890 3352 946 enim
3377 892 3775 962 unusquisque

2164 980 2331 1033 abbas
2378 979 2432 1033 in
2490 995 2586 1034 sua
2634 980 2831 1049 accipit
2878 981 3172 1039 monachos
3225 980 3642 1051 gubernatione,
3699 984 3775 1038 de

2164 1069 2331 1124 tantis
2376 1070 2683 1127 redditurus
2708 1079 2794 1123 est
2842 1070 3068 1124 Domino
3094 1072 3381 1126 rationem.
3416 1073 3482 1126 lat
3531 1074 3581 1128 si
3611 1072 3765 1133 bene

2162 1158 2394 1218 vivendo
2420 1174 2478 1215 se
2503 1160 2714 1215 salvum
2734 1161 2952 1226 fecerit,
2979 1168 3034 1216 et
3067 1161 3187 1216 illos
3214 1161 3370 1228 bene,
3399 1172 3455 1217 et
3495 1164 3648 1231 juste
3676 1180 3772 1220 re-

2162 1251 2326 1315 xerit,
2357 1251 2424 1305 de
2461 1267 2560 1309 sua
2610 1252 2786 1307 salute
2832 1253 3090 1322 gratiam,
3138 1262 3193 1308 et
3241 1254 3310 1309 de
3357 1255 3616 1310 omnibus
3653 1255 3768 1311 illis

2162 1342 2470 1398 mercedem
2499 1358 2530 1395 a
2558 1342 2786 1398 Domino
2822 1343 3047 1412 recipiet
3074 1344 3481 1412 sempiternam.

2232 1430 2483 1503 Scictque
2506 1448 2667 1502 quam
2710 1431 2972 1502 di/ficilem
3010 1442 3062 1486 at
3106 1433 3331 1487 arduam
3360 1450 3465 1488 rem
3491 1435 3759 1505 suscepit,

2162 1538 2338 1592 regere
2370 1522 2597 1576 animos.
2648 1520 2927 1578 Didicilem
2971 1530 3027 1577 et
3069 1523 3295 1578 arduam
3328 1540 3445 1578 rem
3474 1524 3610 1579 dicit
3635 1539 3766 1580 esse

2161 1627 2354 1683 regere
2410 1613 2690 1678 animam;
2746 1614 2872 1682 quia
2919 1614 3099 1670 tenuis
3139 1622 3196 1669 et
3235 1614 3506 1670 laboriosa
3551 1625 3663 1682 est,
3705 1618 3763 1672 in

474 1719 734 1788 scriptum
775 1726 897 1772 est:
929 1717 1214 1774 Peccatum
1253 1733 1376 1773 cum
1398 1727 1835 1777 consummatum
1867 1719 2052 1784 fuerit,

2160 1705 2674 1776 comprehendendo
2700 1706 3074 1773 subtilissima,
3108 1717 3165 1762 et
3189 1716 3418 1779 angusta
3454 1709 3509 1764 in
3537 1711 3760 1766 exami-

468 1814 693 1875 generat
720 1815 970 1860 mortem.
1001 1805 1296 1875 Castigatio
1331 1815 1534 1873 autem,
1565 1815 1619 1861 et
1648 1808 1702 1862 in
1741 1823 2055 1863 excommuv

470 1897 765 1962 nicatione,
799 1905 854 1951 et
883 1897 937 1950 in
967 1897 1170 1963 verbis,
1198 1910 1254 1951 et
1285 1897 1338 1951 in
1366 1897 1680 1952 verberibus
1719 1898 2054 1969 intelligitur.

386 2031 390 2035 .
466 1986 746 2051 Coei-cent,
791 1988 944 2052 dicit,
974 1988 1026 2041 id
1055 1996 1142 2041 cst
1186 1995 1516 2056 compescat,
1548 1985 1820 2053 refrtenet,
1866 1988 1949 2042 vel
1975 2004 2061 2042 re-

465 2080 683 2150 primat.
716 2079 783 2133 Et
803 2080 929 2148 quia
958 2080 1219 2148 scriptum
1242 2088 1364 2134 est:
1398 2077 1604 2134 Stultus
1632 2078 1800 2133 verbis
1825 2096 1927 2133 non
1949 2096 2061 2133 cor.

468 2170 660 2240 rigitur
705 2168 888 2240 (Prov.
916 2169 1094 2241 xvm),
1146 2184 1370 2225 necesse
1398 2178 1458 2224 ut
1495 2170 1819 2225 exhibentur
1844 2170 1893 2224 ei
1933 2184 2046 2225 cor.

467 2261 616 2335 poris
647 2262 934 2332 castigatio
966 2262 1018 2316 in
1058 2261 1640 2317 excommunicatione.
1696 2260 1762 2314 Et
1788 2260 1834 2314 si
1879 2260 2056 2316 adhuc

466 2367 688 2411 necesse
732 2351 919 2418 fuerit,
971 2353 1294 2408 exhibentur
1338 2361 1393 2408 et
1438 2353 1492 2408 in
1523 2351 1837 2407 verberibus
1881 2351 2052 2420 virga,

466 2442 593 2511 quia
615 2443 875 2512 scriptum
900 2448 983 2498 est
1001 2461 1013 2498 :
1034 2441 1262 2502 Percute
1282 2441 1452 2497 lilium
1476 2449 1626 2497 tuum
1654 2442 1825 2511 virga,
1850 2448 1906 2495 et
1928 2440 2059 2494 hbe-

467 2532 616 2589 rabis
661 2533 899 2588 animam
949 2534 1067 2605 ejus
1112 2548 1143 2589 a
1195 2541 1387 2589 ntorte.
1443 2533 1634 2588 Melius
1673 2532 1819 2588 enim
1867 2543 1928 2586 ut
1968 2531 2056 2591 hic

466 2623 638 2695 patris
659 2624 998 2694 percutiatur
1022 2624 1195 2694 virga,
1224 2638 1387 2693 quam
1419 2622 1615 2682 inferni
1656 2621 1796 2677 male
1825 2621 2054 2677 damna-

467 2723 557 2769 tus
576 2715 843 2770 sustineat
868 2729 1104 2784 pinnam.
1149 2713 1338 2768 Melius
1362 2712 1453 2769 hic
1480 2711 1548 2766 ad
1575 2710 1848 2769 modicum
1876 2711 2046 2782 patris

2160 1798 2379 1863 nando;
2411 1807 2469 1853 et
2515 1797 2638 1854 ideo
2674 1799 2965 1866 laboriosa,
2992 1809 3051 1855 et
3098 1801 3263 1857 ardua
3294 1802 3348 1856 in
3375 1804 3756 1874 gubernando,

2160 1894 2342 1966 gravis
2380 1902 2438 1949 et
2460 1893 2616 1965 pigra
2656 1895 2711 1949 in
2752 1896 3111 1961 emendando,
3139 1905 3193 1951 et
3217 1905 3505 1968 propterea
3532 1891 3758 1969 pericu-

2160 1982 2269 2037 lum
2300 1984 2550 2043 imminet
2573 1986 2719 2045 omni
2749 1988 3121 2058 gubernatori,
3166 1988 3236 2043 de
3270 1989 3360 2043 illa
3388 1989 3445 2044 in
3475 1992 3754 2049 rationem

2158 2074 2453 2129 reddendo.

2232 2165 2298 2219 Et
2325 2166 2610 2223 multorum
2638 2170 2831 2224 servire
2857 2170 3108 2225 moribus.
3149 2171 3285 2239 Quia
3338 2187 3520 2227 mores
3563 2173 3752 2227 diver-

2157 2268 2343 2310 sorum
2370 2258 2569 2315 diversi
2600 2270 2728 2315 sunt
2754 2261 3167 2327 monachorum,
3196 2263 3427 2318 diversis
3456 2264 3757 2333 impensio-

2158 2346 2319 2402 nibus
2364 2348 2609 2419 indigent
2654 2366 2937 2416 eurarun,
2986 2352 3111 2421 quia
3161 2352 3414 2411 diversis.
3435 2354 3754 2410 vulneribus

2155 2439 2369 2494 diversa
2418 2441 2629 2496 medela
2674 2442 3034 2512 impendenda
3067 2452 3152 2499 est
3197 2445 3637 2500 medicaminum.
3681 2446 3754 2502 Et

2158 2529 2278 2584 ideo
2303 2529 2497 2585 beatus
2540 2531 2862 2589 Benedictus
2908 2533 3244 2589 diversorum
3284 2535 3374 2590 hic
3396 2550 3630 2603 morum,
3663 2536 3751 2597 di-

2156 2634 2372 2674 versum
2401 2620 2491 2675 hic
2518 2622 2698 2690 posuit
2718 2623 3016 2679 curationis
3040 2624 3259 2679 modum
3286 2625 3510 2681 dicens:

2228 2711 2295 2765 Et
2336 2710 2504 2766 alium
2530 2714 2741 2785 quidem
2774 2714 3163 2781 blandimentis,
3212 2716 3377 2775 alium
3408 2734 3528 2772 vero
3574 2719 3751 2774 incre—

466 2805 859 2861 correctionem
905 2806 1191 2871 sustineat,
1221 2820 1385 2875 quam
1426 2804 1480 2859 in
1531 2801 1747 2859 inferno
1791 2811 2054 2873 perpetuo
2154 2802 2474 2879 potionibus,
2518 2803 2685 2857 alium
2730 2805 3106 2869 suasionibus;
3148 2816 3200 2860 et
3243 2807 3533 2861 secundum
3562 2809 3749 2863 unin-

465 2900 753 2955 damnatus
789 2908 986 2968 gemat.
1030 2897 1311 2955 Correctio
1354 2896 1500 2952 enim
1543 2895 1716 2966 patris
1752 2895 1808 2950 in
1840 2895 2053 2952 modico
2155 2894 2410 2962 cujusque
2427 2893 2757 2963 qualitatem.
2790 2895 2867 2956 uel
2892 2894 3287 2967 intelligentiam
3319 2897 3394 2952 ita
3415 2914 3470 2952 se
3507 2899 3747 2955 omnibus

464 2990 678 3045 videtur
715 3005 835 3045 esse
881 3004 1090 3055 amara,
1122 2989 1214 3045 sed
1259 2988 1602 3044 dulcissimos
1629 2985 1838 3043 fructus
1872 2986 1926 3040 in
1972 2985 2054 3040 fu-
2092 3049 2123 3056 Δ
2157 2981 2464 3050 conformet,
2503 2994 2554 3037 et
2593 2994 2753 3053 aptet.
2801 2985 2860 3039 In
2885 2987 3230 3055 expositione
3277 2987 3438 3056 huius
3466 2990 3745 3045 sententia)

465 3087 586 3133 turo
613 3088 835 3149 generat
859 3049 1129 3149 patienter
1162 3080 1559 3136 sustinentibus
1587 3093 1726 3133 eam.
2081 3049 2125 3111 (ἶ
2158 3072 2299 3127 leati
2323 3073 2567 3142 Gregorii
2598 3076 2845 3143 ponenda
2868 3084 2995 3131 sunt
3014 3078 3202 3132 verba.
3233 3077 3326 3131 Ait
3343 3079 3488 3133 enim
3515 3098 3528 3132 :
3558 3079 3744 3136 Scien-

540 3170 837 3227 Meminisse
893 3171 1039 3225 debet
1094 3189 1297 3242 semper
1342 3171 1504 3227 abbas
1551 3169 1691 3241 quod
1734 3169 1952 3234 dicitur,
2001 3178 2049 3222 et
2155 3161 2282 3217 dum
2323 3178 2540 3232 quoque
2567 3171 2669 3225 est.
2714 3167 2856 3235 quod
2884 3166 3175 3237 aliquando
3211 3168 3578 3239 snlijectorum
3609 3172 3739 3228 vitia

461 3259 620 3323 scire,
646 3262 769 3330 quia
797 3261 882 3315 cui
923 3260 1041 3331 plus
1070 3260 1432 3323 committitur,
1459 3258 1578 3329 plus
1605 3259 1670 3313 ab
1703 3275 1762 3312 eo
1780 3258 2047 3327 exigitur.
2156 3254 2452 3323 prudenter
2478 3256 2866 3311 dissimulanda
2889 3266 3038 3325 sunt,
3063 3260 3158 3314 sed
3178 3260 3305 3329 quia
3330 3260 3743 3321 dissimulantur

465 3349 543 3405 Ne
563 3368 723 3423 super
747 3353 882 3408 bene
912 3353 1156 3407 viventes
1180 3352 1429 3421 superbia
1455 3350 1629 3405 elatus
1655 3364 1713 3405 se
1735 3348 1978 3413 extollat,
1996 3356 2052 3404 et

463 3442 659 3498 vitiose
689 3444 928 3497 viventes
973 3443 1254 3512 despiciat.
1289 3440 1596 3495 Meminisse
1637 3438 1798 3494 debet
1839 3453 2052 3510 semper

464 3531 632 3589 abbas
661 3532 804 3603 quod
853 3532 1073 3596 dicitur,
1125 3531 1178 3585 id
1228 3538 1333 3597 est,
1374 3544 1680 3584 memorare
1706 3528 1833 3599 quia
1864 3528 2050 3600 fragile

466 3621 785 3695 figmentum
809 3631 915 3688 est,
948 3630 1002 3677 et
1030 3622 1097 3677 de
1125 3622 1271 3677 molli
1304 3629 1462 3679 terra:
1503 3620 1617 3676 luto
1640 3621 1957 3691 plasmatus.
1985 3622 2052 3675 Et

464 3715 585 3770 ideo
628 3714 936 3787 fragilitatis
974 3728 1085 3770 suae
1125 3729 1339 3785 semper
1371 3714 1558 3770 timeat
1604 3713 1812 3785 lapsum
1841 3730 1856 3779 ;
1887 3723 1941 3769 et
1971 3714 2051 3769 sic

464 3802 759 3866 humiliter,
788 3812 844 3863 et
872 3819 994 3859 cum
1022 3804 1349 3863 discretione
1393 3804 1627 3865 alienum
1676 3804 1897 3860 damnet
1924 3819 2050 3875 pec-

465 3900 668 3947 catum.
700 3892 889 3947 Aliena
928 3892 1139 3949 occulta
1165 3893 1510 3966 indagatione
1538 3895 1717 3965 sagaci
1742 3895 2047 3966 perquirat,

462 3991 519 4038 et
546 3983 763 4039 inventa
797 3984 1030 4040 discrete
1064 3986 1226 4054 atque
1250 3985 1561 4041 cautissime
1596 3983 1774 4041 feriat.
1816 3984 2050 4041 Tentato

461 4090 593 4131 vero
617 4076 916 4141 condoleat,
950 4077 1146 4133 timens
1189 4093 1258 4132 ne
1285 4078 1575 4148 aliquando
1611 4085 1852 4133 tentatus
1875 4086 1933 4133 et
1960 4077 2051 4133 ille

461 4167 795 4223 succumbat.
828 4166 1026 4222 Audiat
1048 4166 1367 4237 Apostolum
1392 4168 1658 4225 dicentem
1686 4188 1699 4224 :
1751 4167 1813 4224 Si
1845 4184 2048 4239 pmor-

461 4267 682 4328 cupatus
707 4257 863 4328 fuerit
887 4256 1041 4312 homo
1071 4258 1127 4311 in
1168 4257 1344 4329 aliquo
1378 4257 1589 4325 delicto,
1627 4275 1742 4324 vos,
1779 4258 1869 4329 qui
1896 4258 2050 4328 spiriv

462 4346 593 4403 tales
619 4347 762 4411 estis,
792 4347 1034 4402 instrnite
1074 4347 1379 4419 lmjusmodi
1405 4350 1460 4406 in
1506 4351 1695 4422 spiritu
1730 4356 2047 4404 mansuetu-

2155 3343 2461 3399 indicanda.
2497 3344 2799 3417 Aliquando
2827 3354 2885 3401 et
2912 3356 3098 3417 aperte
3123 3350 3339 3421 cognita
3375 3353 3745 3409 mature-tale.

2155 3437 2343 3491 rando.
2393 3436 2697 3507 Aliquando
2742 3454 2873 3494 vero
2916 3439 3207 3506 subtiliter,
3251 3447 3308 3497 et
3356 3443 3568 3498 occulte
3613 3459 3742 3514 per~

2154 3526 2467 3580 scrutanda.
2509 3525 2814 3596 Aliquando
2856 3527 3052 3584 leniter
3094 3531 3407 3601 arguenda;
3455 3532 3743 3603 aliquando

2154 3626 2335 3672 autem
2376 3618 2726 3678 vehementer
2764 3618 3117 3690 increpanda.
3167 3620 3276 3678 Sed
3312 3622 3441 3693 quia
3494 3640 3600 3680 non
3635 3642 3743 3683 una

2153 3706 2449 3777 eademque
2473 3708 2689 3764 cunctis
2711 3710 3017 3766 exhortatio
3039 3714 3305 3784 congruit,
3338 3715 3465 3783 quia
3490 3729 3592 3772 nec
3609 3731 3740 3772 cun-

2153 3803 2273 3856 ctos
2306 3812 2408 3867 par
2435 3812 2651 3858 morum
2678 3799 2914 3869 qualitas
2940 3802 3213 3872 astringit,
3242 3812 3301 3858 et
3332 3804 3455 3860 ideo
3484 3820 3586 3875 pro
3607 3822 3740 3878 qua-

2151 3887 2304 3943 litate
2336 3889 2669 3945 audientium
2696 3888 2919 3945 formari
2947 3891 3108 3946 debet
3142 3906 3322 3948 sermo
3347 3893 3650 3958 doctorum,
3681 3906 3740 3954 ut

2151 3989 2208 4035 et
2244 3981 2309 4034 ad
2338 3996 2437 4036 sua
2480 3981 2707 4052 singulis
2752 3991 3035 4054 congruat,
3078 3992 3134 4040 et
3166 3992 3348 4044 tamen
3373 4001 3405 4041 a
3435 3991 3738 4046 communis

2152 4070 2523 4129 aedilicationis
2541 4079 2659 4131 arte
2679 4088 2954 4143 nunquam
2978 4077 3215 4131 recedat.
3237 4075 3546 4135 Secundum
3561 4081 3741 4138 unius-

2152 4162 2411 4233 cujusque
2457 4179 2586 4234 ergo
2630 4166 2964 4235 qualitatem,
2994 4167 3083 4223 vel
3130 4169 3540 4241 intelligentiam
3575 4173 3653 4228 sic
3678 4189 3738 4230 se

2151 4256 2473 4323 conformet,
2500 4269 2559 4312 et
2584 4268 2734 4329 aptet
2766 4261 2956 4325 abbas,
2982 4262 3199 4331 quando
3224 4277 3346 4317 cum
3388 4278 3584 4335 magno
3623 4281 3737 4320 ma-

2153 4363 2308 4420 gnus,
2339 4356 2396 4402 et
2418 4362 2541 4403 cum
2580 4350 2762 4418 parvis
2806 4348 3038 4408 edicitur
3058 4365 3284 4419 parvus.
3334 4350 3561 4418 Quando
3590 4352 3736 4409 inﬁr-

461 4437 605 4491 dlnis
629 4454 641 4490 ε
679 4436 1018 4493 considerans
1042 4447 1090 4491 te
1114 4409 1308 4509 ipsum,
1337 4455 1400 4494 ne
1425 4448 1474 4498 et
1517 4409 1575 4493 tiu
1617 4439 1851 4498 teuteris.
1883 4436 1964 4494 Ac
1997 4440 2044 4494 si
2070 4409 2126 4469 Β
2150 4409 2252 4498 mis
2273 4436 2502 4493 edicitur
2523 4437 2793 4505 inlirmus,
2809 4447 2870 4494 ut
2888 4440 3136 4496 inﬁrmos
3155 4440 3333 4496 salvos
3355 4441 3537 4497 faciat.
3557 4442 3732 4510 Quan,

460 4527 702 4583 diceret:
746 4525 882 4582 Cum
929 4527 1175 4598 displicet
1210 4545 1276 4583 ex
1322 4529 1497 4584 aliena
1536 4529 1853 4584 inﬁmitate
1899 4529 2045 4600 quod

460 4618 750 4688 conspicis,
776 4632 942 4689 pensa
965 4618 1108 4689 quod
1131 4633 1210 4673 es.
1249 4618 1315 4672 Et
1339 4627 1609 4673 memento
1635 4618 1778 4688 quod
1808 4619 2042 4673 dicitur:

459 4706 661 4761 dicitur
688 4705 832 4761 enim
877 4706 1066 4772 abbas,
1095 4706 1147 4761 id
1189 4714 1274 4760 est
1318 4713 1489 4775 pater.
1516 4704 1574 4762 Si
1597 4720 1725 4760 vere
1750 4715 1905 4775 pater
1937 4714 2044 4772 est,

460 4809 649 4854 amore
672 4802 899 4866 paterno
929 4794 1123 4868 diligat
1167 4793 1307 4849 ﬁlios
1335 4808 1483 4859 suos,
1531 4795 1585 4850 id
1620 4802 1707 4849 est
1750 4796 2045 4853 monachos

459 4900 607 4951 Suos,
648 4894 701 4941 et
732 4885 890 4941 talem
923 4902 981 4942 se
1021 4884 1277 4942 exhibeat
1322 4884 1484 4949 natis,
1531 4892 1593 4939 ut
1622 4893 1836 4942 ametur
1877 4895 1934 4942 et
1974 4888 2045 4942 ti-

460 4984 672 5036 meatur
694 4978 764 5032 ab
803 4977 929 5033 illis.
978 4976 1207 5031 Ametur
1230 4990 1262 5028 a
1285 4974 1464 5041 bonis,
1496 4975 1753 5031 timeatur
1775 4992 1807 5031 a
1835 4977 2037 5049 pravis.

458 5068 517 5128 lu
545 5068 841 5137 eademque
867 5083 974 5122 una
1003 5066 1217 5121 abbatis
1246 5080 1504 5137 persona,
1526 5076 1584 5123 et
1628 5068 1718 5139 pia
1746 5070 1939 5126 matris
1962 5072 2042 5127 vi-

458 5172 634 5225 scera,
664 5168 722 5213 et
767 5158 1015 5213 districta
1059 5155 1234 5225 patris
1277 5156 1439 5211 debet
1466 5158 1644 5217 inesse
1684 5171 2039 5226 censura;ut

457 5266 598 5325 quos
622 5266 807 5305 amore
834 5250 1008 5303 nutrit
1043 5255 1310 5314 materno,
1336 5251 1572 5323 corrigat
1597 5254 1776 5324 rigore
1795 5263 2043 5325 paterno.

460 5344 529 5401 Et
555 5345 753 5413 quibus
789 5341 980 5396 matris
1016 5341 1257 5410 augenda
1285 5343 1495 5412 prabet
1521 5346 1712 5412 ubera,
1745 5348 1847 5402 sub
1873 5349 2049 5416 patris

460 5440 644 5487 Maneat
672 5428 977 5497 disciplina.
1006 5429 1144 5483 Hinc
1169 5430 1360 5487 beatus
1382 5431 1675 5505 Gregorius
1696 5436 1778 5490 ait
1800 5436 2048 5492 :-Curan-

457 5522 587 5578 dum
609 5512 805 5590 quippe
829 5526 914 5573 est
953 5529 1017 5575 ut
1040 5527 1307 5576 rectorem
1332 5523 1561 5579 subditis
1583 5533 1641 5581 et
1672 5535 1900 5583 matrem
1921 5528 2042 5599 pie-

463 5619 570 5676 tas,
615 5618 672 5664 et
713 5618 922 5679 patrem
963 5610 1221 5666 exhibeat
1251 5612 1534 5683 disciplina
1559 5623 1654 5687 act
1690 5615 1831 5672 tales
1864 5632 1925 5674 se
1949 5619 2041 5693 qui

2149 4530 2220 4585 do
2241 4530 2416 4584 forma
2437 4528 2617 4585 factus
2641 4530 2811 4601 gregi,
2837 4530 3136 4588 humilibus
3162 4532 3484 4588 humilitatis
3502 4535 3735 4592 ostendit

2147 4618 2399 4687 formam,
2420 4628 2477 4675 et
2488 4620 2859 4676 obedientibus
2880 4621 3200 4677 obedientite
3215 4623 3420 4691 praebet
3436 4623 3730 4693 exemplar.

2150 4710 2409 4769 Similiter
2434 4711 2850 4776 abstinentibus,
2875 4720 2932 4767 et
2956 4711 3325 4783 vigilantibus,
3352 4720 3407 4767 et
3429 4714 3728 4779 orantibus,

2150 4809 2208 4856 et
2233 4801 2486 4858 omnibus
2526 4800 2688 4857 bonis
2732 4801 3027 4864 virtutibus
3069 4802 3282 4857 cunctis
3328 4802 3430 4857 sibi
3475 4801 3730 4871 subiectis

2150 4908 2401 4953 normam
2431 4892 2633 4964 praebet
2659 4893 2868 4949 salutis.
2913 4894 3050 4948 Nam
3089 4902 3147 4953 et
3170 4893 3386 4965 quando
3414 4909 3538 4949 cum
3567 4894 3727 4951 Paulo

2147 4985 2419 5040 veraciter
2437 4986 2568 5041 dicit
2595 5004 2607 5039 :
2640 4985 2771 5051 Quis
2793 4986 3114 5055 inlinuntur,
3146 4996 3194 5041 et
3221 5002 3314 5056 ego
3337 5002 3440 5040 non
3461 4986 3729 5055 inﬁrmor:

2143 5076 2259 5146 quis
2278 5075 2692 5141 scandalizatur,
2718 5084 2767 5131 et
2786 5092 2879 5146 ego
2901 5091 3005 5131 non
3022 5092 3152 5131 uror
3177 5075 3261 5149 (II
3285 5074 3409 5130 Cor.
3433 5091 3486 5130 ιι
3516 5076 3559 5146 ),
3589 5086 3637 5131 et
3661 5077 3730 5133 si,

2146 5165 2312 5230 milia,
2362 5165 2442 5221 sic
2495 5182 2557 5222 se
2595 5165 2850 5221 erunibus
2891 5164 3215 5232 conformat,
3245 5173 3301 5221 et
3325 5174 3496 5238 aptat,
3528 5175 3585 5221 et
3606 5166 3728 5221 boni

2146 5257 2381 5330 pastoris
2405 5258 2603 5313 bonam
2629 5254 2861 5312 subditis
2880 5255 3123 5312 ostendit
3149 5255 3400 5311 formam.
3425 5256 3494 5311 Et
3517 5254 3726 5326 quando

2146 5348 2346 5419 gaudet
2371 5363 2495 5405 cum
2532 5346 2911 5418 gaudentibus,
2957 5345 3051 5403 flet
3087 5362 3212 5403 cum
3258 5346 3536 5412 ﬂentibus,
3569 5349 3725 5405 mise-

2146 5447 2300 5494 retur
2325 5438 2577 5503 inﬁmis,
2602 5436 2930 5506 compatitur
2965 5436 3376 5503 tribulantibus,
3403 5437 3725 5495 condescen-

2144 5529 2225 5584 dit
2254 5528 2477 5584 senibus
2512 5534 2567 5582 et
2594 5523 2911 5589 infantibus,
2959 5524 3177 5594 quando
3220 5525 3384 5583 etiam
3430 5535 3614 5583 mente
3649 5525 3723 5581 im

2144 5619 2331 5675 ﬁrmos
2359 5616 2632 5687 patienter
2654 5614 2867 5682 tolerat,
2896 5613 3116 5687 fragiles
3136 5613 3369 5687 benigne
3393 5614 3721 5683 corroborat,
