3940 6410
175 230 270 287 'llrl

1204 235 1558 295 COMMENT.
1601 237 1667 291 IN
1703 234 1860 291 RBG.
1904 232 1962 285 S.
2006 231 2391 288 BENEDlCTl.

3345 237 3448 292 759.

175 362 230 408 οι
256 348 560 407 mundum
602 346 814 405 morum
858 348 1097 407 omnium
1124 352 1436 421 qualitates,
1477 362 1532 407 et
1556 367 1752 421 parvu-
1780 358 1826 414 Α
1855 346 2156 399 substantia
2207 346 2545 416 incorporea,
2596 356 2650 404 et
2693 348 2995 410 invisibilis.
3044 358 3211 420 atque
3250 350 3449 422 ignotae

176 445 373 507 lorum,
404 443 518 497 sive
543 441 833 496 stultorum
860 441 1240 513 intelligentias
1266 443 1518 498 omnibus
1541 458 1598 498 se
1618 458 1763 498 com-

138 548 141 551 '
175 536 410 607 positum
450 533 661 597 reddat,
685 542 743 587 et
769 542 973 603 aptum.

248 623 315 678 Ut
353 640 458 677 non
486 622 658 677 solum
684 624 992 676 detrimenta
1037 624 1205 694 greg’s
1245 624 1328 679 sui
1371 624 1471 678 sibi
1498 625 1760 678 commissi

177 733 280 770 non
331 716 608 785 patiatur,
664 716 1002 769 verumetiam
1070 718 1126 771 in
1171 718 1592 787 augmentatione
1641 717 1760 770 boni

177 809 343 876 gregis
368 805 615 875 gaudeat.
669 806 1025 870 Detrimenta,
1083 808 1296 873 damna,
1341 808 1631 878 jacturam,
1677 809 1760 863 vel

180 896 595 950 diminutionem
631 897 833 965 gregis,
861 896 1018 961 dixit,
1043 912 1204 965 quam
1242 913 1361 952 esse
1387 898 1440 951 in
1471 914 1631 969 grege
1659 898 1760 953 sibi

177 988 466 1041 commisso
512 987 679 1042 abbas
729 1003 828 1042 nec
863 989 995 1058 pati,
1050 1005 1152 1044 nec
1201 991 1452 1073 velle,\in
1500 1000 1761 1062 quantum

176 1076 339 1138 valet,
380 1092 481 1130 nec
521 1075 637 1129 fieri
670 1077 852 1131 sinere
878 1077 1060 1141 debet,
1085 1080 1178 1133 sed
1206 1081 1378 1149 magis
1405 1080 1457 1135 in
1503 1096 1764 1152 augmen-

180 1166 407 1228 tationc,
439 1165 493 1219 id
513 1173 619 1229 est,
647 1166 701 1220 in
721 1166 1143 1237 amplificatione
1163 1170 1287 1223 boni
1312 1170 1488 1240 gregis
1510 1171 1759 1240 gaudeat.

178 1257 313 1321 Quia
340 1256 393 1311 in
421 1271 652 1311 numero
689 1256 816 1311 boni
845 1257 1025 1327 gregis
1057 1258 1423 1327 ampliﬁcatio,
1460 1260 1543 1314 vel
1574 1260 1629 1315 in
1654 1261 1765 1315 vir-

178 1349 385 1401 tutibns
419 1348 808 1417 augmentatio,
842 1348 1118 1417 profectus
1160 1358 1245 1403 est
1286 1351 1410 1404 Itoni
1451 1351 1684 1420 pastoris
1709 1360 1763 1405 et

175 1440 455 1495 exultatio.
511 1440 806 1506 Bonorum,
859 1440 1102 1509 inquam,
1147 1443 1535 1497 monachorum
1582 1443 1764 1496 multi—

173 1531 392 1598 plicatio
439 1530 585 1585 salus
635 1537 719 1585 est
765 1533 1068 1584 animarum
1122 1538 1439 1595 rectorum,
1486 1539 1543 1585 ct
1588 1532 1763 1586 honor

173 1622 612 1689 gubernantium.
663 1621 968 1677 Notandum
1021 1623 1148 1692 quia
1203 1623 1257 1676 in
1323 1624 1761 1691 augmentatione

1862 438 2090 505 originis
2118 445 2221 499 est,
2247 438 2370 492 ideo
2416 439 2482 494 ad
2527 439 2820 511 regendum
2850 441 3143 507 laboriosa,
3172 450 3231 498 et
3255 441 3449 500 didici-

1863 529 1946 589 lis,
1977 536 2034 582 et
2065 529 2233 582 ardua
2278 544 2364 583 res
2392 537 2495 584 est.
2526 529 2660 586 Cum
2708 532 2879 587 multo
2925 535 3070 588 enim
3121 534 3323 591 laboris
3362 536 3452 592 in-

1862 621 2021 691 genio
2048 621 2114 675 ad
2142 621 2435 691 puritatem
2469 623 2818 693 cogitationis
2864 624 2981 694 ejus
3023 628 3359 696 pervenitur,
3389 638 3447 684 et

1864 713 1985 765 ideo
2008 728 2132 765 cum
2178 714 2435 767 diuturno
2476 714 2803 771 diﬂicultatis
2846 717 3031 772 labore
3074 721 3283 789 peccati
3329 721 3448 791 ejus

1862 803 2057 857 vulnus
2101 804 2366 858 medetur.
2418 803 2582 858 Multa
2628 806 2772 859 enim
2824 815 3170 877 peccatorum
3223 811 3448 865 vulnera

1862 892 2167 948 voluntarie
2210 894 2450 963 suscepit
2495 895 2697 959 anima,
2727 896 2823 950 sed
2854 905 2910 949 ut
2939 909 3174 963 sanetur,
3218 900 3447 955 multum

1865 985 2032 1039 invita
2061 986 2253 1055 recipit
2281 987 2629 1041 medicinam.
2664 987 2796 1041 Nam
2836 989 2879 1042 si
2925 990 3093 1043 diser.
3109 998 3161 1045 te
3202 1001 3259 1045 et
3283 993 3450 1047 ratio-

1864 1073 2114 1128 nabiliter
2140 1074 2423 1129 animabus
2452 1076 2752 1131 vulneratis
2774 1078 3041 1146 spiritalia
3089 1080 3449 1138 medicamina

1864 1162 1932 1217 ab
1975 1165 2168 1219 abbate
2202 1164 2404 1219 fuerint
2450 1167 2778 1232 ministrata,
2816 1176 2872 1221 et
2901 1170 2992 1224 ille
3038 1172 3233 1226 anima:
3267 1172 3451 1228 mede-

1862 1256 1992 1322 lam,
2020 1265 2076 1310 et
2107 1256 2195 1311 ille
2221 1273 2250 1310 a
2282 1258 2391 1311 Deo
2436 1259 2628 1327 recipit
2664 1260 2913 1329 gratiam.
2944 1260 3023 1315 Ac
3064 1277 3215 1327 vero,
3247 1264 3293 1318 si
3325 1265 3448 1320 ani-

1863 1348 2054 1401 mabus
2077 1347 2304 1402 inﬁrmis
2346 1350 2607 1417 spiritalia
2639 1352 2993 1406 medicamina
3025 1354 3323 1423 neglexerit
3347 1358 3451 1411 mi-

1863 1439 2112 1501 nistrare,
2156 1439 2221 1493 de
2266 1439 2516 1493 omnibus
2566 1440 2667 1494 sibi
2715 1443 2943 1496 subditis
2979 1453 3204 1513 cogetur
3246 1460 3451 1514 ponere

1862 1527 2146 1581 rationem.

1932 1616 1999 1668 Et
2031 1633 2093 1669 ne
2119 1626 2363 1671 causetur
2388 1618 2453 1672 de
2483 1620 2684 1674 minore
2706 1619 2841 1689 forte
2864 1624 3177 1679 substantia.
3216 1626 3293 1682 Ne
3314 1643 3446 1683 cau-

175 1712 307 1765 poni
338 1727 446 1766 non
493 1711 618 1765 man
659 1712 837 1782 gregis
882 1712 1134 1781 gaudium
1167 1711 1308 1768 dixit
1331 1727 1453 1767 esse
1496 1713 1749 1780 pastoris,
1780 1706 1827 1762 Β
1854 1714 2020 1766 setur,
2050 1706 2200 1770 dicit,
2234 1705 2283 1759 id
2316 1715 2421 1771 est,
2453 1723 2520 1761 ne
2539 1709 2865 1776 quereletur.
2890 1710 3157 1767 Causatur
3183 1716 3329 1769 enim
3353 1717 3447 1786 qui

176 1803 441 1858 Malorum
470 1804 616 1858 enim
656 1804 1048 1874 multiplicatio,
1085 1805 1348 1859 bonorum
1400 1813 1481 1859 est
1533 1804 1757 1859 tribula-

174 1894 271 1949 tio.
302 1894 476 1964 Magis
510 1909 640 1964 ergo
684 1894 1066 1949 detrimentum
1112 1893 1245 1948 facit
1283 1902 1471 1949 eorum
1501 1895 1758 1963 multipli-

173 1982 341 2047 ratio,
389 1997 551 2052 quam
597 1982 899 2037 diminutio.
957 1981 1023 2036 Et
1071 1982 1240 2051 magis
1282 1982 1446 2052 justis
1494 1991 1759 2052 generant

175 2074 359 2144 injusti
388 2074 593 2129 luctum
622 2089 782 2143 quam
812 2073 1084 2143 gaudium.
1124 2074 1569 2145 Multiplicatione
1610 2075 1757 2131 enim

177 2166 440 2219 malorum
492 2163 800 2218 infirmatur
850 2165 1201 2234 congregatio
1255 2165 1572 2231 bonorum;
1627 2172 1681 2219 et
1726 2180 1758 2219 e

174 2256 472 2319 contrario,
515 2255 952 2325 augmentatione
988 2256 1250 2309 honorum
1280 2255 1586 2311 infirmatur
1631 2271 1760 2310 con-

176 2356 372 2402 ventus
399 2345 775 2416 malignorum.
822 2345 889 2401 Et
928 2344 1261 2415 profectibus
1307 2348 1568 2402 virtutum
1606 2347 1759 2403 forti-

180 2440 312 2494 tudo
337 2438 650 2492 debilitatur
683 2439 958 2492 vitiorum.

250 2528 385 2583 Ante
420 2530 618 2594 omnia,
647 2546 711 2583 ne
734 2529 1093 2593 dissimulans,
1142 2540 1233 2583 aut
1265 2530 1639 2599 parripendens
1673 2548 1762 2584 sa-

181 2616 340 2670 lutem
373 2617 669 2671 animarum
698 2618 797 2671 sibi
846 2620 1264 2682 commissarum,
1311 2632 1414 2674 non
1458 2620 1577 2690 plus
1612 2632 1757 2691 gerat

182 2708 587 2763 sollicitudinem
610 2708 674 2762 de
704 2708 853 2763 rebus
897 2710 1218 2764 transitoriis
1245 2718 1293 2763 et
1330 2711 1566 2774 terrenis,
1608 2720 1763 2780 atque

182 2797 444 2852 caducis?
472 2797 588 2854 Non
618 2800 763 2853 enim
801 2799 961 2854 debet
995 2800 1162 2855 abbas
1184 2800 1547 2862 dissimulare,
1576 2800 1759 2864 idest,

182 2888 396 2943 nescire
418 2904 477 2944 se
518 2888 719 2959 flngcre
748 2906 882 2954 rem,
909 2891 974 2943 dc
1003 2906 1106 2959 qua
1152 2891 1205 2947 in
1232 2892 1479 2944 districlo
1515 2891 1762 2946 examine

185 2978 450 3033 rationem
479 2979 639 3034 debet
669 2980 897 3034 Domino
946 2981 1206 3043 reddere;
1257 2996 1429 3049 neque
1470 2981 1761 3049 parvipen—

184 3067 317 3123 dere
357 3069 518 3124 debet
557 3068 786 3123 salutem
839 3071 1229 3123 monachorum
1280 3086 1521 3135 suorum,
1565 3078 1619 3124 et
1668 3085 1767 3139 pro

184 3171 382 3227 magno
417 3159 730 3215 existimare
751 3175 938 3215 curam
967 3170 1145 3214 rerum
1176 3167 1509 3217 terrenarum
1535 3178 1548 3225 ;
1592 3175 1769 3231 natiue

192 3246 374 3301 minus
398 3256 589 3302 curare
628 3247 789 3302 debet
815 3249 882 3303 de
916 3247 1088 3303 salute
1129 3250 1433 3305 animarum
1481 3250 1583 3305 sibi
1612 3266 1764 3305 com—

194 3338 499 3403 missarum,
546 3347 601 3394 et
642 3339 759 3409 plus
797 3354 986 3410 gerere
1029 3355 1217 3395 curam
1254 3342 1319 3396 de
1352 3342 1653 3396 substantia
1684 3357 1768 3396 rc—

192 3443 333 3484 rum.
376 3426 508 3483 Plus
528 3438 602 3484 est
630 3430 790 3495 enim,
817 3430 895 3484 ait
915 3430 1191 3494 Dominus,
1220 3432 1418 3495 anima,
1444 3446 1601 3501 quam
1624 3448 1762 3486 esca.

194 3516 329 3573 Nam
354 3519 583 3575 sollicite
604 3521 670 3575 de
698 3521 858 3576 rebus
897 3521 1130 3577 terrenis
1152 3537 1339 3576 curam
1376 3536 1582 3593 gerere,
1611 3531 1668 3576 et
1699 3524 1767 3577 de

191 3609 477 3664 animabus
499 3624 605 3664 non
627 3625 846 3676 curare,
872 3627 980 3666 non
1015 3620 1096 3667 est
1124 3613 1409 3668 consilium
1432 3615 1644 3680 salutis,
1673 3616 1766 3669 sed

189 3699 400 3753 mortis.
427 3696 535 3751 Pro
559 3712 754 3767 magno
788 3701 989 3755 habere
1014 3717 1125 3755 rem
1156 3704 1546 3768 transitoriam,
1578 3713 1632 3758 ct
1661 3713 1744 3757 ter

187 3802 377 3842 renam
399 3793 561 3855 atque
583 3786 861 3850 caducam,
879 3797 934 3842 ct
954 3790 1342 3861 parvipendere
1364 3802 1766 3858 permanentem

188 3887 243 3933 et
268 3885 556 3940 mternam,
581 3889 689 3930 non
719 3883 802 3930 est
825 3876 1109 3931 consilium
1157 3877 1371 3942 salutis,
1417 3879 1511 3933 sed
1538 3879 1766 3935 stultitia

188 3969 528 4042 perditionis.
553 3968 947 4038 Parvipendere
982 3970 1126 4025 enim
1155 3970 1354 4025 dicitur
1378 3986 1601 4042 parvum
1628 3973 1768 4026 testi-

190 4076 362 4127 mare,
407 4060 494 4115 vel
543 4060 876 4130 contemptui
927 4061 1149 4127 habere,
1203 4062 1316 4116 sive
1364 4063 1527 4116 etiam
1570 4061 1767 4130 aliquid

191 4172 447 4229 magnum
489 4156 670 4211 animo
708 4156 942 4225 superbo
966 4156 1260 4223 despicere.
1291 4155 1533 4209 Pendere
1570 4155 1769 4208 dicitur

190 4250 336 4304 enim
363 4247 652 4303 :cstimare.
679 4246 781 4314 Qui
804 4246 949 4299 enim
972 4245 1176 4313 aliquid
1205 4260 1264 4299 se
1285 4258 1405 4298 esse
1436 4244 1764 4308 considerat,

191 4349 248 4395 et
269 4341 435 4395 alium
453 4340 780 4409 despiciens,
811 4345 906 4393 aut
930 4354 1176 4409 parvum,
1206 4347 1299 4393 aut
1320 4338 1452 4392 nihil
1471 4339 1765 4401 existimat,

1795 3051 1839 3113 C

1855 1797 2186 1868 querelatur.
2209 1797 2274 1850 Et
2295 1797 2385 1866 qui
2408 1812 2505 1866 pro
2523 1808 2833 1868 paupertate
2853 1800 3181 1857 caducamm
3205 1820 3447 1860 murmu-

1857 1898 1942 1944 rat
1977 1904 2176 1953 rerum,
2206 1889 2459 1957 injustam
2489 1890 2763 1959 querelam
2788 1892 3007 1962 deponit
3039 1903 3229 1950 contra
3262 1897 3448 1951 Domi-

1857 1995 2005 2034 num.
2032 1979 2309 2045 Nesciens,
2331 1980 2458 2050 quia
2478 1980 2618 2034 sicut
2638 1981 2692 2034 in
2714 1983 2918 2036 camino
2934 1984 3070 2053 ignis
3089 1985 3341 2055 probatur
3352 2001 3449 2039 au-

1859 2085 1975 2124 rum
1999 2067 2178 2139 (Prov.
2209 2070 2341 2137 xvn)
2365 2110 2380 2134 ,
2411 2069 2484 2123 ita
2506 2069 2557 2124 in
2582 2074 2913 2141 paupertatis
2944 2072 3162 2130 fornace
3189 2077 3451 2147 probatur

1857 2160 1968 2213 vita
1990 2159 2395 2213 monachorum.
2426 2159 2501 2213 De
2524 2161 2718 2215 minori
2751 2163 3053 2217 substantia
3076 2164 3230 2231 dicit,
3256 2166 3309 2219 id
3330 2176 3439 2231 est,

1859 2248 1924 2301 de
1953 2249 2223 2318 paucitate
2269 2263 2451 2303 rerum
2499 2259 2855 2305 terrenarum.
2909 2252 3222 2309 Substantia
3260 2265 3445 2314 autem

1860 2338 1949 2393 hic
1976 2340 2196 2394 abusive
2220 2354 2318 2409 pro
2342 2341 2573 2395 terrenis
2597 2342 2773 2411 posuit
2799 2342 2980 2397 rebus.
3022 2342 3157 2398 Nam
3183 2346 3439 2401 substan-

1863 2429 1933 2483 tia
1960 2431 2028 2483 ab
2065 2445 2130 2484 eo
2170 2432 2388 2502 proprie
2428 2432 2643 2497 dicitur,
2690 2433 2835 2501 quod
2869 2434 3047 2488 omnis
3094 2449 3185 2489 res
3226 2437 3295 2491 ab
3331 2436 3447 2506 ipsa

1861 2521 2135 2575 subsistat.
2170 2522 2261 2576 Cui
2304 2523 2488 2577 insunt
2513 2530 2659 2588 octo,
2717 2524 2769 2578 id
2804 2531 2910 2589 est,
2940 2525 3232 2594 quantitas,
3262 2528 3449 2599 cogni-

1861 2613 1956 2677 tio,
1992 2614 2151 2678 situs,
2178 2614 2413 2679 habitus,
2458 2614 2484 2668 f
2498 2632 2657 2680 .cere,
2690 2617 2821 2686 pati,
2854 2616 2968 2682 ubi,
2993 2618 3250 2687 quando:
3281 2632 3447 2688 quam

1860 2703 2029 2758 Gnaei
2057 2706 2229 2759 usiam
2261 2690 2474 2759 vetant.

1933 2791 2227 2847 Meminerit
2251 2796 2523 2864 scriptum,
2544 2792 2783 2853 Primum
2806 2797 3023 2867 quwrite
3047 2815 3260 2869 regnum
3283 2796 3384 2854 Dei
3401 2807 3451 2855 et

1857 2881 2114 2954 justitiam
2144 2884 2282 2954 ejus,
2324 2892 2373 2938 et
2402 2885 2512 2938 Isaac
2537 2885 2711 2941 omnia
2732 2886 3050 2956 adjiciantur
3072 2889 3210 2941 vobis
3232 2888 3449 2959 (Matth.

1864 2974 1958 3044 Vl).
2007 2975 2252 3029 Primum
2292 2991 2321 3029 a
2360 2976 2536 3038 nobis,
2586 2976 2636 3030 id
2678 2986 2783 3039 est,
2826 2992 3193 3046 summopere,
3240 2992 3452 3036 summo

1874 3065 2071 3130 studio,
2101 3074 2157 3120 et
2185 3073 2294 3120 tota
2321 3066 2502 3121 cordis
2530 3066 2827 3125 intentione
2866 3066 3076 3121 Domini
3103 3068 3454 3136 quaerendum

1873 3165 1957 3211 est
2000 3172 2243 3226 regnum,
2284 3164 2337 3212 et
2369 3158 2447 3213 sic
2498 3159 2566 3212 ab
2614 3157 2701 3214 illo
2735 3157 2889 3212 nobis
2934 3158 3298 3213 necessarium
3325 3172 3453 3230 spe-

1874 3250 2101 3306 randum
2150 3258 2234 3305 est
2280 3258 2555 3303 terrenum
2600 3250 2920 3304 subsidium.
2968 3249 3263 3304 Primnma
3293 3250 3453 3306 nobis

1873 3342 2160 3412 quzerenda
2197 3340 2314 3411 ejus
2354 3339 2566 3409 jnstitia
2593 3350 2649 3395 et
2686 3327 2825 3412 post.
2854 3342 2923 3396 ab
2956 3340 3047 3396 illo
3073 3342 3228 3397 nobis
3268 3357 3455 3398 neces-

1873 3434 2015 3488 saria
2044 3435 2311 3503 spcramla
2356 3442 2438 3487 est
2476 3442 2699 3492 terrena
2754 3432 3080 3488 substantia.
3134 3433 3179 3486 A
3226 3432 3456 3488 Domino

1874 3525 2016 3580 enim
2049 3525 2399 3594 quaerendum
2443 3532 2526 3579 est
2573 3534 2629 3579 ct
2672 3539 2896 3595 regnum
2942 3533 3221 3589 aeternum,
3271 3533 3326 3579 et
3352 3534 3459 3579 ter-

1874 3632 2062 3673 renum
2114 3615 2431 3673 subsidium.
2486 3615 2618 3670 lllud
2665 3616 2816 3686 quasi
2864 3630 3186 3688 permanens
3230 3615 3454 3682 bonum,

1876 3711 2016 3763 istud
2047 3710 2199 3781 quasi
2250 3709 2659 3770 transitorium;
2710 3710 2806 3764 sed
2854 3716 3036 3765 tamen
3076 3709 3132 3763 in
3167 3707 3254 3763 via
3295 3708 3456 3779 hujus

1876 3801 2000 3853 vita:
2047 3801 2432 3855 necessarium.
2488 3800 2564 3854 De
2613 3800 2717 3856 hac
2767 3801 2911 3855 enim
2961 3800 3229 3856 sententia
3265 3801 3457 3855 beatus

1872 3888 2224 3955 Augustinus,
2274 3889 2393 3943 ait:
2432 3887 2572 3954 Quid
2623 3888 2839 3943 intersit
2884 3890 3026 3943 inter
3064 3890 3265 3945 bonum
3310 3890 3456 3959 quod

1874 3978 2235 4047 appetendum
2284 3986 2390 4041 est,
2442 3986 2498 4031 et
2533 3978 2898 4035 necessarium
2946 3979 3090 4049 quod
3137 3981 3453 4037 sumendum

1874 4076 1976 4119 est.
2011 4067 2160 4119 lianc
2184 4066 2508 4121 sententiam
2551 4066 2867 4133 declaravit,
2907 4084 3029 4123 cum
3066 4070 3181 4123 ait:
3226 4068 3456 4135 Qumrite

1873 4156 2100 4239 primum
2144 4171 2359 4224 regnum
2406 4154 2521 4218 Dei,
2565 4165 2621 4210 et
2651 4156 2876 4226 reliqua.
2915 4145 3159 4227 Regnum
3201 4174 3351 4229 ergo,
3401 4168 3459 4214 et

1870 4244 2133 4314 justitiam
2167 4244 2260 4297 Dci
2307 4245 2508 4299 bonum
2554 4253 2795 4299 no~trnm
2820 4255 2923 4313 est,
2974 4255 3028 4302 et
3063 4249 3167 4303 hoc
3195 4258 3455 4318 appeten-

1875 4338 2025 4395 dum.
2053 4345 2107 4392 et
2145 4337 2215 4391 ibi
2250 4337 2371 4392 finis
2406 4339 2832 4402 constituendus,
2859 4350 3081 4413 propter
3106 4342 3245 4410 quod
3271 4342 3455 4397 omnia

193 4407 619 4501 parvipcnditin
654 4429 779 4493 alio,
807 4407 949 4498 quod
982 4430 1035 4483 in
1077 4444 1135 4484 se
1166 4429 1468 4484 considerat
1504 4444 1624 4483 esse
1655 4446 1762 4482 ma-
1798 4407 1847 4463 Ῑ)
1876 4428 2125 4493 facimus,
2156 4443 2488 4499 qua-cunque
2532 4428 2778 4484 facimus.
2823 4407 2927 4486 sed
2954 4407 3078 4505 quia
3124 4407 3175 4490 in
3221 4432 3320 4488 hac
3347 4433 3453 4488 vita

193 4537 378 4594 gnum.
435 4521 685 4577 Nonnulli
730 4521 907 4584 obliti,
962 4521 1105 4590 quod
1160 4521 1417 4574 fratribus
1469 4521 1771 4573 animarum

194 4627 360 4666 causa
394 4619 519 4663 sunt
553 4609 779 4677 praelati,
812 4619 922 4663 toto
962 4610 1144 4664 cordis
1188 4610 1381 4665 annisu
1425 4608 1774 4664 saecularibus

196 4704 360 4759 rebus
383 4702 699 4757 inserviunt.
734 4702 825 4756 Ha:
852 4718 976 4757 cum
998 4703 1216 4767 adsunt,
1253 4702 1561 4763 exsultant;
1589 4704 1654 4755 ad
1680 4704 1775 4757 has

198 4795 386 4857 etiam,
416 4808 539 4847 cum
565 4792 780 4856 desunt,
809 4793 999 4848 diebus
1019 4808 1083 4847 ac
1114 4794 1364 4847 noctibus
1389 4793 1772 4861 cogitationum

198 4882 419 4939 testibus
441 4881 715 4937 anhelant.
747 4881 881 4936 Nam
907 4890 967 4947 ut
986 4883 1124 4936 ratio
1147 4891 1292 4936 recta
1312 4882 1567 4953 postulat,
1596 4883 1774 4936 minus

200 4977 266 5030 de
311 4975 655 5040 transitoriis,
702 4983 757 5029 et
784 4974 903 5044 plus
932 4990 1126 5029 curare
1152 4975 1409 5029 debemus
1439 4975 1503 5028 de
1539 4975 1590 5028 in
1618 4984 1775 5027 teter-

200 5084 327 5122 num
359 5068 648 5123 mansuris.
679 5066 853 5122 Minus
881 5068 948 5122 de
996 5067 1246 5133 terrenis,
1276 5067 1396 5138 plus
1424 5066 1490 5120 de
1531 5066 1771 5121 etclcsti-

204 5158 343 5221 bus;
380 5158 560 5212 minus
584 5157 651 5213 de
691 5158 929 5220 caducis,
974 5165 1031 5211 et
1059 5157 1178 5226 plus
1204 5155 1272 5210 de
1301 5156 1641 5210 manentibus
1672 5155 1775 5207 51.1-

201 5247 333 5302 lieiti
362 5262 483 5303 esse
508 5246 802 5305 debemus:
850 5247 977 5316 quia
1020 5262 1128 5301 non
1172 5246 1238 5300 de
1286 5246 1538 5309 terrenis,
1587 5247 1679 5298 sed
1706 5245 1771 5298 de

202 5342 591 5396 monachorum
638 5347 947 5393 nostrorum
1002 5338 1284 5393 animabus
1340 5337 1604 5391 rationem
1662 5335 1773 5388 Deo

205 5432 462 5487 reddituri
495 5447 702 5488 sinatis.
743 5431 891 5487 Unde
915 5438 971 5485 et
992 5430 1274 5500 sequitur:

273 5525 378 5578 Sed
413 5518 615 5593 semper
648 5524 836 5592 cogitet
856 5523 980 5592 quia
1013 5522 1218 5575 animas
1242 5520 1467 5589 suscepit
1501 5517 1773 5588 regcml.:s,

203 5616 265 5670 ,ιε
301 5615 490 5686 quibus
528 5625 575 5668 ει
625 5617 880 5668 rationem
922 5614 1220 5667 redditurus
1267 5623 1361 5666 est.
1403 5611 1539 5680 Quia
1583 5610 1776 5662 animm.

1877 4506 2189 4582 militamus,
2232 4527 2292 4572 ut
2337 4520 2404 4573 ad
2450 4518 2580 4572 illud
2631 4534 2853 4588 regnum
2890 4521 3288 4589 perveniamus,
3336 4537 3456 4590 qua:

1874 4609 1985 4664 vita
2014 4610 2129 4663 sine
2156 4609 2242 4662 his
2270 4609 2591 4664 necessariis
2617 4610 2698 4679 agi
2730 4625 2833 4662 mm
2876 4618 3074 4679 potest,
3119 4618 3458 4679 apponentur

1880 4704 1992 4757 haec
2025 4702 2195 4760 nobis.
2230 4702 2423 4771 inquit.
2455 4700 2561 4753 Sed
2594 4716 2689 4754 vos
2716 4716 2939 4770 regnum
2984 4701 3075 4754 Dei
3104 4710 3153 4755 cl
3187 4701 3454 4771 justitiam

1879 4793 1995 4863 ejus
2018 4793 2248 4862 primum
2291 4792 2535 4860 (puerile.
2562 4789 2695 4844 Cum
2736 4792 2880 4844 enim
2920 4791 3055 4844 dixit
3092 4791 3346 4859 primum,
3384 4790 3459 4844 si.

1874 4882 2152 4953 gnificavit
2199 4883 2325 4951 quia
2370 4882 2476 4935 hoc
2524 4881 2793 4951 posterius
2830 4880 3174 4950 quaerendum
3224 4889 3308 4933 est
3346 4898 3456 4938 non

1876 4981 2139 5042 tempore,
2180 4970 2274 5025 sed
2320 4971 2599 5041 dignitate.
2638 4970 2768 5025 lllud
2819 4978 3073 5039 tanquam
3120 4972 3317 5024 bonum
3361 4985 3459 5023 no—

1875 5075 2072 5127 strum,
2102 5066 2204 5117 hoc
2249 5071 2502 5131 tanquam
2556 5062 2923 5116 necessarium
2967 5072 3230 5116 nostrum.
3271 5060 3326 5116 Si
3352 5060 3460 5118 hoc

1877 5154 2241 5209 necessarium
2268 5162 2489 5221 propter
2516 5152 2646 5206 illud
2674 5153 2894 5217 bonum,
2940 5153 3287 5223 qumrcndum
3314 5160 3398 5208 est
3426 5166 3460 5208 tt

1878 5246 2049 5299 vobis.

1952 5335 2019 5388 Et
2070 5336 2301 5388 iterum:
2353 5330 2504 5385 Nihil
2561 5330 2701 5385 deest
2760 5331 3059 5385 timentibus
3105 5349 3222 5386 eum
3281 5327 3456 5400 (Psal.

1884 5427 2099 5498 χχχιιι).
2132 5425 2232 5492 Qui
2287 5424 2430 5477 enim
2481 5423 2644 5475 Deum
2692 5422 2874 5488 habet,
2926 5438 3024 5493 per
3069 5436 3230 5492 quem
3261 5427 3460 5476 cuncta

1883 5526 2061 5573 creata
2094 5524 2239 5578 sunt,
2269 5523 2324 5568 ct
2362 5516 2414 5567 in
2456 5529 2561 5582 quo
2594 5519 2831 5577 inanent,
2866 5521 2922 5567 et
2960 5517 3211 5566 constant
3254 5509 3457 5574 omnia,

1886 5607 2017 5662 nihil
2067 5606 2241 5661 minus
2270 5607 2338 5657 de
2389 5603 2614 5675 spiritali
2656 5611 2747 5655 aut
2781 5611 2993 5655 terrena
3042 5608 3218 5672 potest
3259 5599 3463 5663 habere
