3940 6414
487 234 588 291 7ίό

1762 229 2115 286 δΜΛΒΔϐῐΠ
2153 229 2443 286 ABBATIS

3643 238 3766 297 ’ἵίὸ

480 349 800 406 substantia.
849 346 1046 401 Potens
1071 351 1156 401 est
1195 345 1338 399 enim
1373 344 1515 401 Deus
1539 352 1595 400 et
1640 345 1975 415 spiritalibus
2004 356 2060 401 et
2085 349 2137 408 Α
2232 342 2303 398 Et
2330 343 2405 398 ita
2439 359 2640 414 semper
2665 344 2854 398 timens
2881 343 3117 414 futuram
3147 343 3527 399 discussionem
3552 358 3759 414 pasta-

480 437 786 493 carnalibus
814 435 1019 490 deliciis
1044 436 1259 504 plenam
1299 436 1503 489 sanctis
1523 434 1637 489 suis
1668 434 1722 488 in
1744 434 1926 489 saeculi
1954 436 2059 490 hn-

481 526 567 598 ius
600 528 813 582 deserto
844 540 1038 596 parare
1066 540 1329 580 mensam.
1368 523 1472 591 Qui
1504 525 1649 580 enim
1691 533 1844 581 casto
1865 525 2061 581 timore

481 621 635 674 timet
667 618 975 683 Dominum,
1024 616 1077 671 in
1106 632 1215 687 quo
1254 616 1432 671 omnis
1462 616 1740 687 plenitudo
1769 632 1975 682 rerum,
2005 624 2060 671 et

479 709 633 779 copia
662 716 846 765 manet
872 708 1148 773 virtutum,
1177 707 1310 762 nihil
1341 707 1521 762 minus
1562 707 1763 761 habere
1790 714 1968 775 potest
1992 706 2060 759 de

478 799 778 854 substantia
805 798 1165 869 spiritualium
1192 806 1246 852 et
1273 796 1632 866 corporalium
1659 811 1860 850 rerum.
1913 794 2061 850 Scri-

478 898 628 958 ptum
655 889 853 959 quippc
878 896 994 943 est:
1045 887 1269 942 Timenti
1297 886 1465 941 Deum
1496 886 1621 940 bene
1664 886 1765 939 erit
1805 885 1861 939 in
1905 894 2060 938 aeter-

481 994 628 1042 num,
668 987 716 1031 et
750 978 805 1032 in
842 978 1023 1031 diebus
1068 977 1531 1031 consummationis
1558 973 1702 1028 illius
1731 973 2059 1028 benedicatur

480 1066 652 1138 (Eccl.
685 1066 746 1138 ι).
795 1067 885 1121 Et:
911 1066 1014 1132 Qui
1055 1067 1236 1120 timent
1287 1065 1590 1129 Dominum,
1635 1072 1973 1136 speraverant
2001 1064 2057 1117 in

479 1156 729 1221 Domino,
792 1157 1006 1226 adjutor
1058 1172 1239 1211 eorum
1298 1164 1348 1210 et
1416 1164 1678 1226 protector
1742 1171 1923 1209 eorum
1980 1163 2056 1209 est

481 1246 654 1317 (Ρδαι.
677 1246 852 1317 exui).

554 1337 801 1407 Sciatque
818 1378 833 1402 ,
863 1337 989 1408 quia
1017 1337 1105 1408 qui
1135 1337 1350 1407 suscipit
1376 1338 1581 1392 animas
1610 1340 1861 1409 regendas
1880 1381 1894 1405 ,
1919 1357 2057 1412 prte-

479 1440 626 1499 paret
656 1444 711 1482 se
741 1428 809 1481 ad
836 1428 1088 1481 rationem
1130 1426 1468 1482 reddendam.
1503 1427 1605 1495 Qui
1644 1430 1787 1484 enim
1830 1432 2057 1501 suscipit

476 1519 706 1573 aliorum
751 1519 958 1572 animas
994 1518 1062 1571 ad
1101 1518 1415 1588 regendum,
1462 1533 1528 1572 ne
1566 1528 1791 1590 cogatur
1835 1523 1901 1575 de
1947 1521 2056 1576 illis

458 1624 599 1663 .cum
625 1609 849 1664 Domino
869 1623 1068 1677 ponere
1091 1608 1355 1663 rationem
1373 1649 1388 1670 ,
1407 1617 1460 1662 et
1480 1619 1640 1664 recta:
1660 1611 2054 1679 prtedicationis

2163 436 2237 490 ris
2259 435 2324 490 de
2343 436 2555 490 creditis
2576 435 2777 502 ovibus,
2797 452 2916 491 cum
2941 436 3007 490 de
3032 436 3220 491 alienis
3249 438 3543 494 ratiociniis
3566 452 3742 508 cavet,

2163 527 2402 581 redditur
2426 527 2490 581 de
2522 527 2630 582 suis
2666 526 2940 581 sollicitus.
2981 526 3271 584 lnferiores
3308 529 3455 584 enim
3492 539 3761 600 pastores

2161 619 2360 674 summi
2388 618 2662 685 Pastoris,
2695 619 2748 674 id
2780 628 2865 674 est
2898 618 3131 684 Christi,
3160 621 3254 690 qui
3282 622 3450 688 dixit,
3483 622 3597 694 Ego
3627 638 3761 680 sunt

2159 720 2342 779 pastor
2383 708 2546 762 bonus
2595 707 2803 779 (Joan.
2837 724 2869 763 ι
2900 709 2951 779 ),
3008 708 3227 764 solliciti
3284 725 3521 781 semper,
3574 720 3637 769 et
3679 715 3761 770 de

2161 801 2273 856 suis
2306 801 2515 857 artibus
2535 842 2551 866 ,
2587 813 2645 855 et
2678 803 2744 857 de
2776 803 2997 858 creditis
3037 804 3229 858 ovibus
3266 804 3507 860 futuram
3548 808 3754 864 timere

2160 895 2359 951 debent
2401 896 2794 951 diseussionem
2818 935 2834 960 ,
2884 913 2954 952 ne
2982 899 3198 967 quando
3236 899 3568 970 increpando
3597 903 3753 959 dicat

2158 988 2265 1044 illis
2290 989 2451 1044 Deus.
2484 987 2639 1054 Quod
2665 989 2890 1058 fractum
2918 1001 3032 1044 erat
3057 1008 3162 1045 non
3187 991 3449 1063 alligastis
3468 1035 3483 1060 ,
3510 1005 3560 1050 et
3597 996 3751 1067 quod

2158 1080 2454 1149 abiectum,
2493 1096 2598 1135 non
2630 1080 2911 1134 reduxistis
2950 1079 3191 1153 (Ezech.
3231 1098 3399 1137 xxx"
3424 1082 3467 1155 ).
3516 1085 3585 1139 Et
3617 1101 3748 1141 cum

2159 1172 2259 1242 ipsi
2290 1172 2720 1242 limpidissimam
2746 1187 2943 1242 aquam
2974 1173 3226 1230 biberitis
3244 1215 3259 1239 ,
3290 1174 3554 1246 reliquam
3580 1176 3749 1246 pedi-

2157 1260 2258 1317 bus
2288 1263 2488 1317 vestris
2523 1263 2850 1327 turbabatis,
2880 1273 2937 1318 ct
2959 1279 3090 1319 oves
3117 1281 3251 1321 mea:
3279 1283 3399 1337 quae
3426 1267 3746 1324 conculcata

2156 1350 2384 1420 pedibus
2430 1351 2627 1407 vestris
2684 1350 2898 1407 ﬁlerunt
2948 1354 3271 1424 pascebant,
3315 1363 3370 1411 et
3412 1371 3534 1426 qua:
3571 1358 3746 1427 pedes

2155 1442 2325 1498 vestri
2359 1444 2732 1510 turbaverant,
2771 1445 2889 1500 haec
2920 1445 3196 1509 bibebant,
3235 1455 3341 1503 etc.
3380 1447 3532 1503 lianc
3558 1458 3743 1504 autem

2157 1532 2540 1603 increpationis
2575 1548 2762 1591 vocem
2804 1536 3031 1592 abbates
3068 1553 3138 1591 ne
3182 1539 3430 1603 audiant,
3468 1548 3524 1594 et
3558 1541 3748 1596 subdi-

2156 1630 2334 1678 torum
2384 1639 2607 1679 suorum
2658 1627 2925 1693 sagaciter
2969 1628 3220 1698 expleant
3269 1645 3459 1694 curas,
3509 1641 3567 1686 et
3610 1646 3745 1688 suas

474 1700 677 1763 verbo,
707 1706 759 1753 et
786 1697 1048 1753 bonorum
1078 1713 1302 1768 operum
1333 1713 1428 1753 eos
1453 1700 1645 1753 docere
1675 1699 1836 1755 debet
1863 1715 2050 1797 exem-
2078 1706 2126 1765 B
2149 1717 2446 1788 ιπηάρηιετ
2487 1733 2649 1792 agere
2684 1735 2792 1775 ηοη
2831 1697 3113 1779 (παίδων,
3150 1724 3217 1779 ει
3251 1725 3330 1781 sic
3372 1726 3422 1780 in
3462 1728 3741 1797 propriam

475 1787 585 1857 plo,
614 1796 880 1856 quatenus
905 1796 961 1841 et
986 1796 1190 1842 aeterno
1210 1787 1377 1858 judiei
1408 1788 1623 1859 placere
1651 1789 1789 1845 bene
1818 1791 2052 1847 vivendo

474 1875 716 1939 studeat,
748 1883 802 1928 et
839 1873 1146 1945 exemplum
1173 1874 1328 1931 bona:
1355 1876 1481 1931 vitae
1508 1877 1739 1933 subditis
1770 1879 2010 1948 praebeat
2033 1919 2050 1944 ,

424 2013 437 2024 ρ
472 1973 531 2022 et
567 1980 631 2020 ea
672 1980 793 2035 quae
832 1965 884 2021 in
929 1965 1009 2021 eis
1051 1964 1368 2036 corrigenda
1407 1975 1534 2021 sunt
1561 1967 1828 2037 sagaciter
1853 1967 2051 2037 depre-

474 2055 708 2119 hendat,
747 2062 803 2109 et
842 2053 1120 2119 velociter,
1162 2060 1224 2109 ut
1262 2054 1549 2123 praevalet,
1590 2054 1862 2126 corrigat,
1890 2063 1945 2110 ct
1984 2055 2052 2110 de

476 2146 581 2201 hoc
612 2144 895 2199 consilium
924 2142 1228 2199 Salomonis
1253 2145 1481 2200 dicentis
1505 2146 1688 2200 audiat
1716 2144 1797 2200 :F
1800 2146 1859 2200 ili
1885 2148 1978 2212 mi,
2004 2146 2051 2201 si

473 2234 812 2306 spoponderis
838 2249 931 2303 pro
961 2234 1127 2288 amico
1159 2242 1281 2299 tuo,
1311 2234 1541 2302 deﬁristi
1570 2235 1712 2305 apud
1742 2245 2049 2290 extraneum

471 2340 685 2379 manum
708 2333 883 2389 tuam,
907 2334 953 2378 et
977 2323 1249 2394 laqueatus
1273 2341 1327 2379 es
1348 2325 1515 2379 verbis
1538 2326 1644 2379 oris
1666 2325 1772 2391 tui,
1797 2335 1847 2379 et
1869 2336 2051 2397 captus

471 2413 698 2485 propriis
727 2413 1073 2467 sermonibus.
1108 2410 1221 2468 Fac
1258 2429 1379 2483 ergo
1420 2413 1559 2484 quod
1584 2413 1733 2479 dico,
1760 2413 1839 2483 ﬁli
1866 2413 1969 2479 mi,
1999 2423 2049 2468 et

471 2505 693 2575 teipsum
736 2504 919 2558 libera.
976 2503 1257 2570 Discurre,
1304 2504 1535 2575 festina,
1580 2505 1777 2559 suscita
1822 2506 2046 2560 amicum

470 2600 641 2656 tuum,
666 2599 772 2647 etc.
798 2590 995 2664 (Prov.
1021 2608 1073 2647 γι
1093 2591 1133 2664 ).
1167 2591 1444 2663 Spondere
1469 2610 1699 2664 namque
1722 2610 1822 2666 pro
1847 2596 2045 2662 amico,

470 2691 558 2741 est
580 2683 811 2738 alienam
840 2684 1074 2739 animam
1107 2684 1161 2738 in
1196 2685 1434 2755 periculo
1473 2689 2046 2757 suwconvcrsationis

470 2772 741 2844 accipere.
781 2773 936 2844 Apud
962 2782 1278 2830 extraneum
1308 2792 1499 2833 manus
1524 2777 1798 2850 deligitur,
1828 2780 2045 2849 quando

471 2862 525 2918 in
556 2861 778 2917 alterius
803 2879 933 2918 cura
963 2879 1115 2920 mens
1142 2864 1357 2935 ligatur.
1384 2865 1711 2936 lllaqueatur
1736 2868 1898 2939 igitur
1924 2885 2047 2927 ver.

469 2954 554 3009 bis
582 2953 693 3009 oris
720 2954 837 3020 sui,
869 2954 995 3009 dum
1025 2955 1233 3011 ratione
1260 2957 1666 3028 constringitur,
1693 2974 1762 3014 ne
1791 2957 1906 3028 ejus
1931 2961 2044 3015 vita

2153 1807 2564 1865 sollicitudinem
2619 1807 2864 1866 ferveant
2910 1821 2972 1867 ut
3018 1828 3048 1868 a
3096 1816 3433 1871 subditorum
3487 1819 3737 1875 custodia

2153 1910 2260 1950 non
2307 1897 2583 1953 recedant.
2633 1898 2863 1971 Dignum
2916 1904 3115 1974 quippe
3158 1914 3242 1960 est
3284 1916 3345 1962 ut
3374 1908 3429 1963 hi
3458 1910 3550 1978 qui
3599 1925 3741 1981 prie-

2152 1994 2281 2042 sunt
2323 1987 2479 2053 aliis,
2526 1989 2714 2045 oculos
2741 2000 2959 2061 apertos
2999 1993 3272 2061 habeant,
3321 2005 3377 2052 et
3428 1998 3556 2054 hinc
3608 1999 3738 2056 inde

2151 2074 2441 2146 vigilanter
2467 2077 2754 2145 aspiciunt.
2792 2077 2942 2135 Intus
2968 2090 3020 2136 ct
3055 2080 3187 2138 foris
3213 2084 3357 2154 pleni
3389 2085 3502 2141 sint
3532 2087 3735 2155 oculis,

2152 2173 2215 2220 ut
2261 2155 2486 2222 insidias
2516 2168 2720 2238 antiqui
2763 2185 2795 2224 a
2836 2170 2995 2240 longe
3028 2175 3365 2243 prospicient
3419 2178 3633 2246 hostis;
3674 2189 3738 2237 ut

2153 2254 2299 2310 intus
2341 2269 2401 2310 se
2446 2256 2735 2328 diligenter
2767 2260 3108 2328 custodiant,
3155 2263 3289 2331 foris
3326 2274 3388 2320 ut
3427 2266 3551 2323 aliis
3592 2269 3732 2325 bene

2151 2346 2367 2401 vivendi
2402 2347 2706 2417 exemplum
2741 2353 3036 2420 praebeant.
3067 2353 3138 2409 Et
3166 2357 3272 2413 hoc
3300 2359 3480 2425 modo,
3512 2360 3639 2414 dum
3669 2363 3736 2418 de

2153 2434 2345 2491 alienis
2383 2437 2682 2493 ratiociniis
2715 2450 2900 2508 cavet,
2938 2443 3181 2500 redditur
3212 2447 3279 2502 de
3315 2449 3430 2503 suis
3466 2449 3733 2508 sollicitus

2151 2525 2351 2592 abbas,
2381 2526 2436 2581 id
2462 2534 2572 2592 est,
2608 2528 2739 2584 dum
2769 2532 2836 2587 de
2869 2533 3207 2590 subditorum
3247 2552 3470 2593 suorum
3508 2541 3733 2598 ratioci-

2150 2616 2259 2673 niis
2284 2626 2471 2684 cavet,
2501 2618 2727 2676 Domino
2751 2623 2929 2679 reddit
2954 2627 3217 2683 rationem
3241 2646 3257 2695 ;
3286 2630 3541 2698 redditur,
3569 2632 3624 2688 id
3649 2642 3735 2690 est

2150 2705 2244 2770 lit,
2281 2706 2347 2761 de
2380 2709 2524 2774 suis,
2566 2710 2887 2766 subauditur
2922 2715 3224 2772 ratiociniis
3262 2718 3537 2776 sollicitus.
3571 2720 3734 2779 Solli-

2150 2795 2259 2852 cito
2289 2797 2436 2853 enim
2470 2799 2693 2869 cogitet,
2728 2802 2854 2870 quia
2891 2811 2946 2859 et
2978 2805 3044 2861 de
3079 2807 3194 2862 suis
3249 2809 3459 2867 actibus
3498 2812 3638 2868 sicut
3672 2821 3731 2870 et

2149 2881 2219 2940 de
2243 2885 2428 2941 ovium
2454 2901 2674 2942 suarum
2701 2888 2968 2947 rationem
2994 2891 3049 2947 in
3077 2897 3359 2953 tremendo
3382 2897 3590 2968 judicio
3611 2902 3732 2956 red.

2150 2974 2363 3031 diturus
2396 2986 2482 3032 est
2511 2976 2761 3033 Domino.
2794 2979 2941 3036 Inter
2971 2983 3238 3039 rationem
3273 2995 3328 3041 ct
3361 2989 3730 3047 ratiocinatio-

468 3042 534 3098 ad
559 3044 704 3100 aliud
732 3061 892 3118 quam
922 3046 1177 3102 admouet
1203 3048 1492 3105 relaxetur.
1518 3048 1671 3106 Unde
1692 3052 1834 3122 apud
1859 3052 2043 3148 distii-
2070 3058 2115 3120 C
2147 3076 2272 3117 nem
2302 3064 2377 3121 ita
2408 3065 2764 3139 distinguunt.
2799 3069 2958 3124 Ratio
2983 3072 3128 3127 enim
3156 3084 3337 3131 motus
3378 3042 3725 3148 quidamhi-2st

467 3145 613 3189 ctum
652 3133 890 3204 judieem
936 3138 1147 3208 cogitur
1211 3147 1357 3193 tanta
1403 3140 1457 3196 in
1499 3154 1663 3212 opere
1729 3141 2043 3209 exsolvere,

465 3235 665 3295 quanta
700 3240 821 3284 eum
862 3236 1077 3283 constat
1104 3229 1227 3285 aliis
1252 3245 1384 3286 voce
1413 3233 1754 3303 praecepisse.
1787 3232 2044 3305 Quisquis

466 3318 608 3371 cnim
636 3318 704 3371 ad
731 3318 1015 3373 vivendum
1045 3318 1166 3373 aliis
1197 3319 1250 3373 in
1278 3319 1525 3391 exemplo
1552 3323 1904 3394 praeponitur,
1935 3339 2043 3382 non

467 3408 637 3462 solum
661 3417 721 3462 ut
744 3409 857 3478 ipse
882 3410 1018 3465 bene
1046 3410 1273 3467 vivendo
1292 3411 1505 3481 vigilet,
1530 3412 1624 3467 sed
1645 3413 1808 3467 etiam
1828 3423 1888 3467 ut
1909 3415 2044 3469 ami-

467 3513 587 3552 cum
611 3498 952 3567 praedicando
974 3498 1198 3555 suscitet
1218 3499 1556 3557 admonetur.
1583 3499 1795 3557 Etenim
1819 3502 2044 3573 vigilare

466 3591 601 3658 bene
630 3589 856 3644 vivendo
885 3606 990 3645 non
1020 3588 1247 3655 suliicit,
1279 3591 1324 3645 si
1355 3607 1461 3646 non
1491 3600 1546 3646 et
1575 3592 1721 3646 illum
1744 3632 1758 3657 ,
1790 3595 1875 3649 cui
1905 3609 2043 3664 pric-

465 3690 581 3745 cst,
609 3682 640 3735 a
668 3681 876 3749 peccati
917 3696 1144 3751 corpore
1180 3683 1459 3754 disjungit.
1498 3684 1639 3756 Ergo
1672 3685 1751 3741 sic
1785 3688 1953 3743 abbas
1987 3698 2045 3744 et

466 3786 526 3825 se
557 3770 907 3824 custodiendo
932 3778 988 3825 et
1012 3771 1146 3827 alios
1171 3774 1480 3829 suscitando
1506 3775 1677 3838 vivat,
1708 3762 1897 3832 utnon
1926 3792 2042 3847 poe-

469 3856 642 3911 nalem
684 3856 909 3912 Domino
944 3859 1208 3915 rationem
1248 3862 1468 3929 reddat,
1502 3862 1599 3919 scd
1643 3864 1711 3920 ab
1754 3865 1846 3921 illo
1887 3866 2042 3924 hctus

466 3947 687 4018 prmmia
716 3955 917 4003 interna
949 3950 1189 4021 recipiat.

536 4033 606 4089 Et
632 4045 883 4108 quantum
911 4037 1006 4092 sub
1037 4055 1165 4094 cura
1186 4057 1286 4095 sua
1308 4040 1534 4112 fratrum
1559 4060 1614 4099 se
1638 4044 1830 4102 habere
1860 4048 2038 4103 scierit

465 4142 736 4182 numerum
754 4166 769 4191 ,
793 4138 1040 4197 agnoscat
1062 4145 1155 4199 pro
1181 4140 1318 4185 certo
1361 4133 1485 4203 quia
1507 4133 1564 4188 in
1584 4134 1669 4189 die
1686 4136 1880 4206 judicii
1903 4137 2041 4207 ipsa-

463 4230 581 4272 rum
627 4204 859 4273 omniuin
901 4218 1197 4273 animarum
1233 4221 1532 4278 redditurus
1569 4235 1646 4279 est
1683 4225 1911 4281 Domino
1950 4242 2040 4281 ra-

459 4308 653 4361 tionem
673 4346 688 4370 ,
720 4307 831 4364 sine
856 4305 1013 4361 dubio
1039 4307 1219 4364 addita
1247 4320 1294 4365 et
1320 4328 1433 4367 sum
1475 4313 1689 4369 animat.
1729 4314 2038 4374 Secundum
2062 4308 2067 4311 ‘

463 4395 845 4451 monachorum
873 4411 1089 4452 suorum
1113 4400 1322 4456 numeri
1343 4401 1700 4469 quantitatem
1728 4405 2035 4459 redditurus
2060 4398 2114 4458 D
2139 4416 2524 4475 monitionibus

461 4489 546 4536 est
573 4483 738 4538 abbas
770 4483 820 4538 in
854 4487 1130 4542 tremendo
1159 4487 1371 4544 Domini
1391 4488 1595 4559 judicio
1635 4492 1923 4550 rationem.
1967 4495 2035 4550 Et

462 4571 507 4625 si
536 4587 659 4626 eum
689 4570 837 4641 justa
869 4574 1157 4630 salvaverit
1184 4578 1355 4644 ratio,
1385 4586 1440 4634 et
1467 4578 1655 4635 salutis
1682 4583 1917 4656 prepriic
1939 4623 1953 4647 ,
1982 4592 2037 4638 ct

460 4659 688 4714 fratrum
711 4663 1116 4732 gubernationis
1147 4667 1374 4736 accipiet
1397 4669 1698 4737 praemium.
1731 4670 1826 4725 Sin
1854 4685 2033 4730 autem

458 4765 581 4803 eum
611 4750 789 4820 iniqua
820 4755 1036 4822 propria
1064 4762 1214 4819 acta,
1250 4763 1305 4809 et
1341 4756 1676 4812 subditorum
1710 4761 2031 4828 gubernatio

460 4839 726 4897 damnat-it
769 4839 999 4912 injusta,
1036 4844 1328 4899 secundum
1373 4845 1636 4902 malorum
1673 4854 2031 4921 quantitatem

458 4929 683 4999 recipiet
710 4931 1128 4987 damnationem.
1160 4931 1310 4988 Sicut
1330 4936 1472 4991 enim
1498 4936 1564 4993 de
1591 4940 1874 5001 animabus
1900 4945 2028 5000 sub-

457 5016 693 5073 ditorum
722 5033 942 5074 suorum
965 5059 979 5086 ,
1009 5021 1085 5076 ita
1116 5022 1281 5077 abbas
1309 5031 1364 5078 et
1391 5024 1458 5081 de
1485 5042 1581 5082 sua
1611 5029 1916 5090 redditurus
1948 5045 2031 5092 est

460 5106 687 5162 Domino
716 5108 998 5163 rationem.
1038 5111 1104 5169 Et
1134 5113 1253 5170 ideo
1286 5125 1340 5169 et
1374 5115 1584 5173 illorum
1623 5128 1679 5176 et
1710 5138 1863 5178 suam
1894 5125 2030 5198 vigi-

461 5197 635 5283 lanter
671 5207 725 5252 et
756 5201 977 5267 provide
1009 5202 1167 5258 debet
1206 5220 1395 5276 gerere
1440 5225 1654 5273 curam,
1692 5223 1746 5267 et
1796 5231 1894 5269 nce
1927 5232 2027 5287 pro

459 5284 674 5339 illorum
706 5302 885 5350 suam,
928 5303 1026 5344 nec
1059 5307 1156 5363 pro
1191 5309 1287 5348 sua
1316 5312 1529 5352 morum
1570 5300 1728 5356 debet
1757 5284 2029 5374 negligere

457 5378 646 5433 vitam.
678 5379 877 5434 Teneat
909 5397 1126 5464 necesse
1158 5396 1239 5441 est
1273 5391 1441 5445 abbas
1476 5390 1718 5447 exterius
1755 5396 1896 5464 quod
1930 5413 2029 5467 pro

462 5465 675 5521 illorum
711 5467 939 5524 utilitate
976 5477 1246 5545 suscepit;
1278 5489 1460 5535 servet
1490 5481 1715 5536 interius
1744 5487 1884 5552 quod
1920 5465 2026 5545 ὑο-

462 5558 608 5611 mino
636 5575 732 5629 pro
758 5576 851 5615 sua
884 5561 1053 5618 salute
1081 5568 1345 5634 promisit.

2145 3153 2310 3208 animi
2345 3169 2473 3210 vera
2510 3171 2541 3210 a
2576 3156 2727 3213 falsis
2760 3159 3092 3217 discernens.
3132 3163 3495 3225 Ratioeinatio
3541 3180 3724 3228 autem

2145 3242 2483 3301 rationabilis
2521 3254 2606 3303 est
2654 3246 2752 3320 [et]
2792 3249 3007 3307 subtilis
3045 3252 3358 3324 disputatio.
3389 3256 3559 3325 Quam
3588 3261 3727 3319 bene

2144 3341 2302 3388 cavet
2341 3334 2432 3390 ille
2467 3351 2590 3392 cum
2619 3338 2849 3395 Domino
2893 3356 3095 3412 ponere
3125 3345 3387 3402 tationem
3410 3389 3423 3414 ,
3448 3351 3541 3420 qui
3580 3360 3636 3407 et
3667 3370 3727 3409 se

2142 3426 2414 3482 custodire
2438 3434 2495 3483 et
2519 3430 2762 3487 subditos
2789 3433 2925 3489 bene
2954 3450 3143 3506 regere
3159 3436 3308 3506 juste
3336 3443 3502 3497 novit.

2215 3514 2282 3569 Et
2318 3534 2437 3571 cunt
2466 3519 2532 3574 de
2557 3520 2999 3580 admonitionibus
3026 3528 3137 3582 suis
3167 3531 3577 3587 emendationem
3605 3536 3727 3591 aliis

2140 3606 2542 3676 subministrat,
2588 3612 2697 3682 ipse
2736 3615 2957 3684 efﬁcitur
3005 3635 3037 3671 a
3086 3621 3225 3675 vitiis
3259 3625 3582 3681 emendatus.
3633 3628 3726 3685 Dl-

2141 3714 2305 3768 gnum
2338 3699 2493 3755 valde
2535 3711 2620 3756 est
2661 3711 2720 3758 ut
2759 3705 2852 3775 qui
2893 3707 3016 3763 aliis
3041 3725 3234 3779 panem
3260 3714 3387 3770 vita:
3415 3717 3723 3791 ministrat,

2142 3785 2257 3856 ipse
2284 3786 2425 3843 fame
2454 3804 2561 3844 non
2588 3800 2793 3861 pereat.
2835 3794 2938 3862 Qui
2983 3800 3127 3853 cnim
3164 3799 3423 3860 fratribus
3448 3820 3613 3863 causa
3640 3785 3726 3866 di;

2141 3874 2389 3932 lectionis
2412 3878 2634 3936 verbum
2664 3883 2869 3951 praebet
2893 3884 3110 3952 salutis,
3145 3889 3258 3960 ipsa
3288 3892 3577 3951 dilectione
3605 3896 3721 3954 elli-

2141 3965 2283 4021 citur
2329 3969 2647 4026 emendatus
2695 3989 2726 4027 a
2776 3974 2944 4030 vitiis.
2996 3977 3247 4037 Charitas
3291 3986 3437 4040 enim
3482 3993 3723 4060 cooperit

2140 4055 2541 4113 multitudinem
2566 4071 2914 4130 peccatorum
2932 4107 2948 4131 ,
2979 4068 3121 4123 sicut
3145 4072 3405 4142 scriptum
3445 4086 3530 4133 est
3553 4055 3718 4146 {Qui

2140 4148 2368 4201 converti
2386 4148 2565 4218 fecerit
2590 4164 2917 4222 peccatorem
2929 4157 2995 4211 ab
3012 4175 3189 4216 errore
3213 4164 3309 4218 vim
3332 4182 3463 4232 sua',
3490 4170 3716 4225 salvabit

2140 4237 2371 4292 animam
2409 4239 2526 4309 ejus
2556 4259 2590 4296 a
2616 4254 2799 4299 morte.
2834 4246 2906 4301 Et
2930 4252 3160 4319 cooperit
3188 4254 3576 4314 multitudinem
3600 4279 3719 4331 pec—

2140 4332 2377 4381 catorum
2424 4345 2642 4385 suorum
2696 4333 2858 4404 (Jac.
2891 4336 2983 4407 v).
3030 4335 3181 4397 iuste
3225 4358 3357 4414 ergo
3385 4346 3433 4403 is
3458 4350 3551 4419 qui
3580 4351 3716 4407 alios

2561 4422 2674 4477 suis
2699 4426 2769 4480 ab
2807 4441 2993 4484 errore
3020 4430 3214 4488 liberat
3250 4436 3535 4506 vitiorum,
3566 4444 3719 4510 prior

2138 4505 2372 4573 propriis
2416 4507 2639 4577 iuvante
2693 4511 2923 4573 Domino
2978 4519 3300 4579 liberabitur
3348 4505 3527 4585 vitiis.
3566 4505 3713 4590 vilia

2136 4594 2279 4649 enim
2320 4597 2573 4657 dicuntur
2595 4615 2849 4673 peccata,
2882 4625 3003 4678 qua:
3031 4628 3128 4681 per
3155 4630 3214 4670 se
3237 4618 3371 4673 nihil
3395 4629 3550 4688 sunt,
3582 4628 3675 4679 sed
3696 4666 3712 4691 ,

2137 4686 2227 4740 ubi
2272 4688 2484 4747 bonitas
2527 4691 2707 4760 deest,
2755 4699 2943 4755 vitium
2986 4712 3088 4758 est.
3133 4705 3322 4764 Omnis
3344 4712 3487 4766 enim
3519 4686 3713 4772 natura

2138 4791 2273 4846 opus
2322 4788 2421 4835 est.
2473 4780 2646 4852 Opera
2692 4787 2835 4842 enim
2881 4791 3056 4858 mala,
3105 4809 3225 4864 quae
3269 4798 3399 4853 vitia
3440 4802 3712 4873 dicuntur,

2137 4877 2292 4924 actus
2333 4881 2484 4938 sunt,
2531 4889 2637 4930 non
2677 4892 2785 4933 res.
2829 4879 2933 4937 Sed
2967 4886 3271 4955 privatione
3304 4890 3433 4948 boni
3474 4895 3579 4955 hoc
3615 4913 3716 4956 no-

2135 4974 2260 5017 men
2288 4963 2515 5031 accepit.

2751 5063 2979 5123 CAPUT
3018 5070 3104 5126 lli.

2372 5143 2444 5235 De
2470 5149 2775 5208 adhibendis
2801 5156 2871 5210 ad
2899 5161 3175 5218 consilium
3204 5166 3474 5235 fratribus.

2205 5228 2331 5326 ideo
2372 5233 2441 5326 ab
2478 5237 2674 5293 abbate
2714 5242 2781 5296 ad
2821 5247 3108 5304 consilium
3138 5228 3337 5311 fratres
3363 5259 3704 5326 adhibentur,

2134 5320 2260 5388 quia
2293 5324 2552 5393 scriptum
2583 5336 2668 5383 est
2692 5347 2706 5382 :
2739 5330 3081 5405 Dissipantur
3108 5345 3465 5414 cogitationes,
3489 5352 3575 5405 ubi
3604 5320 3708 5409 non

2132 5418 2208 5461 est
2245 5411 2540 5468 consilium.
2584 5414 2682 5471 Ubi
2710 5436 2828 5475 vero
2854 5423 3030 5493 plures
3053 5411 3184 5485 sunt
3203 5411 3493 5493 consiliarii
3514 5444 3709 5511 con/ir-

2132 5508 2347 5591 mantur
2378 5499 2558 5573 (Prov.
2584 5506 2698 5579 xv).
2724 5510 2880 5577 Item,
2904 5512 3178 5586 Unguento
3200 5534 3249 5578 et
3275 5527 3431 5582 variis
3455 5499 3706 5591 odoribus

2133 5586 2420 5646 delectatur
2443 5608 2553 5661 cor,
2577 5606 2623 5651 et
2648 5598 2793 5655 bonis
2816 5604 2972 5658 ιιυηὶτὶ
2998 5611 3231 5668 consiliis
3253 5618 3430 5673 animi
3457 5623 3704 5680 duis-orno
