3940 6410
184 285 287 340 ’145

1223 277 1575 336 COMMENT.
1616 273 1685 329 ΙΝ
1725 272 1887 329 ΒΕ6;
1930 272 1987 327 S.
2033 268 2411 326 BENEDlCTl.

3349 265 3450 320 7m

154 399 320 469 _bitur
349 391 543 466 (Prov.
576 391 779 465 xxvn).
823 392 956 446 Cum
983 391 1324 463 dispositione
1348 390 1515 444 initur
1539 387 1763 453 bellum,
1794 388 1844 447 Α
1869 382 1988 437 deat
2032 383 2280 448 arbitrio,
2315 390 2371 433 ut
2407 379 2545 451 quod
2581 377 2845 433 salubrius
2876 378 3197 448 judicaverit
3227 395 3337 433 esse
3358 421 3373 445 ,
3402 380 3454 433 ei

180 497 229 543 et
256 487 357 542 erit
380 483 528 540 salus
555 484 646 538 ubi
674 483 843 538 multa
872 482 1095 537 consilia
1125 490 1247 536 sunt
1277 480 1296 551 (
1321 478 1481 535 Prov.
1509 495 1638 534 xxw
1664 481 1683 549 )

253 575 472 643 Quoties
491 574 673 646 aliqua
692 576 960 645 praecipua
979 572 1182 644 agenda
1205 580 1328 627 sunt
1350 572 1406 624 in
1424 570 1764 624 monasterio.

181 664 576 722 Monasterium
613 663 791 727 enim,
833 670 892 718 ut
919 662 1236 732 praedictum
1266 668 1381 726 est,
1411 661 1579 715 etiam
1607 658 1769 713 unius

182 755 438 811 monachi
465 754 730 810 habitatio
759 753 977 809 dicitur.
1026 751 1136 807 Sed
1175 751 1525 821 quaerendum
1564 757 1680 813 est,
1722 747 1769 803 si

183 849 348 903 unius
383 847 650 903 habitatio
688 845 907 916 proprie
944 845 1336 900 monasterium
1365 849 1614 905 vocatur,
1646 855 1772 910 pro-

180 945 306 1007 pter
327 937 526 992 idioma
548 934 753 992 Graeca:
777 935 993 1007 linguae,
1013 950 1120 1006 qua
1147 934 1347 989 dicitur
1367 947 1557 989 monas
1577 946 1767 997 unum,

184 1040 286 1081 cur
313 1025 610 1080 multorum
637 1025 898 1079 habitatio
928 1026 985 1079 in
1014 1039 1124 1080 uno
1161 1024 1461 1094 positomm
1500 1031 1772 1077 monaste-

185 1115 331 1170 rium
361 1114 594 1179 dicatur,
625 1113 732 1168 nisi
759 1111 923 1179 forte,
958 1121 1019 1168 ut
1043 1114 1301 1179 arbitror,
1328 1121 1617 1183 propterea
1643 1112 1770 1183 quia

183 1218 295 1258 una
321 1202 484 1269 ﬁdes,
514 1217 685 1257 unum
712 1202 1010 1271 baptisma,
1043 1218 1142 1259 cor
1165 1218 1335 1258 unum
1365 1211 1420 1258 et
1446 1203 1626 1258 anima
1662 1217 1771 1257 tuna

185 1300 272 1348 est
312 1291 367 1346 in
404 1291 658 1346 omnibus
693 1291 832 1347 bene
857 1290 1077 1361 etjuste
1102 1293 1407 1348 viventibus
1446 1293 1729 1348 monachis
1754 1333 1770 1359 ,

186 1381 330 1436 sicut
358 1380 511 1451 prius
537 1379 594 1434 in
622 1379 883 1452 religione
908 1391 1057 1438 recte
1079 1382 1418 1438 credentium
1445 1392 1502 1438 et
1530 1384 1667 1438 bene
1692 1384 1773 1438 vi-

184 1474 430 1529 ventium
455 1472 576 1528 fuit.
611 1473 790 1529 Unum
818 1474 964 1529 enim
989 1474 1126 1529 velle
1154 1474 1209 1529 in
1237 1474 1488 1530 omnibus
1517 1483 1666 1530 recte
1693 1476 1775 1531 vi-

184 1561 441 1617 ventibus
459 1561 742 1616 monachis
761 1570 963 1641 manet.
989 1561 1094 1617 Uni
1114 1562 1344 1617 Domino
1364 1562 1637 1626 serviunt,
1670 1564 1773 1619 sub

184 1667 297 1708 uno
325 1666 452 1723 rege
478 1651 739 1715 militant,
784 1661 840 1707 et
885 1667 1054 1707 unum
1097 1650 1301 1707 Christi
1349 1667 1548 1723 corpus
1591 1653 1770 1710 ell‘ecti

1872 476 2046 531 cuncti
2072 477 2331 531 obediant.
2362 473 2455 531 Sic
2481 475 2628 530 enim
2655 475 2839 531 abbati
2866 490 2966 531 suo
2991 475 3173 530 cuncti
3201 477 3457 533 monachi

1872 567 2073 621 debent
2100 564 2351 630 obedire,
2392 570 2456 617 ut
2493 572 2612 619 acta
2641 564 2787 619 illius
2815 564 2994 620 nullus
3019 580 3086 619 ex
3114 564 3221 621 illis
3251 574 3457 621 temere

1870 656 2068 711 audeat
2103 655 2533 725 reprehendere,
2568 655 2664 711 sed
2691 655 2872 725 potius
2902 663 3159 725 tanquam
3185 658 3326 726 patri
3361 657 3459 712 lilii

1870 744 1957 799 vel
1985 743 2231 799 membra
2256 743 2458 813 capiti,
2485 743 2567 799 sie
2594 743 2644 799 ei
2673 744 2853 798 cuncti
2895 744 3172 800 humiliter
3212 747 3458 802 serviant

1873 841 1927 890 et
1951 835 2206 890 obediant
2233 834 2455 889 subditi.
2481 834 2759 904 Prazcepta
2782 850 2996 905 quoque
3023 835 3165 904 ejus,
3192 838 3237 893 si
3265 853 3460 893 secun-

1874 924 2001 979 dum
2030 922 2249 978 Domini
2280 931 2406 979 sunt
2433 924 2687 978 mandata
2708 963 2724 990 ,
2754 924 2901 979 velut
2930 925 3215 995 imperium
3242 928 3457 983 Domini

1874 1029 2220 1084 summopere
2258 1015 2565 1070 custodiant
2603 1022 2660 1071 et
2699 1014 2926 1086 implere
2956 1024 3068 1072 toto
3100 1029 3287 1073 amore
3324 1034 3458 1075 con-

1874 1104 2137 1170 tendant;
2168 1104 2357 1159 ethoc
2383 1118 2504 1160 esse
2538 1111 2784 1159 sanctum
2805 1146 2819 1170 ,
2850 1105 2953 1160 hoc
2989 1103 3092 1161 sibi
3139 1106 3358 1163 salubre
3393 1123 3458 1164 ac

1876 1195 2243 1251 necessarium
2284 1194 2531 1265 judicent
2575 1196 2720 1264 quod
2769 1196 2952 1251 abbati
3000 1213 3098 1253 suo
3144 1199 3455 1267 placuerit,

1874 1300 1985 1340 non
2012 1286 2156 1355 quod
2182 1285 2286 1354 ipsi
2315 1285 2418 1340 sibi
2446 1283 2753 1340 faciendum
2782 1286 3065 1356 elegerint.
3112 1287 3179 1341 Et
3208 1289 3294 1342 ita
3322 1290 3457 1344 ohe-

1876 1374 2091 1430 dientiae
2118 1390 2185 1430 ac
2212 1375 2486 1445 patientite
2509 1375 2709 1431 virtute
2745 1374 2950 1431 fundati
2987 1377 3199 1434 abbatis
3234 1380 3317 1434 sui
3347 1395 3458 1436 non

1875 1464 2174 1521 discutiant
2199 1466 2518 1529 constituta,
2554 1466 2650 1521 sed
2680 1466 2900 1522 faciant.
2946 1468 3016 1523 Et
3055 1470 3271 1540 quando
3314 1470 3462 1541 rigor

1878 1555 2047 1628 exigit
2073 1555 2372 1625 disciplinae
2410 1562 2471 1609 ut
2513 1555 2777 1611 severiter
2815 1565 3133 1629 arguantur,
3181 1566 3460 1629 acceptam

1879 1647 2277 1717 correptionem
2327 1648 2749 1716 magnanimiter
2795 1649 3009 1715 ferant,
3066 1666 3169 1705 nec
3221 1651 3461 1708 motibus

187 1740 442 1796 eumdem
480 1755 649 1794 unum
691 1738 1105 1809 Redemptorem
1132 1740 1362 1796 adorant
1387 1755 1402 1795 :
1429 1749 1484 1795 et
1512 1742 1633 1799 ideo
1662 1758 1770 1798 una
1798 1736 1848 1796 B
1875 1756 2095 1807 eorum,
2127 1756 2158 1795 a
2187 1741 2386 1810 quibus
2416 1738 2615 1795 fuerint
2642 1736 2909 1810 objurgati
2929 1779 2944 1804 ,
2990 1740 3089 1795 sed
3129 1740 3242 1796 suis
3283 1740 3459 1812 negli-

187 1832 404 1887 illorum
433 1832 675 1888 omnium
714 1831 979 1887 habitatio
1015 1846 1125 1887 non
1163 1833 1460 1906 incongrue
1498 1844 1773 1892 monaste-

186 1920 332 1975 rium
362 1927 609 1975 vocatur.

259 2006 517 2063 Conuocet
554 2007 716 2064 abbas
752 2024 958 2064 omnem
1003 2022 1455 2081 congregationem
1475 2054 1490 2077 ,
1536 2022 1587 2068 et
1635 2015 1774 2070 dicat

184 2099 297 2170 ipse
322 2098 461 2153 unde
489 2099 687 2170 agitur.
722 2098 877 2155 Unde
902 2100 1100 2170 agitur,
1132 2101 1351 2168 dicitur,
1382 2102 1436 2157 id
1474 2110 1590 2164 est.
1632 2103 1775 2157 unde

187 2194 581 2253 eonsiliandum
603 2235 620 2262 ,
646 2194 732 2250 vel
759 2195 902 2251 unde
927 2196 1314 2266 requirendum
1340 2206 1444 2252 est.
1478 2198 1624 2254 Inter
1645 2215 1775 2254 eon-

188 2285 556 2357 gregationem
587 2292 771 2339 autem
800 2292 857 2340 et
882 2285 1325 2341 eonvocationem
1366 2286 1470 2342 hoc
1510 2287 1775 2343 interesse

186 2378 400 2450 priores
440 2377 713 2432 dixerunt.
759 2374 1120 2447 Congregatio
1155 2385 1212 2432 et
1250 2377 1318 2433 de
1351 2378 1688 2459 hominibus,
1720 2388 1777 2434 et

190 2470 259 2525 de
282 2468 459 2523 brutis
487 2466 845 2532 animalibus,
877 2474 933 2521 et
960 2467 1028 2526 de
1055 2466 1354 2537 lapidibus,
1384 2467 1470 2523 vel
1499 2469 1622 2523 aliis
1651 2469 1775 2538 qui-

188 2558 377 2615 busvis
405 2557 809 2613 insensibilibus
837 2557 1000 2611 rebus
1027 2556 1134 2611 dici
1158 2564 1370 2626 potest,
1399 2557 1525 2627 quia
1554 2572 1779 2630 congre-

188 2649 307 2720 gari
352 2650 438 2705 vel
482 2649 703 2705 vocibus
746 2647 833 2703 vel
878 2647 988 2701 alio
1031 2647 1274 2718 quolibet
1320 2648 1481 2703 modo
1528 2655 1772 2721 possunt.

188 2739 523 2797 Convocatio
550 2746 733 2796 autem
762 2753 871 2794 non
902 2738 1008 2793 nisi
1039 2739 1106 2794 de
1140 2738 1449 2794 hominibus
1478 2738 1775 2795 rationabi-

188 2829 337 2886 libus
365 2829 485 2886 ﬁeri
513 2837 727 2902 potest,
756 2828 848 2899 qui
878 2828 1115 2898 propriis
1142 2827 1451 2883 nominibus
1477 2842 1779 2883 convocan-

190 2928 305 2987 tur,
334 2922 463 2992 quia
490 2920 779 2978 convocari
809 2920 1088 2991 proprium
1117 2926 1205 2974 est
1231 2934 1420 2975 eorum
1457 2919 1552 2990 qui
1591 2920 1780 2976 audire

191 3025 261 3067 ac
287 3012 598 3069 discernere
625 3023 849 3067 norunt.

1875 1832 2106 1902 gentiis,
2138 1827 2282 1902 quod
2311 1831 2668 1901 castigantur,
2701 1830 3000 1885 ascribant.

1949 1920 2053 1976 Sed
2093 1922 2227 1976 sicut
2268 1921 2539 1993 discipulis
2567 1922 2803 1976 convenit
2831 1921 3039 1975 obedire
3066 1924 3317 1993 magistro
3338 1964 3352 1989 ,
3384 1924 3462 1978 ita

1875 2019 1925 2065 et
1965 2012 2137 2081 ipsum
2170 2011 2385 2082 provide
2418 2020 2467 2064 et
2493 2011 2640 2082 juste
2678 2012 2920 2065 condecet
2950 2022 3137 2067 cuncta
3167 2014 3459 2086 disponere.

1877 2100 2049 2156 Debet
2075 2101 2220 2155 enim
2250 2101 2417 2157 abbas
2443 2101 2625 2156 subtili
2651 2116 2867 2173 semper
2895 2103 3294 2159 examinatione
3322 2106 3462 2160 bona
3542 2172 3545 2175 _

1877 2192 2129 2262 malaque
2174 2193 2521 2259 discernere,
2562 2202 2617 2249 et
2654 2208 2805 2265 quae,
2850 2195 3078 2265 quibus,
3122 2198 3337 2265 quando
3377 2202 3464 2253 vel

1877 2280 2111 2351 qualiter
2139 2290 2442 2353 congruant
2472 2283 2712 2339 studiose
2741 2284 3010 2356 cogitare,
3041 2294 3096 2340 et
3127 2286 3204 2342 sic
3233 2289 3387 2356 ιιι-οιοὶ
3414 2289 3461 2342 Ie

1877 2384 1933 2431 et
1955 2375 2102 2445 juste
2131 2385 2324 2432 cuneta
2354 2378 2671 2447 disponere;
2701 2387 2756 2435 et
2781 2387 3068 2450 propterea
3094 2396 3124 2434 a
3151 2381 3359 2436 cunctis
3388 2381 3465 2435 illi

1879 2467 2188 2539 discipulis,
2217 2477 2277 2524 ut
2305 2477 2432 2539 pote
2456 2469 2708 2524 rationali
2736 2469 2921 2536 Patri,
2951 2470 3204 2527 convenit
3232 2472 3462 2527 obediri.

1879 2558 2018 2615 Hinc
2044 2558 2169 2616 inde
2194 2575 2325 2630 ergo
2344 2602 2358 2627 ,
2385 2567 2446 2615 ut
2469 2560 2662 2616 beatus
2687 2561 2765 2615 ait
2793 2561 3088 2633 Gregorius
3105 2602 3120 2626 ,
3150 2562 3241 2631 qui
3273 2573 3468 2631 pnccst

1879 2662 1940 2704 se
1969 2649 2399 2719 circumspiciat,
2428 2658 2489 2704 ut
2517 2658 2573 2705 et
2603 2649 2706 2705 sibi
2735 2658 2791 2705 et
2818 2652 3051 2707 subditis
3076 2651 3252 2717 vivat,
3286 2661 3343 2705 ut
3372 2653 3467 2705 bo-

1880 2753 2012 2793 num
2032 2739 2175 2808 quod
2200 2738 2402 2818 faciant
2424 2748 2479 2794 et
2502 2740 2644 2794 intra
2665 2740 2843 2795 sinum
2858 2742 3056 2796 mentis
3069 2743 3387 2806 abscondat,
3412 2751 3461 2796 et

1882 2837 2064 2884 tamen
2080 2844 2149 2884 ex
2164 2842 2229 2883 eo
2243 2829 2310 2883 ad
2330 2827 2630 2899 profectum
2649 2830 2990 2899 sequentium
3010 2831 3287 2901 exemplar
3304 2840 3466 2886 recte

1880 2918 2212 2990 operationis
2237 2918 2541 2988 impertiat;
2574 2927 2635 2973 ut
2677 2920 3014 2974 subditorum
3061 2921 3245 2990 culpas
3284 2922 3467 2975 anima

1882 3011 2171 3067 advertens
2209 3011 2473 3081 corrigat,
2518 3025 2621 3067 nec
2660 3019 2842 3065 tamen
2883 3013 3203 3080 superbiens
3232 3013 3468 3067 intume-

262 3102 336 3159 Et
375 3104 595 3161 audiens
616 3104 902 3159 consilium
930 3105 1155 3176 fratrum
1175 3147 1189 3170 ,
1224 3114 1408 3161 tractet
1438 3106 1579 3177 apud
1608 3123 1662 3162 se
1680 3148 1694 3172 ,
1727 3120 1774 3162 et
1804 3079 1850 3143 C
1882 3110 2030 3168 seat;
2052 3110 2111 3157 ut
2134 3079 2381 3173 quietiam
2402 3102 2599 3158 leniter
2621 3109 2870 3172 correpta
2897 3079 3125 3169 toleret,
3153 3118 3253 3158 nec
3284 3114 3468 3160 tamen

191 3195 335 3267 quod
359 3195 544 3249 utilius
559 3193 884 3265 judicaverit
903 3235 918 3261 ,
947 3193 1130 3264 faciat.
1158 3193 1320 3251 Prius
1344 3195 1488 3250 enim
1516 3196 1685 3251 abbas
1711 3196 1778 3251 de

192 3284 417 3356 agentﬁs
437 3285 603 3341 rebus
627 3285 941 3340 monasterii
966 3285 1051 3341 vel
1075 3286 1306 3340 aliarum
1332 3302 1777 3357 quarumcunque

192 3388 378 3428 rerum
404 3374 732 3444 agendarum
754 3389 787 3428 a
813 3372 1074 3431 fratribus
1094 3375 1347 3432 omnibus
1371 3376 1426 3430 in
1453 3392 1561 3432 uno
1587 3378 1779 3447 positis

191 3465 400 3533 pariter
440 3465 722 3522 consilium
763 3472 951 3536 petat;
1000 3474 1056 3522 et
1098 3468 1243 3538 quod
1285 3468 1567 3524 corisilium
1612 3486 1781 3526 unus-

192 3563 426 3632 quisque
447 3560 680 3627 dederit,
702 3560 936 3618 libenter
959 3563 1172 3630 audiat,
1197 3571 1254 3619 et
1274 3547 1462 3635 postea
1489 3564 1543 3618 in
1569 3575 1781 3621 secreto

193 3671 317 3711 cum
348 3655 657 3710 senioribus
686 3663 898 3711 tantum
928 3656 1220 3720 fratribus,
1250 3658 1343 3727 qui
1371 3658 1556 3713 utilius
1575 3699 1590 3719 ,
1620 3661 1781 3728 quive

193 3744 442 3800 inutilius
478 3742 765 3797 consilium
791 3743 973 3809 dedit,
1004 3745 1278 3799 subtiliter
1304 3755 1361 3799 et
1385 3757 1545 3801 acute
1574 3747 1781 3803 discer-

191 3845 308 3893 nat.
336 3834 406 3890 Et
432 3842 562 3889 tunc
585 3833 730 3903 quod
758 3833 952 3888 melius
972 3832 1297 3902 iudicaverit
1315 3874 1331 3900 ,
1359 3835 1413 3889 id
1439 3844 1551 3900 est,
1583 3838 1782 3892 discre-

191 3925 365 3990 verit,
395 3920 624 3992 implere
648 3927 879 3992 satagat.
911 3919 1162 3976 Judicare
1189 3922 1334 3977 enim
1363 3923 1673 3979 discernere
1703 3925 1783 3979 di-

194 4017 357 4081 citur,
403 4020 465 4068 ut
500 4012 668 4067 illud:
711 4011 908 4066 Judica
949 4027 1062 4077 me,
1104 4011 1283 4079 Deus,
1313 4021 1360 4067 et
1388 4013 1626 4068 discerne
1654 4030 1782 4068 cau-

194 4122 309 4162 sam
345 4119 516 4160 meam
560 4101 752 4175 (Psal.
782 4117 892 4157 xui
917 4100 957 4173 ).

265 4196 396 4252 Ideo
437 4204 613 4250 autem
652 4210 829 4249 omnes
869 4196 939 4249 ad
979 4187 1258 4250 consilium
1296 4197 1475 4250 vocari
1513 4196 1779 4263 diximus,

192 4287 318 4357 quia
346 4300 482 4355 stupe
514 4283 723 4353 juniori
762 4282 1020 4338 Dominus
1064 4282 1253 4338 revelat
1278 4284 1418 4354 quod
1454 4283 1642 4339 melius
1679 4293 1774 4338 est.

196 4375 473 4445 Scriptum
501 4380 586 4428 est
608 4374 754 4428 enim
785 4391 800 4427 :
839 4371 900 4428 Si
924 4374 1133 4444 juniori
1162 4375 1445 4428 revelatum
1476 4373 1666 4444 fuerit,
1698 4391 1779 4430 se—

195 4467 315 4520 nior
343 4473 509 4518 taceat
540 4463 559 4536 (
583 4462 614 4516 I
640 4461 765 4518 Cor.
795 4479 889 4518 xw
908 4462 949 4535 ).
989 4462 1144 4534 Saepe
1171 4464 1316 4518 enim
1345 4473 1569 4536 pr0pter
1597 4453 1777 4520 humi-

193 4557 364 4612 litatis
404 4555 633 4627 gratiam
681 4553 888 4624 juniori
938 4555 1199 4611 Dominus
1247 4556 1457 4612 revelat
1503 4558 1647 4626 quod
1691 4572 1777 4613 se-

195 4645 440 4700 nioribus
475 4642 633 4699 celat.
670 4642 788 4698 Non
827 4643 972 4698 enim
1007 4658 1364 4713 personarum
1401 4653 1657 4715 acceptor
1692 4653 1779 4702 est

197 4736 340 4791 Deus
366 4733 513 4805 (Act.
543 4732 614 4806 χ)
639 4774 655 4801 ,
686 4735 782 4790 sed
807 4734 863 4789 in
890 4734 1039 4789 omni
1067 4741 1249 4801 etate,
1282 4735 1615 4803 conditione,
1645 4753 1778 4794 sexu

197 4832 252 4880 et
278 4831 463 4895 gente,
483 4823 571 4879 his
594 4825 687 4893 qui
715 4824 908 4880 timent
930 4823 1132 4891 Deum,
1164 4834 1447 4896 acceptum
1475 4842 1559 4884 est
1582 4829 1692 4895 illi,
1723 4839 1779 4887 et

197 4915 251 4969 in
279 4914 476 4984 quibus
499 4913 615 4969 vult
641 4914 709 4969 de
732 4915 985 4972 omnibus
1012 4917 1099 4973 his
1126 4918 1349 4987 spiritus
1376 4920 1589 4977 Domini
1616 4923 1780 4980 inise-

197 5005 489 5061 ricorditer
515 5005 719 5075 spirat,
745 5013 801 5062 et
825 5006 1056 5076 gratiam
1084 5008 1653 5082 sapientitebenignus
1678 5014 1780 5069 mi-

196 5096 413 5152 nistrat.
450 5094 569 5150 Non
594 5096 741 5152 enim
767 5094 956 5153 Daniel
983 5105 1040 5152 et
1068 5096 1289 5153 Samuel
1315 5108 1533 5156 aetatem
1575 5102 1780 5160 discre-

195 5186 277 5240 vit
295 5225 311 5250 ,
340 5184 433 5240 sed
461 5185 689 5257 gratiam
715 5187 1064 5243 ministravit.
1094 5186 1229 5244 Cani
1252 5190 1437 5244 etenim
1461 5201 1584 5246 sunt
1601 5233 1617 5259 ,
1646 5194 1779 5250 dicit

198 5273 479 5345 Scriptura
498 5315 514 5342 ,
558 5293 741 5332 sensus
782 5278 1010 5334 hominis
1029 5319 1045 5346 ,
1088 5287 1141 5334 et
1180 5288 1311 5335 artas
1353 5284 1633 5337 senectutis
1673 5286 1779 5340 rita

197 5365 540 5422 immaculata
569 5364 737 5439 (Sap.
768 5383 822 5422 IV
842 5367 886 5442 ).
1646 5432 1649 5435 ν

267 5456 357 5514 Sic
387 5466 567 5512 autem
597 5459 718 5513 dent
749 5459 940 5529 fratres
969 5460 1246 5517 consilium
1275 5478 1394 5517 cum
1426 5464 1569 5518 omni
1600 5463 1778 5520 humi-

193 5548 362 5613 litatis
382 5546 718 5617 subjectione,
743 5559 799 5603 ut
822 5567 927 5604 non
943 5562 1266 5622 praesumant
1289 5553 1581 5623 procaciter
1600 5554 1780 5625 defen-

196 5638 319 5695 dere
343 5638 485 5713 quod
513 5639 588 5694 eis
617 5640 782 5695 visum
808 5640 995 5711 fuerit,
1028 5643 1118 5699 sed
1145 5644 1311 5715 magis
1340 5645 1395 5700 in
1424 5644 1625 5701 abbatis
1651 5663 1779 5717 pcn-

523 5733 798 5795 PsrnoL.
844 5734 974 5798 Cll.

1881 3190 2177 3260 disciplinae
2202 3190 2417 3246 vincula
2444 3190 2634 3246 eadem
2666 3189 2886 3245 lenitate
2915 3191 3204 3257 dissolvat;
3238 3199 3293 3247 et
3323 3208 3471 3262 quae-

1878 3282 2005 3338 dam
2043 3282 2327 3338 tolerando
2367 3281 2705 3347 dissimulet,
2747 3297 2849 3337 nec
2895 3290 3075 3337 tamen
3116 3298 3181 3337 ea
3220 3298 3469 3338 crescere

1880 3372 2270 3429 dissimulando
2295 3372 2594 3443 permittat.
2629 3372 2783 3430 Unde
2811 3389 3137 3444 magnopere
3162 3374 3466 3430 curandum

1880 3464 1984 3521 sibi
2021 3473 2106 3520 est
2145 3471 2206 3520 ut
2245 3463 2337 3534 qui
2365 3465 2616 3536 regendis
2644 3465 2956 3520 hominibus
2983 3464 3288 3535 praefertur,
3323 3467 3469 3536 apud

1880 3568 1939 3609 se
1969 3553 2114 3608 intra
2151 3554 2506 3609 secretarium
2547 3554 2748 3609 mentis
2784 3554 2839 3608 in
2877 3554 3134 3609 cathedra
3175 3555 3468 3625 praesideat

1878 3646 2235 3713 humilitatis,
2275 3654 2329 3700 et
2368 3646 2613 3717 vigilanti
2656 3645 2814 3702 oculo
2853 3646 3194 3702 incessanter
3237 3647 3471 3716 aspiciat

1880 3737 1969 3793 cui
2014 3740 2339 3808 quandoque
2377 3736 2547 3806 judiei
2594 3739 2711 3808 ipse
2753 3740 2821 3794 de
2866 3738 2952 3795 his
2992 3737 3301 3808 iudicandis
3329 3740 3469 3796 assi-

1881 3836 2027 3895 stat;
2078 3828 2147 3883 ut‘
2189 3834 2394 3899 quanto
2422 3844 2569 3883 nunc
2593 3837 2719 3884 ante
2756 3844 2912 3896 eum,
2944 3846 3104 3900 quem
3146 3848 3254 3887 non
3283 3833 3466 3899 videt,

1881 3916 2142 3971 sollicitus
2182 3916 2449 3986 trepidat,
2493 3924 2643 3972 tanto
2682 3931 2836 3984 eum,
2882 3933 3005 3974 eum
3047 3921 3280 3987 viderit,
3310 3937 3469 3977 secu-

1881 4006 1994 4062 rior
2018 4013 2230 4062 cernat.

1952 4091 2022 4147 In
2059 4093 2296 4148 omnibus
2337 4094 2500 4164 igitur
2539 4112 2716 4181 omnes
2742 4097 3046 4168 magistram
3073 4109 3360 4171 sequantur
3386 4120 3469 4157 re-

1879 4182 2077 4253 gulam.
2108 4184 2262 4252 Quod
2287 4185 2419 4240 dicit
2448 4186 2503 4240 in
2532 4190 2803 4253 omnibus,
2835 4189 3156 4243 subauditur
3180 4195 3468 4261 praeceptis

1879 4271 2120 4342 ejusdem
2153 4276 2367 4347 regulae.
2398 4276 2456 4331 ln
2485 4278 2677 4334 ofﬁciis
2705 4280 2850 4332 enim
2883 4279 3083 4334 divinis
3110 4288 3167 4334 et
3196 4281 3250 4334 in
3293 4283 3464 4338 actio-

1880 4370 2040 4426 nibus
2068 4372 2349 4439 bumanis,
2381 4373 2436 4427 in
2479 4374 2601 4429 cibo
2646 4374 2856 4430 scilicet
2897 4383 2951 4430 et
2993 4384 3153 4445 potu,
3203 4378 3255 4431 in
3300 4382 3468 4435 vesti-

1881 4468 2066 4516 mento
2092 4469 2147 4516 et
2177 4461 2547 4517 calceamento
2568 4504 2580 4528 ,
2615 4463 2668 4517 in
2699 4463 2900 4533 vigiliis
2928 4471 2981 4519 et
3007 4466 3372 4532 orationibus,
3407 4469 3463 4524 in

1879 4565 2073 4607 somno
2119 4561 2177 4607 et
2214 4553 2467 4617 silentio,
2512 4553 2566 4607 in
2611 4554 2763 4609 horis
2807 4557 3273 4626 competentibus,
3311 4567 3362 4614 et
3407 4560 3464 4615 in

1881 4643 2187 4708 laboribus,
2233 4650 2290 4697 et
2328 4643 2384 4698 in
2423 4644 2672 4699 omnibus
2708 4646 2930 4701 omnino
2979 4645 3220 4715 ejusdem
3267 4650 3467 4720 regulae

1881 4737 2188 4809 praeceptis,
2240 4736 2485 4791 eamdem
2513 4736 2831 4806 magistram
2858 4752 3048 4794 omnes
3088 4740 3337 4795 monachi
3380 4756 3469 4798 se-

1886 4832 2123 4896 quantur
2151 4823 2423 4896 regulam,
2456 4825 2510 4879 id
2537 4835 2619 4881 est
2638 4866 2653 4891 ,
2685 4834 2742 4881 et
2780 4826 3012 4893 subditi,
3052 4836 3106 4883 et
3143 4828 3349 4898 praelati
3368 4871 3383 4897 ,
3412 4839 3469 4886 et

1883 4915 2163 4986 discipuli,
2204 4924 2259 4970 et
2296 4916 2578 4987 magistri,
2620 4925 2677 4972 et
2715 4918 3022 4988 praepositi,
3065 4929 3121 4974 et
3158 4921 3381 4989 decani,
3412 4933 3470 4980 et

1881 5022 2072 5063 omnes
2100 5006 2323 5062 omnino
2351 5006 2739 5064 ministeriales
2758 5049 2773 5075 ,
2807 5008 3029 5080 insuper
3059 5019 3115 5067 et
3144 5011 3258 5081 ipse
3297 5014 3466 5070 abbas

1881 5098 1936 5152 in
1965 5097 2247 5162 omnibus,
2279 5105 2542 5167 quantum
2572 5100 2713 5154 sicut
2738 5108 2795 5155 et
2821 5103 3004 5158 caueri
3036 5105 3317 5172 monachi,
3349 5121 3467 5160 ma-

1881 5187 2110 5258 gistram
2136 5194 2396 5256 sequatur
2424 5186 2689 5258 regulam.
2723 5187 2879 5244 Sicut
2908 5198 2964 5245 et
2993 5190 3245 5246 subditur
3269 5209 3285 5246 :

1956 5277 2142 5348 Neque
2181 5276 2246 5329 ab
2288 5292 2351 5331 ea
2390 5285 2581 5331 temere
2616 5277 2852 5332 devictur
2887 5296 2921 5333 α
2949 5296 3229 5352 quoquam.
3261 5280 3318 5336 ld
3344 5289 3461 5346 est,

1884 5366 1951 5420 ab
1981 5365 2096 5436 ipsa
2125 5364 2309 5434 regula
2340 5379 2441 5421 nec
2466 5380 2496 5419 a
2523 5366 2791 5436 praelatis,
2834 5382 3009 5438 neque
3050 5386 3081 5424 a
3124 5370 3355 5425 subditis
3385 5380 3467 5425 tc-

1882 5473 2034 5514 mere
2059 5457 2384 5523 decliuetur,
2414 5457 2471 5513 id
2500 5465 2585 5513 est
2613 5458 3014 5516 inconsiderate
3051 5461 3135 5515 vel
3178 5461 3466 5516 irrationa-

1880 5550 2083 5605 biliter.
2114 5548 2237 5604 ideo
2266 5557 2447 5604 autem
2478 5564 2585 5603 non
2614 5548 2751 5603 dixit
2779 5550 3046 5615 absolute,
3090 5549 3275 5620 Neque
3300 5550 3369 5605 ab
3396 5565 3464 5607 ea

1882 5640 2194 5700 declinetui"
2210 5659 2241 5698 a
2273 5657 2579 5714 quoquam,
2625 5644 2720 5700 sed
2758 5643 2995 5710 addidit,
3039 5654 3256 5709 temere,
3301 5652 3362 5701 ut
3404 5654 3466 5705 tu

3068 5742 3147 5803 21s
