3940 6424
430 269 537 323 ⁸747

1733 270 2007 327 SMARAG
2019 276 2080 329 Dl
2116 275 2406 330 ABBATIS

3599 284 3711 341 748

436 381 783 456 intelligercs,
810 384 857 439 si
883 383 1181 440 necessitas
1206 381 1592 454 postulaverit,
1621 390 1680 437 ut
1709 382 2011 439 declinetur
2040 397 2087 453 Α
2115 384 2165 438 id
2193 392 2279 439 est
2297 424 2310 449 ,
2340 387 2394 439 in
2423 386 2763 442 contumacia
2782 427 2797 455 ,
2828 388 2883 443 in
2907 388 3268 447 iuobedicntia
3288 433 3302 459 ,
3333 392 3386 449 in
3414 398 3696 465 superbia,

436 476 848 542 rationabiliter,
895 483 953 532 et
995 491 1118 531 cum
1157 476 1521 541 discretione,
1569 482 1626 531 et
1665 490 1789 531 cum
1820 491 2013 546 magna

434 564 673 631 cautela,
702 571 758 619 et
785 578 886 634 pro
912 564 1237 620 necessitate
1268 562 1381 619 ﬁat.

507 653 701 711 Nullus
741 655 798 709 in
833 655 1153 709 monasterio
1189 656 1389 726 proprii
1424 664 1673 727 sequatur
1708 657 1881 711 cordis
1922 673 2012 711 vo-

433 744 705 799 luntatem.
735 741 925 800 Omnis
951 744 1097 800 enim
1129 745 1222 815 qui
1253 753 1610 815 compunctus
1638 754 1696 800 et
1723 759 1754 799 a
1783 745 2013 801 Domino

432 836 630 892 missus
649 837 797 892 venit
824 836 892 891 ad
922 838 1330 904 monasterium,
1353 853 1460 893 non
1487 838 1691 907 proprii
1716 838 1897 894 cordis
1924 853 2013 893 ar-

430 927 626 992 bitrio,
656 928 755 983 sed
780 927 995 983 abbatis
1022 927 1105 983 sui
1131 968 1146 993 ,
1175 937 1231 983 et
1257 927 1470 983 Domini
1508 928 1621 982 vult
1660 928 1843 983 vivere
1882 943 2041 983 conm

432 1018 584 1085 sitio,
616 1026 672 1075 et
699 1034 808 1074 non
848 1020 934 1074 sui
958 1019 1139 1077 cordis
1169 1020 1349 1075 facere
1380 1020 1714 1077 voluntatem
1732 1062 1746 1089 ,
1776 1022 1873 1078 sed
1901 1022 2008 1077 Do-

430 1107 566 1162 mini
593 1116 650 1163 et
676 1108 887 1163 abbatis
909 1110 994 1163 sui
1018 1109 1131 1163 vult
1156 1110 1529 1180 obtemperare
1554 1111 1826 1167 mandatis
1845 1153 1861 1178 ,
1891 1126 2011 1168 cre-

431 1195 530 1252 bro
560 1195 628 1251 ad
654 1198 972 1253 memoriam
1011 1199 1275 1255 reducens
1319 1202 1644 1256 sententiam
1692 1201 1870 1269 illam,
1899 1216 2007 1274 qua

431 1286 629 1341 dicitur
654 1304 668 1340 :
700 1286 823 1342 Non
852 1288 965 1342 veni
991 1288 1164 1358 facere
1190 1288 1508 1346 voluntatem
1534 1308 1705 1347 meam
1725 1333 1741 1359 ,
1774 1294 1865 1348 sed
1891 1294 2007 1365 ejus

427 1379 517 1448 qui
545 1378 685 1433 misit
712 1394 795 1433 me
822 1377 1023 1451 (Joan.
1053 1395 1107 1435 Vl
1127 1380 1169 1452 ).
1200 1380 1340 1437 Sunt
1364 1383 1519 1437 multi
1548 1384 1801 1440 monachi
1826 1384 2007 1440 minus

428 1466 792 1540 intelligentes
813 1468 907 1538 qui
930 1468 1117 1524 dicunt
1145 1487 1158 1523 :
1186 1469 1396 1540 Proprii
1421 1471 1602 1528 cordis
1625 1473 1730 1528 mei
1755 1474 2006 1532 voluntas

426 1552 569 1610 bona
595 1563 712 1621 est,
740 1563 795 1611 et
820 1555 940 1611 ideo
965 1556 1084 1611 volo
1110 1558 1261 1630 sequi
1283 1573 1420 1613 eam.
1450 1558 1548 1615 Cui
1574 1563 2002 1631 respondendum

429 1650 550 1699 est:
583 1643 861 1715 Interroga
890 1646 1141 1701 abbatem
1186 1655 1371 1713 tuum,
1411 1657 1468 1703 et
1505 1650 1776 1720 spiritales
1804 1651 2004 1709 fratres

2117 476 2172 529 in
2202 475 2659 543 murmuratione,
2690 478 2747 532 in
2773 480 3138 549 detractione,
3169 492 3226 539 et
3264 484 3318 539 in
3346 488 3563 542 cmteris
3590 488 3701 543 bu~

2108 566 2343 634 jusmodi
2378 568 2522 624 vitiis
2549 570 2724 640 primo
2753 570 2870 626 fieri
2898 571 3091 640 debet,
3136 578 3435 633 secundum
3475 578 3695 638 Domini

2113 668 2464 729 praeceptum,
2496 660 2549 715 in
2578 661 2946 719 admonitione
2973 665 3161 734 semel,
3190 676 3248 723 et
3276 671 3514 727 secundo
3535 687 3567 727 a
3608 689 3702 730 se-

2113 748 2357 804 nioribus
2383 750 2439 804 in
2466 759 2695 807 secreto.
2728 751 2790 808 Si
2815 768 2922 809 non
2942 756 3344 828 emendaverit,
3374 744 3469 817 fiat
3494 764 3697 821 iterum

2112 836 2167 891 in
2206 838 2583 911 objurgatione
2620 844 2833 912 publica
2872 844 2992 901 loco
3031 848 3212 903 tertio.
3254 848 3312 905 Si
3348 866 3476 910 vero
3513 871 3697 928 neque

2110 925 2191 980 sic
2217 930 2551 995 correxerit,
2594 930 2687 986 ﬁat
2735 932 2792 987 in
2832 938 3410 998 excommunicationis
3450 925 3692 1005 vindicta

2112 1014 2168 1068 in
2197 1015 2317 1079 loco
2344 1028 2557 1088 quarto.
2591 1020 2686 1075 Sin
2714 1029 2895 1077 autem
2924 1024 2998 1078 ita
3029 1028 3293 1097 reprobus
3330 1041 3445 1100 est,
3486 1042 3546 1090 ut
3586 1052 3691 1096 nec

2110 1105 2189 1161 sic
2218 1108 2544 1179 corrigatur,
2574 1112 2849 1180 corporali
2880 1112 3130 1170 vindictae
3157 1118 3433 1189 subjaecat
3472 1123 3527 1178 in
3569 1127 3691 1183 vice

2107 1199 2316 1266 quinta.
2358 1199 2512 1266 Quod
2556 1201 2601 1255 si
2645 1215 2770 1257 etim
2819 1201 3088 1275 ﬂagellum
3132 1223 3240 1264 non
3280 1215 3686 1284 emendaverit,

2108 1287 2429 1345 adhibeatur
2456 1304 2556 1358 pro
2582 1304 2650 1345 eo
2676 1292 2851 1348 oratio
2878 1292 3110 1353 fratrum
3139 1299 3302 1355 etiam
3343 1303 3464 1358 vice
3505 1317 3685 1363 sexta.

2107 1374 2261 1442 Quod
2287 1376 2333 1430 si
2360 1391 2463 1433 nec
2488 1377 2716 1435 fratrum
2742 1381 2794 1435 ei
2822 1382 3088 1452 profuerit
3110 1390 3288 1446 oratio
3304 1431 3320 1458 ,
3353 1406 3385 1448 a
3422 1394 3687 1455 fratribus

2107 1464 2157 1519 ei
2201 1464 2429 1522 dolenda
2459 1471 2762 1539 separatio,
2790 1481 2847 1527 et
2874 1488 2906 1528 a
2935 1480 3266 1536 monasterio
3292 1482 3549 1542 damnosa
3581 1490 3684 1545 im-

2106 1555 2362 1625 pingatur
2408 1559 2651 1629 expulsio
2697 1562 2863 1617 etiam
2907 1566 3026 1622 vice
3068 1570 3316 1639 septima.
3374 1574 3489 1633 Hoc
3532 1581 3681 1635 enim

2106 1644 2266 1700 modo
2282 1684 2298 1712 ,
2325 1648 2567 1718 exceptis
2594 1651 2934 1720 gravioribus
2955 1655 3125 1727 culpis
3149 1668 3204 1714 et
3224 1661 3310 1719 his
3335 1678 3455 1733 qua:
3478 1681 3510 1721 a
3537 1668 3683 1727 bono

428 1734 495 1789 de
531 1748 620 1801 ea,
661 1736 786 1805 quia
825 1736 1084 1807 scriptum
1130 1746 1256 1793 est:
1288 1738 1478 1794 Omnia
1523 1740 1609 1809 fac
1636 1759 1755 1797 cum
1783 1745 2000 1802 consilio
2028 1747 2079 1807 B
2104 1734 2487 1831 ειωιὶιιάξαὶια
2512 1738 2839 1811 Benedicto,
2881 1746 3058 1803 omnis
3095 1752 3358 1824 regularis
3395 1756 3682 1831 disciplina

422 1821 807 1895 (Eccliaxxn).
827 1824 951 1883 Etsi
981 1827 1126 1882 illam
1148 1829 1513 1899 iudicaverint
1540 1840 1596 1887 et
1623 1836 2000 1892 consenserint

420 1927 541 1969 esse
568 1914 764 1970 bonam
786 1956 802 1983 ,
833 1916 919 1972 fac
947 1917 1092 1973 illam
1110 1959 1125 1985 ,
1154 1920 1282 1989 quia
1305 1920 1417 1991 jam
1454 1936 1560 1977 non
1589 1923 1765 1979 solum
1791 1927 1998 1996 proprii

420 2005 499 2060 tui
526 2006 707 2062 cordis
724 2046 740 2073 ,
768 2006 861 2063 sed
886 2008 1138 2064 omnibus
1160 2011 1627 2069 consentientibus
1649 2024 1734 2069 est
1758 2030 1998 2071 commu-

417 2094 525 2150 nis.
554 2094 650 2149 Sin
674 2103 856 2151 autem
882 2112 990 2153 non
1014 2099 1388 2154 consenserint
1414 2108 1469 2154 et
1495 2115 1615 2155 eam
1644 2101 1846 2157 bonam
1875 2118 1994 2159 esse

416 2197 523 2237 non
551 2185 996 2254 approbaverint,
1025 2187 1231 2257 proprii
1261 2187 1442 2244 cordis
1469 2189 1547 2245 tui
1573 2204 1694 2245 eam
1735 2205 1857 2247 esse
1902 2208 1995 2249 co-

416 2286 634 2342 gnosce.
677 2273 746 2328 Et
788 2274 836 2329 si
877 2275 959 2330 vis
1003 2274 1184 2332 salvus
1224 2268 1376 2343 fieri,
1407 2277 1474 2332 ab
1508 2292 1573 2334 ea
1610 2280 1767 2350 quasi
1793 2295 1825 2335 a
1854 2280 1993 2338 facie

418 2364 623 2419 colubri
650 2365 791 2437 fuge.

486 2452 669 2524 Neque
709 2465 992 2526 praesumat
1034 2459 1307 2528 quisquam
1347 2474 1464 2512 cum
1503 2459 1689 2518 abbate
1730 2479 1825 2518 suo
1869 2480 1991 2535 pro-

413 2551 550 2597 terve
577 2545 718 2599 intus
745 2544 826 2598 vel
854 2545 987 2615 foris
1016 2549 1331 2602 monasterio
1361 2550 1686 2606 contendere.
1727 2551 1989 2612 Proterve

413 2632 737 2689 contendere
761 2642 847 2691 est
866 2637 1116 2707 superbe,
1139 2643 1549 2707 contumaciter,
1593 2645 1877 2701 temerarie
1903 2647 1989 2702 vel

410 2724 813 2794 prmsumptive.
855 2724 1027 2795 Quam
1070 2728 1467 2785 contentionem
1511 2746 1612 2787 nec
1659 2732 1828 2789 frater
1863 2750 1986 2791 cum

412 2809 583 2864 fratre
599 2848 615 2875 ,
643 2825 746 2866 nec
768 2813 1065 2869 monachus
1088 2829 1212 2869 cum
1237 2815 1433 2872 abbate
1455 2832 1554 2873 suo
1576 2819 1737 2876 debet
1762 2821 1983 2880 habere.

419 2899 527 2955 Sed
552 2902 831 2958 sciendum
859 2912 945 2960 est
974 2906 1131 2975 quia,
1157 2921 1282 2962 cum
1310 2910 1710 2967 contentionem
1739 2927 1863 2971 cum
1893 2914 1988 2971 ad-

413 2988 731 3057 ditamento,
774 3001 1040 3062 proterve,
1069 2995 1266 3063 vetuit,
1307 2996 1539 3052 amicam
1577 2997 1661 3055 vel
1703 3000 1985 3071 pacilicam

2102 1826 2448 1894 cognoscitur
2472 1841 2595 1884 esse
2621 1834 2939 1903 composita.

2167 1911 2290 1981 Ipse
2318 1922 2493 1969 tamen
2538 1916 2700 1973 abbas
2737 1937 2856 1975 cum
2898 1925 3084 1981 timore
3113 1927 3213 1984 Dei
3242 1942 3292 1986 et
3316 1935 3679 1999 observatione

2097 2000 2290 2102 regular
2320 2005 2499 2102 omnia
2766 2010 2902 2102 Cum
2939 2014 3134 2072 timore
3168 2019 3262 2076 Dei
3297 2026 3478 2082 omnia
3513 2044 3678 2102 agere

2095 2089 2253 2146 debet
2285 2092 2483 2159 abbas,
2525 2097 2652 2165 quia
2689 2100 2950 2171 scriptum
2983 2115 3106 2162 est:
3150 2108 3256 2175 Qui
3281 2114 3463 2171 timent
3488 2089 3678 2177 Blimi-

2093 2197 2258 2280 mtm,
2275 2188 2657 2280 prmparabunt
2693 2194 2856 2249 corda
2890 2212 3019 2266 sua,
3048 2210 3097 2254 et
3134 2202 3191 2257 in
3227 2220 3501 2280 conspectu
3526 2210 3674 2271 illius

2089 2273 2490 2342 sunctiﬁcabunt
2517 2279 2724 2336 animus
2748 2300 2872 2339 suas
2890 2327 2904 2353 ,
2934 2296 2984 2341 et
3007 2273 3489 2368 replebantur'pace
3512 2311 3560 2356 et
3584 2319 3676 2358 sa-

2089 2361 2213 2455 lutis
2239 2365 2418 2453 [ructu
2443 2369 2693 2441 (Ecclial
2709 2373 2749 2446 ).
2778 2374 2846 2431 Et
2870 2383 3166 2437 notandum
3189 2387 3318 2455 quia
3343 2361 3466 2445 cum
3492 2392 3675 2449 obser-

2088 2453 2305 2549 vatione
2332 2457 2530 2527 regulae
2558 2462 2739 2517 omnia
2769 2478 2934 2534 agere
2972 2453 3482 2533 mandatﬁabbatem
3502 2519 3519 2547 ,
3562 2497 3632 2537 ne
3650 2522 3668 2549 ,

2087 2543 2360 2644 cumculiis
2387 2546 2560 2644 ipsam
2589 2552 2844 2644 regulam!
2860 2556 3186 2627 implendam
3224 2543 3517 2636 praedicat,
3550 2543 3669 2644 ipse

2087 2645 2194 2686 non
2224 2631 2496 2703 implendo
2520 2650 2640 2692 eam
2670 2642 2934 2709 reprobus
2960 2645 3094 2714 fiat;
3123 2656 3179 2704 et
3206 2631 3276 2707 ne
3304 2631 3541 2725 aliquam
3567 2631 3669 2715 ex-

2088 2722 2424 2820 cusatiouem
2467 2726 2522 2780 in
2544 2743 2669 2820 non
2690 2731 2983 2820 implendo
3009 2751 3130 2792 eam
3159 2740 3330 2798 abbas
3357 2722 3441 2800 vel
3467 2748 3669 2820 aliquis

2086 2810 2341 2878 praelatus
2377 2813 2654 2882 inveniat,
2685 2818 2741 2873 in
2781 2820 2885 2876 hoc
2924 2824 3160 2893 capitulo
3188 2828 3363 2900 legat,
3392 2841 3449 2887 et
3477 2810 3667 2907 aperte

2086 2899 2327 2958 inveniet
2354 2905 2481 2973 quia
2507 2915 2566 2962 ut
2591 2910 2841 2967 subditus
2867 2916 3187 2985 monachus,
3219 2899 3297 2975 ita
3325 2931 3382 2978 et
3405 2899 3664 2985 observa-

2087 2991 2233 3047 tione
2260 2995 2461 3064 regulze
2486 3000 2881 3073 constringitur
2907 3004 3075 3062 abbas
3100 3017 3157 3064 et
3181 3013 3359 3069 omnis
3384 3016 3660 3086 pnelatus.
3692 3044 3698 3049 -

404 3080 803 3136 contentionem
829 3084 1115 3139 concessit.
1144 3084 1241 3139 Est
1263 3085 1408 3140 enim
1433 3087 1608 3144 amica
1633 3089 1980 3162 proﬁcuaque
2006 3087 2053 3152 C
2100 3152 2106 3158 ,
2154 3084 2335 3143 δείεηε
2377 3105 2433 3144 δε
2474 3091 2658 3161 Procul
2702 3094 2860 3150 άιώίο
2904 3097 2971 3152 ἀι
3006 3102 3248 3158 omnibus
3280 3080 3506 3175 judiciis
3549 3113 3662 3169 suis

407 3172 719 3239 contentio,
745 3187 865 3243 qua:
892 3174 1203 3245 frequenter
1242 3177 1385 3234 inter
1420 3178 1557 3236 duos
1594 3180 1844 3239 homines
1881 3198 1981 3254 pro

401 3259 662 3329 qualitate
686 3260 1095 3320 intervenientis
1134 3280 1313 3321 causa:
1349 3265 1619 3325 efﬁcitur:
1659 3269 1803 3327 sicut
1839 3260 1982 3327 inter

399 3346 619 3402 beatum
648 3348 997 3406 Benedictum
1022 3360 1079 3407 et
1107 3351 1357 3408 Maurum
1385 3351 1503 3423 eius
1529 3355 1853 3428 discipulum
1879 3373 1980 3428 pro

399 3458 568 3512 puero
596 3443 815 3500 Placido
841 3445 1111 3515 quondam
1138 3445 1310 3504 fuisse
1334 3447 1549 3519 legitur.
1581 3448 1807 3506 Dicebat
1832 3451 1978 3506 enim

397 3534 591 3590 beatus
617 3534 941 3591 Benedictus
964 3538 1109 3608 quod
1135 3538 1389 3594 meritum
1419 3548 1565 3596 esset
1588 3541 1836 3611 discipuli
1861 3543 1977 3614 ejus

399 3624 573 3682 Mauri
600 3629 745 3698 quod
774 3628 844 3684 ad
867 3628 1202 3699 eripiendum
1227 3631 1293 3687 de
1317 3630 1537 3687 ﬂumine
1563 3648 1789 3704 puerum
1815 3636 1976 3706 super

397 3728 593 3784 aquam
620 3716 845 3788 pedibus
869 3718 1184 3774 ambulavit.
1214 3720 1280 3774 Et
1301 3735 1334 3778 e
1358 3725 1578 3794 regione
1601 3723 1822 3783 Maurus
1845 3742 1974 3782 con-

397 3808 624 3863 tendens
661 3808 884 3864 dicebat
928 3823 1033 3865 non
1077 3824 1269 3878 suum,
1310 3813 1404 3868 sed
1445 3814 1690 3886 magistri
1728 3817 1811 3871 sui
1851 3832 1973 3875 esse

395 3896 687 3967 meritum,
735 3897 876 3967 quod
916 3912 1078 3969 super
1119 3886 1287 3973 aquas
1324 3902 1609 3958 ambulans
1647 3905 1714 3960 de
1753 3904 1971 3967 [lumine

395 3989 620 4044 illaesum
648 3990 846 4061 eripuit
875 4006 1122 4062 puerum.
1151 3994 1323 4062 Quam
1349 3996 1579 4052 amicam
1605 4002 1970 4061 contentionis

392 4081 622 4135 formam
650 4079 783 4138 foris
811 4096 930 4138 esse
970 4084 1173 4152 vetuit,
1217 4086 1363 4141 intus
1402 4087 1521 4144 sine
1560 4090 1753 4158 dubio,
1793 4092 1841 4148 si
1880 4107 1969 4148 res

384 4173 532 4247 justa
559 4174 755 4246 exigit,
787 4174 904 4230 ﬁeri
930 4190 1039 4231 non
1068 4177 1368 4247 prohibuit.
1401 4180 1558 4238 Foris
1582 4184 1730 4238 enim
1756 4184 1841 4240 vel
1869 4185 1968 4240 ali-

390 4264 514 4319 cubi
553 4273 863 4335 protervam
904 4267 1307 4323 contentionem
1350 4269 1657 4338 damnavit,
1697 4273 1843 4328 intus
1871 4288 1967 4328 au-

390 4360 531 4421 tem,
575 4354 938 4411 accusationis
979 4357 1062 4411 sui
1104 4372 1300 4426 causa,
1332 4370 1425 4415 aut
1457 4377 1558 4431 pro
1597 4362 1831 4418 utilitate
1858 4363 1959 4418 ali-

2081 3177 2379 3247 wquissimo
2424 3181 2602 3250 judici
2651 3181 2763 3239 Deo
2820 3187 3078 3244 rationem
3135 3193 3484 3252 redditurum.
3540 3199 3660 3272 Ipse

2079 3268 2224 3324 enim
2252 3270 2512 3330 Dominus
2547 3275 2821 3346 judicibus
2860 3279 2939 3334 ait
2971 3298 2985 3334 :
3025 3280 3099 3338 In
3133 3301 3237 3356 quo
3266 3287 3477 3356 judicio
3503 3268 3662 3362 judi-

2078 3362 2352 3430 caveritis,
2388 3365 2765 3435 judicabimini
2809 3369 3040 3442 (Matth.
3079 3397 3155 3438 vn
3183 3379 3227 3447 ).
3272 3378 3343 3433 Et
3384 3381 3507 3438 ideo
3536 3384 3660 3441 dili-

2076 3451 2391 3519 gentissime
2417 3456 2698 3525 attendere
2721 3459 2881 3517 debet
2904 3464 3074 3521 abbas
3088 3505 3104 3534 ,
3135 3474 3195 3523 ut
3221 3470 3366 3539 quid
3408 3472 3509 3529 sibi
3547 3491 3659 3532 non

2075 3540 2191 3629 vult
2234 3540 2386 3610 fieri,
2431 3545 2523 3600 alii
2564 3561 2635 3602 ne
2684 3547 2877 3617 faciat,
2923 3553 3053 3623 quia
3098 3558 3243 3626 apud
3284 3561 3655 3629 aequissimum

2067 3628 2308 3723 iudicem
2335 3633 2446 3690 Deo
2472 3636 2743 3694 rationem
2768 3641 3112 3711 redditurus,
3140 3628 3403 3718 quidquid
3429 3652 3487 3707 iu
3514 3668 3656 3723 pra:-

2072 3720 2213 3777 senti
2243 3723 2354 3778 vita
2380 3740 2546 3796 agens
2566 3729 2949 3800 seminaverit,
2970 3732 3087 3790 haec
3105 3737 3238 3792 etin
3260 3737 3443 3795 futuro
3459 3720 3653 3812 procul

2072 3812 2236 3868 dubio
2274 3822 2460 3870 metet.
2504 3815 2656 3873 Hanc
2695 3820 2843 3876 enim
2880 3826 3211 3881 sententiam
3248 3828 3370 3885 ideo
3397 3833 3654 3897 cordibus

2070 3902 2274 3959 nostris
2300 3904 2546 3961 scribens
2570 3906 2763 3963 beatus
2786 3908 3112 3970 Benedictus
3133 3913 3451 3986 frequenter
3476 3920 3652 3977 incul-

2068 3999 2156 4046 cat
2171 4036 2187 4059 ,
2217 4006 2286 4046 ne
2316 4009 2349 4049 a
2378 3995 2534 4051 nobis
2564 3997 2620 4051 in
2649 3998 2977 4056 oblivionem
3005 4005 3183 4073 posita
3211 4007 3439 4065 ducantr
3464 4013 3651 4084 negler
3744 4014 3761 4029 ”

2066 4091 2152 4136 cta
2169 4121 2185 4147 ,
2215 4082 2310 4137 sed
2335 4083 2515 4153 potius
2544 4094 2793 4142 teneatur
2818 4094 2982 4159 atque
3001 4090 3278 4162 judicetur
3301 4082 3599 4156 tremenda.

2135 4173 2198 4230 Si
2221 4191 2324 4246 qua
2345 4192 2465 4231 vero
2489 4178 2696 4233 minora
2720 4182 2924 4249 agenda
2947 4192 3070 4238 sunt
3088 4185 3145 4239 in
3172 4190 3479 4244 monasterii
3498 4191 3648 4246 utili-

2064 4262 2258 4318 tatibus
2275 4303 2291 4330 ,
2318 4265 2585 4321 seniorum
2615 4277 2821 4323 tantum
2847 4280 3029 4326 utatur
3054 4274 3305 4343 consilio,
3335 4279 3471 4333 sicut
3509 4283 3645 4339 scri-

2062 4362 2208 4423 ptum
2251 4366 2366 4410 est:
2413 4354 2604 4413 Omnia
2645 4361 2732 4429 [ac
2770 4378 2890 4416 cum
2932 4364 3183 4433 consilio,
3211 4377 3260 4422 et
3282 4380 3398 4438 post
3438 4371 3640 4441 factum

388 4457 527 4512 qua,
579 4443 806 4499 amicam
857 4458 976 4500 esse
1023 4449 1445 4516 contentionem,
1499 4459 1559 4505 ut
1607 4452 1924 4521 pradictum
1982 4451 2037 4511 D
2062 4460 2165 4499 non
2199 4449 2463 4518 pamitebis
2495 4450 2701 4522 (Eccli.
2730 4469 2882 4509 XXXII
2988 4455 3179 4528 Magna
3209 4461 3407 4515 etenim
3436 4477 3527 4519 res
3555 4475 3642 4520 est

386 4542 499 4601 est,
548 4533 666 4588 fieri
713 4548 822 4589 non
870 4535 1061 4591 vetuit.
1110 4536 1268 4594 Foris
1313 4555 1413 4594 nec
1461 4548 1806 4610 protervam,
1859 4558 1961 4599 nec

384 4625 612 4682 amicam
642 4627 949 4696 concessit;
981 4630 1108 4700 quia
1153 4632 1200 4686 si
1241 4632 1295 4685 in
1325 4632 1539 4702 publico
1578 4633 1743 4687 etiam
1782 4635 1957 4690 amica

384 4716 657 4774 contentio
706 4715 801 4773 fiat
826 4756 840 4782 ,
889 4719 1151 4790 magistro
1206 4720 1331 4775 inde
1382 4721 1575 4777 nociva
1631 4732 1716 4777 est
1765 4723 1958 4794 despe-

383 4806 521 4872 ctio,
563 4813 633 4865 et.
661 4806 922 4876 discipulo
962 4806 1239 4863 mortifera
1282 4807 1525 4861 nascitur
1569 4808 1750 4864 elatio.
1807 4811 1957 4871 Unde

382 4906 436 4950 ct
462 4897 650 4952 beatus
693 4896 1016 4953 Benedictus
1060 4911 1183 4951 cum
1220 4897 1447 4952 dixisset
1481 4915 1494 4950 :
1523 4897 1703 4971 Neque
1745 4918 1952 4973 prtem-

381 4996 487 5061 mat
531 4988 805 5059 quisquam
849 5002 969 5041 cum
1011 4985 1195 5040 abbate
1222 5003 1317 5040 suo
1340 4988 1571 5057 protcrve
1592 5028 1608 5057 ,
1639 5006 1746 5046 non
1773 4992 1910 5049 dixit
1934 5035 1950 5064 ,

382 5082 523 5153 intus
551 5091 641 5137 aut
669 5082 803 5152 [oris
821 5119 837 5146 ,
866 5080 1009 5137 sicut
1031 5079 1195 5148 aliqui
1227 5082 1441 5136 codices
1470 5082 1698 5153 habent,
1725 5087 1819 5143 sed
1846 5088 1953 5145 sic-

381 5181 442 5226 ut
487 5174 541 5229 in
600 5173 723 5240 illo,
768 5186 931 5243 quem
977 5171 1226 5226 manibus
1271 5172 1384 5228 suis
1424 5175 1670 5245 scripsit,
1718 5191 1953 5249 proterve

378 5267 519 5323 intus
557 5276 649 5324 aut
689 5265 819 5335 [oris
847 5266 1218 5321 monasterium
1248 5270 1529 5338 reperitur.
1568 5270 1717 5328 Unde
1747 5274 1945 5329 intelli-

380 5356 526 5426 gitur
551 5355 680 5429 quia
709 5354 843 5412 foris
869 5355 1072 5417 nullam
1089 5394 1106 5422 ,
1129 5356 1275 5415 intus
1300 5367 1480 5413 autem
1506 5374 1629 5415 esse
1653 5363 1957 5419 contentio.

383 5463 505 5503 nem
533 5447 786 5520 permisit
814 5446 1070 5503 amicam.
1592 5508 1597 5511 λ

452 5539 604 5606 Quod
643 5538 689 5593 si
727 5539 1115 5610 prwsumpserit
1136 5577 1153 5605 ,
1182 5537 1413 5610 regulari
1441 5538 1735 5610 disciplina:
1772 5542 1958 5614 subju-

381 5643 509 5689 ccat.
542 5632 825 5704 ltegularis
851 5633 997 5689 enim
1023 5633 1306 5703 disciplina
1334 5632 1390 5687 in
1418 5630 1755 5701 spiritalibus
1781 5636 1949 5710 vitiis,

2066 4540 2381 4607 consilium,
2420 4550 2476 4596 et
2513 4542 2797 4601 abbatibus
2835 4546 2988 4603 valde
3033 4554 3531 4620 peruecessarium,
3581 4566 3639 4613 et

2063 4643 2171 4685 non
2198 4632 2693 4702 parvipendendum
2709 4675 2724 4701 ,
2749 4637 2844 4692 sed
2872 4652 3037 4709 super
3059 4655 3253 4695 aurum
3274 4652 3329 4697 et
3352 4655 3637 4715 argentum

2062 4723 2534 4790 constituendum;
2566 4734 2619 4780 et
2646 4727 2749 4783 hoc
2779 4729 2955 4799 ipsum
2981 4730 3164 4785 divina
3192 4735 3456 4803 approbat
3484 4734 3635 4793 Scri-

2059 4820 2219 4881 ptura
2265 4814 2495 4871 dicens:
2535 4815 2739 4871 Aurum
2788 4829 2836 4875 et
2882 4831 3159 4891 argentum
3203 4833 3281 4877 est
3325 4827 3632 4882 constitutio

2058 4909 2248 4978 pedum
2267 4949 2283 4977 ,
2331 4919 2379 4963 et
2427 4925 2583 4980 super
2628 4920 2902 4983 utrumque
2940 4913 3213 4969 consilium
3251 4915 3631 4987 bencplacitum

2059 4999 2270 5074 (Eccli.
2303 5017 2371 5057 ιι,
2395 5001 2439 5073 ).
2493 5001 2728 5059 Scientia
2770 5006 3021 5077 sapientis
3060 5016 3313 5079 tanquam
3352 5010 3633 5067 inundatio

2057 5095 2372 5162 abundabit,
2418 5106 2467 5152 et
2510 5098 2785 5153 comitium
2827 5099 2975 5156 illius
3015 5101 3148 5156 sicut
3191 5101 3310 5172 fons
3352 5104 3471 5159 vita
3513 5120 3633 5175 per-

2057 5196 2227 5241 manet
2263 5184 2470 5259 (Eccli.
2502 5204 2593 5243 xx:
2617 5188 2660 5260 ).

2663 5278 2889 5338 CAPUT
2924 5281 3015 5337 Ν.

2255 5368 2388 5435 Qum
2412 5370 2514 5425 sint
2540 5372 2886 5428 instrumenta
2913 5373 3167 5429 bonorum
3197 5391 3429 5446 operum.

2122 5455 2277 5514 Sicut
2317 5468 2445 5515 sunt
2487 5459 2768 5516 fabrorum
2808 5462 2893 5517 vel
2922 5463 3150 5518 aliorum
3186 5464 3456 5520 artificum
3498 5475 3627 5537 apta

2049 5561 2106 5608 et
2143 5553 2374 5623 plurima
2420 5554 2780 5609 instrumenta
2827 5556 2895 5611 ad
2936 5556 3148 5612 illorum
3187 5571 3353 5627 opera
3399 5559 3624 5615 concin-

2048 5644 2258 5712 nanda,
2301 5644 2376 5700 ita
2422 5654 2547 5701 sunt
2579 5654 2633 5703 ct
2664 5645 2927 5703 bonorum
2972 5649 3367 5707 monachorum
3407 5660 3532 5722 apta
3569 5659 3627 5708 et
