3940 6412
209 249 316 306 749

1249 246 1606 302 COMMENT.
1651 245 1716 300 IN
1767 244 1922 300 ΠΕΟ.
1969 244 2026 301 S.
2066 245 2446 301 BENEDICTL

3372 253 3475 308 750

207 363 574 441 spiritualium
599 361 891 417 multarum
914 361 1175 440 virtutum
1198 362 1574 428 instrumenta,
1600 363 1796 432 quibus
1823 369 1873 429 Α
1897 361 2032 414 sicut
2063 360 2281 428 teipsum
2328 359 2528 430 (Galat.
2555 361 2629 430 v).
2659 359 2726 416 Et
2751 359 2985 419 Joannes
3017 364 3129 420 ait:
3165 365 3270 432 Qui
3305 368 3480 442 diligit

207 471 268 519 et
310 461 366 516 in
407 457 664 530 praesenti
693 456 917 526 pulchre
960 464 1016 509 et
1050 456 1344 510 secundum
1385 456 1557 511 Deum
1601 471 1790 511 eorum

208 549 555 622 componitur
581 548 714 613 vita,
743 554 799 602 et
825 545 1016 600 eadem
1047 547 1343 616 composita
1371 547 1426 600 in
1457 544 1640 601 futuro
1668 561 1794 601 cum

211 643 429 700 Christo
451 638 682 695 feliciter
699 645 944 708 regnant.
971 635 1080 691 Has
1103 636 1302 692 etenim
1327 637 1574 702 virtutes,
1598 635 1794 706 quibus

209 712 478 792 imperum
529 729 918 785 monachorum
963 734 1112 784 caste
1160 728 1504 799 componitur
1545 729 1701 794 ordo,
1737 728 1793 782 in

210 831 317 886 hoc
343 827 537 882 beatus
565 821 890 879 Benedictus
923 819 1214 876 ordinatim
1244 835 1448 891 ponere
1492 819 1660 877 voluit
1698 835 1792 876 ca-

209 917 405 990 pitulo,
433 923 494 970 ut
519 913 606 970 his
643 920 868 968 ornatus
897 909 1196 966 monachus
1239 910 1472 974 incedat,
1501 918 1559 966 et
1585 910 1669 967 his
1703 910 1795 966 lir-

211 1016 391 1064 matus
424 1007 638 1062 hostem
667 1002 883 1059 fortiter
908 999 1094 1066 feriat,
1124 1009 1455 1058 tentamenta
1481 1002 1667 1058 saeculi
1693 1003 1795 1058 hu-

209 1098 294 1168 ius
320 1096 502 1154 omnia
528 1095 727 1158 vincat,
756 1101 812 1149 et
837 1107 898 1150 se
921 1100 1234 1149 sanctorum
1255 1100 1310 1147 et
1334 1092 1647 1163 angelorum
1676 1107 1794 1148 om-

209 1191 362 1245 nium
399 1187 651 1244 societati
679 1185 992 1257 coniungat.
1031 1185 1107 1240 De
1145 1199 1374 1254 quarum
1412 1186 1656 1242 omnium
1682 1185 1795 1241 vir-

212 1286 386 1332 tutum
413 1275 571 1332 laude
594 1285 650 1330 et
671 1289 790 1341 nos,
811 1274 869 1330 in
891 1282 1154 1346 quantum
1181 1272 1443 1330 Dominus
1463 1277 1790 1346 permiserit,

211 1367 532 1423 conabimur
556 1367 759 1424 dicere.

283 1456 527 1514 Primum
555 1459 979 1514 instrumentum.
1004 1455 1072 1511 In
1096 1457 1279 1528 primis
1306 1457 1588 1513 Dominum
1627 1457 1793 1513 Deum

209 1547 429 1621 diligere
450 1564 514 1602 ea:
555 1559 663 1606 toto
689 1547 864 1613 corde,
895 1555 1005 1602 tota
1039 1548 1240 1612 anima,
1273 1556 1384 1602 tota
1411 1548 1596 1602 virtute
1637 1547 1790 1618 (Luc.

211 1639 289 1710 ι).
316 1639 445 1696 Haec
471 1639 617 1695 enim
647 1637 829 1710 regula
868 1637 1170 1692 dilectionis
1200 1639 1272 1692 ita
1303 1638 1564 1692 divinitus
1591 1638 1795 1693 consti-

1894 453 2211 523 proximum,
2239 453 2296 505 in
2323 451 2520 507 lumine
2547 462 2742 520 manet,
2788 463 2838 508 et
2865 457 3176 512 scandalum
3200 459 3256 513 in
3280 477 3342 514 eo
3371 480 3477 519 non

1895 553 1990 599 est.
2018 541 2122 609 Qui
2151 543 2278 598 dicit
2305 560 2360 598 se
2393 544 2446 598 in
2473 543 2586 599 luce
2611 561 2741 610 esse,
2765 556 2814 601 et
2841 546 3057 616 fratrem
3078 567 3232 606 suam
3256 553 3388 620 odit,
3419 556 3477 610 in

1894 636 2118 690 tenebris
2152 644 2226 690 est
2270 652 2432 706 usque
2477 637 2650 691 adhuc
2679 637 2743 709 (I
2771 637 2934 694 Joan.
2968 643 3063 712 ιι).
3104 643 3288 715 Neque
3330 648 3478 702 enim

1893 733 2239 796 peccatorum
2269 725 2523 780 tenebras
2562 740 2762 783 exuere
2788 731 2964 798 potuit
2987 731 3081 802 qui
3111 733 3320 790 viscera
3347 738 3481 792 cha-

1896 815 2075 872 ritatis
2099 816 2323 872 induere
2351 831 2458 872 non
2482 818 2714 872 curavit.
2738 819 2964 876 Dilectio
2984 837 3114 894 ergo
3138 826 3251 880 sola
3277 827 3478 882 discer-

1887 905 1978 967 nit
2023 906 2167 961 inter
2202 904 2347 961 ﬁlios
2393 905 2492 962 Dei
2527 916 2584 961 et
2621 907 2762 964 ﬁlios
2801 910 3022 966 diaboli.
3055 911 3207 970 Sicut
3237 914 3477 974 Joannes

1895 997 2170 1068 apostolus
2209 996 2326 1052 ait:
2359 997 2428 1053 In
2473 999 2571 1054 hoc
2605 1001 2745 1056 enim
2790 1003 3057 1074 manifesti
3084 1016 3207 1059 sunt
3232 1007 3336 1076 ﬁlii
3380 1007 3478 1062 Dei

1895 1097 1944 1141 st
1975 1087 2076 1157 ﬁlii
2103 1086 2301 1142 diaboli
2329 1087 2382 1160 (1
2403 1086 2566 1144 Joan.
2609 1092 2716 1162 ιιι).
2761 1089 2971 1159 Omnis,
3003 1094 3209 1164 inquit,
3241 1096 3332 1165 qui
3363 1111 3474 1152 non

1895 1186 1979 1234 est
2004 1179 2203 1248 justus,
2227 1187 2284 1234 et
2311 1179 2403 1248 qui
2433 1195 2539 1234 non
2583 1180 2758 1251 diligit
2788 1181 3010 1237 li‘atrem
3040 1199 3220 1251 suum,
3256 1203 3363 1243 non
3393 1197 3479 1244 est

1894 1282 1964 1322 ex
1992 1268 2122 1324 Deo.
2162 1267 2265 1336 Qui
2308 1267 2511 1324 habent
2536 1270 2858 1326 claritatem
2901 1273 3014 1327 nati
3062 1285 3190 1330 sunt
3227 1291 3294 1330 ex
3338 1277 3472 1334 Deo.

1895 1359 2166 1430 Quidquid
2193 1361 2276 1415 vis
2303 1361 2526 1427 habere,
2557 1362 2694 1417 habe
2721 1381 2734 1417 :
2765 1364 2869 1420 hoc
2907 1365 3082 1420 solum
3117 1383 3223 1422 non
3248 1369 3471 1436 habeas,

1894 1451 2030 1506 nihil
2061 1452 2159 1507 tibi
2188 1453 2427 1523 prodest.
2469 1453 2590 1509 Alia
2637 1455 2684 1511 si
2725 1471 2832 1512 non
2881 1455 3068 1525 habes,
3096 1459 3201 1516 hoc
3229 1461 3388 1527 habe,
3417 1471 3476 1518 et

1893 1545 2130 1614 implesti
2170 1545 2363 1617 legem.
2390 1545 2493 1613 Qui
2522 1547 2667 1604 enim
2696 1548 2872 1620 diligit
2895 1550 3147 1618 alterum,
3176 1553 3346 1624 legem
3375 1555 3477 1609 im-

1893 1635 2079 1707 plevit.
2125 1635 2230 1704 Qui
2257 1652 2364 1691 non
2397 1636 2592 1707 diligit,
2623 1648 2807 1692 manet
2844 1639 2900 1694 in
2945 1649 3140 1696 morte.
3170 1641 3304 1698 item
3333 1643 3478 1698 idem

209 1742 327 1788 tuta
358 1741 462 1798 est,
489 1741 549 1787 ut
575 1746 762 1788 omnes
791 1730 1161 1802 cogitationes,
1190 1736 1244 1785 et
1269 1745 1486 1785 omnem
1521 1729 1707 1793 vitam,
1737 1739 1796 1786 et
1823 1733 1868 1792 Β
1897 1727 2173 1798 apostolus
2199 1727 2276 1782 ait
2309 1745 2324 1781 :
2355 1725 2664 1782 Charissimi
2684 1769 2700 1794 ,
2739 1728 3020 1799 diligamus
3066 1731 3283 1786 invicem
3305 1747 3324 1787 :
3349 1750 3484 1804 quo-

207 1838 430 1878 omnem
462 1819 787 1876 intellectum
820 1819 873 1874 iu
905 1818 996 1874 illo
1033 1818 1305 1884 conteras,
1335 1834 1367 1873 a
1394 1832 1502 1888 quo
1530 1819 1697 1873 habes
1724 1832 1789 1872 ea

212 1913 328 1986 ipse
356 1927 478 1983 qua:
500 1909 734 1967 confers.
765 1909 898 1964 Cum
927 1916 1108 1963 autem
1135 1923 1202 1963 ex
1243 1916 1356 1964 toto
1385 1908 1568 1974 corde,
1595 1916 1651 1961 et
1677 1916 1790 1963 tota

206 2004 414 2068 anima,
441 2010 497 2057 et
537 2010 648 2056 tota
677 2002 876 2055 virtute
911 1998 1081 2053 Deum
1119 1997 1274 2068 jubet
1316 1999 1558 2070 diligere,
1587 1997 1790 2052 nullam

213 2093 336 2148 vitae
369 2099 567 2147 nostra:
595 2098 802 2161 partem
825 2087 1048 2159 reliquit
1065 2103 1186 2159 quae
1207 2103 1402 2144 vacare
1427 2089 1621 2144 debeat
1653 2103 1682 2142 a
1711 2088 1790 2143 di-

214 2181 445 2240 lectione
471 2181 587 2234 Dei.
612 2180 691 2235 Ex
730 2193 793 2234 ea
827 2179 975 2234 enim
1005 2187 1158 2250 parte
1185 2179 1306 2250 quis
1345 2188 1556 2251 peccat,
1582 2195 1648 2235 ex
1683 2195 1789 2249 qua

209 2273 392 2328 ntinus
425 2271 598 2342 diligit
629 2271 814 2326 Deum.
859 2270 1030 2336 Quem
1059 2271 1105 2326 si
1149 2286 1217 2326 es
1258 2279 1374 2328 toto
1407 2273 1568 2328 corde
1597 2271 1790 2343 diliga-

215 2383 354 2430 mus,
385 2365 519 2420 nihil
546 2365 650 2420 erit
683 2363 736 2418 in
775 2363 933 2424 nobis
959 2363 1101 2419 unde
1128 2365 1338 2434 peccati
1367 2365 1650 2421 desideriis
1677 2379 1790 2420 ser-

216 2457 442 2510 viamus.
473 2454 541 2508 Et
563 2453 692 2524 quid
715 2462 800 2510 est
823 2453 1046 2526 diligere
1076 2453 1267 2514 Deum.
1295 2455 1400 2509 nisi
1426 2455 1500 2508 illi
1523 2469 1793 2525 occupare

214 2549 480 2612 animum,
507 2546 791 2616 concipere
820 2543 1059 2600 fruendae
1097 2545 1324 2600 visionis
1356 2544 1472 2613 ejus
1515 2544 1790 2612 allectum,

214 2638 426 2709 peccati
480 2637 692 2702 odium,
741 2635 926 2690 mundi
975 2635 1281 2702 fastidium,
1341 2636 1564 2708 diligere
1605 2639 1793 2708 proxi-

217 2744 384 2792 mum,
417 2728 469 2782 in
502 2727 618 2798 ipso
642 2743 827 2782 amore
859 2741 1077 2783 servare
1099 2726 1401 2800 legitimum
1429 2727 1670 2794 modum,
1696 2744 1796 2785 nec

216 2827 525 2890 pervertere
550 2817 852 2874 dilectionis
879 2817 1125 2876 ordinem
1146 2818 1518 2874 constitutum.
1538 2816 1795 2876 Ordinem

217 2910 522 2968 dilectionis
557 2909 631 2964 illi
651 2916 991 2979 pervertunt,
1019 2924 1120 2965 nec
1162 2908 1383 2964 modum
1411 2908 1670 2981 diligendi
1698 2901 1795 2964 eu-

219 3005 478 3068 stodiunt,
495 3002 585 3075 qui
615 3011 709 3056 aut
725 3003 980 3057 mundum
999 3002 1093 3072 qui
1121 3003 1546 3058 contemnendus
1562 3011 1646 3058 est
1675 3002 1798 3056 dili-

1894 1819 2038 1872 m'am
2083 1818 2314 1872 charitas
2351 1833 2417 1872 ea:
2447 1818 2553 1872 Deo
2595 1829 2670 1873 est
2713 1832 2732 1870 :
2765 1829 2814 1873 et
2843 1821 3014 1874 omnis
3049 1822 3140 1893 qui
3173 1821 3370 1892 diligit,
3411 1839 3478 1877 ea:

1895 1908 2003 1964 Deo
2034 1918 2190 1964 natus
2232 1919 2342 1975 est,
2381 1919 2432 1964 et
2457 1911 2721 1980 cognoscit
2765 1911 2953 1966 Deum.
2984 1913 3088 1979 Qui
3118 1930 3224 1968 non
3269 1915 3466 1987 diligit.

1891 2015 1997 2054 non
2024 1999 2165 2055 navit
2193 1998 2384 2066 Deum,
2426 2001 2554 2072 quia
2579 1999 2722 2055 Deus
2749 2001 2980 2056 charitas
3005 2012 3101 2058 est.
3133 2003 3467 2075 Charissimi,

1891 2092 1939 2146 si
1957 2091 2034 2146 sic
2056 2089 2197 2146 Deus
2217 2091 2403 2146 dilexit
2431 2108 2546 2157 nos,
2572 2108 2666 2146 nos
2683 2091 2928 2147 debemus
2949 2102 2998 2147 et
3019 2093 3332 2150 alterutrum
3355 2097 3478 2151 dili-

1865 2227 1872 2232 .
1889 2197 2010 2253 gere
2038 2181 2093 2253 (ι
2117 2179 2280 2237 Joan.
2305 2180 2403 2254 tv).
2433 2181 2808 2252 Sidiligamus
2840 2182 3092 2249 invicem,
3123 2185 3267 2241 Deus
3295 2186 3353 2242 in
3381 2203 3478 2244 uo-

1888 2271 1975 2328 bis
2006 2281 2220 2340 manet,
2263 2281 2320 2329 et
2348 2273 2588 2329 charitas
2615 2272 2733 2342 ejus
2771 2274 2829 2328 in
2873 2275 3030 2330 nobis
3075 2276 3312 2346 perfecta
3361 2288 3472 2333 est.

1889 2359 2061 2417 Nemo
2096 2375 2226 2433 ergo
2273 2369 2430 2432 putet
2471 2361 2614 2418 hanc
2658 2362 3032 2430 dilectionem,
3077 2364 3134 2419 in
3173 2381 3280 2435 qua
3330 2367 3474 2424 Deus

1890 2459 2094 2517 manet,
2125 2461 2181 2510 et
2209 2451 2264 2507 in
2294 2452 2450 2508 nobis
2475 2451 2718 2523 perfecta
2743 2459 2853 2518 est,
2890 2451 3098 2521 objecta
3121 2461 3178 2510 et
3204 2455 3474 2511 desidiosa

1890 2544 2126 2614 quadam
2175 2544 2496 2600 remissione
2520 2550 2575 2598 et
2611 2541 2940 2614 negligentia
2976 2543 3205 2598 servari.
3248 2544 3365 2600 Non
3393 2556 3480 2602 est

1891 2634 1998 2690 ista
2023 2633 2294 2704 cbaritas,
2314 2634 2408 2689 sed
2437 2635 2682 2704 languor.
2712 2633 2942 2690 Ferveat
2972 2635 3211 2691 charitas
3237 2637 3305 2690 ad
3351 2653 3476 2693 cor-

1892 2723 2207 2794 rigendum,
2244 2725 2312 2778 ad
2357 2724 2776 2779 emendandum.
2807 2723 2947 2780 Sunt
2989 2726 3118 2780 boui
3156 2740 3358 2794 mores,
3390 2729 3481 2784 de-

1890 2814 2120 2882 lectent;
2165 2823 2291 2870 sunt
2344 2814 2506 2879 mali,
2551 2816 2934 2882 emendentur,
2975 2818 3340 2889 corrigantur.
3384 2819 3480 2876 Sie

1893 2920 2022 2977 ergo
2048 2905 2335 2976 diligamus
2363 2905 2598 2961 invicem
2621 2906 2832 2962 sincera
2857 2914 2914 2962 et
2936 2906 3318 2980 dlsciplinabili
3351 2912 3478 2967 cha-

1893 2997 2079 3063 ritate,
2106 3005 2165 3052 et
2189 2997 2268 3051 ita
2289 2996 2530 3052 charitas
2553 2996 2671 3067 ejus
2696 2996 2751 3050 in
2775 2995 2930 3052 nobis
2957 2996 3198 3066 perfecta
3225 3007 3329 3054 est.
3353 2999 3478 3054 Cm-

216 3104 371 3166 gunt,
420 3103 513 3150 aut
559 3095 834 3166 proximos
874 3094 1015 3150 sicut
1047 3094 1274 3164 seipsos,
1317 3102 1414 3149 aut
1459 3094 1626 3150 Deum
1656 3095 1866 3173 sicutc
1893 3089 2022 3160 picti
2073 3087 2316 3160 diligere,
2359 3087 2527 3158 cepit
2555 3087 2608 3142 in
2656 3095 2709 3143 te
2744 3087 2887 3142 Deus
2928 3087 3199 3154 habitare,
3227 3098 3289 3143 ιιι
3317 3090 3475 3146 babi-

220 3183 426 3255 seipsos
461 3181 598 3238 forte
637 3197 745 3238 non
793 3181 1042 3254 diligunt.
1077 3183 1160 3239 llli
1204 3183 1374 3239 Deum
1400 3181 1639 3254 perfecte
1680 3183 1796 3240 dili-

218 3282 354 3344 gunt
382 3273 474 3344 qui
519 3273 747 3329 volendo
773 3275 916 3344 quod
960 3273 1079 3329 vult
1111 3273 1274 3340 Deus,
1305 3283 1362 3330 et
1389 3274 1621 3331 nolendo
1648 3276 1795 3346 quod

215 3377 326 3416 non
378 3363 510 3428 vult,
539 3377 640 3418 nec
682 3361 807 3417 ullis
835 3363 1090 3432 peccatis,
1122 3363 1318 3433 quibus
1363 3362 1671 3427 oll‘enditur,
1703 3379 1796 3419 ac-

217 3451 538 3521 quiescnnt,
583 3460 640 3507 et
693 3467 906 3524 semper
957 3468 1016 3510 se
1059 3455 1128 3510 ad
1184 3454 1445 3519 virtutes,
1490 3469 1628 3525 quas
1675 3455 1796 3526 ipse

219 3543 471 3614 dignatur
531 3543 772 3609 (Mutare,
825 3544 1125 3615 diligendus
1170 3553 1226 3600 et
1273 3545 1550 3600 habendas
1608 3554 1794 3601 osten-

218 3633 390 3687 dunt:
429 3631 522 3704 qui
564 3633 791 3688 verbum
834 3633 927 3688 Dei
959 3633 1200 3690 studiose
1241 3637 1532 3691 observare
1569 3643 1794 3691 conten-

211 3723 373 3785 dunt,
401 3721 543 3775 sicut
576 3721 864 3790 Apostolus
891 3723 1006 3776 ait:
1038 3722 1142 3787 Qui
1168 3735 1341 3779 autem
1381 3737 1548 3780 seruat
1587 3732 1794 3782 verbum

213 3817 353 3885 ejus,
385 3830 500 3867 vere
526 3815 579 3866 in
604 3829 664 3868 eo
693 3813 925 3868 Charitas
954 3813 1049 3869 Dei
1077 3814 1307 3884 perfecta
1333 3825 1408 3871 est
1437 3814 1490 3885 (Ι
1512 3815 1672 3870 Joan.
1707 3816 1792 3888 ιι).

215 3905 309 3960 ille
353 3904 498 3959 enim
541 3919 667 3959 vere
694 3904 860 3960 Deum
891 3906 1040 3962 novit
1078 3907 1171 3977 qui
1215 3905 1332 3975 ejus
1377 3908 1631 3962 mandata
1675 3922 1792 3962 ser-

217 3992 394 4048 vando
435 3993 757 4050 charitatem
799 4009 858 4050 se
901 3991 1018 4064 ejus
1061 3996 1263 4052 habere
1307 3996 1623 4066 comprobat
1684 3993 1797 4050 Hoc

215 4093 304 4138 est
345 4083 488 4138 enim
523 4083 692 4140 Deum
731 4099 890 4142 nosse
930 4085 1076 4158 quod
1127 4100 1334 4144 amare.
1363 4086 1499 4140 Nam
1536 4085 1630 4156 qui
1669 4099 1795 4140 eum

217 4191 324 4230 non
353 4184 521 4242 amat,
555 4175 800 4246 profecto
818 4178 1074 4245 ostendit,
1101 4179 1229 4248 quia
1255 4193 1416 4250 quam
1447 4176 1519 4233 sit
1544 4175 1797 4244 amabilis

220 4281 327 4321 non
363 4267 538 4328 novit,
568 4281 730 4337 quam
762 4267 833 4322 sit
860 4269 1042 4326 suavis
1081 4278 1138 4325 et
1185 4268 1360 4326 dulcis
1393 4268 1654 4324 Dominus
1698 4283 1798 4338 gu-

219 4367 365 4412 stare
397 4366 454 4411 et
478 4358 659 4414 videre
687 4375 794 4415 non
822 4360 1028 4428 didicit,
1054 4362 1146 4432 qui
1185 4363 1303 4432 ejus
1331 4362 1544 4432 placere
1567 4376 1796 4432 conspe-

1895 3181 2062 3238 tando
2085 3179 2252 3237 faciat
2281 3189 2335 3236 te
2358 3178 2680 3250 perlectum.
2708 3179 2787 3235 ita
2809 3187 2991 3235 autem
3016 3177 3244 3250 perfecti
3269 3180 3477 3236 erimus

1894 3271 1951 3328 in
1976 3271 2264 3338 charitate,
2305 3271 2353 3327 si
2379 3278 2520 3326 sicut
2560 3270 2653 3326 ille
2681 3269 2868 3326 salutis
2897 3278 3094 3326 nostrae
3133 3285 3296 3326 causa
3323 3271 3477 3341 prior

1895 3377 1996 3418 nos
2029 3361 2241 3428 dilexit,
2268 3361 2344 3417 ita
2383 3375 2510 3416 eum
2536 3376 2638 3417 nos
2666 3360 2866 3416 nullius
2891 3361 2968 3415 rei
3000 3375 3184 3428 caua,
3214 3362 3318 3417 nisi
3363 3369 3479 3417 tan-

1895 3460 2010 3508 tum
2042 3452 2125 3509 sui
2166 3453 2369 3508 amoris
2395 3452 2762 3508 dilexerimus.
2791 3451 2860 3508 Et
2895 3451 2999 3507 hoc
3023 3453 3337 3509 mandatum
3377 3452 3475 3508 ha-

1894 3544 2086 3600 bemus
2104 3560 2138 3601 ιι
2173 3543 2286 3600 Deo
2326 3552 2386 3600 nt
2412 3544 2505 3615 qui
2536 3543 2711 3615 diligit
2743 3541 2911 3598 Deum
2938 3543 3129 3616 diligat
3147 3552 3206 3598 et
3247 3542 3473 3600 fratrem

1896 3651 2076 3690 suum.
2108 3635 2166 3712 lu
2197 3636 2300 3692 hoc
2323 3636 2698 3707 cognoscimus
2735 3634 2996 3706 quoniam
3023 3635 3296 3706 diligimus
3320 3644 3477 3692 natos

1897 3725 2018 3794 Dei,
2043 3741 2165 3782 cum
2193 3726 2362 3782 Deum
2395 3726 2686 3799 diligimus.
2715 3725 2809 3781 Ille
2846 3740 2978 3796 ergo
3001 3726 3149 3783 solus
3172 3735 3322 3783 recte
3348 3741 3476 3798 pro-

1895 3818 2102 3872 ximum
2143 3818 2365 3888 diligere
2388 3819 2673 3888 probatur,
2706 3818 2800 3888 qui
2835 3818 2892 3874 in
2936 3818 3246 3877 Conditoris
3289 3833 3476 3876 amore

1896 3904 2129 3978 ﬂagrare
2151 3906 2514 3976 cognoscitur.

1965 4017 2020 4072 ὅ.
2052 4015 2252 4071 Deinde
2296 4031 2400 4072 non
2441 4017 2677 4072 accidere
2723 4017 2949 4087 (Κακὴ.
2975 4018 3052 4091 v).
3092 4020 3248 4092 Quod
3292 4033 3475 4082 autem

1897 4107 2050 4173 dicit,
2080 4124 2185 4162 non
2209 4109 2465 4174 occidere,
2491 4122 2596 4164 non
2629 4117 2834 4163 tantum
2872 4109 3190 4179 simpliciter
3213 4116 3476 4182 corporis,

1898 4197 1992 4254 sed
2039 4205 2096 4252 et
2135 4197 2337 4254 occislo
2378 4197 2696 4269 prohibetur
2739 4197 2856 4254 ﬁeri
2902 4200 3124 4266 animae,
3170 4204 3477 4271 praesertim

1895 4300 2022 4342 cun
2062 4287 2167 4342 hoc
2190 4289 2468 4344 monachis
2494 4288 2548 4343 in
2576 4288 2810 4362 regulari
2851 4289 3062 4355 habitu,
3103 4299 3158 4346 ct
3189 4294 3394 4349 sanctis
3423 4295 3479 4350 in

1901 4378 2164 4451 religione
2191 4381 2381 4450 positis
2409 4381 2746 4452 prohibetur.
2778 4381 2894 4440 Non
2928 4385 3073 4439 enim
3109 4386 3277 4441 armis
3309 4403 3478 4443 smon-

218 4446 397 4504 ctibus
422 4449 673 4504 continua
707 4450 1004 4509 intentione
1044 4467 1153 4507 non
1179 4453 1397 4524 satagit.
1438 4453 1636 4514 lterum
1669 4453 1794 4510 dicit

1900 4446 2128 4537 laribus,
2160 4446 2305 4527 unde
2351 4446 2641 4528 homicidia
2673 4473 2830 4539 ﬁunt,
2857 4473 2954 4529 sed
2999 4474 3290 4531 virtutibus
3319 4479 3481 4547 spiri-

221 4539 534 4608 apostolus:
568 4541 671 4608 Qui
699 4553 870 4599 servm
895 4545 1146 4600 mandata
1167 4546 1302 4617 ejus,
1321 4548 1383 4601 ia
1407 4546 1501 4602 ille
1528 4555 1724 4613 manet,
1749 4556 1799 4603 at

222 4629 330 4699 ipse
358 4630 412 4686 in
443 4647 502 4685 eo
545 4631 597 4703 (I
619 4632 778 4688 Joan.
802 4635 909 4708 ιιι).
941 4634 1027 4690 Sit
1047 4651 1176 4708 ergo
1204 4638 1299 4693 tibi
1333 4637 1476 4693 Deus
1505 4638 1716 4702 domus,
1739 4646 1802 4694 et

221 4731 342 4776 esto
368 4721 557 4778 domus
585 4723 698 4780 Dei.
723 4725 879 4784 Mane
903 4727 957 4782 in
989 4729 1117 4793 Deo,
1141 4738 1196 4786 et
1222 4739 1438 4787 maneat
1465 4731 1521 4787 in
1549 4738 1604 4788 te
1628 4730 1792 4788 Deus.

223 4811 436 4868 Maneat
459 4814 513 4869 in
546 4823 596 4870 te
625 4817 790 4882 Deus,
818 4827 878 4874 ut
904 4828 961 4876 te
989 4821 1298 4887 contineat;
1323 4837 1548 4878 maneas
1573 4821 1632 4878 in
1666 4823 1796 4888 Deo,

222 4915 293 4954 ne
318 4902 499 4960 cadas.
527 4901 691 4959 Serva
720 4908 972 4963 mandata
997 4907 1131 4977 ejus,
1162 4919 1285 4966 tene
1309 4910 1659 4976 charitatem,
1687 4925 1794 4966 non

224 4990 478 5046 divellere
502 5007 532 5046 a
561 4993 664 5049 llde
701 4995 863 5062 illius,
887 5005 946 5052 ut
971 4999 1220 5069 glorieris
1262 5001 1317 5054 in
1349 5016 1578 5072 persona
1605 5002 1797 5073 ipsius,

221 5089 281 5135 et
305 5096 531 5140 securus
557 5086 801 5141 manebis
838 5088 893 5141 in
921 5103 1010 5156 eo,
1037 5089 1194 5159 juxta
1235 5091 1404 5147 illud:
1437 5092 1504 5148 In
1546 5103 1800 5148 cateruam

224 5172 575 5240 exsultabant,
597 5185 645 5230 et
670 5178 929 5234 habitabis
968 5180 1024 5236 in
1046 5181 1120 5238 eis
1147 5180 1316 5252 (Psal.
1339 5181 1414 5255 v).
1444 5182 1586 5238 Deus
1621 5191 1799 5238 autem

222 5264 456 5319 charitas
485 5275 558 5320 est
583 5280 601 5319 :
625 5278 670 5322 et
703 5269 793 5340 qui
813 5281 985 5326 manet
1007 5272 1062 5332 is
1090 5273 1368 5340 charitate,
1391 5275 1446 5328 in
1465 5273 1576 5332 Deo
1597 5285 1798 5340 manet,

225 5364 275 5409 et
307 5353 452 5411 Deus
474 5358 530 5412 in
559 5375 618 5414 eo
649 5359 699 5430 (Ι
727 5359 891 5416 Jaan.
925 5365 1022 5434 tv).

297 5450 350 5506 2.
383 5451 582 5508 Deinde
606 5459 926 5526 proximum,
951 5448 1085 5514 sicut
1114 5461 1354 5532 teipsum.
1379 5461 1469 5518 Sic
1493 5462 1636 5517 enim
1661 5462 1801 5518 Pan-

230 5540 316 5596 lus
335 5545 616 5614 apostolus
647 5548 702 5602 in
748 5547 987 5618 Epistola
1011 5549 1080 5605 ad
1111 5550 1334 5608 Galatas
1357 5553 1470 5607 ait:
1503 5552 1688 5608 Omnis
1714 5553 1800 5608 lea:

229 5631 284 5684 in
315 5649 418 5688 uno
455 5651 690 5693 sermone
719 5638 1005 5708 completur
1036 5657 1054 5696 :
1086 5640 1283 5712 Diliges
1324 5643 1622 5713 proximum
1653 5645 1798 5700 tuum

1903 4561 2124 4630 talibus,
2139 4563 2281 4618 unde
2300 4563 2496 4619 anima:
2514 4563 2813 4630 salventur,
2829 4564 3084 4621 incedunt
3100 4567 3350 4623 accincti.
3373 4567 3481 4624 Sed

1901 4654 2044 4711 sicut
2063 4661 2149 4710 est
2170 4653 2372 4711 occisio
2393 4653 2546 4721 ferri,
2561 4650 2645 4712 esi
2669 4663 2724 4712 et
2747 4655 2878 4722 odii,
2901 4665 2985 4712 est
3009 4667 3065 4714 et
3085 4659 3373 4725 mendacii,
3394 4671 3476 4716 est

1899 4755 1956 4803 et
1993 4747 2220 4817 alicujus
2246 4749 2441 4820 gravis
2471 4749 2700 4819 peccati.
2747 4746 3020 4820 Scriptum
3052 4758 3137 4806 est
3161 4751 3306 4806 enim
3333 4771 3345 4805 :
3375 4751 3484 4818 Qui

1900 4838 2011 4895 odit
2042 4839 2259 4909 fratrem
2285 4856 2457 4905 suum,
2481 4839 2747 4896 homicida
2773 4849 2850 4896 est
2876 4838 2932 4912 (Ι
2961 4839 3124 4896 Joan.
3152 4840 3261 4914 ιιι).
3289 4843 3376 4909 Et,
3404 4843 3481 4900 Os

1900 4928 2038 5000 quod
2076 4929 2342 4994 mentitur,
2371 4929 2559 4986 occidit
2597 4932 2829 4986 animum
2857 4931 3010 5004 (Sep.
3046 4931 3108 5004 t).
3147 4932 3250 5000 Et,
3287 4935 3480 4990 Anima

1897 5034 2017 5089 qua
2059 5022 2365 5091 peccaverit,
2389 5021 2500 5092 ipsa
2529 5024 2780 5077 morietur
2808 5021 2949 5094 (Leu.
2970 5038 3046 5089 tv,
3077 5023 3271 5080 Exeat.
3296 5027 3476 5097 xvm).

1899 5107 1980 5163 De
2008 5110 2202 5165 horum
2233 5110 2473 5164 omnium
2507 5112 2796 5180 generibus
2819 5113 3121 5168 occisorum
3150 5115 3341 5170 beatus
3378 5114 3483 5172 Be-
3547 5123 3552 5128 ‘

1900 5199 2144 5253 nedictns
2168 5198 2280 5253 vult
2304 5198 2563 5254 abstineri
2595 5201 2938 5265 monachum,
2970 5216 3093 5257 eum
3119 5202 3338 5268 dicitur,
3373 5221 3478 5258 non

1902 5287 2154 5352 occidere,
2179 5288 2230 5341 id
2256 5296 2360 5350 est,
2389 5303 2490 5343 nec
2507 5289 2734 5345 aliorum
2755 5305 2982 5360 corpora
3005 5291 3172 5358 terra,
3199 5307 3298 5347 nec
3319 5307 3477 5347 suam

1903 5378 2137 5432 animum
2170 5377 2317 5443 odio,
2345 5377 2427 5432 vel
2469 5379 2778 5446 homicidio,
2807 5390 2902 5438 aut
2928 5382 3168 5452 quolibet
3211 5382 3318 5436 alio
3344 5398 3476 5452 pec—

1904 5473 2048 5531 cato,
2072 5467 2197 5536 quia
2231 5467 2487 5537 scriptum
2513 5477 2595 5523 est
2620 5485 2635 5522 :
2668 5467 2841 5524 Homo
2863 5472 3086 5541 quidem
3107 5489 3200 5542 per
3221 5472 3478 5530 malitiam

1906 5556 2093 5612 occidit
2135 5558 2368 5611 animam
2402 5574 2553 5620 suam
2602 5557 2756 5630 (Sap.
2799 5562 2943 5632 svi).
2991 5563 3065 5618 De
3110 5561 3362 5618 manilius
3393 5564 3478 5619 his

1907 5645 2038 5701 satis
2067 5646 2318 5702 convenit
2355 5645 2614 5703 abstineri
2649 5663 2759 5706 nou
2795 5649 2968 5706 solum
2995 5665 3348 5714 monacnum.
3383 5653 3480 5730 sed
