3940 6486
376 301 476 361 76!

1648 294 1782 350 ΒΜΔ
1794 295 2000 351 RAGDI
2041 293 2335 351 ABBATIS

3540 293 3651 351 752

368 422 535 481 etiam
576 429 789 475 omnem
825 415 1107 471 hominem
1141 410 1510 469 Christianum
1535 454 1550 479 ,
1598 414 1723 483 quia
1772 412 1947 481 quod-
1976 418 2027 490 Α
2052 414 2196 466 enim
2226 411 2444 481 proprio
2472 409 2691 464 domino
2718 406 2998 481 pmprium
3023 410 3165 466 tollit
3194 394 3411 468 servum
3438 422 3495 470 et
3524 432 3653 475 eum

368 525 603 582 cunque.
627 508 820 563 horum
850 504 1042 560 fecerit
1083 503 1455 570 homicidium,
1501 504 1798 559 secundum
1842 502 1952 556 Do-

369 604 499 658 mini
556 599 912 663 sententiam,
962 595 1067 663 Qui
1113 596 1395 663 acciderit,
1441 611 1561 651 reus
1594 596 1705 650 erit
1742 593 1953 665 judicio

368 694 586 767 (Matth.
610 691 686 766 ν).

437 785 492 839 4.
515 783 636 838 Non
659 775 975 837 adulterari.
1001 780 1137 837 Nam
1156 788 1216 835 et
1228 779 1553 835 adulterium
1574 776 1759 834 multis
1780 775 1956 831 modis

365 886 428 932 ct
451 877 507 931 in
533 890 764 944 corpore
790 882 846 929 et
874 874 931 928 in
952 874 1135 928 animo
1163 880 1219 928 et
1243 872 1601 928 committitur
1627 880 1682 927 et
1707 877 1950 926 vocatur.

365 967 502 1022 Nam
530 974 587 1022 et
608 964 919 1030 l'ornicatio,
947 964 1275 1018 etadoratio
1300 963 1588 1027 idolorum,
1624 969 1680 1017 et
1706 958 1957 1029 concupi-

367 1057 575 1115 scentia
600 1054 906 1119 oculorum,
926 1061 982 1108 et
1006 1052 1246 1108 amicitia
1276 1047 1615 1107 smmlarium
1638 1063 1741 1118 pro
1753 1060 1956 1103 concu-

368 1147 633 1220 piscentia
658 1153 714 1201 et
742 1143 968 1200 avaritia
1010 1158 1192 1197 rerum
1236 1141 1555 1196 adulterium
1590 1147 1834 1193 vocatur.
1879 1137 1958 1191 De

370 1237 639 1297 adulterio
679 1235 864 1292 carnis
904 1232 1067 1289 simul
1092 1240 1149 1287 et
1177 1231 1374 1287 animae
1393 1230 1684 1300 Apostolus
1710 1228 1960 1283 sitinter

369 1336 567 1384 caetera
586 1345 600 1381 :
620 1325 804 1396 Neque
818 1321 1046 1377 adulteri
1056 1334 1278 1390 regnum
1296 1318 1738 1389 Dei-possidebunt
1761 1315 1813 1388 (I
1826 1313 1953 1369 Cor.

371 1434 426 1473 v1
462 1423 502 1491 ).
618 1419 686 1475 Et
786 1417 874 1471 lex
1014 1410 1271 1479 ‘idipsum
1290 1407 1543 1479 prohibet
1573 1407 1795 1461 dicens:
1832 1404 1958 1458 Non

369 1507 696 1562 adulterabts
725 1500 936 1575 (Exod.
959 1502 1077 1572 xx).
1107 1500 1185 1555 De
1210 1497 1659 1568 concupiscentia
1676 1494 1956 1551 oculorum

371 1599 637 1654 Dominus
666 1596 720 1651 in
746 1592 1039 1665 Evangelia
1073 1592 1152 1646 ait
1178 1608 1191 1644 :
1226 1590 1332 1656 Qui
1365 1589 1549 1643 viderit
1578 1587 1854 1642 mulierem
1886 1585 1958 1639 ad

371 1688 840 1760 concupiscendum
863 1703 998 1751 eam,
1020 1685 1138 1755 jam
1164 1683 1450 1737 mwchatus
1474 1690 1550 1736 est
1572 1696 1691 1736 eam
1723 1679 1778 1733 in
1804 1677 1960 1733 corde

2056 502 2213 556 alteri
2241 517 2347 556 non
2378 499 2599 571 proprio
2621 500 2825 565 subdit,
2854 501 3043 571 procul
3070 502 3233 557 dubio
3260 502 3465 561 furtum
3495 506 3651 565 facit.

2055 593 2198 663 Ergo
2235 600 2290 647 et
2315 593 2405 663 qui
2434 606 2603 663 prave
2627 592 2859 646 vivendo
2891 595 3110 663 proprio
3140 594 3406 652 conditori
3442 614 3543 656 suo
3590 618 3654 661 se

2057 683 2217 749 tollit,
2240 690 2298 737 et
2322 682 2539 737 diabolo
2567 697 2626 737 se
2653 681 2854 747 subdit,
2885 682 3238 741 nihilominus
3262 684 3469 743 furtum
3490 688 3651 752 facit.

2055 774 2317 829 Dominus
2362 774 2507 830 enim
2553 773 2713 829 Jesus
2755 771 3009 830 Christus
3054 792 3156 832 nos
3201 778 3268 834 de
3318 774 3655 839 limo‘terra:

2054 866 2297 931 creavit,
2332 872 2392 920 et
2437 864 2658 935 proprio
2700 862 2965 935 sanguine
3010 867 3263 935 redemit,
3292 878 3348 926 et
3382 871 3505 928 ideo
3553 888 3657 945 per

2055 955 2421 1010 conditionem
2464 953 2583 1023 eius
2618 954 2797 1020 servi,
2833 962 2889 1009 et
2927 969 3027 1025 per
3060 957 3487 1029 redemptionem
3532 963 3655 1032 ejus

2056 1059 2247 1100 sumus
2276 1043 2485 1099 famuli.
2523 1042 2678 1111 Quod
2709 1044 2754 1098 si
2799 1044 2995 1114 aliquis
3037 1060 3106 1101 ex
3150 1048 3329 1115 nobis,
3361 1059 3420 1105 ut
3447 1052 3649 1123 prmdi-

2057 1147 2204 1193 ctum
2228 1146 2334 1203 est,
2364 1152 2424 1193 se
2444 1152 2478 1192 a
2508 1138 2733 1199 servitio
2759 1138 2856 1193 Dei
2884 1138 3028 1196 male
3054 1141 3288 1198 vivendo
3315 1137 3657 1203 subtraxerit

2057 1235 2113 1282 et
2137 1227 2355 1283 diabolo
2402 1226 2734 1291 subdiderit,
2778 1228 2982 1283 hirtum
3031 1230 3331 1301 pessimum
3377 1234 3528 1290 facit.
3579 1235 3655 1293 Se

2057 1323 2202 1377 enim
2230 1337 2260 1376 a
2302 1321 2539 1377 ﬁliorum
2583 1322 2844 1378 societate
2888 1325 3213 1394 segregavit,
3251 1334 3305 1380 et
3335 1342 3524 1385 servus
3570 1328 3655 1384 fa-

2057 1421 2178 1467 ctus
2225 1412 2638 1479 dtemoniorum,
2679 1421 2735 1467 et
2769 1413 3164 1481 haereditatem,
3204 1424 3259 1472 et
3304 1419 3651 1476 mansionem

2059 1502 2241 1556 amisit
2285 1502 2435 1572 regni
2452 1498 2752 1556 'crnlorum.
2797 1500 3072 1572 Scriptum
3113 1515 3195 1560 est
3235 1506 3380 1560 enim
3415 1526 3428 1561 :
3463 1507 3651 1565 Omnis

2058 1593 2196 1646 enim
2217 1592 2307 1662 qui
2340 1601 2541 1663 peccat,
2565 1608 2744 1647 servus
2765 1602 2839 1647 est
2873 1596 3092 1665 peccati.
3119 1592 3310 1650 Servus
3336 1606 3512 1652 autem
3543 1615 3651 1655 non

2060 1692 2233 1737 manet
2260 1685 2315 1737 in
2337 1682 2493 1738 domo
2534 1684 2590 1738 in
2618 1692 2870 1739 teternum
2902 1682 3083 1753 (Joan.
3106 1685 3246 1760 vm).
3277 1684 3564 1754 Similiter,
3591 1693 3650 1744 et

366 1799 467 1837 suo
502 1779 726 1854 (Matth.
752 1778 828 1850 v).
861 1776 938 1831 De
966 1775 1157 1830 amicis
1186 1774 1367 1830 saeculi
1412 1772 1572 1844 hujus
1604 1778 1660 1827 et
1694 1772 1762 1826 de
1804 1784 1957 1824 ama-
1982 1774 2030 1835 B
2059 1774 2148 1843 qui
2178 1773 2318 1828 tollit
2343 1774 2586 1829 membra
2611 1774 2842 1842 Christi,
2868 1786 2922 1831 et
2951 1774 3083 1831 facit
3110 1793 3173 1833 ea
3203 1778 3450 1834 membra
3475 1779 3649 1835 fomi-

367 1874 574 1928 toribns
610 1867 988 1940 temporalium
1029 1880 1209 1921 rerum
1230 1862 1476 1918 Iacobus
1516 1860 1792 1933 apostolus
1832 1859 1945 1927 ait:

366 1959 626 2025 Adulteri,
662 1956 1021 2026 uescitfs‘qut'a
1055 1954 1294 2008 amicitia
1321 1951 1481 2022 hujus
1508 1949 1692 2004 mundi
1727 1948 1981 2003 inimici-4.

366 2054 441 2109 tia
486 2062 562 2107 est
592 2050 718 2107 «Deo
760 2047 967 2120 (Jacob.
995 2045 1095 2118 ιν).
1125 2043 1412 2099 Adulteros
1448 2051 1599 2098 recte
1642 2047 1950 2110 nuncupat,

367 2161 527 2216 quos,
552 2143 812 2199 derelicto
841 2153 1027 2194 amore
1057 2137 1337 2208 sapientia:
1365 2135 1621 2201 cmlestis,
1650 2134 1724 2189 ad
1749 2131 1954 2203 ample-

364 2249 496 2288 xum
530 2232 710 2303 potius
739 2228 994 2284 amicitia:
1024 2225 1296 2283 mundalis
1331 2238 1451 2280 esse
1495 2221 1730 2279 deﬂexos
1774 2222 1953 2277 incre-

364 2332 490 2396 pat,
524 2337 662 2392 quos
712 2318 1008 2376 Conditore
1058 2322 1370 2385 contempto
1394 2320 1736 2369 mammonae
1778 2310 1954 2382 magis

364 2417 571 2473 servire
601 2412 878 2471 comebat.
906 2408 1156 2466 Ostendit
1183 2408 1348 2463 etiam
1377 2421 1473 2461 eos
1501 2419 1621 2465 esse
1654 2403 1947 2469 adulteros,

365 2507 482 2577 qui,
508 2505 610 2562 sub
639 2503 761 2559 ﬁth
798 2498 1225 2557 etv-confessione
1252 2496 1489 2552 nominis
1514 2495 1741 2561 Christi,
1771 2493 1952 2549 illece-

363 2598 483 2654 bris
506 2604 561 2652 et
592 2593 766 2650 amori
807 2591 1125 2647 deserviunt
1150 2588 1358 2644 mundi.
1385 2588 1482 2643 Est
1513 2586 1690 2642 adhuc
1719 2593 1774 2641 et
1805 2585 1951 2641 aliud

365 2685 617 2743 adulterii
645 2697 836 2754 genus,
862 2681 929 2736 de
967 2694 1078 2750 quo
1107 2694 1177 2734 se.
1196 2686 1361 2750 negat
1387 2692 1507 2733 esse
1547 2676 1835 2748 Apostolus
1869 2675 1953 2730 di-

364 2791 533 2833 cens:
568 2772 694 2828 Non
720 2771 859 2831 enim
900 2786 1101 2834 sumus,
1140 2769 1277 2823 sicut
1317 2767 1555 2839 plurimi,
1592 2765 1951 2821 adulterantes

364 2866 580 2925 verbum
607 2862 737 2928 Dei,
770 2859 860 2916 sed
893 2876 959 2914 ea:
984 2857 1302 2922 sinceritate,
1328 2855 1473 2910 sicut
1512 2870 1577 2909 ea:
1615 2853 1737 2908 "Deo
1772 2869 1947 2908 coram
1992 2852 1999 2861 '

365 2957 498 3023 Deo,
528 2956 586 3010 in
608 2952 817 3010 Christo
844 2949 1107 3022 loquimur
1145 2946 1229 3020 (11
1253 2945 1378 3002 Cor.
1400 2946 1484 3017 ιι).
1508 2945 1588 3000 Ex
1618 2944 1783 3001 corde
1804 2944 1949 2998 enim

363 3052 603 3123 primum
620 3046 914 3105 auferenda
928 3052 1069 3100 sunt
1091 3041 1381 3105 adulteria,
1403 3049 1464 3095 ut
1491 3056 1600 3095 non
1631 3038 1951 3110 pertrahunt

2059 1866 2383 1921 catiouise'et
2405 1866 2732 1933 meretricis,
2760 1864 2963 1921 furtum
2988 1866 3139 1933 facit,
3169 1877 3226 1924 et
3255 1884 3444 1925 servus
3464 1868 3648 1926 factus

2052 1956 2262 2025 peccati
2297 1971 2405 2012 non
2450 1963 2633 2011 manet
2661 1956 2715 2011 in
2741 1957 2902 2012 domo
2930 1958 2984 2013 in
3029 1967 3313 2027 mternum,
3358 1961 3413 2016 id
3458 1975 3543 2017 est
3586 1962 3647 2017 in

2055 2046 2212 2102 caelo.
2242 2046 2318 2101 De
2345 2061 2451 2116 qua
2480 2046 2741 2102 Dominus
2769 2046 2981 2103 dicebat
3006 2065 3019 2103 :
3046 2048 3114 2104 In
3146 2050 3301 2104 domo
3333 2049 3510 2106 Patris
3540 2052 3651 2106 mei

2054 2134 2233 2190 multa:
2259 2145 2382 2190 sunt
2426 2137 2725 2192 mansiones
2774 2136 2955 2209 (Joan.
2979 2138 3115 2210 xxv).
3145 2138 3280 2193 Nam
3323 2148 3378 2195 et
3414 2139 3509 2195 ille
3547 2141 3644 2213 qui

2054 2239 2161 2280 non
2190 2226 2358 2280 intrat
2378 2241 2481 2296 per
2500 2227 2699 2282 ostium
2727 2227 2819 2283 sed
2847 2228 3063 2283 aliunde
3083 2230 3349 2296 ascendit,
3376 2228 3464 2284 fur
3484 2239 3646 2287 estet

2053 2315 2212 2371 latro.
2235 2316 2304 2371 Et
2322 2317 2444 2372 ideo
2463 2318 2590 2386 quia
2612 2334 2716 2374 non
2740 2334 2848 2374 uno
2868 2318 3027 2374 modo
3050 2319 3205 2387 ﬁunt,
3228 2335 3333 2374 non
3356 2320 3646 2376 uniformi-

2054 2417 2140 2463 ter
2167 2409 2262 2464 sed
2287 2409 2473 2464 multis
2499 2410 2675 2465 modis
2697 2410 3044 2480 intelligenda
3069 2419 3196 2466 sunt
3228 2410 3371 2466 furta
3399 2412 3643 2468 :‘horutn

2051 2499 2293 2555 omnium
2320 2514 2418 2555 nos
2445 2514 2639 2556 cavere
2663 2500 2921 2556 debemus
2943 2500 3178 2570 culpam.

2121 2589 2173 2644 6.
2211 2589 2336 2644 Non
2379 2592 2741 2660 concupiscere
2776 2588 2971 2662 (Exod.
3001 2606 3104 2656 xx,
3133 2589 3292 2645 Deut.
3321 2590 3396 2663 v).
3428 2589 3543 2647 Non
3571 2591 3639 2647 de

2051 2681 2142 2736 illa
2170 2680 2606 2750 concupiscentia
2645 2679 2777 2736 dicit
2820 2682 2888 2735 de
2925 2696 3032 2755 qua
3073 2678 3245 2735 David
3289 2680 3517 2736 canebat
3556 2680 3643 2736 di-

2051 2787 2219 2829 cens:
2248 2770 2555 2843 Concupieit
2594 2780 2643 2826 et
2674 2771 2868 2842 defecit
2902 2771 3080 2825 anima
3108 2787 3223 2825 mea
3251 2771 3306 2826 in
3351 2771 3488 2825 atria
3523 2769 3642 2825 Do-

2061 2858 2195 2911 mini
2229 2857 2408 2926 (Psal.
2443 2860 2692 2923 uuln).
2728 2856 2797 2913 Et
2822 2874 2838 2915 :
2868 2858 3372 2929 Concupieitanima
3398 2883 3513 2921 mea
3545 2869 3636 2921 de-

2058 2950 2299 3004 siderare
2314 2950 2729 3021 justiﬁcationes
2754 2965 2878 3009 tuas
2934 2955 2991 3009 in
3021 2957 3168 3010 omni
3196 2966 3428 3026 tempore
3452 2958 3630 3027 (Psal.

2059 3042 2268 3110 cum).
2288 3042 2369 3096 tEt
2407 3043 2474 3097 de
2500 3059 2604 3113 qua
2633 3045 2761 3099 alibi
2793 3045 3058 3114 scriptum
3090 3054 3216 3103 est:
3247 3047 3636 3120 Concupisceu-

366 3142 436 3197 ad
465 3140 648 3198 carnis
682 3136 1042 3210 perpetranda
1074 3146 1260 3204 opera.
1292 3131 1428 3200 Quia
1458 3138 1749 3200 antequam
1779 3126 1947 3199 perﬁ-
1976 3124 2125 3189 Ctia
2185 3136 2365 3204 itaque
2420 3137 2707 3206 sapientia:
2775 3138 2984 3191 deducit
3047 3140 3118 3192 ad
3168 3157 3384 3211 regnum
3447 3161 3634 3214 pay-pe-

363 3233 542 3288 ciatur
585 3227 911 3286 adulterium
941 3227 999 3282 in
1034 3238 1220 3295 opere,
1246 3222 1361 3292 iam
1397 3221 1722 3277 adulterium
1762 3226 1848 3275 est
1893 3218 1948 3281 in

365 3321 715 3393 cogitatione.
754 3318 902 3373 Elias
942 3322 1123 3371 autem
1150 3322 1210 3370 et
1252 3311 1493 3368 Joannes
1520 3310 1674 3366 zonis
1708 3307 1952 3379 pelliceis

367 3410 723 3481 cingebantur
745 3408 893 3463 circa
916 3406 1161 3471 lumbos;
1190 3404 1246 3458 in
1264 3400 1591 3473 Apocalypsi
1611 3408 1789 3455 autem
1815 3412 1951 3453 zona

366 3516 534 3558 aurea
562 3500 709 3558 circa
743 3506 954 3568 pectus.
988 3495 1101 3552 Has
1129 3495 1268 3551 duas
1301 3509 1468 3550 sonas
1494 3492 1610 3546 vult
1649 3489 1853 3561 Regula
1892 3499 1955 3544 ut

368 3594 572 3649 habeat
591 3591 914 3655 monachus,
942 3597 1001 3644 et
1026 3587 1145 3657 ejus
1173 3601 1388 3656 semper
1416 3582 1808 3652 zona:pellicea
1826 3580 1954 3635 cin-

368 3694 462 3757 gat
488 3684 725 3750 lumbos,
757 3690 816 3738 et
849 3696 1017 3737 aurea
1045 3686 1258 3751 pectus.
1282 3678 1360 3733 De
1384 3690 1494 3731 una
1520 3674 1665 3730 enim
1691 3671 1952 3727 Dominus

369 3779 483 3833 ait:
517 3774 638 3851 Sint
674 3773 840 3829 lumbi
881 3772 1038 3826 vestri
1082 3768 1348 3842 prteciucti
1396 3765 1547 3839 (Luc.
1574 3762 1695 3834 xu).
1725 3763 1803 3817 De
1848 3761 1953 3816 alia

368 3867 635 3939 propheta
683 3878 785 3921 nos
834 3863 1091 3918 admonet
1138 3860 1339 3915 dicens
1380 3874 1397 3911 :
1430 3855 1700 3926 Accingite
1751 3852 1953 3906 lumbos

371 3966 568 4014 vestros
589 3972 745 4027 super
763 3955 923 4009 ubera
948 3962 1115 4008 vestra
1136 3950 1273 4024 (Isa.
1296 3947 1493 4019 χχχιι).
1516 3946 1658 4001 Hinc
1677 3951 1734 3999 et
1751 3943 1955 3998 Petrus

372 4047 451 4103 ait
484 4065 498 4101 :
547 4044 772 4117 Propter
804 4042 944 4116 quod
978 4039 1229 4098 succincti
1266 4037 1465 4093 lumbos
1514 4035 1701 4091 mentis
1734 4042 1952 4103 vestrm;

372 4145 429 4194 et
456 4135 662 4206 reliqua
683 4132 736 4208 (Ι
758 4130 876 4189 Pet.
900 4131 962 4205 ι).
985 4129 1229 4187 Amanda
1255 4137 1340 4184 est
1364 4142 1494 4199 ergo
1523 4125 1759 4181 maxime
1784 4140 1818 4179 a
1839 4137 1956 4177 mo.

375 4232 566 4288 nachis
591 4227 939 4303 pulchritudo
968 4223 1253 4289 castitatis,
1280 4236 1401 4292 qua:
1424 4234 1575 4276 zonae
1604 4232 1785 4275 aureae
1812 4229 1958 4272 com-

292 4358 296 4363 ς
375 4331 619 4394 paratur.
643 4317 810 4389 Cujus
835 4317 1117 4388 degustata
1138 4311 1425 4369 delectatio
1450 4308 1658 4366 dulcior
1685 4305 1957 4362 invenitur

376 4400 538 4484 quam
564 4409 742 4481 omnis
766 4406 1052 4465 delectatio
1079 4404 1283 4460 carnis.
1315 4401 1552 4459 Castitas
1575 4399 1722 4455 enim
1750 4396 1957 4452 fructus

375 4502 660 4560 suavitatis
701 4492 817 4564 est,
858 4504 914 4553 et
938 4494 1283 4568 pulchritudo
1313 4491 1589 4548 immolata
1619 4495 1955 4549 sanctorum,

375 4593 641 4652 seetu'itas
670 4588 866 4645 mentis
890 4594 945 4643 et
970 4586 1175 4643 sanitas
1198 4582 1461 4654 corporis.
1485 4579 1590 4635 Per
1615 4578 1757 4633 hanc
1784 4571 1961 4635 homi-

377 4702 474 4744 nes
500 4686 749 4741 levantur
772 4680 840 4737 ad
868 4679 1067 4736 coelum
1086 4687 1141 4734 et
1167 4678 1334 4734 choro
1356 4675 1633 4733 sociantur
1659 4666 1922 4743 angelico.

447 4798 503 4853 5.
540 4797 662 4852 Non
713 4793 883 4865 facere
915 4791 1135 4862 furtum.
1164 4788 1234 4842 Et
1264 4788 1318 4841 in
1363 4781 1796 4855 legescriptum
1834 4784 1956 4833 est:
2016 4824 2021 4829 .

2020 4914 2023 4919 .
2065 4866 2207 4939 quod
2233 4866 2299 4921 ad
2326 4864 2658 4937 voluptatem
2685 4871 2741 4919 et
2775 4862 2996 4918 delicias
3025 4857 3271 4930 corporis
3294 4854 3562 4927 pertinet,
3593 4852 3653 4908 in
3694 4932 3699 4937 ξ

383 4890 505 4947 Non
530 4889 727 4960 furtum
751 4886 914 4957 {acies
939 4883 1135 4954 (Enati.
1163 4878 1276 4951 xx).
1304 4877 1374 4932 Et
1396 4871 1686 4945 Apostolus
1710 4870 1826 4924 ait:
1857 4867 1962 4934 Qui

382 4982 691 5054 iurabatur,
702 4979 820 5050 jam
853 4993 961 5031 non
988 4975 1196 5044 furentr
1217 4969 1434 5041 (Epltes.
1453 4964 1550 5037 tv).
1666 4961 1963 5054 alibiiuter

382 5049 580 5130 caetera
605 5088 619 5125 :
651 5068 833 5140 Neque
859 5067 1003 5138 {ures
1032 5075 1249 5132 regnum
1279 5057 1375 5111 Dei
1399 5053 1732 5126 possidebunt
1760 5050 1813 5124 (Ι
1832 5049 1958 5106 Cor.

380 5162 493 5235 vi).
525 5161 629 5229 Qui
677 5174 808 5231 ergo
853 5167 1083 5225 regnum
1125 5149 1221 5205 Dei
1254 5147 1369 5205 vult
1413 5144 1717 5216 possidere,
1750 5157 1786 5197 a
1832 5141 1963 5197 furti

381 5256 527 5313 malo
555 5268 617 5312 se
654 5254 816 5311 debet
842 5243 1153 5306 omnimodo
1186 5241 1481 5307 custodire,
1522 5252 1613 5305 ne,
1650 5238 1779 5299 dum
1815 5236 1966 5306 cupit

383 5361 575 5416 rapere
599 5344 796 5405 aliena,
826 5347 884 5394 et
909 5332 1184 5408 propriam
1212 5331 1450 5386 animam
1480 5329 1700 5401 perdat,
1724 5336 1784 5383 et
1809 5327 1967 5382 amit-

382 5446 464 5493 tat
491 5434 737 5494 coelestia
765 5443 952 5500 regna.
979 5425 1098 5480 Non
1129 5423 1421 5488 modicum,
1456 5421 1552 5477 sed
1587 5419 1789 5491 grande
1814 5433 1965 5475 cont-

386 5531 554 5584 mittit
577 5525 799 5588 malum,
824 5518 921 5590 qui
946 5514 1104 5572 fratri
1126 5528 1406 5569 nummum
1430 5521 1487 5568 et
1509 5513 1613 5569 sibi
1638 5511 1779 5567 tollit
1800 5525 1967 5582 regna

388 5618 670 5673 cculorum.
693 5608 1003 5680 Intelligere
1036 5617 1268 5672 namque
1312 5602 1475 5658 debet
1515 5599 1811 5658 monachus
1839 5598 1967 5669 quia

389 5692 499 5765 non
541 5719 756 5778 semper
801 5693 1149 5758 uniformiter
1188 5687 1546 5750 committitur
1588 5690 1812 5747 furtum.
1863 5688 1968 5757 Qui

2051 3235 2201 3279 tuum
2231 3226 2390 3296 (Sup.
2428 3229 2545 3295 vi);
2586 3226 2701 3282 haec
2743 3229 2897 3284 enim
2924 3229 2979 3283 in
3039 3230 3246 3286 virtute
3268 3240 3371 3298 est,
3402 3235 3499 3289 sed
3560 3236 3631 3291 de

2048 3318 2146 3374 illa
2177 3330 2302 3389 qua:
2334 3321 2390 3374 in
2422 3321 2559 3375 vitio
2593 3330 2698 3386 est,
2746 3323 2810 3378 de
2847 3337 2954 3393 qua
3006 3322 3278 3381 Dominus
3323 3329 3444 3384 ait:
3502 3326 3629 3384 Non

2050 3413 2382 3482 concupisces
2411 3432 2517 3470 rem
2540 3417 2772 3480 proximi
2796 3418 2873 3471 tttt'
2907 3417 3106 3487 (Exod.
3134 3421 3245 3481 xx).
3268 3420 3307 3472 l.‘
3321 3420 3426 3472 mle
3459 3430 3509 3472 cl
3538 3421 3634 3474 Ja-

2050 3505 2219 3561 cobus
2247 3504 2323 3559 ait
2350 3522 2365 3558 :
2396 3502 2784 3575 Unusquisque,
2816 3502 3019 3572 inquit,
3061 3510 3294 3555 tentatur
3332 3518 3364 3555 a
3389 3500 3643 3570 concupi-

2051 3596 2249 3650 scentia
2275 3611 2374 3649 sua
2402 3594 2695 3648 abstractus
2740 3602 2789 3647 et
2824 3592 3026 3646 illectus
3062 3591 3272 3664 (Iacob.
3301 3588 3364 3663 ι).
3404 3590 3473 3645 Ει
3510 3604 3642 3644 con-

2052 3686 2385 3757 cupiscentia
2427 3700 2554 3741 cum
2597 3683 2909 3754 conceperit
2932 3683 3076 3753 parit
3111 3691 3415 3754 peccatum.
3442 3680 3642 3737 Petrus

2051 3792 2268 3846 quoque
2296 3776 2372 3831 ait
2397 3794 2409 3830 :
2450 3774 2729 3846 Fugientes
2757 3775 2895 3845 ejus,
2933 3790 3050 3845 qua:
3074 3775 3130 3828 in
3165 3772 3360 3827 mundo
3391 3781 3489 3837 est,
3515 3787 3643 3825 con-

2052 3870 2384 3940 cupiscentia:
2436 3868 2819 3938 corruptionem
2870 3864 2954 3939 (11
2982 3864 3098 3919 Pet.
3132 3865 3211 3930 ι),
3249 3864 3405 3934 juxta
3454 3863 3584 3917 illud
3621 3876 3640 3917 :

2054 3963 2223 4029 Quasi
2251 3982 2282 4016 a
2319 3961 2456 4031 facie
2482 3960 2704 4024 colubri,
2733 3959 2807 4013 sic
2834 3958 2955 4029 fuge
2981 3966 3249 4028 peccatum
3289 3952 3480 4027 (Eccli.
3502 3952 3642 4026 XXI).

2053 4052 2121 4109 Et
2137 4052 2347 4107 ‘Paulus
2379 4051 2654 4123 apostolus
2676 4050 2752 4104 ait
2777 4067 2790 4103 :
2823 4048 2946 4103 Non
2971 4058 3151 4118 regnet
3181 4058 3450 4118 peccatum
3474 4046 3531 4099 in
3559 4061 3643 4099 ve-

2053 4154 2163 4200 stro
2190 4143 2402 4198 mortali
2433 4157 2669 4213 corpore,
2697 4149 2755 4195 ut
2784 4138 3037 4194 obediatis
3067 4134 3498 4207 concupiscentiis
3524 4134 3641 4204 ejus

2057 4234 2246 4308 (Rom.
2276 4234 2388 4306 η).
2423 4232 2561 4289 Hinc
2601 4232 2763 4288 datur
2803 4228 3029 4299 intelligi
3073 4228 3201 4298 quia
3245 4241 3345 4296 per
3388 4216 3647 4294 concupi-

2021 4336 2031 4344 ‘
2056 4326 2318 4382 scentiam
2345 4323 2592 4379 mortalis
2616 4321 2860 4391 corporis
2883 4319 3117 4375 maxime
3141 4323 3425 4388 peccatum
3454 4320 3648 4386 regnat

2060 4419 2113 4474 in
2145 4416 2381 4472 homine.
2426 4413 2663 4470 Joannes
2702 4424 2919 4483 quoque
2958 4406 3035 4464 ait
3067 4425 3080 4462 :
3116 4406 3285 4463 Omne
3323 4406 3462 4475 quod
3488 4413 3562 4460 est
3588 4403 3647 4459 in

2059 4506 2256 4563 mando
2304 4505 2719 4575 concupiscentia
2767 4501 2943 4556 carnis
2984 4508 3088 4566 est,
3130 4507 3180 4553 et
3229 4495 3649 4567 concupiscentia

2062 4595 2367 4659 oculorum,
2397 4603 2446 4649 et
2493 4593 2735 4664 superbia
2763 4594 2885 4647 vita:
2911 4589 2967 4663 (I
2991 4589 3153 4646 Joan.
3180 4586 3265 4660 ιι).
3309 4584 3409 4642 llis
3449 4586 3648 4656 quippe

2061 4685 2317 4740 vitiorum
2345 4683 2618 4739 vocabulis
2644 4683 2827 4738 omnia
2871 4676 3127 4736 vitiorum
3158 4691 3358 4748 genera
3402 4689 3650 4745 compre-

2062 4775 2271 4832 hendit.
2318 4774 2769 4845 Concupisceutia
2819 4785 3054 4842 namque
3106 4768 3288 4824 carnis
3339 4774 3424 4822 est
3486 4777 3649 4820 omne

2067 4957 2265 5028 quibus
2289 4962 2415 5011 sunt
2461 4953 2698 5009 maxime
2742 4953 2919 5017 cibus,
2949 4957 3128 5020 potus,
3168 4944 3508 5009 concubitus,
3539 4949 3649 4997 etc.

2068 5048 2515 5119 Concupisceutia
2552 5056 2681 5103 vero
2712 5046 2996 5104 oculorum
3027 5050 3112 5098 est
3149 5040 3330 5097 omnis
3365 5036 3654 5094 curiositas

2068 5138 2250 5196 saeculi
2303 5138 2359 5193 in
2394 5120 2741 5209 acquirendis
2774 5135 2937 5191 rebus
2976 5130 3366 5203 temporalibus
3405 5134 3463 5182 et
3504 5124 3654 5182 curis

2068 5232 2434 5304 supervacuis,
2463 5232 2518 5286 in
2554 5228 2935 5302 dignoscendis
2960 5226 3120 5281 bonis
3142 5229 3199 5279 et
3231 5220 3412 5287 malis,
3444 5225 3502 5275 et
3526 5231 3654 5289 pro-

2068 5324 2339 5378 ximorum
2367 5309 2652 5393 carpendis
2677 5319 2844 5374 vitiis.
2875 5315 2992 5374 Hoc
3022 5315 3169 5371 enim
3197 5307 3651 5382 concupiscentia:

2066 5416 2257 5472 vitium
2308 5415 2538 5471 multum
2586 5422 2671 5470 est
2718 5411 3018 5469 cavendum
3062 5424 3093 5463 a
3128 5406 3431 5464 monachis.
3474 5401 3655 5458 Facile

2068 5507 2213 5562 enim
2241 5505 2475 5577 subripit
2496 5512 2752 5569 mentem,
2780 5512 2831 5559 et
2860 5498 3195 5557 infundendo
3218 5497 3369 5552 virus
3405 5494 3513 5550 cito
3538 5490 3655 5546 ani-

2068 5612 2214 5653 mam
2238 5596 2437 5668 mergit
2458 5595 2515 5650 in
2545 5602 2796 5652 mortem.
2818 5592 3117 5664 Propterea
3140 5590 3287 5645 inter
3310 5587 3497 5642 decem
3523 5582 3657 5653 legis

2069 5698 2360 5763 praecepta,
2396 5688 2540 5745 sicut
2570 5684 2943 5756 homicidium,
2987 5680 3192 5741 furtum
3219 5685 3276 5736 et
3305 5675 3655 5739 adulterium,
