3940 6410
227 369 332 424 755

1270 369 1620 426 COMMENT.
1662 371 1728 425 1N
1767 370 1925 427 REG.
1970 371 2028 428 S.
2065 373 2441 431 BENEDlCTl.

3387 382 3488 438 73b

226 480 300 534 ita
344 477 800 548 concupiscentia:
845 479 1046 534 malum
1103 481 1423 554 prohibetur
1465 498 1496 535 a
1542 482 1802 547 Domino;
1832 487 1884 547 Α
1910 482 2126 555 (Matth.
2150 486 2268 558 vn).
2301 487 2426 544 Haec
2453 491 2716 545 sententia
2748 510 2871 547 tam
2904 495 3224 553 refertur-ad
3249 499 3489 555 dilectio-

222 571 351 640 quia
383 571 527 625 sicut
556 571 644 624 illa
681 571 906 626 trahunt
927 575 996 627 ad
1021 587 1259 642 ptenam,
1287 575 1362 628 ita
1390 573 1723 630 abstractum
1751 584 1807 630 et

225 661 465 715 illectum
511 660 786 716 hominem
830 662 1266 732 concupiscentia
1294 662 1491 720 inferni
1521 666 1716 736 mergit
1750 666 1805 721 in

225 748 454 804 foveam.

294 841 350 893 7.
401 839 524 894 Non
577 840 771 909 falsum
821 841 1173 897 testimonium
1220 844 1393 898 dicere
1444 842 1652 916 (Exod.
1698 861 1801 913 xx;

224 930 383 984 Deut.
407 929 484 1001 v).
517 931 734 986 Falsum
763 934 1132 987 testimonium
1162 934 1380 1001 dicitur,
1406 950 1516 1005 quo
1541 952 1683 1006 saepe
1712 953 1804 992 vc—

224 1023 358 1078 ritas
383 1022 651 1090 illuditur,
675 1030 738 1076 ut
756 1039 878 1092 quae
905 1023 1045 1078 facta
1075 1025 1161 1079 vel
1189 1025 1333 1079 dicta
1362 1034 1489 1081 sunt
1515 1028 1669 1096 quasi
1696 1041 1801 1088 non

223 1112 365 1167 facta
408 1121 690 1184 negentur.
719 1115 814 1170 Est
850 1124 906 1170 et
952 1116 1098 1171 aliud
1139 1118 1404 1173 mendacii
1449 1133 1619 1188 genus
1660 1120 1804 1189 quod

224 1205 380 1260 valde
405 1206 726 1267 monachum
759 1206 890 1262 facit
919 1221 1092 1264 reum.
1125 1208 1312 1265 Omnis
1339 1210 1485 1264 enim
1511 1213 1804 1281 promissio

219 1312 344 1366 qum
389 1304 598 1379 tantum
643 1299 824 1353 verbis
865 1300 1142 1368 profertur
1177 1308 1233 1355 et
1270 1301 1525 1370 operibus
1555 1318 1661 1358 non
1707 1305 1803 1360 im-

220 1387 418 1457 pletur,
447 1389 568 1444 sine
591 1389 754 1444 dubio
780 1389 974 1444 falsum
1001 1406 1121 1446 esse
1163 1392 1528 1446 testimonium
1555 1409 1804 1464 compro—

220 1477 402 1532 batur.
449 1478 585 1534 Hinc
630 1495 864 1549 namque
900 1480 1154 1535 Salomon
1189 1482 1314 1552 ait:
1362 1482 1523 1538 Testis
1577 1485 1802 1539 mendax

219 1569 428 1638 peribit,
455 1572 536 1623 rir
559 1579 734 1624 autem
781 1571 1024 1626 obediens
1063 1571 1294 1644 loquitur
1341 1576 1584 1630 victorias
1614 1575 1797 1647 (Prov.

220 1661 370 1733 xxi);
401 1663 525 1731 quia
553 1663 644 1731 qui
669 1678 728 1718 se
771 1665 880 1720 Deo
908 1665 1115 1718 servire
1147 1673 1396 1731 testatur,
1427 1682 1525 1721 nec
1552 1667 1695 1722 dicta
1720 1666 1802 1720 fa-

217 1754 325 1808 ctis
369 1757 714 1824 exsequitur,
737 1755 792 1810 in
825 1766 1087 1811 aeternum
1131 1758 1352 1827 peribit.
1383 1757 1485 1826 Qui
1528 1768 1706 1814 autem
1741 1769 1800 1815 ut

1911 589 2034 630 nem
2064 577 2181 635 Dei.
2205 581 2386 633 omnia
2407 579 2608 650 flagitia
2634 583 2967 651 moriuntur;
2995 602 3118 642 cum
3143 589 3211 643 ad
3228 592 3484 658 proximi.

1909 667 2089 720 omnia
2122 667 2379 724 facinora.
2412 669 2514 736 Qui
2542 673 2684 726 enim
2716 676 2859 743 quod
2897 676 3000 731 sibi
3028 679 3298 744 nonvult,
3329 681 3486 738 alteri

1908 773 2015 812 non
2051 758 2202 822 facit,
2228 759 2385 814 fratri
2417 759 2615 817 malum
2640 780 2747 819 non
2777 766 2993 835 ingerit,
3027 785 3129 825 nec
3154 772 3354 827 malum
3384 789 3486 843 pro

1907 847 2051 900 malo
2079 848 2288 913 reddit,
2315 850 2659 908 maledictum
2685 869 2783 923 pro
2810 855 3094 912 maledicto
3121 876 3225 914 non
3255 862 3480 930 profert,

1905 936 2115 992 occulte
2140 939 2388 1006 proximo
2429 956 2535 995 non
2579 942 2848 1007 detrahit,
2893 962 2992 1001 nec
3019 947 3136 1016 ejus
3159 950 3316 1006 bonis
3355 969 3485 1024 ope-

1906 1027 2056 1083 ribus
2091 1030 2314 1097 invidet,
2342 1039 2396 1086 et
2425 1033 2690 1100 omnium,
2719 1036 2793 1090 ita
2831 1044 2888 1091 ut
2926 1038 3124 1106 dicam,
3152 1056 3182 1095 a
3207 1058 3265 1096 se
3293 1060 3485 1113 pecca-

1905 1127 2083 1175 torum
2117 1123 2320 1177 aditum
2355 1124 2578 1192 claudit,
2605 1136 2658 1180 et
2694 1128 2980 1184 charitatis
3015 1138 3068 1186 et
3103 1133 3346 1188 omnium
3387 1135 3482 1189 bo-

1904 1227 2098 1266 narum
2144 1213 2407 1268 virtutum
2446 1214 2668 1283 ianuam
2713 1217 2987 1287 patefacit.
3033 1220 3167 1276 Nam
3215 1223 3339 1278 dum
3392 1225 3485 1280 alit

1905 1302 2105 1355 malum
2153 1318 2253 1358 nec
2297 1306 2412 1360 vult
2456 1322 2557 1362 nec
2583 1316 2864 1377 operatur,
2895 1310 3096 1365 bonum
3134 1314 3252 1368 sine
3294 1315 3480 1380 dubio,

1903 1402 2163 1462 quantum
2191 1395 2334 1451 vires
2379 1406 2701 1467 suppetunt,
2738 1401 3082 1468 proaimoet
3112 1403 3309 1460 vult'et
3353 1421 3484 1476 Ope-

1902 1486 2075 1538 ratur.
2111 1484 2237 1540 Hmc
2283 1495 2463 1542 autem
2492 1490 2760 1544 sententia
2798 1499 2854 1545 et
2887 1506 2953 1547 eo
2982 1494 3162 1559 modo,
3203 1495 3343 1550 sicut
3391 1513 3481 1551 su-

1899 1575 2085 1642 perius
2108 1575 2174 1629 de
2204 1575 2384 1631 futuro
2418 1577 2624 1632 dictum
2669 1588 2772 1645 est,
2805 1581 3148 1654 intelligenda
3178 1593 3279 1640 est.
3311 1585 3481 1641 Nemo

1901 1665 2044 1719 enim
2086 1667 2201 1720 vult
2229 1669 2506 1738 corrumpi
2549 1671 2913 1726 habitaculum
2963 1689 3139 1740 suum,
3184 1691 3284 1730 nec
3322 1676 3483 1732 debet

1901 1755 1988 1810 ille
2019 1771 2367 1828 corrumpere
2399 1758 2766 1814 habitaculum
2812 1761 2942 1829 Dei,
2989 1765 3339 1836 semetipsum
3375 1769 3481 1822 sci;

219 1847 488 1916 promittit
529 1847 757 1901 ﬁdeliter
798 1848 1021 1916 implere
1051 1849 1344 1914 contendit,
1390 1850 1546 1918 hujus
1585 1851 1795 1918 loquela
1825 1850 1871 1909 B
1898 1851 2040 1906 licet.
2075 1851 2243 1907 Nemo
2283 1852 2440 1907 enim
2471 1853 2586 1908 vult
2615 1861 2675 1908 ut
2718 1854 2923 1926 aliquis.
2956 1872 3173 1912 servum
3218 1857 3335 1926 ejus
3376 1859 3479 1914 toi;

215 1938 288 1989 ad
332 1937 614 1990 victoriam
663 1939 936 2006 pervenit,
980 1939 1106 2007 quia
1154 1939 1278 1993 dum
1311 1954 1409 2008 per
1435 1940 1794 1995 obedientiam

215 2025 485 2081 desideria
523 2044 622 2082 sua
666 2029 882 2084 vincere
925 2030 1140 2098 satagit,
1173 2030 1560 2100 perjustitiam
1595 2028 1795 2098 judicis

215 2115 557 2184 postmodum
595 2117 835 2172 victoria:
867 2118 1104 2186 palmam
1148 2119 1394 2189 percipit.
1441 2118 1576 2174 Nam
1606 2128 1660 2174 et
1707 2120 1796 2176 ille

216 2201 386 2259 falsus
413 2220 532 2261 esse
583 2208 738 2262 testis
787 2209 1065 2278 probatur,
1103 2209 1200 2278 qui
1243 2225 1348 2263 non
1393 2211 1585 2266 eodem
1634 2227 1794 2268 sensu

215 2293 361 2348 dicta
393 2294 646 2365 intelligit
686 2311 802 2365 quo
823 2297 1096 2350 dicuntur.
1123 2297 1200 2351 De
1227 2297 1424 2354 talibus
1453 2300 1600 2354 enim
1638 2308 1796 2356 erant

216 2385 292 2440 illi
322 2389 390 2441 de
435 2389 631 2456 quibus
678 2389 1030 2460 Evangelium
1057 2389 1234 2445 dicit:
1278 2391 1572 2445 Nouissime
1619 2402 1794 2446 autem

216 2492 464 2536 venerunt
501 2484 605 2536 duo
653 2483 776 2553 falsi
807 2493 980 2550 testes,
1007 2494 1115 2538 etc.
1167 2484 1380 2556 (Matth.
1407 2485 1576 2556 xxvi).
1606 2485 1711 2540 Sed
1739 2473 1818 2540 et.

215 2573 343 2628 illud
375 2573 841 2646 falsitatisgenus,
867 2577 936 2631 de
960 2593 1067 2646 quo
1093 2576 1375 2631 Psalmista
1401 2577 1477 2630 ait
1501 2593 1515 2631 :
1546 2577 1622 2630 Ab
1647 2589 1794 2633 utero

213 2678 536 2733 erraverunt,
563 2677 609 2721 et
652 2686 684 2722 a
711 2678 884 2722 ventre
913 2668 1072 2723 locuti
1098 2678 1219 2723 sunt
1256 2669 1392 2738 falsa
1422 2669 1594 2740 (Psal.
1623 2669 1787 2741 Lvn);

214 2758 285 2812 ab
314 2759 420 2812 illis
463 2773 803 2830 summopere
849 2759 1143 2814 cavendum
1181 2768 1265 2813 est
1294 2759 1570 2814 monachis
1595 2760 1688 2828 qui
1722 2759 1791 2813 ad

213 2861 449 2916 superna
486 2849 752 2904 immunes
790 2850 1014 2918 cupiunt
1040 2850 1303 2904 scandere
1340 2865 1527 2920 regna,
1556 2851 1702 2918 quia,
1734 2855 1791 2903 ut

215 2938 469 2994 Salomon
497 2942 589 3004 ait,
631 2943 772 2995 testis
803 2940 969 3009 falsus
999 2958 1103 2995 non
1144 2942 1241 2994 erit
1285 2941 1573 3011 impunitus
1602 2939 1786 3012 (Prov.

213 3032 361 3106 xxx).
395 3035 569 3090 Testis
597 3045 779 3090 autem
828 3034 1102 3091 falsidicus
1131 3035 1305 3088 tribus
1350 3034 1625 3088 invenitur
1662 3050 1788 3104 per-

211 3132 362 3186 sonis
393 3131 691 3186 obnoxius:
726 3132 965 3200 primum
1003 3131 1134 3195 Deo,
1162 3143 1321 3199 quem
1369 3126 1633 3193 falsando,
1665 3142 1789 3197 per-

1900 1940 1994 2006 lat,
2024 1949 2078 1996 et
2106 1942 2292 2009 alteri,
2331 1943 2484 2013 cujus
2531 1959 2638 2000 non
2669 1943 2829 2002 debet
2873 1961 3012 2013 esse,
3058 1949 3259 2002 tradat.
3309 1949 3480 2004 Nemo

1898 2030 2014 2084 vult
2040 2039 2100 2086 ut
2119 2032 2426 2101 jumentum
2449 2049 2606 2088 suum
2637 2034 2777 2090 latro
2805 2037 2987 2107 abigat
3016 2045 3072 2092 et
3090 2039 3328 2108 prmdoni
3354 2055 3479 2094 eum

1898 2119 2054 2176 ferat.
2085 2121 2256 2177 Nemo
2281 2124 2397 2178 vult
2426 2131 2483 2178 ut
2523 2125 2720 2196 aliquis
2762 2128 3156 2184 habitationem
3197 2132 3313 2202 ejus
3349 2132 3482 2188 diri-

1895 2213 2010 2282 piat
2037 2214 2398 2284 templumque
2426 2215 2543 2284 ejus
2577 2218 2872 2274 subvertat.
2899 2221 3038 2292 Ergo
3068 2223 3212 2292 quod
3239 2225 3341 2280 sibi
3371 2243 3476 2282 non

1896 2304 2010 2360 vult
2035 2305 2150 2362 fieri
2187 2309 2369 2373 homo,
2395 2325 2501 2366 non
2532 2309 2696 2367 faciat
2719 2313 2852 2379 Deo,
2887 2315 2938 2369 id
2969 2325 3070 2381 est,
3100 2333 3207 2371 non
3237 2319 3385 2372 tollat
3420 2336 3480 2376 se

1896 2397 2035 2453 male
2077 2399 2305 2456 vivendo
2334 2401 2467 2466 Deo,
2515 2409 2571 2458 et
2614 2404 2962 2474 semetipsum
3014 2407 3194 2464 tradat
3240 2409 3478 2476 diabolo,

1895 2487 1988 2542 sed
2017 2488 2071 2542 in
2101 2488 2256 2545 benis
2287 2493 2539 2560 operibus
2567 2508 2920 2561 perseverans
2944 2509 3068 2549 cum
3097 2495 3266 2552 David
3293 2497 3474 2554 dicat:

1898 2575 1963 2631 Ut
1983 2579 2281 2648 jumentum
2314 2584 2488 2653 factus
2529 2602 2645 2640 sum
2671 2587 2810 2656 apud
2839 2597 2886 2642 te
2907 2601 2926 2640 :
2954 2597 3002 2643 et
3041 2606 3131 2660 ego
3171 2607 3374 2661 semper
3397 2601 3476 2646 tc-

1895 2683 2010 2721 cum
2045 2667 2216 2740 (Psal.
2249 2673 2442 2744 Lxxn).
2485 2673 2882 2732 Habitationem
2908 2677 3004 2733 Dei
3034 2679 3089 2734 in
3130 2695 3190 2736 se
3216 2695 3323 2735 non
3349 2683 3479 2736 sub-

1894 2765 2044 2822 ruat,
2079 2761 2339 2829 templum
2385 2764 2694 2830 subvertat,
2723 2767 2848 2834 quia
2881 2769 3142 2838 scriptum
3172 2779 3293 2825 est:
3327 2769 3480 2824 Tem-

1892 2844 2035 2915 plum
2074 2847 2176 2902 Dei
2213 2851 2352 2916 estis,
2391 2859 2439 2906 et
2477 2854 2694 2922 spiritus
2745 2853 2960 2910 Domini
3006 2859 3205 2913 habitat
3244 2860 3302 2914 in
3336 2861 3476 2916 vobis

1896 2934 1950 3014 (Ι
1977 2936 2098 2992 Cor.
2127 2937 2233 3011 ιιι).
2261 2941 2326 2994 Ει
2351 2941 2441 3010 qui
2471 2942 2725 3012 templum
2757 2942 2970 2999 Domini
3013 2945 3070 2999 in
3103 2948 3283 3018 seipso
3310 2948 3480 3004 viola-

1890 3032 2052 3097 verit,
2081 3031 2353 3102 disperdet
2376 3032 2527 3086 illum
2557 3033 2718 3087 Deus.
2750 3033 2890 3104 Ergo
2920 3035 2983 3088 in
3005 3037 3294 3108 semetipso
3334 3039 3477 3095 male

1895 3123 2121 3178 vivendo
2152 3123 2470 3188 monachus,
2504 3131 2560 3177 et
2587 3138 2806 3178 servum
2831 3125 3044 3180 Domini
3073 3125 3302 3184 Domino
3341 3130 3473 3184 sub-

206 3220 441 3292 jurando
485 3231 539 3276 et
583 3197 889 3276 mentiendo
931 3197 1264 3284 contemnit;
1315 3219 1550 3274 secundo
1588 3217 1785 3286 iudici,
1816 3197 1860 3259 (ἶ
1894 3215 2080 3280 trahit,
2107 3223 2163 3270 et
2205 3212 2324 3282 ejus
2363 3215 2670 3285 jnmentum
2716 3217 2903 3288 abigit,
2932 3225 2987 3272 et
3017 3217 3252 3289 Spiritus
3299 3221 3474 3275 sancti

208 3329 372 3384 quem
438 3314 769 3377 simulando,
829 3313 1138 3368 mentiendo
1189 3319 1244 3367 et
1297 3311 1543 3366 falsando
1610 3309 1788 3377 fallit;

212 3414 490 3476 postremo
521 3405 815 3471 innocenti,
839 3419 1000 3474 quem
1027 3403 1160 3458 falso
1199 3402 1509 3458 testimonio
1552 3401 1696 3457 laedit
1736 3411 1794 3456 et

211 3496 484 3566 opprimit.
513 3496 646 3549 Nam
693 3496 832 3551 sicut
870 3495 957 3550 ille
1001 3494 1140 3564 apud
1188 3492 1357 3548 Deum
1399 3492 1792 3548 condemnatur

209 3587 306 3655 qui
336 3586 596 3640 adversus
624 3585 968 3640 innocentem
994 3584 1189 3638 falsum
1227 3582 1590 3637 testimonium
1635 3579 1788 3645 dicit,

205 3679 280 3732 ita
313 3687 371 3732 et
415 3678 504 3730 ille
531 3677 624 3745 qui
654 3676 956 3731 dicentibus
985 3675 1142 3731 facile
1186 3675 1360 3730 credit
1386 3682 1442 3729 et
1466 3675 1573 3729 cito
1601 3685 1788 3728 aurem

207 3769 531 3825 criminibus
556 3769 776 3836 praebet.
803 3767 994 3820 Sermo
1015 3767 1160 3820 enim
1177 3765 1307 3832 justi
1324 3766 1557 3820 hominis
1579 3773 1788 3820 tantum

207 3861 276 3914 ad
306 3858 666 3912 ministerium
691 3857 850 3912 debet
873 3871 994 3911 esse
1015 3855 1221 3920 salutis,
1245 3869 1350 3908 non
1375 3853 1442 3908 ad
1469 3854 1790 3908 condemna-

207 3951 412 4004 tionem
442 3946 646 4001 fratris.

281 4041 336 4094 8.
359 4037 410 4090 Η
417 4053 636 4091 onerare
657 4051 833 4090 omnes
859 4036 1092 4090 homines
1121 4034 1172 4106 (1
1189 4032 1304 4088 Pet.
1321 4032 1404 4105 ιι).
1424 4034 1581 4088 Tunc
1598 4046 1788 4088 omnes

206 4129 456 4183 homines
489 4127 788 4182 monachus
816 4127 1079 4190 honorat,
1119 4127 1334 4196 quando
1377 4140 1436 4180 se
1481 4123 1786 4193 despiciens

210 4218 519 4274 hominibus
539 4233 649 4286 prae
669 4218 880 4272 cunctis
901 4216 1168 4281 humiliat,
1190 4222 1245 4270 et
1270 4229 1458 4270 omnes
1475 4213 1785 4284 superiores

207 4307 506 4371 aestimans,
545 4304 856 4361 inferiorem
903 4321 968 4360 se
1007 4320 1128 4360 esse
1171 4305 1530 4368 demonstrat;
1569 4303 1786 4372 quando

209 4415 315 4452 non
345 4397 514 4452 solum
543 4397 903 4452 humilitatem
932 4397 987 4451 in
1013 4397 1198 4462 corde,
1225 4395 1319 4451 sed
1346 4393 1705 4463 abjcctionem
1731 4401 1786 4448 et

207 4490 604 4558 despectionem
631 4503 728 4542 suo
751 4495 1015 4542 monstrat
1038 4487 1094 4541 in
1122 4502 1378 4557 corpore;
1407 4486 1624 4556 quando
1652 4500 1786 4540 cun-

207 4589 325 4635 ctos
358 4594 540 4633 amore
585 4578 831 4633 fraterno
865 4578 1259 4648 complectitur,
1299 4586 1354 4632 et
1398 4575 1694 4641 humiliter,
1726 4585 1786 4630 ut

207 4671 472 4734 seniores,
500 4679 819 4735 veneratur;
861 4669 1078 4738 quando
1117 4681 1177 4722 se
1209 4683 1319 4737 pra:
1362 4667 1570 4722 cunctis
1597 4681 1785 4735 pecca-

205 4769 381 4815 torem
425 4761 738 4829 pronuntiat
788 4767 845 4814 et
895 4759 1136 4814 inutilem
1188 4771 1402 4813 servum
1447 4757 1779 4827 proclamat;

204 4853 422 4923 quando
457 4853 700 4907 seniores
738 4853 969 4906 honorat
1007 4859 1069 4905 ut
1111 4860 1310 4921 patres,
1341 4850 1514 4921 diligit
1538 4848 1783 4917 juniores

203 4951 268 4999 ut
312 4943 528 4998 fratres.
556 4943 693 4998 Hinc
732 4944 876 4997 enim
905 4943 1098 4998 Petrus
1128 4942 1402 5011 apostolus
1445 4942 1560 4995 ait:
1588 4940 1782 4996 Omnes

205 5037 481 5097 honorate,
510 5033 892 5102 fraternitatem
920 5033 1121 5103 diligite
1147 5031 1200 5102 (Ι
1223 5030 1341 5085 Pet.
1368 5030 1450 5102 ιι).
1475 5030 1622 5085 Hinc
1644 5029 1782 5084 Pau-

206 5128 296 5182 lus-
337 5127 589 5180 admonet
630 5125 816 5180 dicens
847 5143 862 5179 ε
895 5123 1110 5178 Honore
1150 5125 1368 5177 invicem
1414 5124 1782 5193 prwveuientes

109 5233 115 5240 ‘
205 5217 384 5289 (Rom.
433 5216 562 5286 xu).
611 5216 848 5270 Honorat
891 5229 1022 5285 ergo
1066 5229 1254 5270 omnes
1299 5214 1544 5268 homines
1591 5229 1779 5268 mona-

203 5308 358 5371 chus,
386 5307 605 5375 quando
626 5307 835 5361 cunctis
860 5306 1162 5374 subjicitur,
1192 5305 1340 5359 utilis
1365 5303 1638 5368 omnibus,
1672 5319 1784 5358 mu-

205 5399 400 5452 niﬁcus
451 5405 506 5450 et
550 5406 736 5468 gratus
783 5396 1032 5451 habetur.
1090 5395 1224 5450 Nam
1272 5403 1327 5449 et
1380 5395 1554 5449 honor
1609 5394 1780 5448 sacris

205 5488 400 5542 litteris
437 5503 543 5541 non
589 5495 796 5541 tantum
837 5487 890 5540 in
934 5487 1348 5541 salutationibus
1373 5493 1427 5540 et
1459 5484 1780 5539 obedientim

205 5577 396 5632 ciliciis
419 5575 742 5641 deferendis,
765 5584 1028 5645 quantum
1061 5585 1117 5630 et
1143 5577 1195 5630 in
1222 5575 1596 5645 eleemosynis,
1623 5574 1778 5628 donis

206 5685 269 5727 ac
294 5671 609 5726 muneribus
629 5671 942 5740 intelligitur
963 5671 1177 5726 dandis.
1366 5743 1370 5746 ﬁ

273 5763 328 5817 9.
363 5761 430 5816 Et
462 5761 600 5833 quod
639 5763 738 5817 sibi
763 5763 878 5833 quis
905 5763 1020 5831 ﬁeri
1057 5780 1157 5816 non
1189 5763 1310 5827 vult,
1343 5763 1433 5817 alii
1471 5779 1572 5817 non
1619 5761 1778 5831 faciat

1891 3307 2091 3362 donum
2135 3307 2379 3371 subruit,
2421 3307 2678 3376 templum
2723 3307 3019 3375 subvertit;
3063 3317 3119 3364 et
3161 3309 3265 3365 hoe
3310 3311 3472 3366 modo

1890 3398 2034 3466 quod
2064 3397 2168 3452 sibi
2193 3390 2298 3451 non
2325 3395 2460 3463 vult,
2483 3397 2638 3451 alteri
2665 3397 2814 3452 facit.

1962 3488 2048 3543 l0.
2089 3486 2358 3557 Abnegare
2408 3489 2736 3559 semetipsum
2785 3489 2884 3543 sibi
2929 3500 2986 3544 ut
3035 3499 3286 3562 sequatur
3319 3480 3475 3546 Chri-

1888 3589 2046 3633 stum.
2078 3578 2362 3649 Abnegare
2391 3580 2710 3649 intelligitur
2745 3593 2995 3646 renuere,
3029 3598 3248 3652 negare,
3279 3584 3360 3638 vel
3393 3583 3475 3639 in-

1890 3671 2188 3736 terdicere;
2228 3671 2486 3726 Dominus
2518 3673 2662 3725 enim
2699 3672 2754 3726 in
2790 3672 3081 3744 Evangelio
3120 3673 3235 3727 ait:
3271 3672 3332 3729 Si
3357 3675 3475 3745 quis

1889 3761 1996 3816 uult
2021 3769 2136 3832 post
2165 3778 2247 3816 me
2273 3764 2466 3829 venire,
2494 3764 2707 3835 abneget
2737 3766 3064 3836 semetipsum
3094 3776 3142 3820 et
3168 3765 3316 3820 tollat
3353 3784 3474 3822 cru-

1888 3865 1998 3902 cem
2040 3865 2218 3914 suam,
2253 3859 2301 3903 et
2329 3860 2578 3920 sequatur
2602 3867 2683 3904 me
2713 3851 2930 3921 (Matth.
2954 3853 3087 3926 χιιι).
3139 3854 3208 3908 Et
3234 3855 3362 3924 quid
3391 3864 3475 3912 est

1888 3941 2158 4010 abnegarc
2195 3941 2542 4009 semetipsum
2591 3941 2721 4006 sibi,
2764 3942 2868 3996 nisi
2920 3944 3189 4012 deponere
3233 3954 3475 4002 veterem

1888 4029 2162 4083 liotninem
2202 4043 2326 4083 cum
2351 4030 2564 4084 actibus
2588 4030 2721 4084 suis.
2748 4030 2816 4083 Et
2842 4031 2971 4100 quid
3008 4040 3093 4086 est
3120 4034 3274 4103 sequi
3318 4035 3474 4090 Chri-

1888 4129 2050 4183 stum,
2082 4120 2184 4174 nisi
2213 4119 2436 4175 induere
2477 4135 2677 4174 novum
2715 4121 3010 4186 hominem,
3034 4122 3143 4192 qui-
3175 4124 3482 4196 secundum;

1887 4211 2056 4265 Deum
2090 4220 2308 4265 creatus
2337 4217 2421 4265 est
2461 4211 2515 4263 in
2552 4210 2762 4278 justitia
2789 4219 2844 4266 et
2888 4212 3347 4278 sanctiﬁcatione;
3379 4215 3472 4283 qui

1887 4299 2220 4371 spiritaliter,
2265 4315 2371 4355 non
2399 4300 2694 4355 carnaliter
2720 4301 2901 4366 vivat;
2934 4299 3072 4355 Caro
3113 4303 3250 4356 enim
3278 4319 3472 4357 concu-

1885 4393 2035 4462 piscit
2064 4391 2310 4446 adversus
2337 4393 2599 4461 spiritum,
2627 4393 2842 4461 spiritus
2869 4401 3044 4446 autem
3073 4393 3323 4447 adversus
3355 4410 3471 4447 car-

1889 4497 2022 4544 nem,
2055 4481 2106 4534 id
2137 4489 2238 4544 est,
2271 4488 2424 4536 vetus
2451 4481 2625 4535 homo
2646 4481 2907 4535 adversus
2948 4495 3171 4546 novum,
3213 4491 3268 4536 et
3298 4497 3472 4538 novus

1809 4543 1862 4603 D
1889 4573 2146 4628 adversus
2169 4581 2431 4627 veterem.
2454 4571 2685 4630 interior
2708 4573 2872 4627 homo
2897 4579 3082 4628 noster
3107 4573 3385 4639 exteriori,
3415 4583 3474 4630 et

1888 4665 2127 4720 exterior
2160 4664 2406 4719 interiori
2449 4672 2732 4736 repugnat.
2781 4663 2922 4719 Caro
2951 4663 3096 4719 enim
3133 4677 3348 4735 semper
3392 4665 3472 4720 in-

1888 4755 2040 4809 utilia
2077 4762 2135 4810 et
2156 4755 2366 4811 caduca
2401 4755 2702 4820 desiderat,
2740 4755 2964 4826 spiritus
2990 4755 3140 4809 utilia
3169 4755 3381 4826 quaerit,
3413 4765 3470 4812 et

1887 4865 2100 4920 semper
2118 4849 2190 4904 ad
2221 4859 2422 4904 mterna
2450 4851 2706 4920 suspirat.
2737 4850 2875 4905 Caro
2904 4849 3216 4919 frequenter
3239 4857 3296 4904 et
3321 4851 3471 4906 curis

1888 4945 2452 5014 sollicitudinibusque
2499 4945 2681 5000 saeculi
2730 4951 3029 5014 torquetur,
3065 4944 3336 5000 illecebris
3373 4959 3470 4998 vo—

1890 5038 2154 5108 luptatum
2197 5039 2512 5108 subripitur,
2549 5039 2730 5093 carnis
2757 5038 3039 5092 desideriis
3082 5037 3465 5102 inflammatur,-

1889 5131 2070 5184 vivere
2096 5129 2268 5183 otiose
2296 5129 2528 5191 laetatur,
2559 5129 2838 5199 lethargire
2880 5129 3013 5182 vitio
3041 5137 3469 5199 gravatur,.coro

1888 5220 2046 5288 poris.
2082 5232 2272 5287 sopore
2318 5218 2667 5287 deprimitur,
2714 5219 2910 5273 mentis
2955 5219 3162 5272 desidia
3205 5217 3467 5282 inficitur.

1889 5307 2204 5362 voracitatis
2245 5306 2480 5376 ingluvie
2515 5308 2809 5374 seducitur,
2849 5309 2952 5363 cibi
2988 5317 3045 5363 et
3079 5318 3238 5378 potus
3277 5323 3462 5376 super.-

1888 5398 2096 5454 ﬂuitato
2140 5398 2479 5452 distenditur.
2519 5398 2588 5451 Et
2626 5413 2748 5453 cum
2791 5400 2845 5454 in
2891 5400 2977 5454 his
3017 5399 3267 5453 omnibus
3313 5398 3469 5450 luxu-

1884 5488 2030 5542 riose
2074 5487 2333 5552 nutritur,
2370 5488 2437 5541 ad
2467 5487 2836 5543 fornicationis
2863 5490 3151 5544 nefandum
3179 5503 3313 5556 opus
3339 5501 3466 5555 ρει-ο
3533 5490 3540 5497 ’

1888 5578 2138 5633 trahitur.
2187 5578 2312 5634 H330
2348 5588 2403 5633 et
2431 5580 2517 5633 his
2562 5581 2760 5634 similia
2807 5581 3048 5650 spiritus,
3093 5579 3181 5649 qui
3211 5577 3467 5648 operibus

1887 5669 2088 5724 sanctis
2120 5667 2228 5722 Deo
2273 5667 2487 5738 placere
2517 5669 2810 5734 desiderat,
2860 5669 3080 5739 implere
3121 5667 3334 5738 corpori
3369 5682 3469 5719 suo

1887 5767 2053 5814 vstat.
2087 5759 2150 5813 Et
2195 5759 2296 5814 hoc
2326 5768 2415 5815 est
2453 5761 2720 5830 abnegare
2763 5761 3110 5827 semetipsum
3139 5757 3268 5820 sibi,
3299 5765 3354 5808 ut
3385 5772 3470 5812 Stt-
