3940 6424
437 366 541 424 755

1726 355 2077 415 SMARAGDI
2115 353 2290 411 ABBA
2299 351 2404 410 TIS

3589 351 3694 411 756

437 497 634 558 quatur
657 480 953 544 Christum,
979 477 1033 535 id
1058 486 1160 544 est,
1185 477 1532 548 semetipsum
1558 475 1806 546 prohibet
1834 472 2011 529 facere
2039 475 2084 536 Α
2105 471 2303 542 jejunii
2347 468 2506 523 uestri
2539 467 2801 544 invenitur
2827 466 3066 522 voluntas
3108 475 3280 523 vestra
3329 467 3466 540 (ιω.
3512 471 3690 542 LVIII).

437 575 660 636 malum,
700 579 750 625 et
796 569 1043 624 hortatur
1086 567 1266 623 facere
1315 568 1538 623 bonum.
1587 565 1826 621 Christus
1865 565 2010 620 enim

435 678 620 734 passus
657 668 732 714 est
759 674 853 728 pro
894 657 1064 722 nobis,
1093 655 1238 710 nobis
1271 653 1563 726 relinquens
1602 653 1916 724 exemplum,
1955 661 2012 706 ut

437 766 716 821 aequamur
741 749 956 820 vestigia
983 748 1118 817 ejus.
1157 745 1298 814 Quid
1322 754 1406 801 est
1443 745 1597 815 sequi
1623 745 1846 815 vestigia
1874 745 2011 814 eius,

436 843 542 900 nisi
585 839 865 897 ambulare
891 840 1033 895 sicut
1056 838 1146 894 ille
1179 837 1494 903 ambulavit,
1532 838 1585 892 id
1620 846 1736 902 est,
1774 844 2017 892 contem-

438 949 570 994 nere
594 933 775 989 omnia
805 945 1086 1002 prospera,
1129 945 1249 1001 quae
1287 929 1641 999 contempsit;
1688 944 1794 984 non
1827 927 2018 984 timere

441 1025 692 1090 adversa,
737 1035 858 1094 quin
896 1020 1149 1093 pertulit;
1199 1018 1428 1076 libenter
1473 1017 1654 1075 facere
1698 1033 1819 1088 qua:
1855 1016 2014 1083 fecit,

442 1115 560 1173 ﬁeri
604 1130 724 1186 qua:
751 1113 1046 1180 mandavit,
1083 1127 1302 1184 sperare
1334 1127 1454 1182 quae
1491 1110 1758 1181 promisit,
1784 1117 1841 1164 et
1865 1107 2020 1178 sequi

443 1223 554 1280 quo
599 1207 712 1278 ipse
755 1206 1063 1276 praecessit;
1093 1213 1355 1276 praestare
1391 1203 1715 1259 beneﬁcium
1741 1201 1906 1256 etiam
1941 1202 2022 1257 in-

445 1298 632 1371 gratis,
668 1311 774 1354 non
819 1296 1118 1352 retribuere
1158 1295 1456 1351 secundum
1498 1294 1695 1348 merita
1731 1307 1829 1348 sua
1856 1290 2022 1346 male—

445 1387 604 1452 volis,
641 1394 697 1443 et
723 1401 882 1441 orare
912 1401 1011 1455 pro
1035 1385 1300 1452 inimicis;
1334 1397 1519 1439 amare
1547 1385 1739 1448 bonos,
1773 1380 2024 1437 misereri

446 1477 738 1548 perversis,
757 1476 988 1530 invitare
1014 1478 1292 1541 adversos,
1315 1474 1660 1544 etsuscipere
1680 1473 1733 1526 in
1754 1471 2024 1527 cbaritate

447 1582 764 1632 conversos,
785 1574 840 1622 et
861 1565 1236 1637 aequanimiter
1254 1565 1366 1634 pati
1388 1564 1642 1620 subdolos
1661 1570 1718 1619 et
1739 1563 2020 1631 superbos.

521 1658 610 1712 11.
652 1655 853 1727 Corpus
882 1657 1140 1726 castigare
1162 1655 1211 1728 (1
1246 1655 1488 1725 Coma).
1525 1654 1735 1724 Corpus
1759 1653 1966 1708 dictum
1991 1667 2024 1708 a

451 1749 814 1820 corruptione,
863 1762 930 1803 eo
957 1748 1103 1818 quod
1144 1755 1459 1816 corruptum
1511 1752 1719 1816 pereat.
1783 1742 2025 1801 Solubile

2116 563 2378 619 Voluntas
2397 561 2545 616 enim
2561 561 2664 616 hoc
2686 559 2740 616 iu
2762 559 2882 616 loco
2903 559 3111 616 deliciae
3138 560 3530 630 intelliguntur.
3555 561 3693 618 Tota

2113 654 2200 712 die
2228 653 2418 724 epulas
2438 652 2494 707 in
2519 652 2847 722 cogitatione
2869 653 3128 719 ruminat,
3158 654 3250 724 qui
3266 654 3334 708 ad
3363 654 3696 725 implendam

2115 747 2296 819 gulam
2327 762 2550 816 vespere
2571 746 2675 802 sibi
2711 746 2932 801 delicias
2962 757 3250 816 prteparat.
3327 747 3395 802 Et
3426 748 3534 803 tale
3557 746 3696 820 ieiu-

2114 841 2267 896 nium
2316 856 2421 895 non
2448 839 2719 902 laudatur,
2768 840 2912 908 quod
2948 839 3003 893 in
3037 851 3263 910 vespere
3313 839 3697 895 deliciosorum

2116 931 2363 986 ciborum
2385 939 2578 986 venter
2600 929 2896 999 repletione
2921 930 3267 986 distenditur.
3344 929 3531 1001 Neque
3550 931 3697 986 enim

2118 1022 2415 1091 reputanda
2440 1029 2525 1078 est
2546 1021 2899 1087 abstinentia,
2912 1022 3004 1077 ubi
3033 1020 3199 1077 fuerit
3215 1024 3421 1078 ventris
3441 1022 3704 1092 delicias:

2120 1115 2380 1171 saturitas
2430 1115 2744 1172 subsecuta.
2789 1115 3008 1170 Deliciae
3050 1116 3196 1170 enim
3249 1115 3495 1175 carnales
3519 1127 3703 1170 corne-

2121 1214 2337 1264 sturum
2361 1206 2594 1261 reddunt
2623 1206 2863 1269 avidum,
2887 1207 3141 1261 tiatum
3185 1213 3366 1261 autem
3400 1205 3614 1277 pigrum
3647 1209 3709 1260 et

2121 1295 2548 1364 somnolentum;
2607 1297 2818 1353 delicite
2844 1311 2977 1353 vero
3005 1296 3278 1366 spiritales
3305 1296 3563 1370 satiatum
3582 1295 3706 1351 red-

2122 1387 2260 1443 dunt
2296 1388 2514 1442 avidum
2557 1385 2962 1456 etiocundum;
3013 1388 3119 1442 illa:
3161 1396 3417 1443 comestae
3441 1394 3708 1459 generant

2124 1475 2424 1544 fastidium,
2453 1477 2538 1532 lue
2577 1486 2759 1533 autem
2793 1477 3108 1532 comedendi
3131 1477 3711 1546 augentdesiderium;

2125 1567 2230 1624 illa
2253 1568 2482 1623 multum
2510 1583 2652 1624 escae
2669 1568 2841 1624 aciem
2872 1567 3074 1624 mentis
3091 1567 3416 1634 obtundant,
3442 1569 3530 1623 bar
3545 1567 3709 1637 spiri-

2126 1658 2262 1714 tales
2285 1659 2434 1714 cordi
2452 1659 2631 1714 lumen
2658 1658 2989 1726 infundunt;
3024 1659 3128 1714 illa:
3157 1659 3596 1726 somnolentiam,
3621 1661 3710 1716 ba

2127 1749 2340 1821 vigilias
2365 1750 2817 1818 subministrant;
2870 1751 2976 1806 illm
3003 1751 3225 1822 corpori
3253 1759 3309 1808 et
3339 1753 3551 1808 anima:
3571 1766 3714 1823 prte-

450 1840 596 1895 enim
625 1837 892 1895 caducum
918 1846 1082 1908 atque
1130 1837 1361 1893 mortale
1389 1844 1494 1893 est.
1557 1835 1710 1903 Quod
1739 1851 1839 1892 nos
1859 1835 2027 1891 casti-

2138 1844 2259 1899 bent
2281 1850 2577 1914 torporem,
2600 1895 2604 1899 .
2629 1842 2712 1898 bar
2739 1849 2921 1898 autem
2944 1843 3159 1898 mundis
3179 1842 3344 1898 corde
3372 1841 3577 1914 iugiter
3597 1841 3711 1898 Do—

450 1944 583 2000 gare
608 1937 841 1999 oportet,
867 1929 922 1984 id
949 1937 1052 1994 est,
1093 1928 1316 2000 ieiuniis
1343 1927 1656 1993 emendare,
1687 1926 1922 1998 afﬂigere
1943 1934 2031 1982 at-

451 2033 558 2092 que
579 2019 876 2090 corrigere,
903 2028 980 2084 et,
1003 2019 1049 2074 si
1074 2033 1294 2076 necesse
1309 2016 1495 2083 fuerit,
1517 2019 1683 2074 etiam
1710 2019 2033 2077 verberibus

452 2111 680 2165 caedere.
739 2109 1022 2181 Castigare
1069 2110 1215 2166 enim
1263 2109 1492 2165 dicimus
1513 2109 1747 2176 caedere,
1777 2109 1918 2165 sicut
1966 2112 2030 2167 de

451 2200 680 2256 Domino
693 2199 900 2256 Pilatus
914 2203 1019 2256 ait:
1047 2200 1379 2271 Castigatum
1393 2215 1517 2255 eum
1529 2193 1797 2255 dimittam
1813 2199 2029 2270 (Matth.

453 2290 646 2364 xxv").
717 2291 1028 2364 Castigatur
1054 2292 1196 2345 enim
1222 2306 1416 2362 corpus
1451 2287 1694 2359 ieiuniis,
1735 2288 1934 2359 vigiliis
1977 2296 2033 2343 et

455 2381 640 2438 multis
661 2382 1070 2449 afﬂictionibus,
1103 2383 1169 2439 de
1196 2383 1390 2455 quibus
1404 2382 1604 2440 Paulus
1625 2383 1899 2454 apostolus
1919 2383 2029 2438 ait:

453 2461 568 2544 Ego
589 2483 763 2529 autem
782 2474 858 2529 sic
887 2490 1064 2540 curro,
1082 2491 1186 2529 non
1211 2475 1362 2547 quasi
1402 2475 1459 2530 in
1505 2475 1782 2540 incertum,
1828 2473 1920 2529 sed
1943 2491 2034 2528 ca-

453 2566 589 2635 stigo
631 2579 818 2637 corpus
856 2581 1060 2632 meum,
1103 2574 1151 2619 et
1187 2565 1242 2619 in
1268 2565 1564 2620 servitutem
1599 2564 1798 2634 redigo,
1841 2572 1945 2621 etc.
1978 2561 2033 2636 (I

455 2652 579 2710 Cor.
607 2654 706 2727 ts).
765 2654 905 2722 Quid
925 2665 1008 2712 est
1035 2656 1178 2712 enim
1209 2655 1352 2711 aliud
1375 2668 1574 2724 corpus
1609 2655 1902 2727 castigare,
1928 2655 2031 2712 nisi

454 2745 604 2800 vitiis
633 2753 686 2801 et
719 2753 940 2816 peccato
975 2746 1148 2800 mori?
1184 2745 1324 2814 Quid
1354 2754 1439 2802 est
1461 2757 1686 2818 peccato
1722 2746 1883 2813 mori,
1930 2749 2035 2806 nisi

455 2834 780 2892 damnandis
811 2837 1068 2906 operibus
1103 2837 1324 2893 omnino
1350 2853 1457 2893 non
1483 2839 1686 2907 vivere,
1741 2841 1876 2896 nihil
1899 2855 2034 2897 con—

455 2926 738 2996 cupiscere
766 2927 1082 2995 carnaliter,
1108 2928 1244 2984 nihil
1287 2928 1538 2986 ambire?
1591 2929 1692 2988 llic
1720 2932 1862 2988 sicut
1889 2947 2036 2988 mor-

458 3027 586 3073 tuus
614 3033 778 3075 carne
818 3019 949 3074 nulli
972 3018 1089 3090 iam
1114 3021 1373 3088 detrahit,
1417 3021 1549 3077 nulli
1578 3024 1900 3079 adversatur
1941 3033 2036 3080 aut

455 3107 726 3180 displicet,
757 3109 962 3166 nemini
990 3110 1259 3167 violentus
1279 3111 1484 3178 existit,
1525 3113 1798 3168 neminem
1827 3116 2035 3170 calum-

454 3200 640 3254 niatur
663 3208 757 3254 aut
802 3202 1082 3271 opprimit,
1111 3218 1218 3258 non
1250 3203 1457 3259 invidet
1482 3204 1639 3261 bonis
1668 3213 1763 3262 aut
1812 3205 2036 3263 insultat

456 3290 691 3356 alllictis,
707 3305 815 3346 non
842 3291 1169 3360 luxuriatur,
1187 3309 1295 3348 non
1316 3294 1634 3364 inebriatur,
1657 3311 1766 3352 non
1788 3297 2036 3353 odiorum

455 3379 670 3436 facibus
708 3381 1026 3448 inardescit,
1063 3397 1172 3440 non
1211 3382 1411 3453 iniusta
1436 3385 1587 3441 lucra
1609 3394 1871 3454 sectatur,
1929 3402 2038 3443 non

458 3473 777 3542 potentibus
807 3482 902 3530 aut
937 3477 1200 3533 divitibus
1221 3478 1483 3545 adhaeret,
1536 3491 1645 3534 non
1673 3479 1917 3549 inquieta
1951 3494 2041 3534 cu-

459 3564 732 3632 riositate,
785 3581 895 3621 non
925 3566 1305 3622 sollicitudinis
1353 3583 1486 3624 cura
1512 3567 1876 3634 distenditur,
1928 3584 2038 3625 non

459 3656 652 3712 alien-is
705 3657 1125 3714 salutationibus
1181 3659 1498 3726 delectatur,
1534 3675 1638 3716 nec
1684 3661 2041 3733 superborum

461 3746 680 3816 injuriis
739 3747 1039 3819 fatigatur;
1094 3765 1200 3806 non
1255 3767 1380 3808 eum
1419 3753 1677 3822 superbia
1717 3752 1892 3820 inﬂat,
1930 3768 2041 3810 non

461 3837 690 3894 ambitio
713 3838 904 3894 vitiosa
935 3840 1258 3910 praecipitat,
1299 3857 1405 3897 non
1433 3857 1572 3898 vana
1598 3842 1768 3912 gloria
1811 3843 2043 3914 turpiter

455 3927 650 4000 iactat,
675 3944 779 3984 non
804 3931 1080 4002 contentio
1113 3933 1413 4000 exanimat,
1459 3949 1570 3990 non
1595 3933 1728 3991 facit
1765 3935 2045 4005 impuden-

465 4029 575 4075 tem
621 4021 872 4089 audacia,
904 4022 1150 4094 iniquum
1179 4023 1444 4096 iniustitia
1467 4065 1484 4091 ,
1539 4024 1714 4081 ferum
1750 4026 2044 4082 inclemen-

461 4114 562 4180 tia,
612 4114 823 4169 varium
871 4114 1257 4182 inconstantia,
1296 4117 1632 4187 pertinacem
1677 4118 2039 4181 contumacia,

463 4203 779 4260 deliciosum
790 4204 934 4277 gula,
950 4205 1202 4262 rebellem
1225 4206 1608 4274 inobedientia,
1628 4224 1822 4264 vanum
1833 4209 2047 4279 iactan-

464 4293 563 4360 tia,
620 4292 793 4350 levem
815 4293 1298 4363 facilitas,,s:evum
1339 4297 1653 4366 crudelitas,
1715 4299 2047 4354 manducan-

467 4393 578 4440 tem
615 4390 786 4455 turpis
836 4385 1107 4452 edacitas,
1152 4386 1526 4456 impatientem
1555 4387 1850 4454 mobilitas,
1875 4389 2048 4443 mobi-

2131 1935 2265 1992 mini
2304 1935 2622 1990 ministrant
2659 1949 2948 2003 amorem;
2998 1933 3106 1990 illa;
3139 1949 3271 1991 vero
3315 1933 3523 1989 faciunt
3564 1933 3718 1989 desi-

2131 2028 2324 2084 derare
2350 2025 2572 2091 lectum,
2619 2025 2705 2080 ha:
2727 2032 2910 2080 autem
2933 2023 3168 2092 cadum;
3199 2023 3304 2080 illae
3333 2037 3606 2089 somnum,
3629 2023 3718 2078 ιω

2130 2131 2261 2171 vero
2295 2130 2551 2186 regnum;
2586 2115 2691 2170 illa:
2746 2115 2924 2186 turpia
2953 2123 3010 2170 et
3043 2115 3278 2170 obseura
3327 2121 3578 2183 quaerunt
3620 2128 3716 2168 cu-

2130 2207 2279 2273 bilia,
2322 2208 2408 2263 ha:
2435 2216 2679 2263 sanctam
2708 2223 2831 2263 cum
2883 2207 3089 2262 sanctis
3126 2215 3181 2262 et
3209 2206 3443 2261 lucidam
3471 2205 3526 2259 in
3572 2203 3719 2260 ctelo

2131 2297 2327 2353 volunt
2348 2298 2552 2353 habere
2583 2297 2841 2369 gloriam;
2898 2297 3003 2353 illae
3030 2296 3366 2353 delectantur
3387 2295 3443 2350 in
3471 2295 3718 2366 lupanari

2133 2403 2256 2443 cum
2292 2389 2490 2443 scortis
2512 2387 2718 2454 ludere,
2743 2388 2827 2442 lim
2851 2402 2974 2442 cum
3000 2386 3207 2458 angelis
3237 2385 3444 2440 inomlo
3461 2397 3717 2454 regnare;

2132 2483 2237 2538 llhe
2267 2483 2574 2539 luxuriosos
2586 2483 2867 2553 amplexus
2890 2481 3220 2546 desiderant,
3235 2481 3319 2535 ha:
3342 2479 3412 2534 ad
3435 2477 3719 2548 amplexus

2133 2572 2337 2630 Christi
2386 2574 2572 2628 venire
2600 2572 2882 2639 festinant,
2935 2579 2998 2626 ut
3027 2586 3152 2627 cum
3184 2569 3296 2636 illo,
3335 2569 3487 2639 quasi
3513 2581 3717 2638 sponsa

2134 2682 2258 2724 cum
2288 2679 2507 2738 sponso,
2549 2665 2606 2720 in
2653 2672 2916 2719 aeternum
2963 2663 3262 2732 quiescant.
3321 2659 3538 2715 Deliciae
3583 2671 3723 2713 vero

2136 2763 2516 2827 nuncupantur
2538 2770 2604 2811 eo
2627 2754 2772 2824 quod
2795 2753 3023 2810 delicate
3045 2751 3288 2808 nutriant
3312 2749 3713 2812 comedentem,

2135 2847 2221 2904 vel
2246 2847 2388 2918 quod
2414 2847 2500 2901 bis
2522 2845 2771 2901 homines
2799 2843 3151 2900 delectentur.
3201 2840 3429 2896 Faciunt
3451 2839 3598 2894 enim
3622 2838 3723 2892 bo-

2136 2940 2336 2996 minem
2364 2938 2418 2993 in
2444 2937 2538 2992 Dei
2561 2937 2785 2992 servitio
2807 2935 3310 3000 mollem,tenerum
3323 2939 3379 2987 et
3401 2930 3715 2986 delicatum.

2139 3031 2208 3086 Et
2233 3045 2265 3086 e
2287 3030 2505 3101 regione
2529 3028 2805 3100 spiritales
2833 3027 3038 3085 deliciae
3066 3025 3276 3081 faciunt
3319 3024 3594 3080 hominem
3617 3037 3723 3092 pro

2137 3133 2339 3180 aeterna
2365 3123 2696 3192 capescenda
2747 3121 2922 3192 gloria
2948 3120 3230 3186 mundum,
3279 3118 3476 3174 fortem
3513 3125 3570 3173 et
3592 3117 3724 3188 rigi-

2140 3216 2288 3272 dum.
2329 3214 2396 3269 Et
2441 3214 2560 3270 ideo
2583 3214 2701 3269 istae
2730 3213 3043 3284 appetenda:
3069 3219 3216 3277 sunt,
3249 3211 3353 3267 illa;
3382 3225 3514 3266 vero
3551 3227 3582 3264 a
3605 3225 3723 3265 mo-

2139 3306 2330 3362 nacbis
2357 3305 2729 3376 amplexanda:
2754 3319 2860 3358 non
2883 3309 3029 3358 sunt.
3095 3301 3204 3357 Sed
3235 3301 3365 3371 quid
3387 3317 3417 3355 a
3441 3299 3729 3356 monachis

2138 3398 2430 3453 amandum
2473 3394 2995 3465 amplexandumque
3043 3392 3116 3449 sit
3163 3391 3444 3462 sequentia
3494 3390 3723 3446 demon-

2140 3496 2336 3547 strant.

2213 3582 2301 3637 l3.
2339 3580 2614 3652 Jejuuium
2639 3593 2820 3632 amare
2869 3575 3031 3648 (Dan.
3063 3591 3139 3639 rx,
3183 3571 3305 3630 Joel
3332 3588 3393 3637 ll,
3432 3570 3561 3626 Τοῦ.
3598 3568 3727 3641 xu).

2141 3672 2295 3729 Multi
2321 3673 2466 3728 enim
2494 3669 2738 3740 suntqui
2778 3667 3050 3738 ieiunam,
3081 3665 3179 3721 sed
3205 3665 3350 3720 idem
3394 3664 3567 3734 ipsum
3583 3659 3729 3732 ieiu-

2143 3764 2293 3819 nium
2323 3775 2430 3816 non
2465 3769 2670 3815 amant.
2714 3757 2880 3827 Quasi
2908 3773 3048 3814 onus
3087 3755 3401 3826 impositum
3428 3755 3732 3821 εἰη-ηερω-

2143 3847 2306 3912 citate
2332 3851 2618 3922 compulsi,
2661 3857 2898 3920 portant'
2925 3847 3210 3918 ieiunium,
3249 3845 3347 3901 sed
3386 3859 3495 3899 non
3541 3849 3735 3898 amant

2144 3943 2297 4000 illud.
2349 3941 2497 3997 More
2516 3939 2768 3996 animalis
2786 3954 2926 3995 onus
2960 3944 3198 4007 portant,
3221 3936 3317 3992 sed
3337 3933 3577 4004 eiusdem
3599 3946 3734 3989 one-

2146 4037 2224 4091 ris
2273 4034 2613 4090 dulcedinem
2659 4043 2767 4088 που
2815 4032 3121 4102 degustant.
3193 4028 3348 4086 Unde
3389 4042 3497 4082 non
3545 4031 3736 4081 amant

2146 4127 2327 4197 ipsum
2364 4125 2509 4196 quod
2556 4133 2793 4197 portant.
2856 4123 2924 4178 Et
2971 4122 3114 4178 sicut
3148 4121 3353 4191 aliquis
3393 4133 3561 4176 onere
3584 4132 3736 4172 com-

2146 4233 2372 4290 pressus.
2422 4226 2714 4288 antequam
2761 4215 2828 4271 ad
2851 4214 3028 4270 locum
3067 4211 3349 4284 perveniat
3377 4209 3735 4273 destinatum,

2147 4310 2284 4376 vult,
2338 4324 2446 4379 quo
2471 4309 2760 4379 premitur,
2811 4307 3084 4376 deponere
3127 4318 3285 4368 onus,
3325 4302 3402 4356 ita
3429 4301 3738 4356 desidiosus

2150 4409 2276 4458 ante
2320 4403 2512 4457 horam
2541 4399 2894 4456 constitutam
2942 4397 3208 4468 ieiunium
3232 4393 3346 4449 vult
3379 4393 3590 4449 solvere
3615 4405 3731 4446 mo-

465 4475 574 4532 lem
624 4477 968 4543 instahilitas,
1000 4478 1321 4534 iracundum
1348 4480 1666 4535 animositas
1693 4520 1708 4546 ,
1755 4479 2045 4536 verbosum
2071 4521 2126 4584 D
2152 4491 2376 4547 nachus.
2423 4489 2758 4560 Frequenter
2796 4487 2994 4558 aspicit
3042 4485 3400 4556 horologium,
3436 4491 3493 4538 et
3533 4480 3732 4552 saepius

463 4572 701 4636 vanitas,
727 4572 1004 4629 irrisorem
1032 4573 1359 4646 malignitas.
1413 4574 1516 4642 Qui
1546 4581 1785 4630 remotus
1806 4590 1839 4629 a
1875 4589 2046 4630 sarcu-

463 4660 673 4721 laribus
705 4665 993 4732 illecebris,
1048 4674 1294 4722 remotus
1335 4665 1404 4722 ab
1433 4665 1759 4732 inimicitiis,
1802 4674 2048 4722 remotus

465 4759 536 4814 ab
582 4757 792 4813 insidiis
844 4757 1074 4823 alienis,
1131 4767 1373 4813 remotus
1417 4773 1448 4812 ι
1497 4757 1725 4826 rzipinis,
1755 4764 2046 4812 remotusa

465 4852 772 4909 mendaciis
821 4852 938 4909 sive
993 4851 1294 4923 periuriis;
1361 4859 1636 4920 postremo
1692 4857 1936 4912 remotus
1977 4851 2048 4906 ab

465 4941 618 4999 omni
666 4956 864 5014 genere
914 4941 1241 5015 ﬂagitiorum
1272 4947 1434 5009 atqtm
1464 4938 1799 5006 facinorum;
1841 4948 1899 4995 et
1943 4939 2050 4997 sic-

419 5070 421 5073 -
466 5036 549 5092 uti
578 5051 744 5093 carne
779 5045 1026 5093 mortuus
1064 5049 1167 5090 nec
1213 5031 1392 5088 facere
1418 5041 1598 5102 potest
1623 5031 1728 5088 ista
1767 5048 1889 5104 qua:
1917 5032 2048 5098 dixi,

469 5144 570 5185 nec
592 5129 728 5200 pati,
772 5129 851 5184 ita
872 5129 956 5184 his
978 5137 1034 5184 et
1049 5125 1248 5180 talibus
1267 5123 1414 5179 vitiis
1452 5124 1673 5180 omnino
1716 5139 1823 5180 non
1864 5122 2054 5180 vivunt

469 5222 584 5294 qui,
612 5229 672 5276 ut
716 5221 828 5278 Deo
861 5221 1067 5283 vivant,
1103 5230 1298 5285 corpus
1345 5232 1502 5272 suum
1541 5217 1806 5288 castigant
1843 5223 1901 5272 et
1925 5229 2050 5270 car-

469 5327 594 5369 nem
618 5327 772 5368 suam
813 5324 938 5366 cum
967 5307 1114 5363 vitiis
1143 5313 1197 5361 et
1225 5306 1678 5376 concupiscentiis
1702 5306 2046 5378 cruciﬁgunt.

544 5404 630 5459 12.
670 5402 902 5457 Delicias
923 5415 1027 5454 non
1057 5397 1296 5469 amplecti
1328 5397 1413 5470 (ΙΙ
1445 5397 1560 5452 Pet.
1589 5399 1673 5470 ll).
1735 5398 1853 5453 Non
1902 5397 2048 5452 enim

470 5496 722 5567 prohibet
749 5491 974 5547 delicias
1022 5504 1129 5544 non
1159 5497 1398 5560 tangere,
1427 5491 1509 5545 vel
1540 5497 1777 5561 gustare,
1811 5488 1906 5545 sed
1926 5502 2051 5544 cum

473 5587 730 5640 aviditate
772 5597 1009 5648 sumere,
1058 5590 1258 5638 etcum
1314 5583 1518 5640 amoris
1573 5569 1846 5637 desiderio
1900 5586 2050 5634 vetat

479 5677 748 5746 amplecti.
788 5675 1071 5745 Spernitur
1093 5675 1236 5730 enim
1258 5673 1544 5745 ieiunium,
1576 5673 1718 5743 quod
1743 5672 1798 5726 in
1826 5684 2052 5740 vespere

481 5767 690 5820 deliciis
714 5775 1110 5833 compensatur,
1135 5766 1345 5821 dicente
1382 5765 1673 5832 propheta:
1723 5762 1856 5817 Ecce
1883 5763 1938 5816 in
1966 5762 2050 5815 die

2150 4582 2280 4637 solis
2307 4580 2659 4636 considerans
2680 4592 2898 4634 cursum
2924 4578 3110 4633 oculos
3157 4576 3300 4631 levat
3323 4574 3390 4630 ad
3431 4573 3654 4638 coelum,
3679 4577 3736 4626 et

2151 4673 2358 4744 pariter
2386 4671 2610 4725 vocibus
2633 4669 2948 4738 pariterque
2974 4666 3258 4723 desideriis
3273 4664 3388 4736 iam
3403 4664 3594 4718 horam
3607 4675 3737 4729 pro-

2153 4763 2353 4819 clamat
2399 4775 2524 4816 esse
2570 4758 2902 4816 refcctionis.
2957 4757 3066 4814 Sed
3108 4773 3220 4814 non
3251 4757 3326 4811 ita
3353 4756 3529 4811 bonus
3558 4752 3738 4808 facere

2154 4855 2314 4912 debet
2345 4853 2665 4916 monachus,
2709 4850 2806 4906 sed
2826 4849 2973 4906 velut
3015 4849 3208 4904 animae
3255 4846 3738 4911 medicamentum,

2155 4947 2238 5004 sic
2271 4946 2430 5001 debet
2458 4957 2642 4998 amare
2683 4940 2973 5013 ieiunium,
3024 4937 3234 5008 ieiunio
3271 4937 3416 4992 enim
3441 4935 3624 4990 anima
3667 4934 3739 4991 ab

2155 5036 2304 5094 omni
2331 5033 2573 5106 periculo
2599 5032 2976 5088 illecebrarum
3001 5028 3335 5092 defenditur;
3379 5023 3585 5097 ieiunio
3612 5030 3737 5080 ten-

2156 5136 2398 5184 tamenta
2425 5125 2818 5181 daemoniorum
2857 5121 3132 5193 fugantur,
3151 5117 3360 5188 ieiunio
3397 5116 3542 5170 vires
3574 5113 3738 5170 vitio-

2155 5235 2280 5276 rum
2307 5216 2650 5289 frauguutur,
2675 5213 2880 5285 ieiunio
2905 5212 3086 5268 carnis
3107 5208 3397 5267 delectatio
3411 5207 3738 5272 refrenatur,

2148 5309 2356 5384 ieiunio
2389 5307 2660 5363 incentiva
2688 5303 2973 5360 libidinum
2999 5302 3435 5372 exstinguuntur.
3477 5296 3586 5352 Per
3601 5293 3744 5366 ieiu-

2153 5402 2304 5456 nium
2332 5397 2560 5454 liberius
2583 5396 2758 5451 oratio
2779 5401 3029 5466 penetrat
3054 5391 3274 5457 coelum,
3319 5389 3450 5444 etin
3479 5400 3743 5457 compun-

2153 5491 2351 5546 ctionis
2377 5488 2522 5543 dono
2541 5485 2806 5542 intentius
2821 5483 3017 5556 ieiunae
3047 5483 3247 5537 mentis
3271 5481 3419 5536 acies
3449 5478 3567 5550 ﬁgit
3585 5479 3743 5532 obtu-

2155 5590 2288 5636 tum.
2375 5580 2480 5634 Per
2525 5576 2854 5648 ieiuniorum
2886 5589 3120 5645 namque
3143 5574 3308 5635 dona,
3337 5581 3394 5628 et
3430 5569 3740 5625 ctelestium

2153 5670 2536 5741 mysteriorum
2569 5667 2804 5730 occulta,
2849 5674 2904 5721 et
2929 5665 3237 5720 divinorum
3274 5670 3614 5717 secretorum
3645 5659 3742 5712 bo-

2153 5761 2285 5816 mini
2323 5760 2629 5816 revelantur
2667 5773 2884 5814 arcana.
2937 5757 3040 5814 Per
3074 5755 3264 5826 ieiunii
3293 5757 3488 5810 donum
3517 5752 3582 5808 de
3622 5766 3740 5806 car-
