3940 6414
210 314 312 371 757

1246 303 1602 363 COMMENT.
1648 303 1715 360 IN
1755 302 1917 360 REG.
1961 303 2019 359 S.
2059 303 2445 360 BENEDlCTl.

3390 304 3491 361 158

207 428 316 487 nali
339 423 605 497 spiritalis
631 421 868 478 eﬂicitur
896 421 1097 494 homo,
1126 428 1184 477 et
1216 426 1530 477 sanctorum
1550 418 1792 475 omnium
1821 422 1873 480 Α
1899 418 2055 474 nobis
2079 417 2423 489 eleemosyna
2453 415 2641 473 libenti
2667 416 2849 473 animo
2876 417 2989 483 fiat,
3016 417 3381 476 hortatrrnos
3405 420 3490 477 di—

206 530 266 579 et
285 517 603 591 angelorum
635 513 985 585 coniungitur
1004 514 1195 571 choro.
1264 513 1334 568 Et
1356 512 1476 569 ideo
1501 527 1532 567 a
1554 511 1697 567 bono
1719 510 1799 582 je-

201 609 418 683 junium
442 607 742 665 amandum
768 615 854 662 est
884 605 1173 661 monacho.
1242 603 1351 661 Sed
1377 605 1504 674 quia
1527 602 1797 675 jejunium

205 700 523 757 universam
548 711 670 753 esse
696 696 932 752 diximus
952 695 1200 765 cOrporis
1223 694 1662 765 castigationem,
1690 707 1798 749 non

207 797 297 846 est
323 787 700 845 tantummodo
727 785 1088 857 ieiunandum
1115 799 1147 839 a
1171 782 1617 854 concupiscentia
1657 782 1803 839 cibo-

209 896 354 948 rum,
366 880 463 937 sed
488 880 557 935 ab
578 879 727 934 omni
757 878 945 934 laetitia
962 878 1340 949 temporalium
1358 877 1794 935 delectationum.

211 973 269 1030 Si
298 973 443 1029 enim
473 972 750 1029 hominem
774 978 949 1027 totum
985 973 1104 1027 hate
1126 971 1325 1037 virtus,
1372 985 1495 1040 qua:
1523 969 1802 1025 abstinen-

210 1067 284 1123 tia
320 1067 540 1128 dicttur,
559 1063 889 1131 sanctiﬁcat,
918 1080 1029 1120 non
1053 1064 1229 1120 solum
1251 1062 1489 1134 corpori,
1523 1062 1618 1118 sed
1633 1061 1801 1117 etiam

210 1159 407 1214 anima:
433 1157 746 1214 necessaria
777 1163 883 1221 est,
911 1156 1039 1226 quia
1067 1155 1243 1212 omnis
1276 1156 1438 1210 homo
1456 1168 1526 1209 ex
1574 1166 1802 1222 corpore

211 1256 430 1305 constat
480 1256 538 1304 et
579 1249 782 1304 anima.
832 1248 911 1303 Ea
960 1257 1143 1303 autem
1173 1246 1438 1318 spiritalis
1465 1254 1630 1316 atque
1678 1258 1803 1314 per-

211 1341 355 1401 feota
378 1351 468 1398 est
490 1343 843 1409 abstinentia,
870 1358 995 1413 qua:
1017 1357 1126 1398 non
1150 1350 1262 1397 tam
1290 1341 1360 1396 ab
1390 1341 1662 1397 illecebris
1682 1356 1803 1395 car-

211 1434 422 1493 nalium
469 1433 805 1504 voluptatum
851 1449 1015 1505 quam
1045 1449 1078 1488 a
1123 1434 1363 1503 peccatis
1401 1431 1652 1487 omnibus
1673 1430 1805 1486 facit

213 1522 500 1579 hominum
524 1521 781 1577 alienum.
833 1521 961 1579 Haec
979 1522 1172 1589 virtus,
1192 1537 1325 1578 cum
1344 1520 1597 1577 omnibus
1621 1535 1807 1575 neces-

212 1613 359 1672 saria
385 1613 478 1681 sit,
520 1613 757 1668 maxime
784 1612 891 1669 illis
948 1612 1272 1668 familiarior
1316 1620 1403 1668 est
1440 1626 1675 1682 quorum
1717 1618 1802 1665 est

211 1722 310 1762 cor
334 1721 504 1761 unum
531 1714 589 1761 et
613 1705 797 1760 anima
842 1697 949 1760 una
976 1705 1174 1761 divina:
1203 1705 1489 1761 charitatis
1528 1704 1651 1775 igne
1674 1718 1802 1759 cou-

1900 525 2062 565 cens:
2094 509 2247 564 Bona
2291 519 2368 564 est
2405 512 2575 564 oratio
2625 527 2743 565 cum
2789 511 3000 582 jejunio
3046 521 3093 566 et
3132 511 3485 584 eleemosym,

1898 614 2017 672 quae.
2042 618 2073 654 α
2096 610 2260 657 morte
2288 599 2492 663 liberat,
2526 611 2577 655 et
2596 613 2808 672 peccata
2826 614 3015 673 purgat
3043 602 3197 675 (Tob.
3219 604 3345 676 xu).
3371 604 3489 661 Hoc

1899 693 2045 748 enim
2071 692 2236 747 habet
2261 698 2468 747 tantum
2492 692 2693 746 bonum
2719 693 2990 761 possessio
3014 709 3223 760 rerum,
3252 696 3299 750 si
3322 696 3488 750 vitam

1899 781 2113 842 reficiat
2142 783 2489 837 miserorum.
2540 780 2656 837 Non
2692 798 2821 854 ergo
2872 785 3026 839 nobis
3049 786 3227 841 oberit
3272 785 3503 846 divitia-.

1901 887 2025 927 rum
2050 869 2401 942 congregatio
2420 868 2590 939 justa,
2618 870 2663 925 si
2694 869 2921 925 adfuerit
2953 872 3265 944 distributio
3314 873 3486 947 larga.

1901 962 2170 1017 Debemus
2218 975 2285 1016 ex
2315 960 2425 1017 illis
2448 976 2644 1016 munus
2684 961 3075 1019 misericordiae
3101 964 3287 1035 egenis
3315 966 3492 1036 porri-

1901 1067 2051 1123 gere,
2080 1066 2375 1122 pauperum
2406 1052 2572 1108 etiam
2602 1053 2902 1107 nuditatem
2916 1054 3153 1124 operire,
3176 1058 3494 1128 peregrino-

1904 1159 2026 1199 rum
2061 1143 2298 1213 inopiam
2329 1142 2601 1214 supplere,
2646 1144 2977 1215 pupillorum
3011 1146 3287 1202 miseriam
3314 1148 3496 1204 deter—

1902 1251 2052 1307 gere,
2088 1235 2446 1291 esurientiqu
2478 1236 2677 1291 famem
2706 1237 2989 1307 repellere,
3016 1238 3317 1293 sitientium
3342 1240 3494 1296 sitim

1902 1325 2114 1398 fugare,
2158 1335 2212 1382 et
2253 1327 2644 1383 infirmantium
2680 1328 2951 1384 desideria
3002 1329 3275 1400 supplere.
3356 1331 3494 1387 Cum

1905 1437 2100 1493 magna
2137 1436 2267 1493 ergo
2308 1412 2504 1478 mentis
2544 1422 2829 1478 alacritate
2867 1424 3197 1492 pauperibus
3233 1425 3495 1480 debemus

1903 1514 2307 1586 eleemosynam
2348 1515 2518 1581 dare,
2566 1515 2693 1585 quia
2735 1515 2837 1586 ipsi
2877 1514 3107 1571 Domino
3156 1516 3317 1571 datur
3349 1518 3495 1586 quod

1906 1605 2150 1662 hilariter
2172 1605 2502 1676 pauperibus
2526 1613 2799 1675 erogatur.
2877 1606 2998 1677 lpse
3020 1607 3169 1661 enim
3210 1607 3491 1673 Dominus,

1905 1696 2052 1766 quia
2075 1696 2282 1752 dextris
2313 1695 2432 1766 ejus
2449 1704 2629 1762 erunt,
2658 1697 2906 1753 dicturus
2923 1707 3009 1753 est
3028 1698 3083 1753 in
3105 1696 3312 1770 judicio
3336 1718 3349 1754 :
3394 1700 3498 1755 Ve-

212 1794 363 1852 ﬂsta.
418 1795 627 1863 Quibus
653 1795 728 1850 ita
753 1794 813 1849 fit
835 1809 943 1849 una
968 1794 1098 1860 vita,
1130 1796 1275 1850 sicut
1296 1801 1382 1850 est
1408 1808 1514 1848 una
1550 1772 1803 1848 substan-
1830 1772 1878 1833 Β
1907 1789 2035 1855 nite,
2068 1788 2321 1843 benedicti
2356 1776 2537 1844 Patris
2558 1789 2683 1855 mei,
2728 1790 2973 1861 percipite
3003 1806 3222 1860 regnum
3255 1792 3394 1861 quod
3414 1808 3499 1847 vo.

213 1887 314 1954 tia,
371 1886 501 1957 quia
536 1893 601 1941 ut
626 1884 786 1941 ﬁeret
832 1892 890 1941 et
925 1892 1074 1940 esset
1116 1886 1423 1941 animorum
1457 1891 1645 1941 sancta
1670 1898 1804 1939 cou-

210 1981 444 2054 junctio,
478 1980 789 2037 necessaria
813 1988 900 2035 est
942 1979 1262 2035 facultatum
1287 1977 1530 2048 iudicata
1558 1990 1804 2035 commu-

214 2074 328 2129 nio.
375 2071 667 2138 Caeterum,
713 2071 845 2143 quid
878 2071 1104 2142 prodest
1140 2069 1285 2141 quod
1315 2068 1602 2127 facultates
1623 2067 1805 2138 abjici-

215 2176 358 2230 mus,
401 2163 449 2219 si
480 2162 783 2234 voluptates
803 2162 1054 2233 proprias
1074 2177 1182 2217 non
1209 2161 1598 2232 relinquimus?
1627 2160 1802 2227 Quam

215 2254 607 2316 abstinentiam
626 2254 675 2310 si
696 2254 871 2310 Adam
896 2254 953 2309 in
974 2254 1229 2324 paradiso
1255 2252 1535 2319 voluisset,
1564 2267 1668 2309 nec
1691 2261 1805 2308 sta-

216 2355 330 2401 tum
363 2345 636 2401 felicitatis
661 2345 955 2410 amitteret,
985 2360 1089 2401 nec
1115 2346 1478 2415 corruptionis
1504 2360 1571 2401 ac
1605 2352 1804 2400 morta-

216 2438 387 2494 litatis
432 2437 737 2493 infelicitati
789 2437 1114 2509 subjaceret.
1178 2437 1312 2504 Quis
1345 2438 1489 2492 enim
1515 2444 1697 2508 potest
1724 2438 1806 2493 di-

216 2547 344 2588 cere
362 2542 565 2603 quanta
578 2530 718 2586 bona
734 2530 814 2585 illi
826 2530 1217 2587 incontinentis
1232 2529 1537 2593 sustulerit,
1559 2529 1704 2599 quod
1720 2529 1805 2584 in-

218 2623 540 2682 tellectualis
559 2623 758 2679 mentis
777 2623 1096 2694 dignitatem
1118 2622 1321 2687 amisit,
1349 2619 1490 2692 quod
1515 2621 1805 2692 imaginem

218 2713 305 2770 sui
325 2714 588 2769 creatoris
635 2712 912 2783 perdidit?
973 2710 1121 2767 istud
1147 2710 1416 2781 improbat
1445 2709 1807 2782 Hieronymus

220 2802 278 2861 in
300 2803 551 2873 epistolis
589 2802 704 2858 suis
752 2800 1157 2874 reprehendens
1180 2800 1491 2872 Origenem,
1538 2801 1631 2870 qui
1663 2800 1806 2856 idem

221 2895 523 2951 asserebat.
568 2893 687 2951 Non
713 2895 859 2951 enim
881 2894 955 2950 ibi
979 2893 1315 2964 inquietabat
1337 2892 1563 2948 molesta
1603 2892 1806 2949 sollici-

220 2986 375 3053 tudo,
428 3000 537 3042 non
578 2986 843 3058 fatigabat
876 2986 1032 3043 labor
1065 2984 1283 3051 anxius,
1318 2999 1427 3040 non
1465 2984 1809 3055 opprimebat

222 3090 470 3144 somnus,
501 3093 607 3134 non
634 3079 799 3133 timor
816 3078 1008 3134 mortis
1041 3078 1301 3148 angebat;
1329 3077 1565 3133 habebat
1591 3075 1804 3133 facilem

223 3166 450 3234 victum,
464 3183 663 3238 corpus
686 3183 902 3235 sanum,
930 3168 1284 3237 tranquillum
1307 3178 1645 3233 motum,cor
1656 3184 1810 3224 mun—

224 3258 372 3324 dum,
432 3260 655 3333 ignarus
689 3262 840 3328 mali,
870 3261 1145 3317 habitator
1180 3261 1440 3331 paradisi,
1465 3274 1660 3332 expers
1686 3276 1811 3333 pec-

226 3350 357 3417 cati,
393 3366 560 3422 capax
612 3352 729 3408 Dei.
768 3352 1055 3409 Postremo
1077 3353 1205 3423 quid
1240 3366 1307 3408 eo
1335 3350 1547 3407 felicius
1567 3352 1690 3418 fuit,
1721 3352 1812 3408 cui

223 3450 347 3498 erat
368 3444 521 3502 orbis
565 3443 864 3514 subjectus,
907 3445 1087 3501 nullus
1135 3444 1380 3512 infestus,
1407 3444 1548 3502 liber
1576 3446 1809 3513 animus,

225 3545 285 3592 et
308 3536 534 3594 visibilis
546 3538 729 3594 Deus?
757 3539 939 3594 Potuit
967 3554 1096 3611 ergo
1122 3541 1196 3594 ita
1226 3539 1412 3595 videre
1428 3538 1598 3594 Deum
1632 3538 1815 3609 prius-

223 3636 389 3699 quam
416 3638 698 3698 peccasset
723 3631 919 3696 Adam,
949 3632 1093 3687 sicut
1116 3645 1242 3685 eum
1265 3631 1442 3687 sancti
1489 3631 1814 3702 patriarcha:

223 3719 501 3774 viderunt.
555 3716 662 3772 Sed
685 3726 969 3788 postquam
993 3719 1070 3773 illi
1094 3720 1412 3775 inobediens
1439 3718 1568 3786 fuit,
1598 3720 1813 3777 videndi

221 3823 352 3865 eum
399 3805 678 3863 licentiam
722 3807 924 3862 amisit.
978 3808 1046 3862 Et
1100 3808 1225 3863 ideo
1237 3807 1427 3879 ieiunii
1466 3812 1696 3865 amanda
1728 3818 1815 3867 est

224 3897 572 3963 abstinentia,
589 3904 650 3951 ut
677 3897 794 3953 hare
823 3898 1006 3953 omnia
1031 3912 1152 3968 qua:
1176 3898 1588 3968 perdidimusin
1613 3900 1812 3969 Adam,

224 3990 285 4053 in
328 3988 688 4046 Cbristonon
726 3989 992 4060 peritura,
1029 3990 1126 4045 sed
1160 4005 1560 4062 consequamur
1582 3999 1809 4047 aeterna.

300 4082 390 4139 14.
424 4080 690 4151 Pauperes
708 4097 942 4137 recreare
960 4081 1116 4155 (Tob.
1134 4080 1232 4153 tv).
1252 4083 1651 4139 Convenienter
1668 4082 1813 4137 enim

226 4191 332 4233 nos
364 4181 489 4245 post
510 4173 702 4245 jejunii
726 4187 970 4230 amorem
1008 4174 1077 4230 de
1109 4189 1411 4244 pauperum
1438 4173 1698 4230 admonet
1726 4188 1816 4229 re-

207 4264 529 4333 'creatioue,
575 4268 702 4337 quia
728 4274 858 4323 tunc
899 4265 1103 4338 optime
1146 4264 1458 4336 ieiunamus
1481 4266 1697 4336 quando
1747 4281 1813 4321 ea

228 4374 357 4430 qua:
380 4359 555 4416 ventri
582 4358 954 4416 subtrahimus
972 4357 1300 4429 pauperibus
1324 4371 1632 4429 ersgamus.
1674 4356 1815 4413 Hinc

1905 1879 1983 1933 bis
2011 1888 2258 1949 paratum
2285 1887 2363 1934 est
2410 1881 2474 1933 ab
2500 1880 2702 1950 origine
2730 1880 2935 1935 mundi.
3001 1881 3140 1946 Quia
3186 1883 3396 1948 esuriti,
3446 1893 3495 1937 et

1904 1970 2120 2025 dedistis
2165 1970 2295 2026 nti/ti
2345 1970 2688 2036 manducare,
2735 1971 2876 2026 sitivi
2914 1980 2964 2026 et
2994 1971 3214 2027 dedistis
3253 1974 3383 2028 mihi
3419 1974 3500 2028 bi-

1907 2060 2046 2129 bere,
2077 2070 2185 2118 etc.
2216 2061 2433 2132 (Mattlt.
2482 2063 2633 2134 xxv).
2676 2061 2953 2119 Christum
2979 2064 3126 2119 enim
3152 2065 3206 2119 in
3234 2073 3496 2121 aeternum

1905 2153 2168 2210 habemus
2207 2156 2614 2222 retributorem,
2661 2156 2708 2212 si
2738 2171 2839 2226 pro
2888 2156 2981 2213 illo
3019 2159 3349 2229 pauperibus
3372 2174 3501 2230 por-

1907 2247 2153 2304 reximus
2182 2264 2398 2319 panem.
2449 2250 2533 2304 Ab
2559 2248 2648 2305 illo
2669 2257 2931 2304 aeternam
2971 2251 3360 2321 consequimur
3403 2252 3504 2308 mi-
3584 2302 3591 2309 .

1908 2339 2285 2405 sericordiam,
2316 2341 2365 2395 si
2392 2355 2492 2411 pro
2514 2339 2606 2396 illo
2639 2340 2857 2410 plenam
2879 2341 3284 2411 porrexerimus
3308 2341 3499 2400 dexte-

1906 2448 2048 2489 ram.
2108 2433 2313 2489 Demus
2348 2447 2481 2505 ergo
2510 2434 2691 2489 cibum
2728 2440 2785 2489 et
2830 2442 3040 2505 potum,
3089 2442 3150 2488 ut
3176 2449 3303 2490 cum
3329 2434 3504 2490 Abra-

1908 2525 2060 2591 ham,
2083 2524 2236 2580 lsaac
2260 2531 2319 2580 et
2344 2522 2514 2579 Iacob
2536 2524 2606 2579 ad
2635 2524 2943 2580 convivium
2978 2538 3288 2580 mereamur
3307 2539 3503 2595 pervc-

1910 2614 2029 2670 nire
2053 2624 2343 2679 aeternum,
2366 2620 2429 2666 ut
2455 2613 2567 2668 illic
2614 2614 2941 2684 recipiamus
2964 2627 3066 2683 pro
3087 2613 3321 2669 terrenis
3343 2613 3505 2670 cccle-

1907 2703 2035 2769 stia,
2048 2710 2148 2773 pro
2161 2700 2552 2772 temporalibus
2564 2703 2913 2773 sempiterna,
2927 2717 3028 2774 pro
3042 2702 3272 2759 modicis
3282 2718 3497 2775 magna,

1907 2806 2009 2862 pro
2034 2791 2255 2847 caducis
2281 2790 2676 2859 permanentia,
2704 2806 2806 2861 pro
2832 2792 3239 2847 transeuntibus
3259 2806 3506 2862 perman-

1910 2898 2061 2940 sura.
2114 2882 2369 2939 Est‘aliud
2400 2886 2759 2955 eleemosyna:
2786 2898 2957 2955 genus
2975 2882 3153 2951 duale,
3178 2900 3287 2955 quo
3306 2884 3505 2942 debent

1910 2975 2151 3032 maxime
2172 2976 2421 3031 monachi
2440 2990 2709 3046 pauperes
2734 2991 3004 3032 recreare.
3058 2976 3301 3044 Quorum
3334 2986 3503 3033 unum

1910 3067 2145 3124 inﬁrmis
2179 3076 2235 3123 et
2271 3066 2565 3134 tribulatis,
2588 3067 2734 3123 aliud
2760 3082 2893 3124 vero
2913 3068 3096 3124 stultis
3117 3078 3176 3124 et
3204 3069 3502 3125 nescienti-

1910 3157 2527 3215 busestadhiheudum.
2613 3157 2720 3226 Qui
2761 3157 2909 3213 enim
2942 3157 3173 3214 infirmis
3217 3173 3316 3228 per
3361 3174 3506 3215 com-

1910 3251 2222 3321 passionem
2272 3250 2658 3315 communicat,
2692 3258 2748 3306 et
2803 3248 3075 3306 tribulatis
3113 3251 3502 3327 consolationis

1908 3344 2201 3400 consilium
2223 3342 2619 3407 subministrat,
2644 3343 2762 3398 sine
2785 3343 2951 3399 dubio
2971 3356 3239 3414 pauperes
3268 3352 3499 3400 recreat.

1914 3433 2176 3490 Similiter
2193 3441 2251 3490 et
2263 3432 2355 3503 qui
2373 3433 2679 3490 doctrinam
2704 3433 2906 3500 stultis,
2933 3444 2989 3489 et
3017 3435 3260 3491 scientiae
3272 3436 3498 3491 verbum

1914 3528 2188 3584 ministrat
2232 3526 2460 3599 ignaris,
2506 3526 2918 3599 eleemosynarii
2945 3527 3140 3599 dignus
3161 3538 3246 3585 est
3292 3529 3505 3585 laudari

1913 3620 2224 3693 praeconiis.

1988 3715 2074 3771 15.
2119 3716 2339 3772 Nudum
2366 3717 2551 3773 vestire
2577 3716 2714 3789 (Isa.
2749 3731 2903 3784 Lvm,
2934 3715 3128 3771 Matth.
3156 3716 3305 3789 xxv).
3346 3713 3503 3772 Sicut

1914 3813 2003 3861 est
2024 3806 2244 3861 nuditas
2272 3809 2541 3877 corporis,
2579 3814 2664 3863 est
2692 3816 2746 3862 et
2792 3807 3011 3862 nuditas
3047 3809 3264 3863 animae.
3332 3808 3503 3863 Nudi-

1916 3907 2002 3955 tas
2037 3901 2283 3970 corporis
2310 3908 2393 3956 est
2423 3914 2612 3955 carere
2641 3901 2900 3965 vestibus,
2936 3901 3298 3959 nuditasvcro
3311 3903 3508 3959 animae

1913 4005 2108 4046 carere
2136 3989 2451 4045 virtutibus.
2499 3988 2643 4060 Ergo
2670 3989 2815 4044 sicut
2840 4004 3037 4060 corpus
3064 3993 3328 4058 vestibus,
3353 3993 3425 4048 ita
3452 4002 3515 4049 et

1916 4080 2154 4133 animam
2175 4078 2434 4134 debemus
2467 4079 2670 4133 vestire
2694 4079 3003 4134 virtutibus.
3039 4079 3262 4134 Justitia
3291 4082 3508 4139 indutus
3592 4079 3607 4091 “

1913 4186 2053 4235 sum,
2106 4169 2183 4224 ait
2206 4167 2325 4233 Job,
2379 4180 2427 4223 et
2452 4171 2649 4225 vestiant
2680 4187 2782 4236 me,
2834 4173 2970 4225 sicut
2999 4173 3382 4228 vestimentum.
3439 4176 3510 4232 Et

1914 4260 2179 4329 propheta
2205 4259 2338 4313 dicit
2365 4274 2379 4312 :
2418 4259 2601 4313 Induit
2625 4276 2707 4314 me
2728 4262 3031 4317 vestimento
3046 4261 3255 4329 salutis,
3271 4273 3319 4318 et
3350 4266 3511 4321 indu-

1916 4362 2090 4407 mento
2100 4350 2453 4422 jucunditatis
2474 4351 2823 4407 circumdedit
2852 4366 2935 4408 nte
2959 4350 3094 4427 (Isa.
3116 4356 3249 4428 LXI).
3291 4356 3387 4413 llis
3407 4374 3507 4415 att-

229 4452 494 4529 propheta
520 4466 620 4507 nos
649 4452 904 4508 admonet
931 4443 1155 4507 dicens:
1181 4448 1524 4519 Sanctiﬁcate
1539 4449 1812 4520 jejunium
1841 4475 1894 4536 Β
1921 4450 2033 4536 tem
2062 4449 2119 4498 et
2150 4441 2419 4536 similibus
2467 4443 2707 4536 vestibus
2734 4451 2792 4500 et
2843 4460 2903 4500 se
2932 4454 2987 4500 et
3040 4447 3175 4503 alios
3210 4448 3371 4505 debet
3406 4466 3506 4507 ve-

234 4542 397 4616 (Joef.
429 4543 494 4617 ι).
539 4542 618 4598 Ac
641 4543 686 4599 si
709 4543 956 4599 diceret:
996 4542 1154 4611 Quod
1207 4550 1451 4612 tempore
1484 4540 1703 4612 jejunii,
1756 4547 1819 4594 ut

233 4632 526 4705 allligatur,
552 4633 893 4689 subtrahitur
909 4633 1149 4705 corpori,
1188 4648 1289 4705 pro
1306 4631 1744 4689 sanctificatione
1764 4638 1821 4686 et

234 4726 613 4784 benedictione
630 4727 826 4782 anima:
845 4727 1108 4798 porrigite
1132 4722 1377 4798 pauperi.
1433 4724 1708 4794 Scriptum
1730 4730 1822 4779 est

235 4818 422 4874 enim:
469 4814 701 4889 Pauperi
755 4818 964 4889 porrige
998 4833 1214 4871 manum
1258 4828 1428 4881 tuam,
1474 4823 1527 4869 ut
1573 4814 1820 4886 proﬁciat

235 4909 551 4981 propitiatio.
567 4918 615 4963 et
636 4908 923 4964 benedictio
968 4918 1061 4963 tua
1109 4906 1432 4981 (Eccli.vn).
1484 4906 1549 4961 Et
1580 4907 1817 4961 iterum:

239 4996 372 5063 Fili,
413 4996 794 5068 deemosynam
849 4998 1096 5069 pauperis
1136 5015 1199 5053 ne
1244 4997 1492 5067 frandes,
1537 5005 1586 5050 et
1638 4996 1820 5050 oculos

238 5102 359 5147 tuos
407 5105 471 5146 ne
517 5100 781 5147 avertusa
815 5108 1063 5162 paupere.
1106 5091 1353 5146 Animam
1404 5090 1717 5144 esurientem
1759 5104 1823 5144 ne

238 5180 555 5252 despexeris,
595 5189 645 5236 et
698 5197 790 5236 cor
814 5181 984 5252 inopis
1015 5197 1078 5236 ne
1127 5181 1395 5252 amiseris.
1453 5177 1578 5232 Non
1618 5187 1822 5233 avertas

241 5271 432 5342 {aciem
466 5277 615 5324 tuam
643 5270 708 5325 ab
730 5287 912 5342 egeno,
959 5280 1006 5325 et
1030 5270 1096 5325 ab
1124 5271 1277 5341 inope
1328 5265 1509 5322 oculos
1537 5275 1675 5321 tuos.
1721 5267 1825 5322 Des

239 5363 638 5435 slina‘panperi
672 5380 855 5419 aurem
878 5372 1056 5430 tuam,
1102 5371 1152 5416 et
1194 5360 1351 5416 redde
1377 5359 1607 5414 debitum
1650 5368 1821 5415 tuum.

241 5455 471 5533 _Pr0pter
490 5456 800 5512 mandatum
831 5472 1039 5511 assume
1064 5471 1375 5525 pauperem,
1421 5460 1470 5508 et
1511 5459 1723 5526 propter
1740 5451 1829 5504 in-

244 5549 421 5618 opiam
467 5547 585 5619 ejus
637 5564 701 5603 ne
726 5548 962 5603 dimittas
989 5545 1139 5602 illum
1168 5560 1411 5612 vacuum,
1455 5543 1546 5600 sed
1575 5540 1828 5599 conclude

244 5641 626 5713 elemosynam
647 5641 704 5696 in
720 5641 842 5696 sinu
866 5640 1131 5712 pauperis,
1156 5649 1203 5693 et
1231 5639 1316 5693 hic
1344 5638 1515 5694 orabit
1552 5655 1648 5709 pro
1680 5646 1729 5692 te
1758 5635 1827 5691 ad

240 5729 531 5814 Dominum
557 5731 853 5807 (Eccliuv).
904 5730 1380 5803 Raphaelquoqu‘e
1422 5730 1663 5802 angelus,
1708 5736 1828 5784 uta

1922 4534 2055 4590 stire
2112 4534 2430 4589 monachus.
2495 4533 2668 4588 Adam
2701 4551 2829 4591 vero
2857 4552 2982 4592 cum
3019 4549 3300 4609 peccasset
3322 4542 3377 4597 in
3407 4556 3505 4615 pa-

1922 4624 2125 4690 radiso,
2182 4624 2376 4679 anima:
2406 4640 2515 4679 non
2558 4627 2805 4695 corporis
2828 4627 3065 4696 perdidit
3098 4631 3503 4689 vestimentum.

1922 4714 2332 4781 Perdiditenim
2358 4716 2746 4785 innocentiam,
2801 4719 3266 4779 immortalitatem
3304 4733 3362 4781 et
3387 4726 3508 4798 glo-

1926 4809 2084 4864 riam.
2124 4805 2260 4861 Nam
2284 4815 2340 4861 et
2364 4807 2452 4862 i|le
2480 4807 2573 4878 qui
2604 4808 2671 4863 de
2693 4806 2996 4867 Jerusalem
3044 4813 3408 4874 descendebat
3451 4819 3508 4875 in

1923 4897 2163 4965 Iericho,
2209 4900 2406 4956 anima:
2441 4901 2684 4958 vestibus
2709 4904 2973 4976 spoliatus
3011 4916 3093 4962 est
3116 4925 3147 4963 a
3184 4908 3508 4971 latronibus.

1924 4991 2236 5047 Vestiamus
2280 5004 2412 5063 ergo
2465 4994 2821 5064 corporaliter
2863 5012 3131 5068 pauperes
3168 5002 3340 5058 nudos
3385 5019 3512 5062 cum

1925 5098 2119 5154 magna
2145 5082 2451 5149 alacritate,
2473 5084 2600 5155 quia
2626 5086 2800 5156 ipsum
2830 5089 3114 5146 Dominum
3136 5093 3331 5150 exinde
3362 5104 3512 5153 tene-

1924 5173 2104 5228 bimus
2129 5174 2478 5240 creditorem,
2506 5185 2562 5230 et
2614 5177 2827 5233 fidelem
2856 5181 3177 5239 habebimus
3216 5187 3511 5245 retributo-

1926 5283 2062 5324 rem.
2132 5268 2252 5341 Ipse
2280 5269 2426 5323 enim
2477 5270 2720 5326 dicturus
2749 5273 3013 5331 estinter
3063 5286 3259 5333 extera
3309 5276 3509 5340 nobisi

1937 5359 2133 5425 Venite,
2163 5359 2417 5414 benedicti
2443 5357 2622 5415 Patris
2674 5364 2796 5430 ntei,
2843 5368 3092 5438 percipite
3122 5385 3333 5440 regnum
3366 5375 3508 5442 quod

1924 5450 2067 5507 vobis
2090 5460 2335 5521 paratum
2375 5458 2450 5505 est
2481 5450 2545 5504 ab
2585 5453 2784 5523 origine
2824 5456 3028 5523 mundi,
3051 5446 3177 5529 quia
3197 5456 3367 5515 nudus
3404 5460 3504 5532 fui,

1922 5550 1973 5597 et
1998 5543 2340 5612 cooperuistis
2372 5557 2453 5596 me
2493 5542 2708 5613 (Matth.
2742 5546 2892 5619 xxv).
2936 5548 3244 5605 Vestiamus
3272 5563 3509 5609 nosmet-

1928 5636 2073 5706 ipsos
2104 5634 2397 5689 virtutibus
2417 5635 2619 5690 sanctis
2663 5635 2912 5704 interius,
2962 5639 3087 5707 quia
3128 5640 3261 5695 nihil
3286 5645 3510 5712 prodest

1929 5727 2169 5785 vestitus
2198 5726 2395 5782 vestire
2423 5725 2613 5797 alium,
2642 5734 2699 5785 et
2722 5728 3071 5801 semetipsum
3100 5732 3386 5790 virtutibus
3420 5750 3510 5793 res
