3940 6416
452 313 556 369 7319

1741 307 2093 364 SMARAGD]
2131 307 2421 364 ABBATIS

3598 314 3704 370 760

448 433 692 499 linquere
734 427 952 481 nudum.
1005 423 1100 480 Sic
1134 425 1278 480 enim
1307 424 1568 480 debemus
1597 425 1718 481 aliis
1744 425 2015 490 misereri,
2048 429 2097 489 Α
2123 425 2362 480 deamus.
2428 425 2696 480 Mortuum
2725 425 2869 481 enim
2891 425 3088 481 dicitur
3115 435 3418 497 peccatum,
3448 435 3506 482 ut
3531 428 3660 486 illud
3683 445 3706 488 ε

449 533 508 575 ut
530 537 633 574 non
668 517 1049 573 obliviscamur
1076 517 1271 571 nostri.
1334 517 1425 572 Sic
1461 518 1606 572 enim
1634 531 1734 573 nos
1755 519 1823 572 de
1859 532 2022 588 opere

447 609 834 667 misericordiae
878 623 1057 662 sermo
1085 609 1297 663 divinus
1337 608 1592 663 admonet
1619 609 1846 664 dicens:
1898 607 2019 672 Fili,

444 704 706 758 miserere
732 701 925 756 anima:
950 707 1057 754 tua-
1083 700 1299 769 placens
1338 699 1469 755 Deo.
1515 699 1654 770 Ergo
1679 701 1732 754 in
1763 708 2023 769 quantum

443 795 686 850 valemus
709 795 1069 848 misereamur
1089 793 1230 858 aliis,
1247 801 1301 847 et
1323 793 1537 848 solliciti
1568 809 1669 848 nos
1690 807 1904 863 semper
1922 791 2023 846 mi-

445 901 726 946 sereamur
745 884 1250 954 nobismetipsis,ut
1275 899 1374 953 pro
1405 883 1526 938 aliis
1549 883 1854 938 mercedem
1868 889 2023 935 aeer

445 992 592 1040 nam,
649 985 705 1030 et
730 990 828 1045 pro
864 982 1051 1030 nostra
1078 975 1320 1030 custodia
1355 973 1579 1044 praemia
1625 989 2022 1045 consequamur

444 1076 726 1135 perpetua.

518 1157 603 1210 16.
639 1157 916 1225 Inﬁrmum
941 1158 1148 1211 uisitare
1177 1157 1391 1228 (Matth.
1421 1156 1570 1228 xxv).
1605 1158 1840 1212 Visitare
1863 1157 2024 1212 debe-

445 1251 842 1316 musiuﬁrmos,
872 1251 998 1319 quia
1029 1251 1082 1304 in
1103 1251 1232 1319 ipsis
1261 1250 1546 1305 Dominum
1571 1250 1874 1306 visitamus.
1904 1251 2026 1321 ipse

443 1339 586 1391 enim
646 1338 786 1392 inter
814 1347 1009 1393 caetera
1039 1339 1191 1394 nobis
1224 1340 1466 1395 dicturus
1512 1347 1596 1394 est
1638 1341 2025 1396 misericordia

441 1442 640 1497 opera:
689 1427 943 1498 Inﬁrmus
981 1429 1082 1498 fui,
1123 1440 1172 1484 et
1225 1432 1474 1485 visitastis
1504 1448 1606 1486 me.
1657 1433 1949 1488 Visitemus
1971 1443 2027 1489 et

441 1531 604 1571 causa
650 1518 1082 1586 compunctionis
1111 1517 1373 1584 inﬁrmos,
1417 1528 1477 1574 ut
1520 1537 1643 1575 cum
1673 1521 1857 1587 Paulo,
1894 1521 2025 1587 Quis

441 1607 765 1675 inﬁrmatur,
809 1617 856 1662 et
895 1623 986 1677 ego
1013 1624 1117 1661 non
1143 1607 1426 1677 inﬁrmor?
1447 1608 1658 1681 (llCor.
1691 1627 1748 1665 ιι
1774 1611 1814 1683 ),
1846 1612 2026 1667 dicere

439 1701 731 1769 possimus.
782 1699 1076 1756 Visitemus
1102 1708 1157 1754 et
1187 1715 1349 1756 causa
1379 1702 1792 1770 vicissitudinis,
1823 1704 1876 1759 id
1915 1712 2022 1770 est,

2128 516 2232 582 Qui
2251 516 2458 571 lavatur
2477 534 2508 570 a
2535 525 2764 582 mortuo,
2789 525 2836 569 et
2858 517 3046 569 iterum
3070 519 3234 586 tangit
3254 528 3540 586 mortuum,
3570 520 3707 576 nihil

2073 659 2075 661 ,
2122 611 2328 681 proﬁcit
2375 609 2487 678 ejus
2535 608 2727 662 lavatio
2767 607 2936 680 (Eccl.
2967 608 3177 679 xxxrv),
3207 608 3261 662 id
3289 618 3391 675 est,
3421 612 3514 679 qui
3593 625 3708 679 pa!-

2123 702 2344 756 nitcudo
2368 702 2620 772 lacrymis
2644 701 2790 756 lavat
2815 708 3122 770 peccatum,
3153 709 3210 755 et
3239 701 3432 755 iterum
3457 703 3710 758 commit-

2127 795 2188 850 tit
2216 802 2520 865 peccatum,
2543 794 2679 848 nihil
2707 794 2754 848 ei
2787 793 3122 864 paenitentia:
3150 793 3384 864 gemitus
3427 793 3509 848 vel
3533 794 3711 865 lacry-

2125 901 2335 940 marum
2366 885 2504 940 fusio
2543 894 2767 956 generat
2788 883 3015 938 fructus.
3055 883 3250 939 Anima
3278 886 3422 939 enim
3453 901 3573 955 qua:
3587 901 3712 957 pec-

2125 977 2352 1041 caverit,
2391 977 2503 1046 ipsa
2557 976 2835 1030 morietur.
2916 973 3049 1028 Nam
3091 984 3148 1030 et
3171 975 3263 1029 illa
3293 976 3490 1045 puella,
3543 992 3709 1046 quam

2125 1067 2409 1123 suscitavit
2437 1066 2697 1120 Dominus
2722 1065 2774 1118 in
2797 1065 2975 1127 domo,
3017 1075 3299 1133 peccatum
3327 1065 3599 1136 signiﬁcat
3623 1066 3708 1120 la-

2125 1167 2247 1213 teus
2284 1158 2338 1210 in
2366 1157 2576 1222 animo;
2626 1165 2682 1210 et
2709 1156 2760 1209 in
2789 1155 2881 1209 illo
2927 1170 3088 1224 quem
3120 1154 3264 1210 foras
3287 1165 3500 1226 portam
3525 1157 3713 1212 Domi-

2125 1261 2229 1301 nus
2280 1245 2560 1300 substituit
2602 1244 2762 1300 unico
2788 1246 2979 1300 matris
3008 1245 3142 1312 ﬁlio,
3200 1254 3485 1316 peccatum
3509 1249 3707 1303 animae

2120 1337 2233 1408 jam
2255 1351 2535 1407 egressum
2565 1334 2710 1390 foras
2733 1336 2788 1390 iu
2815 1336 3108 1404 publicum.
3142 1337 3210 1390 Et
3248 1337 3508 1404 Lazarus,
3541 1353 3706 1408 quem

2125 1429 2269 1484 idem
2301 1429 2561 1483 Dominus
2604 1427 2887 1482 suscitavit
2937 1427 3352 1496 quatriduanum
3384 1426 3566 1499 (Joan.
3605 1429 3711 1499 ιι),

2120 1519 2232 1589 jam
2261 1517 2414 1572 multi
2454 1518 2711 1586 temporis
2737 1525 3018 1586 peccatum
3063 1517 3401 1573 demonstrat
3451 1519 3711 1574 commis-

2127 1626 2266 1665 sum.
2343 1609 2420 1664 De
2467 1609 2553 1664 his
2581 1623 2711 1678 ergo
2739 1607 2981 1662 omnium
3029 1608 3317 1679 generibus
3365 1617 3710 1662 mortuorum

2127 1718 2258 1758 usus
2289 1700 2582 1771 sepeliendi
2608 1701 2765 1755 debet
2778 1715 2899 1755 esse
2927 1700 3169 1754 omnium
3199 1700 3572 1762 hominum,et
3591 1715 3680 1754 ma
3700 1731 3715 1741 ο

440 1799 502 1844 ιιι
528 1806 650 1846 cum
700 1789 963 1847 fuerimus
1010 1792 1231 1857 inﬁrmi,
1258 1795 1584 1851 visitemura
1622 1799 1788 1852 sanis.
1824 1799 2023 1854 Visite—
2052 1781 2100 1841 Β
2131 1795 2274 1848 xime
2307 1793 2716 1846 monachorum.
2763 1791 2841 1846 De
2880 1791 2983 1845 hoc
3021 1791 3164 1844 enim
3194 1790 3486 1860 sepeliendi
3513 1804 3714 1860 genere

441 1899 563 1940 mus
596 1895 651 1939 et
683 1887 856 1956 gratia
887 1887 1357 1957 dilectionis,quia
1383 1888 1645 1959 scriptum
1669 1898 1790 1944 est:
1824 1891 1947 1945 Non
1973 1900 2022 1946 te

437 1977 608 2045 pigeat
660 1977 1148 2045 visitareinﬁrmos,
1195 1995 1259 2032 ea:
1312 1980 1436 2049 ipsis
1475 1982 1612 2034 enim
1643 1982 1698 2034 in
1749 1981 2022 2038 dilectione

436 2065 734 2133 ﬁrmuberis
764 2064 1083 2138 (Ecclt'ml).
1125 2066 1232 2122 Sed
1261 2068 1418 2124 etille
1447 2068 1690 2125 inﬁrmos
1714 2070 1898 2126 visitat
1926 2074 2018 2143 qui

439 2155 725 2209 monachis
746 2156 813 2210 de
850 2170 945 2209 sua
975 2157 1275 2212 substantia
1308 2159 1678 2231 elcemosyuas
1725 2163 2016 2218 ministrat.

439 2245 516 2298 De
548 2246 828 2300 monachis
852 2248 995 2301 enim
1037 2249 1294 2319 scriptum
1327 2259 1411 2304 est
1439 2268 1451 2304 :
1492 2249 1754 2306 Formiae
1798 2253 2019 2323 populus

437 2333 699 2402 inﬁrmus,
730 2337 819 2407 qui
841 2347 993 2407 parat
1019 2339 1072 2392 in
1101 2356 1262 2394 messe
1299 2341 1472 2395 cibum
1496 2342 1596 2396 sibi
1645 2340 1828 2414 (Prov.
1862 2343 2014 2415 xxx).

441 2423 548 2478 Sed
600 2434 655 2478 et
697 2425 784 2480 ille
813 2428 1081 2481 veraciter
1123 2429 1366 2485 inﬁrmos
1394 2431 1599 2496 visitat,
1629 2431 1721 2501 qui
1751 2432 1928 2487 viduis
1964 2442 2020 2489 et

438 2515 658 2584 pupillis
694 2516 1066 2590 eleemosyuas
1086 2529 1292 2591 erogat.
1346 2523 1530 2577 Viduas
1553 2523 1696 2577 enim
1725 2531 1780 2579 et
1808 2524 2016 2594 pupilli,

441 2607 532 2674 qui
559 2615 684 2660 sunt
731 2609 960 2664 humiles
987 2620 1043 2664 et
1068 2627 1334 2681 pauperes
1356 2615 1547 2685 spiritu
1586 2624 1809 2686 propter
1834 2617 2017 2671 Domi-

441 2711 594 2761 num,
646 2698 830 2766 procul
871 2699 1032 2755 dubio
1058 2702 1181 2770 quia
1219 2711 1467 2772 potentes
1488 2720 1594 2760 non
1630 2714 1776 2770 sunt,
1819 2705 2019 2760 inﬁrmi

439 2794 568 2838 sunt
600 2785 652 2840 iu
684 2788 786 2841 hoc
816 2789 1034 2856 mundo,
1055 2799 1112 2846 et
1134 2792 1459 2849 visitationis
1485 2794 1755 2864 adjutorio
1775 2796 2022 2866 indigent

441 2877 495 2931 in
531 2878 635 2933 hoc
690 2880 906 2934 saeculo.
966 2881 1042 2936 De
1091 2883 1183 2937 tali
1229 2884 1372 2938 enim
1405 2886 1716 2942 visitatione
1744 2888 2022 2958 apostolus

438 2969 558 3023 ait:
611 2968 810 3040 Religio
846 2972 1042 3026 munda
1093 2983 1142 3027 et
1204 2975 1544 3031 immaculata
1579 2978 1724 3048 apud
1757 2978 1923 3032 Deum
1973 2988 2022 3033 et

437 3060 656 3117 Patrem
687 3063 800 3118 lucc
820 3074 895 3119 est
930 3079 948 3118 :
990 3064 1213 3122 Visitare
1239 3067 1466 3138 pupillos
1488 3079 1537 3123 et
1557 3070 1745 3126 viduas
1770 3074 1825 3126 in
1856 3072 2023 3125 tribu-

2127 1884 2316 1938 beatus
2351 1881 2673 1936 Benedictus
2711 1881 2970 1950 praecepit
3007 1880 3289 1935 monachis
3312 1888 3586 1934 mortuum
3619 1896 3710 1936 se-

2126 1972 2316 2041 pelire,
2351 1972 2403 2025 id
2433 1979 2537 2038 est,
2569 1971 2614 2024 si
2644 1969 2808 2024 fuerit
2853 1971 2994 2024 sicut
3018 1969 3196 2040 puella
3240 1970 3294 2023 in
3321 1971 3504 2035 domo,
3533 1970 3712 2026 adhuc

2127 2073 2307 2118 tamen
2338 2064 2392 2117 in
2420 2063 2748 2118 conscientia
2778 2062 2951 2117 latens
2979 2070 3284 2132 peccatum,
3333 2078 3402 2117 ne
3449 2063 3502 2116 in
3545 2078 3713 2133 opere

2127 2167 2386 2228 appareat
2415 2158 2486 2212 ibi
2517 2157 2745 2226 sepelire
2765 2172 2888 2211 eum
2914 2173 2928 2222 ;
2977 2165 3031 2212 et
3064 2158 3107 2212 si
3130 2155 3251 2224 jam‘
3275 2157 3435 2211 fuerit
3467 2158 3519 2211 in
3546 2171 3711 2227 opere

2125 2246 2474 2301 manifestum
2499 2288 2514 2312 ,
2557 2247 2700 2302 sicut
2727 2248 2794 2302 de
2821 2247 2914 2301 illo
2939 2249 3100 2302 unico
3133 2248 3462 2303 matrisﬁlio
3492 2249 3708 2318 legitur,

2119 2339 2234 2409 jam
2259 2337 2406 2392 foras
2432 2346 2644 2406 portam
2702 2337 2876 2403 elato,
2921 2353 2989 2392 ne
3023 2337 3254 2407 amplius
3305 2353 3557 2393 crescens
3581 2353 3710 2408 pro-

2125 2429 2424 2499 grediatur,
2463 2428 2532 2482 ibi
2590 2427 2752 2484 ﬁnem
2786 2429 3057 2499 accipiat,
3117 2437 3170 2483 et
3229 2431 3409 2484 cordis
3462 2430 3712 2500 sepulcro

2125 2525 2412 2580 condatur.
2450 2525 2516 2578 Et
2546 2525 2592 2580 si
2607 2526 2865 2579 diuturno
2880 2523 2994 2594 jam
3021 2534 3262 2596 tempore
3279 2541 3380 2597 per
3399 2535 3705 2596 peccatum,

2125 2622 2178 2668 et
2211 2615 2265 2668 in
2287 2615 2541 2669 omnibus
2567 2615 2621 2669 in
2643 2614 2918 2685 publicum
2944 2615 3292 2670 manifestum
3309 2657 3324 2682 ,
3359 2627 3414 2672 et
3439 2633 3470 2672 a
3500 2619 3710 2674 cunctis

2127 2705 2287 2760 fuerit
2313 2703 2538 2760 fetidum
2557 2705 2882 2775 judicatum,
2929 2707 3073 2762 sicut
3114 2708 3180 2762 de
3216 2709 3580 2778 quatriduano
3601 2709 3709 2763 La-

2127 2811 2252 2850 zaro
2277 2796 2504 2867 legitur,
2551 2812 2621 2853 ne
2647 2797 2790 2852 ultra
2837 2798 2889 2851 in
2923 2798 3140 2852 homine
3170 2799 3439 2868 pullulaus
3472 2807 3706 2864 crescat,

2129 2887 2346 2941 tandem
2394 2887 2781 2942 mortiﬁcatum
2823 2889 3036 2958 pariter
3057 2899 3111 2944 et
3133 2887 3616 2959 sepultumjaceat.
3643 2888 3713 2945 Et

2126 2978 2231 3032 hoc
2261 2979 2421 3032 modo
2461 2979 2638 3034 omnis
2665 2979 2963 3035 monachus
2987 3021 3001 3046 ,
3032 2990 3088 3033 et
3127 2980 3196 3034 ad
3223 2979 3508 3044 Dominum
3532 2979 3712 3036 omnis

2127 3083 2440 3136 conversus,
2491 3069 2655 3125 debet
2702 3077 3008 3138 mortuum,
3041 3071 3095 3126 id
3125 3079 3238 3138 est,
3292 3086 3449 3125 suum
3479 3071 3712 3142 sepelire

437 3153 633 3209 latione
677 3171 880 3221 eorum,
914 3164 1020 3212 etc.
1073 3127 1321 3230 (lauit):
1382 3160 1479 3214 Est
1498 3171 1552 3215 et
1573 3161 1678 3216 alia
1730 3162 2022 3218 inﬁrmitas
2051 3127 2094 3188 C
2128 3169 2435 3230 peccatum.

439 3247 635 3301 animas
661 3261 760 3315 pro
795 3262 903 3316 qua
939 3247 1192 3303 monachi
1226 3250 1426 3304 debent
1456 3251 1686 3306 invicem
1713 3267 1772 3308 se
1799 3252 2024 3308 visitare

439 3336 760 3405 saepissime,
784 3336 872 3390 illa
894 3336 1102 3392 scilicet
1126 3338 1192 3393 de
1220 3353 1326 3407 qua
1354 3339 1526 3394 David
1553 3341 1769 3396 dicebat
1795 3359 1808 3395 :
1865 3341 2026 3396 Mise-

439 3443 554 3479 rere
576 3426 723 3491 mihi,
760 3426 1005 3492 Domine,
1039 3429 1290 3497 quoniam
1317 3429 1560 3499 inﬁrmus
1600 3447 1736 3497 sum,
1760 3449 1894 3486 sana
1919 3450 2018 3499 me,

439 3516 662 3570 Domine
686 3515 858 3589 (Psal.
892 3517 989 3591 vt).
1039 3519 1106 3572 Et
1133 3527 1192 3574 ut
1216 3521 1532 3578 adverteres
1576 3524 1640 3578 de
1667 3540 1772 3593 qua
1797 3524 2024 3580 inﬁrmi-

439 3614 552 3660 tate
593 3605 834 3671 diceret,
879 3605 1132 3662 addidit:
1183 3609 1252 3662 Et
1298 3612 1480 3665 anima
1531 3629 1646 3667 mea
1685 3616 1894 3670 turbata
1947 3627 2023 3671 est

439 3696 591 3751 ualde
615 3685 832 3768 ’(Ibid.).
889 3697 958 3752 Et
983 3699 1111 3754 alibi
1145 3718 1158 3753 :
1192 3700 1305 3772 Ego
1328 3702 1442 3756 dixi
1465 3721 1479 3757 :
1503 3703 1746 3772 Domine,
1777 3709 2023 3765 miserere

440 3789 568 3854 mei,
596 3806 728 3842 sana
743 3790 975 3844 animum
998 3809 1185 3858 meam,
1212 3795 1336 3865 quia
1361 3799 1568 3867 peccaui
1599 3797 1691 3852 tibi
1716 3797 1889 3872 (Psal.
1907 3803 2019 3876 XL).

440 3877 587 3948 Ergo
618 3879 926 3950 ubicunque
953 3882 1113 3953 hujus
1138 3883 1471 3942 inﬁrmitatis
1521 3904 1676 3944 ntevo
1727 3891 2024 3948 viderimus

441 3968 666 4024 fratrem
712 3986 1046 4042 oppressum,
1073 3977 1259 4031 tandiu
1289 3977 1365 4032 illi
1395 3979 1720 4037 visitationis
1743 3982 2024 4052 impenda-

332 4084 352 4098 ο
442 4076 564 4114 mus
613 4061 871 4129 studium,
903 4064 1076 4120 donec
1091 4066 1158 4120 ad
1177 4067 1368 4123 salutis
1398 4069 1686 4138 pristinum
1732 4081 2024 4147 revocetur

439 4161 683 4219 statum;
738 4163 799 4208 ut
827 4164 884 4210 et
928 4155 1177 4215 inﬁrmus
1199 4174 1425 4230 corpore
1457 4173 1658 4220 nostra:
1692 4166 2023 4223 visitatiouis

439 4241 714 4309 solatium,
744 4252 800 4299 et
826 4246 1074 4303 inﬁrmus
1105 4248 1160 4303 in
1187 4250 1385 4316 anima,
1417 4253 1652 4309 donante
1676 4252 1913 4319 Christo,
1937 4271 2024 4310 re-

439 4338 678 4392 medium
736 4338 978 4394 inveniat
1036 4343 1443 4420 sempiternum.
1525 4345 1775 4403 Inﬁrmus
1825 4347 2025 4404 dicitur

440 4441 546 4481 non
580 4427 753 4482 solum
803 4440 1059 4500 aegrotus,
1109 4435 1204 4489 sed
1252 4436 1416 4490 etiam
1453 4439 1636 4503 animo
1665 4439 1928 4496 molestus
1967 4449 2023 4496 et

439 4520 813 4593 contristatus.

514 4612 601 4666 l7.
654 4613 925 4671 Mortuum
960 4619 1178 4690 sepelire
1227 4620 1378 4694 (Tob.
1422 4639 1462 4688 ι,
1498 4639 1561 4688 u,
1595 4621 1716 4698 xu).
1773 4625 2022 4697 Congrue

439 4715 618 4760 autem
651 4718 935 4778 postquam
966 4713 1123 4769 nobis
1171 4716 1430 4784 praecepit
1461 4715 1736 4771 inﬁrmum
1773 4719 2018 4786 visitare,

438 4799 696 4867 praecepit
717 4809 771 4854 et
794 4810 1066 4858 mortuum
1092 4805 1343 4874 sepelire,
1373 4806 1496 4875 quia
1517 4805 1734 4862 inﬁrmo
1761 4809 2017 4878 visitatio,

439 4888 716 4955 sepultura
754 4907 882 4947 vero
903 4895 1132 4949 debetur
1157 4905 1392 4950 mortuo.
1435 4895 1706 4966 Scriptum
1727 4909 1809 4955 est
1835 4903 1982 4957 enim
2003 4919 2018 4958 :

440 4974 572 5040 Fili,
594 4978 648 5031 in
671 4983 878 5035 mbrtuo
905 4983 1105 5054 produc
1121 4982 1402 5053 lacrymas,
1425 4995 1473 5039 et
1502 4989 1654 5056 quasi
1675 4989 1810 5044 dura
1834 5009 2020 5062 passus

439 5066 607 5139 incipe
629 5070 858 5140 plorare,
903 5083 949 5127 et
977 5073 1264 5128 secundum
1269 5075 1534 5145 judicium
1556 5080 1718 5135 conde
1747 5099 1935 5154 corpus
1961 5085 2020 5139 il-

439 5158 564 5223 lius,
590 5171 637 5213 et
666 5179 770 5216 non
799 5164 1055 5234 despicias
1076 5165 1398 5234 sepulturam
1417 5169 1531 5239 ejus
1563 5169 2014 5248 (Ecclixxxvm).

438 5247 610 5305 Valde
659 5254 802 5308 enim
848 5272 876 5308 a
932 5256 1252 5325 quibusdam
1294 5259 1596 5317 mirandum
1643 5265 1876 5332 videtur,
1919 5283 2018 5323 cur

439 5339 630 5395 beatus
643 5341 966 5398 Benedictus
987 5347 1242 5416 praecepit
1263 5352 1540 5408 monachis
1566 5363 1838 5409 mortuum
1869 5372 2019 5426 sepe-

439 5427 556 5482 lire.
607 5429 876 5500 Nunquid,
906 5433 1075 5499 aiunt,
1116 5442 1209 5489 aut
1261 5452 1417 5494 suum
1464 5442 1791 5512 insepultum
1848 5445 2014 5500 relin-

439 5536 628 5587 qucre,
671 5531 761 5576 aut
790 5522 1012 5580 alterius
1046 5542 1146 5597 per
1199 5529 1341 5585 vicos
1373 5542 1466 5587 aut
1485 5533 1639 5588 villas
1662 5535 1742 5591 ire
1767 5547 2020 5606 poterunt

2199 3253 2387 3307 l8-l9.
2442 3251 2511 3307 In
2542 3251 2880 3308 tribulatione
2917 3253 3190 3309 subvenire
3232 3267 3251 3305 :
3295 3253 3555 3308 dolentem
3591 3270 3712 3311 con-

2124 3343 2288 3398 solari
2334 3341 2627 3417 (Eccli.vr).
2668 3344 2794 3400 Habe
2823 3361 3038 3416 quoque
3071 3347 3246 3402 virtus
3291 3347 3434 3402 inter
3484 3356 3709 3405 sanctos

2125 3436 2353 3490 multum
2380 3444 2464 3492 est
2484 3437 2796 3492 necessaria
2823 3437 3139 3504 monachos,
3166 3439 3438 3506 videlicet,
3463 3447 3523 3493 ut
3551 3439 3712 3496 alteri

2125 3529 2409 3585 subveniat
2432 3527 2588 3593 alter,
2620 3536 2674 3582 et
2700 3528 2838 3583 alter
2881 3529 3190 3584 consoletur
3230 3531 3298 3585 ab
3323 3529 3517 3586 altero.
3549 3529 3711 3587 Sicut

2124 3622 2388 3690 scriptum
2417 3628 2502 3674 est
2545 3638 2559 3674 :
2592 3618 2826 3674 Invicem
2871 3638 3028 3675 onera
3067 3631 3238 3675 uestra
3262 3630 3498 3691 portate,
3553 3631 3601 3676 et
3634 3622 3712 3678 sic

2125 3711 2473 3784 adimplebitis
2496 3711 2658 3782 legem
2702 3710 2900 3767 Christi
2943 3709 3086 3785 (Gal.
3118 3711 3196 3785 γι)
3222 3753 3238 3778 ,
3279 3713 3334 3767 id
3383 3720 3503 3780 est,
3531 3713 3714 3768 cbari-i

2125 3812 2314 3860 tatem.
2367 3803 2499 3859 Sine
2524 3803 2688 3860 dubio
2711 3805 2858 3860 enim
2905 3813 2962 3859 et
3014 3803 3271 3862 tribulato
3296 3803 3538 3860 cbaritas
3589 3804 3715 3860 sub-

2123 3896 2274 3951 venit
2303 3935 2318 3960 ,
2372 3903 2427 3950 et
2460 3895 2731 3950 dolentem
2765 3895 3008 3950 Charitas
3051 3895 3380 3951 consolatur.
3419 3893 3711 3952 Sciendum

2128 3995 2307 4042 tamen
2335 3988 2462 4058 quia
2492 3987 2779 4058 aliquoties
2805 3989 3073 4044 monacho
3101 3989 3382 4045 tribulatio
3409 3991 3710 4046 suscitatur

2123 4079 2365 4134 exterius
2392 4079 2460 4133 ab
2485 4079 2724 4146 homine,
2754 4079 3043 4149 aliquoties
3062 4096 3192 4137 vero
3220 4082 3517 4138 suscitatur
3543 4097 3575 4137 a
3601 4083 3711 4138 dat-

2124 4185 2305 4236 mone,
2337 4171 2622 4242 aliquoties
2637 4180 2816 4228 autem
2845 4173 3012 4242 ipsius
3028 4183 3234 4229 tantum
3248 4176 3466 4246 proprio
3480 4176 3709 4232 suscita-

2126 4269 2215 4315 tur
2235 4277 2265 4315 a
2279 4275 2527 4331 corpore.
2546 4261 2700 4317 Unde
2712 4270 2767 4317 et
2779 4262 3094 4333 frequenter
3108 4265 3164 4318 in
3182 4265 3535 4320 tribulatione
3551 4265 3709 4322 valde

2125 4355 2493 4410 necessariam
2518 4354 2684 4410 habet
2714 4354 2900 4410 fratris
2933 4356 3368 4423 subveutiouem,
3405 4365 3593 4413 etnon
3621 4372 3711 4414 so-

2051 4469 2098 4525 D
2125 4446 2234 4501 lum
2281 4447 2437 4503 nobis
2495 4447 2549 4502 in
2602 4447 2832 4502 invicem
2883 4443 3212 4516 subvenire,
3263 4449 3356 4505 sed
3399 4458 3455 4504 et
3479 4451 3602 4506 aliis
3650 4451 3707 4506 in

2126 4554 2450 4610 quacunque
2499 4539 2828 4594 necessitate
2880 4541 3072 4609 positis
3126 4542 3502 4597 subveutiouis
3547 4541 3710 4597 debe-

2125 4647 2248 4687 mus
2285 4632 2544 4685 auxilium
2595 4631 2928 4688 ministrare.
2971 4632 3280 4688 Secundum
3312 4634 3456 4691 enim
3505 4649 3709 4704 prece-

2124 4728 2275 4789 ptum
2303 4719 2546 4788 Apostoli
2577 4719 2820 4775 debemus
2849 4723 3075 4792 gaudere
3104 4740 3221 4776 cum
3249 4719 3626 4794 gaudentibus,
3656 4733 3708 4779 et

2124 4812 2250 4881 ﬂere
2277 4827 2395 4864 cum
2438 4811 2681 4880 ﬂentibus
2732 4811 2910 4884 (Rom.
2943 4813 3062 4885 xu).
3120 4813 3338 4883 Duobus
3389 4816 3537 4870 enim
3590 4832 3708 4872 mo-

2128 4903 2213 4959 dis
2256 4903 2432 4957 omnis
2469 4901 2700 4958 efﬁcitur
2729 4904 2949 4971 dolens,
2992 4906 3045 4960 id
3092 4915 3213 4973 est,
3255 4915 3348 4961 aut
3387 4922 3484 4978 per
3526 4907 3710 4978 jactu-

2128 5009 2245 5048 ram
2294 4995 2668 5064 temporalium
2703 5009 2918 5062 rerum,
2959 5005 3052 5051 aut
3094 5013 3193 5068 per
3244 4997 3440 5052 damna
3486 4999 3707 5069 spirita-

2127 5085 2256 5140 lium
2320 5087 2597 5141 virtutum.
2649 5087 2724 5142 De
2771 5087 2876 5142 hoc
2927 5088 3071 5142 enim
3129 5088 3382 5144 Salomon
3440 5093 3517 5143 ait
3569 5107 3582 5144 :
3637 5089 3707 5146 Et

2125 5177 2274 5232 addit
2311 5179 2590 5233 scientiam
2618 5221 2632 5244 ,
2685 5179 2837 5233 addit
2886 5179 3125 5234 dolorem
3160 5181 3368 5248 (Eccle.
3401 5180 3474 5252 l).
3515 5181 3706 5236 Deillo

2123 5278 2299 5324 autem
2339 5270 2438 5324 Job
2481 5270 2659 5324 dixit:
2705 5268 2844 5333 Quid
2896 5272 3093 5339 agam?
3128 5269 3246 5324 Etsi
3294 5279 3542 5333 tacuero,
3600 5288 3705 5326 non

2117 5365 2342 5433 quiescet
2392 5363 2545 5417 dolor
2598 5379 2778 5425 meus,
2837 5371 2944 5418 etc.
2975 5363 3097 5434 (Job
3155 5364 3289 5434 xvr).
3331 5365 3480 5420 Unus
3523 5375 3704 5420 autem

2120 5453 2413 5507 carnaliter
2462 5453 2646 5517 dolet,
2689 5453 2831 5507 alter
2866 5469 2998 5509 vero
3037 5455 3374 5524 spiritaliter.
3422 5457 3571 5512 Unus
3608 5457 3678 5513 do

2118 5543 2194 5597 let
2239 5546 2366 5612 quia
2441 5553 2718 5598 terrenum
2775 5545 2958 5613 amisit
3023 5547 3313 5612 solatium,
3383 5548 3522 5604 alius
3576 5549 3705 5619 quia

440 5613 688 5664 tnnnachi
719 5623 960 5671 mortuos
992 5618 1219 5687 sepelire
1244 5621 1268 5674 ?
1320 5621 1426 5677 Sed
1452 5625 1579 5692 quia
1615 5625 1717 5680 ista
1744 5644 1849 5683 non
1882 5646 2015 5685 cou-
2107 5637 2400 5704 'pcccaudo
2431 5637 2643 5704 cupiam
2670 5636 2854 5689 amisit
2883 5637 3144 5693 virtutum
3169 5656 3183 5705 ;
3233 5655 3373 5694 unus
3400 5639 3547 5695 dolet
3574 5641 3706 5711 quia

440 5703 663 5755 veniunt
679 5707 978 5773 monachis,
1011 5713 1276 5769 sermonis
1301 5711 1462 5782 hujus
1486 5717 1917 5775 convenientiam
1941 5723 2017 5776 vi-

2121 5727 2356 5794 perdidit
2402 5735 2615 5796 patrem
2651 5735 2707 5782 et
2759 5736 2986 5783 matrem
3021 5770 3036 5796 ,
3094 5730 3233 5787 alius
3267 5732 3412 5788 dolet
3446 5733 3574 5804 quia
3617 5726 3710 5790 Su-
