3940 6412
231 309 330 368 761

1265 306 1623 364 COMMENT.
1663 305 1730 362 IN
1770 304 1932 363 RBG.
1973 303 2032 361 S.
2072 304 2453 363 BENEDICTI.

3389 304 3498 362 762

231 420 532 498 perbiendo
583 415 948 476 humilitatem
997 427 1053 475 et
1095 418 1420 476 luxuriando
1449 420 1682 492 perdidit
1711 435 1807 474 ca-
1837 422 1889 480 Α
1911 432 2042 473 vero
2075 426 2260 474 rectus
2303 427 2408 484 est,
2455 417 2693 474 charitas
2718 417 2803 474 vel
2831 416 3046 474 dilectio
3067 417 3286 475 dicitur.
3335 418 3498 475 Chri-

235 517 517 574 stitatem;
573 527 713 566 unus
756 511 904 566 dolet
947 511 1074 580 quia
1115 511 1366 566 solatium
1390 519 1674 582 parentum
1721 523 1812 578 pa-

239 608 372 661 riter
408 603 592 658 amisit
625 611 682 657 et
717 603 1016 658 subsidium
1056 618 1274 669 rerum,
1315 603 1454 657 alius
1505 602 1634 671 quia
1688 614 1814 670 pec-

237 697 411 751 cando
483 709 705 763 regnum
770 693 977 761 pariter
1022 701 1284 748 aiternum
1338 691 1522 746 amisit
1572 699 1629 745 et
1679 704 1816 759 pra:—

240 789 408 842 mium
438 803 453 851 ;
499 801 637 839 unus
674 784 820 840 dolet
857 785 986 854 quia
1019 785 1248 840 terrenis
1289 797 1494 852 pauper
1527 780 1704 836 factus
1733 787 1817 836 est

241 878 445 940 rebus,
507 875 647 928 alius
689 874 817 944 quia
865 889 1072 943 pauper
1131 871 1306 928 factus
1358 881 1442 926 est
1487 871 1814 936 virtutibus;

243 984 382 1023 unus
408 967 552 1022 dolet
583 967 710 1036 quia
755 966 1054 1036 despicitur
1083 981 1114 1019 a
1143 965 1365 1030 mundo,
1397 964 1536 1018 alius
1566 963 1693 1032 quia
1738 976 1819 1017 se-

242 1070 467 1132 paratur
486 1061 663 1114 aDeo.
689 1059 758 1113 Et
783 1059 923 1120 ideo,
950 1073 1017 1112 ne
1037 1059 1090 1112 in
1117 1057 1298 1113 dolore
1319 1065 1563 1126 pereant,
1591 1055 1818 1108 fratrum

243 1152 670 1207 consolationem
721 1150 990 1220 accipiant
1015 1150 1196 1204 ambo.
1223 1150 1458 1203 Visitent
1482 1163 1610 1218 ergo
1635 1162 1824 1200 mona-

243 1251 330 1304 chi
363 1259 641 1318 utrosque,
669 1247 798 1317 quia
837 1257 1099 1300 :ctcrnam
1125 1244 1429 1298 mercedem
1455 1242 1722 1311 accipient
1755 1241 1824 1294 ab

243 1342 515 1410 utrisque.

313 1435 404 1486 ‘20.
436 1432 482 1484 A
505 1430 685 1486 swculi
722 1428 924 1483 actibus
945 1445 999 1482 se
1025 1428 1197 1497 facere
1221 1426 1470 1481 alienum.
1519 1423 1712 1489 Nemo,
1751 1423 1827 1477 ait

242 1525 555 1595 Apostolus,
585 1523 816 1578 militans
848 1522 958 1576 Deo
1001 1521 1232 1592 implicat
1269 1538 1324 1575 se
1363 1521 1578 1590 negotiis
1608 1518 1830 1574 swcula-

245 1617 414 1677 ribus,
441 1623 495 1667 ut
527 1615 574 1668 ei
600 1613 801 1682 placeat
833 1614 916 1665 cui
947 1629 1002 1664 se
1022 1611 1256 1681 probavit
1290 1610 1372 1680 (ΙΙ
1405 1611 1541 1664 Tim.
1578 1610 1659 1679 ιι).
1693 1610 1831 1663 Hinc

248 1705 506 1758 Dominus
537 1704 613 1757 ait
637 1717 652 1755 :
699 1701 802 1766 Qui
831 1718 930 1754 non
953 1701 1208 1754 dimiserit
1237 1699 1412 1752 omnia
1434 1715 1553 1768 quia
1579 1698 1826 1768 possidet,

1912 509 1982 563 sti
2010 509 2152 562 enim
2186 518 2270 564 est
2311 525 2472 564 omne
2517 511 2660 578 quod
2693 523 3017 580 possumus:
3070 509 3160 564 illo
3186 509 3500 566 viviﬁcante

1912 601 2164 665 vivimus,
2203 601 2399 669 illoque
2425 609 2716 671 vegetante
2743 615 3024 654 movemur
3047 609 3105 654 et
3131 616 3321 655 sumus
3345 617 3360 665 ;
3405 601 3498 656 illo

1915 707 2015 747 nos
2065 693 2218 762 prius
2266 693 2522 763 diligente
2575 693 2864 762 diligimus,
2921 693 3153 764 diligens
3201 693 3349 748 enim
3394 708 3497 749 nos

1916 785 2124 838 creavit
2151 791 2208 838 et
2253 783 2583 848 viviﬁcavit;
2629 784 2855 836 nutrivit
2896 792 2952 837 et
2978 784 3300 849 custodivit,
3337 793 3393 840 et
3429 783 3500 839 ad

1918 872 2193 926 lavacrum
2217 871 2640 942 regenerationis
2667 871 2945 940 perduxit;
2972 873 3268 937 renovavit,
3299 873 3499 943 guber-

1918 965 2088 1028 navit,
2118 973 2174 1018 et
2201 965 2268 1017 ad
2292 963 2680 1034 intelligibilem
2703 970 2916 1017 aetatem
2943 962 3160 1015 evexit:
3186 963 3303 1017 haec
3316 961 3502 1018 omnia

1922 1055 2078 1109 nobis
2107 1054 2530 1108 misericorditer
2557 1063 2614 1108 et
2639 1068 2736 1123 per
2761 1053 3103 1107 dilectionem
3138 1060 3394 1122 operatus
3417 1061 3504 1109 est

1924 1149 2084 1202 Deus.
2126 1147 2289 1215 Aperi
2321 1161 2469 1216 ergo,
2517 1163 2550 1202 ο
2579 1147 2868 1211 monache,
2899 1147 3084 1202 oculos
3114 1146 3294 1202 cordis
3327 1148 3421 1213 tui,
3449 1156 3508 1202 et

1925 1239 1978 1293 in
2012 1246 2219 1292 tantum
2252 1244 2304 1291 te
2345 1251 2377 1289 a
2404 1235 2531 1290 Jesu
2559 1234 2775 1289 Christo
2821 1250 3086 1305 cognosce
3115 1235 3402 1302 dilectum,
3447 1243 3511 1291 ut

1924 1347 2026 1402 pro
2053 1339 2104 1384 te
2131 1331 2248 1399 ejus
2276 1329 2590 1398 sanguinem
2618 1343 2724 1381 non
2752 1327 2966 1381 dubites
2997 1327 3193 1382 fusum.
3226 1326 3509 1397 Suspende

1927 1437 2022 1475 cor
2050 1430 2198 1475 tuum
2227 1418 2293 1472 ad
2324 1418 2661 1473 dilectionem
2691 1415 2830 1484 ejus,
2860 1424 2916 1472 et
2956 1433 3062 1472 non
3095 1417 3364 1472 modicum
3413 1423 3510 1471 aut

1929 1528 1996 1569 ex
2033 1513 2234 1580 aliquo,
2280 1510 2374 1566 sed
2413 1524 2480 1563 ex
2511 1516 2626 1562 toto
2655 1508 2836 1571 corde,
2868 1516 2923 1560 et
2945 1523 3014 1561 ex
3061 1515 3170 1561 tota
3203 1507 3406 1572 anima,
3456 1514 3514 1562 et

1931 1618 2000 1657 ex
2026 1610 2134 1656 tota
2173 1607 2354 1654 mente
2382 1606 2474 1652 tua
2505 1597 2666 1667 dilige
2693 1596 2978 1653 Dominum
3019 1597 3188 1651 Deum
3218 1605 3368 1650 tuum
3390 1636 3406 1661 ,
3435 1597 3511 1650 ita

1935 1702 1996 1747 ut
2035 1692 2231 1746 nullius
2254 1690 2330 1744 rei
2361 1703 2601 1743 amorem
2640 1701 2922 1756 pracponas
2952 1688 3124 1742 amori
3150 1687 3380 1742 Domini.
3412 1686 3511 1751 tui,

247 1813 351 1850 non
379 1804 545 1866 potest
589 1810 734 1847 meus
768 1809 879 1846 esse
905 1790 1194 1861 discipulus
1229 1789 1531 1862 (Lucam).
1577 1789 1833 1859 Quisquis
1859 1771 1907 1830 Β
1935 1784 2052 1853 ipso
2078 1789 2130 1835 te
2153 1781 2402 1843 docente,
2422 1777 2678 1848 intellige.
2698 1777 2789 1830 Ait
2809 1777 2952 1832 enim
2977 1792 2992 1831 :
3024 1776 3128 1842 Qui
3152 1786 3294 1830 amat
3312 1786 3516 1845 patrem

245 1905 376 1959 ergo
417 1903 448 1940 a
480 1885 660 1940 saaculi
688 1883 900 1939 actibus
931 1882 1044 1937 vult
1072 1880 1211 1937 eﬁici
1237 1880 1469 1945 alienus,
1513 1894 1733 1935 necesse
1753 1886 1840 1934 est

247 1988 309 2033 ut
335 1978 508 2032 sacris
554 1973 976 2044 obtemperando
1019 1970 1305 2041 praeceptis
1337 1969 1438 2039 ipsi
1466 1969 1696 2023 Domino
1725 1967 1838 2022 elli-

250 2073 428 2126 ciatur
452 2068 801 2139 propinquus.
822 2066 1159 2134 Praeceptum
1188 2072 1271 2116 est
1290 2062 1433 2116 enim
1456 2061 1668 2115 Domini
1696 2077 1709 2112 :
1741 2058 1840 2112 Di-

251 2169 392 2213 serte
422 2176 454 2211 a
498 2155 638 2210 malo
668 2165 717 2208 et
762 2155 848 2223 [ac
895 2154 1094 2230 bonum,
1121 2149 1296 2224 (Psal.
1315 2153 1522 2218 xxxm).
1547 2149 1779 2204 Proinde
1807 2163 1839 2202 a

252 2249 436 2304 saeculi
479 2247 690 2301 actibus
717 2245 924 2299 alienus
954 2242 1177 2298 cll‘ectus
1217 2243 1285 2296 ad
1320 2242 1652 2297 conditorem
1682 2255 1839 2294 suum

255 2338 639 2396 illuminandus
667 2337 891 2392 accedat
917 2335 1234 2389 monachus.
1281 2333 1458 2403 Ipsum
1481 2333 1686 2403 jugiter
1711 2345 1842 2385 con-

256 2433 522 2501 cupiscat,
549 2437 660 2484 toto
694 2427 854 2482 corde
882 2426 1107 2496 diligat,
1139 2432 1196 2478 et
1223 2439 1320 2492 pro
1343 2423 1486 2478 illius
1507 2435 1692 2478 amore
1721 2435 1841 2474 om-

257 2540 356 2580 nes
385 2523 602 2578 nocivas
629 2520 810 2575 saeculi
839 2519 1081 2573 actiones
1107 2515 1394 2584 relinquat,
1419 2522 1474 2569 et
1494 2522 1663 2568 totam
1689 2526 1841 2581 spem

258 2631 414 2670 suam
444 2629 511 2668 ex
540 2611 682 2666 illius
724 2609 1076 2665 delectatione
1117 2606 1460 2675 suspendeat.
1508 2603 1759 2670 Quotidie
1788 2601 1842 2655 in

261 2706 566 2760 divinarum
603 2702 907 2756 litterarum
945 2713 1006 2752 se
1035 2702 1289 2752 exerceat
1320 2709 1532 2764 campo,
1575 2701 1630 2748 et
1658 2692 1732 2746 ibi
1761 2707 1842 2757 se,

261 2794 420 2864 quasi
455 2793 510 2846 in
549 2789 806 2860 speculo,
861 2788 1146 2857 diligenter
1186 2784 1485 2854 conspiciat
1531 2790 1740 2844 totum;
1791 2787 1846 2835 et

263 2885 446 2940 omnia
473 2898 593 2951 quae
620 2882 676 2936 in
711 2897 770 2937 se
795 2881 865 2934 de
891 2877 1245 2934 sazcularibus
1289 2873 1500 2930 actibus
1543 2871 1846 2941 respuenda

267 2975 554 3039 invenerit,
582 2979 840 3041 respuat;
877 2977 932 3025 et
957 2983 1077 3037 qua:
1100 2965 1332 3021 tenenda
1363 2962 1648 3027 invenerit,
1677 2960 1850 3015 liben-

269 3075 351 3121 ter
376 3074 431 3120 et
459 3064 674 3118 fortiter
703 3069 922 3126 teneat;
955 3057 1098 3128 quod
1125 3054 1366 3110 deforme
1391 3052 1676 3116 invenerit,
1703 3066 1850 3106 com-

265 3165 467 3226 ponat;
501 3154 642 3224 quod
684 3154 988 3223 pulchrum,
1019 3153 1268 3218 excolat;
1311 3150 1455 3221 quod
1485 3163 1701 3213 sanum,
1732 3162 1848 3203 ser-

269 3254 396 3311 vet;
450 3245 591 3316 quod
623 3244 931 3306 inﬁrmum,
983 3243 1315 3299 corroboret.
1365 3240 1688 3296 Dominisui
1713 3253 1851 3309 prae-

269 3349 423 3410 cepta
454 3336 859 3408 infatigabiliter
878 3335 1038 3408 legat,
1086 3334 1480 3405 inexplebiliter
1507 3333 1714 3404 diligat,
1738 3329 1851 3384 elﬁ-

270 3432 474 3488 cacitcr
520 3428 827 3500 compleat;
873 3435 928 3482 et
972 3426 1116 3498 quod
1165 3426 1268 3482 sibi
1309 3423 1610 3481 cavendum
1655 3421 1857 3491 quidve

272 3524 586 3579 sectandum
618 3523 710 3588 sit,
760 3537 828 3577 ex
862 3521 942 3576 eis
974 3521 1271 3576 instructus
1313 3523 1593 3589 agnoscat.
1636 3512 1856 3589 Futuris

271 3612 721 3683 promissionibus
747 3613 956 3680 credat,
988 3619 1044 3666 et
1066 3626 1098 3664 a
1132 3608 1362 3679 strepitu
1391 3607 1735 3678 negotiorum
1761 3619 1858 3659 sae-

273 3708 535 3764 cularium
560 3705 952 3760 remotissimus
970 3705 1134 3758 vivat.
1160 3703 1222 3756 In
1261 3701 1457 3756 studiis
1481 3697 1856 3768 spiritualibus

275 3798 473 3870 quibus
498 3796 687 3850 diebus
712 3794 935 3863 singulis
956 3793 1148 3848 melior
1165 3806 1230 3846 ac
1253 3791 1446 3845 melior
1475 3789 1569 3843 ﬁat
1595 3787 1856 3859 invigilet.

273 3891 437 3946 Amet
465 3887 636 3943 otium
681 3892 946 3945 sanctum,
989 3883 1048 3936 in
1073 3896 1180 3951 quo
1223 3885 1475 3935 exerceat
1522 3879 1718 3933 anima:
1749 3892 1862 3932 sum

277 3979 574 4051 negotium.
619 3975 892 4031 Mortuum
936 3973 1039 4028 sibi
1089 3973 1309 4042 deputet
1351 3969 1644 4034 mundum,
1695 3983 1756 4022 ac
1804 3982 1863 4022 se

282 4071 466 4128 mundi
527 4068 796 4124 illecebris
845 4067 1102 4122 exhibeat
1151 4063 1510 4126 cruciﬁxum;
1572 4075 1639 4115 eo
1691 4059 1864 4115 aciem

283 4161 482 4218 mentis
510 4159 756 4215 intendat
782 4173 890 4228 quo
912 4169 1200 4228 pervenire
1229 4153 1522 4210 desiderat.
1569 4147 1866 4204 Beatitudi—

286 4271 410 4311 nem
455 4253 650 4309 futura:
678 4251 802 4306 vita:
829 4257 952 4304 ante
995 4247 1181 4303 oculos
1217 4244 1412 4299 anima:
1447 4258 1558 4298 sum
1601 4247 1867 4310 proponat

288 4359 344 4405 et
367 4349 588 4419 diligat;
623 4361 724 4400 nec
750 4351 956 4399 metuat
975 4338 1175 4412 aliquid
1200 4336 1512 4408 temporale,
1535 4349 1637 4390 nec
1662 4332 1864 4403 cupiat,

1935 1881 2024 1926 aut
2048 1879 2267 1924 matrem
2291 1867 2410 1938 plus
2429 1883 2587 1937 quam
2626 1866 2852 1931 me,'non
2876 1877 2947 1920 est
2972 1883 3051 1920 me
3081 1866 3270 1937 dignus
3295 1864 3512 1937 (Matth.

1951 1961 2033 2031 ι).
2075 1957 2209 2013 Vere
2239 1957 2384 2012 enim
2410 1957 2454 2011 si
2469 1956 2640 2010 Deum
2669 1962 2782 2010 toto
2807 1955 2970 2010 corde
2995 1970 3260 2020 amamus,
3288 1955 3513 2009 omnino

1937 2052 2108 2108 amori
2136 2049 2252 2119 ejus
2273 2065 2373 2106 nec
2398 2056 2702 2119 parentum,
2733 2063 2834 2103 nec
2860 2047 3092 2103 ﬁliorum
3120 2063 3358 2103 amorem
3383 2063 3522 2116 prat-

1937 2146 2083 2203 ferre
2111 2146 2386 2200 debemus.
2428 2142 2591 2197 Beata
2617 2150 2699 2196 est
2721 2156 2851 2209 ergo
2871 2141 3045 2196 virtus
3069 2140 3269 2195 amoris
3293 2138 3520 2203 Christi,

1939 2253 2059 2308 qua:
2085 2235 2301 2290 dilectio
2327 2240 2548 2288 vocatur
2575 2238 2636 2286 et.
2653 2232 2908 2286 charitas.
2941 2230 3142 2285 Omnes
3169 2229 3314 2284 enim
3342 2227 3522 2298 diligit

1941 2331 2102 2394 Deus,
2132 2335 2188 2383 et
2207 2325 2362 2396 quasi
2393 2325 2554 2379 unius
2582 2321 2814 2392 proximi
2844 2321 2901 2375 in
2934 2321 3130 2375 mentis
3158 2333 3360 2373 arcano
3401 2333 3522 2372 om-

1940 2421 2089 2475 nium
2116 2432 2357 2474 amorem
2395 2413 2656 2469 recondit.
2687 2412 2827 2468 Vere
2855 2411 3034 2476 beata,
3062 2425 3184 2478 quae
3210 2409 3380 2463 nutrit
3403 2408 3520 2462 vir-

1943 2517 2086 2563 tutes
2130 2514 2186 2563 et
2238 2505 2382 2560 delet
2429 2509 2650 2574 peccata
2675 2541 2691 2567 ,
2745 2499 3004 2570 opprimit
3060 2499 3235 2563 iram,
3295 2495 3526 2552 recludit

1941 2600 2148 2662 odium,
2199 2596 2420 2666 expellit
2449 2593 2760 2654 avaritiam,
2806 2590 3113 2660 comprimit
3153 2590 3326 2643 rixam
3355 2596 3410 2643 et
3437 2586 3524 2642 fu—

1943 2699 2033 2760 gat
2060 2687 2242 2743 omnia
2275 2685 2482 2756 pariter
2522 2684 2672 2738 vitia.
2709 2682 2903 2736 Omnia
2934 2680 3148 2745 tolerat,
3183 2679 3364 2734 omnia
3401 2690 3524 2732 cre-

1945 2783 2048 2848 dit,
2073 2779 2254 2834 omnia
2284 2784 2486 2848 sperat,
2520 2777 2663 2831 inter
2695 2773 2984 2844 opprobria
3014 2787 3206 2826 secura
3235 2780 3336 2835 est,
3386 2770 3528 2824 inter

1946 2875 2058 2929 iras
2084 2871 2314 2942 placida,
2348 2869 2489 2923 inter
2517 2867 2640 2922 odia
2667 2867 2919 2937 benigna,
2952 2872 3008 2918 et
3035 2865 3090 2918 in
3125 2863 3353 2919 veritate
3380 2877 3525 2918 scm-

1947 2979 2044 3034 per
2072 2970 2355 3033 permanet
2386 2958 2560 3012 ﬁrma.
2604 2959 2650 3011 A
2687 2956 2872 3027 pravis
2901 2954 3393 3025 impugnationibus
3417 2967 3529 3007 non

1950 3057 2204 3118 vincitur,
2248 3069 2278 3108 a
2325 3051 2631 3122 raptoribus
2674 3064 2781 3103 non
2823 3047 3105 3115 diripitur,
3153 3061 3184 3100 a
3227 3042 3532 3099 latronibus

1951 3163 2059 3203 non
2092 3146 2324 3208 furatur,
2361 3143 2428 3196 ab
2458 3139 2708 3196 incendio
2751 3153 2858 3192 non
2882 3144 3174 3201 crematur,
3204 3135 3536 3205 inexpugna-

1948 3239 2073 3295 bilis
2097 3242 2299 3299 manet,
2336 3230 2725 3301 inexplicabilis
2752 3230 2941 3293 durat,
2993 3229 3316 3282 inconcussa
3340 3240 3530 3296 persc-

1932 3338 2123 3396 ..verat,
2178 3329 2486 3395 incorrupta
2534 3323 2766 3378 laztatur.
2829 3321 3204 3390 Ligamentum
3251 3328 3336 3373 εει
3385 3315 3535 3372 enim

1952 3423 2197 3481 omnium
2223 3422 2503 3482 virtutum,
2551 3415 2735 3487 gluten
2781 3419 2867 3469 est
2892 3411 3211 3472 animarum,
3244 3407 3538 3464 concordia
3588 3472 3596 3482 .

1954 3514 2238 3578 mentium,
2270 3510 2502 3566 societas
2525 3505 2837 3566 electorum,
2881 3508 2938 3556 et
2961 3506 3270 3556 sanctorum
3297 3495 3536 3552 exsulta-

1955 3609 2032 3664 tio
2057 3604 2390 3676 angelorum.
2434 3597 2512 3653 Ne
2539 3593 2956 3652 adversitatibus
2989 3590 3287 3660 frangatur,
3326 3586 3540 3642 fortiter

1957 3705 2194 3754 mentem
2225 3696 2490 3756 roborat;
2544 3704 2613 3744 ne
2641 3684 3094 3758 prosperitatibus
3139 3681 3399 3745 elevetur,
3443 3693 3541 3733 cor

1958 3797 2118 3845 caute
2178 3768 2466 3854 temperat.
2531 3779 2740 3835 Teneat
2787 3789 2917 3845 ergo
2977 3773 3136 3829 istam
3184 3783 3404 3825 necesse
3455 3775 3543 3823 εει

1961 3889 2073 3934 tam
2135 3874 2493 3930 clarissimam
2559 3869 2817 3922 virtutem
2879 3864 3072 3918 beatus
3133 3861 3430 3915 monachus
3485 3857 3543 3912 in

1961 3974 2168 4028 mente,
2217 3971 2425 4018 etcum
2457 3958 2544 4014 illa
2580 3958 2653 4012 sit
2679 3969 2894 4024 semper
2937 3960 2993 4007 et
3019 3966 3140 4006 cum
3171 3949 3261 4003 illa
3305 3954 3543 4012 maneat,

1963 4071 2087 4113 cum
2115 4053 2204 4109 illa
2232 4060 2420 4121 surgat
2443 4055 2498 4101 et
2520 4061 2644 4102 cum
2665 4045 2781 4114 ipsa
2809 4048 3018 4112 pergat,
3047 4046 3104 4096 et
3127 4038 3216 4093 hic
3236 4037 3365 4091 etin
3391 4047 3548 4092 aeter-

1961 4163 2095 4203 num
2117 4160 2240 4200 cum
2273 4142 2363 4197 illa
2389 4154 2603 4209 semper
2632 4136 2787 4191 laetus
2810 4145 3162 4205 perseverans
3185 4129 3350 4184 vivat.

2034 4237 2221 4293 22-25.
2253 4234 2402 4288 Iram
2429 4247 2533 4285 non
2561 4227 2828 4300 perﬁcere.
2863 4222 3168 4279 Iracundia:
3194 4229 3397 4289 tempus
3441 4234 3547 4274 non

1966 4342 2227 4384 reservare
2253 4323 2414 4395 (Eph.
2447 4319 2543 4390 tv).
2571 4319 2716 4373 inter
2737 4317 2875 4370 iram
2900 4321 2956 4369 et
2973 4311 3307 4367 iracundiam
3335 4310 3406 4364 ita
3432 4309 3546 4363 dis-

289 4456 390 4498 nec
419 4400 686 4510 cupiditas
720 4400 1083 4491 intentionem
1096 4429 1293 4486 mentis
1311 4400 1438 4499 ejus
1463 4400 1866 4483 emolliat.—Non
1892 4459 1947 4518 Β
1970 4419 2229 4491 tinguitur
2263 4434 2277 4470 :
2327 4415 2409 4469 ira
2442 4426 2684 4512 praesens
2720 4415 2806 4509 est
2849 4405 3174 4509 indignatio,
3223 4417 3344 4504 quae
3370 4400 3549 4518 subito

291 4491 521 4604 gaudeart
561 4531 628 4585 de
655 4526 1040 4597 temporalibus
1079 4522 1318 4586 omnino,
1369 4535 1470 4575 nec
1513 4519 1725 4590 lugeat,
1775 4491 1947 4572 sed”
1972 4527 2042 4566 ex
2086 4507 2267 4576 aliqua
2312 4501 2674 4570 commotione
2722 4497 2888 4552 animi
2935 4495 3220 4604 nascitur;
3250 4491 3550 4593 iracundias

292 4603 506 4692 semper
531 4619 600 4674 ad
632 4617 777 4672 illam
817 4616 1031 4671 beatam
1058 4619 1113 4667 et
1140 4610 1374 4692 futuram
1403 4608 1566 4662 vitam
1593 4648 1608 4672 ,
1655 4606 1744 4661 ubi
1775 4603 1872 4658 Dei

294 4681 681 4775 substantiam,
708 4707 944 4763 revelata
975 4703 1132 4770 facie,
1164 4681 1349 4756 videre
1375 4699 1566 4768 possit,
1597 4695 1869 4752 extendat.

363 4804 453 4857 21.
487 4799 637 4855 Nihil
675 4797 841 4853 amori
872 4793 1065 4850 Christi
1089 4805 1389 4862 praeponere
1419 4787 1631 4863 (Matth.
1662 4783 1740 4854 x).
1773 4784 1874 4839 Le—

295 4894 470 4968 gimus
492 4891 546 4946 in
584 4889 726 4945 beati
767 4885 987 4942 Antonii
1033 4884 1156 4939 Vita
1180 4881 1325 4950 quod
1367 4879 1565 4934 multos
1604 4878 1874 4948 litigantes

295 4983 503 5054 redegit
539 4983 593 5037 in
623 4979 919 5034 amicitiam
955 4976 1208 5031 omnibus
1239 4973 1463 5027 dicens:
1511 4969 1656 5024 Nihil
1681 4970 1880 5025 debere

297 5078 444 5146 ipsos
489 5086 804 5145 praeponere
839 5071 1035 5124 horum
1073 5080 1192 5136 quae
1233 5071 1361 5119 sunt
1398 5063 1454 5117 in
1496 5062 1698 5118 mundo
1742 5061 1880 5116 dile-

296 5169 464 5226 ctioni
493 5165 716 5222 Christi.
750 5165 818 5219 Et
847 5161 1080 5216 Basilius
1108 5159 1185 5214 ait
1228 5176 1242 5212 :
1274 5156 1426 5213 Unus
1450 5161 1767 5225 prospectus
1811 5153 1885 5208 sit

300 5261 420 5325 tibi,
467 5259 582 5313 ﬁli:
623 5257 670 5312 si
709 5255 802 5310 uni
839 5252 1070 5308 Domino
1118 5248 1325 5304 servire
1370 5245 1668 5308 desideras,
1710 5242 1884 5297 omni-

298 5353 460 5408 modo
488 5349 742 5406 abscinde
781 5361 812 5398 a
845 5353 898 5399 te
925 5341 1195 5398 carnalem
1226 5352 1468 5392 amorem
1490 5376 1506 5402 ,
1539 5349 1608 5389 ne
1634 5350 1665 5388 a
1707 5341 1760 5388 te
1787 5333 1884 5387 Dci

299 5442 550 5498 excludat
597 5453 858 5494 amorem.
910 5436 1052 5492 Vere
1090 5431 1236 5488 enim
1281 5428 1416 5485 nihil
1465 5426 1636 5482 amori
1682 5424 1884 5481 Christi

302 5547 614 5605 praeponere
653 5530 933 5593 debemus,
979 5526 1032 5581 id
1081 5532 1184 5588 est,
1235 5531 1584 5592 anteponere,
1635 5518 1718 5572 vel
1748 5533 1885 5588 pne-

302 5627 466 5682 ferre.
517 5624 684 5678 Amor
719 5620 862 5676 enim
891 5615 1091 5673 Christi
1120 5613 1358 5669 charitas
1399 5619 1502 5665 est.
1554 5609 1690 5664 Nam
1731 5621 1886 5662 amor

305 5736 428 5778 cum
453 5731 654 5788 pravus
684 5719 790 5779 est,
837 5708 1103 5779 cupiditas
1135 5703 1218 5758 vel
1262 5703 1426 5759 libido
1453 5708 1705 5764 vocatur;
1757 5712 1881 5753 cum

1973 4601 2165 4656 vitium
2194 4593 2441 4651 naturale
2483 4598 2568 4646 est
2600 4597 2655 4644 et
2679 4595 3017 4659 perpetuum.
3061 4583 3204 4654 Ergo
3249 4581 3419 4636 iratus
3451 4595 3552 4651 pro

1978 4700 2222 4761 tempore
2245 4685 2582 4747 concitatur,
2611 4677 2903 4735 iracundus
2935 4682 3115 4729 autem
3155 4672 3465 4741 frequenter
3496 4678 3554 4725 et

1976 4785 2168 4841 leviter
2204 4778 2495 4841 irascitur;
2546 4773 2612 4829 de
2640 4785 2748 4841 quo
2797 4767 3058 4836 scriptum
3090 4771 3213 4819 est:
3261 4761 3556 4817 iracundus

1979 4875 2166 4934 eﬁ'odit
2187 4877 2429 4943 peccata.
2477 4865 2547 4920 Et
2587 4859 2875 4934 Apostolus
2912 4872 3010 4913 nos
3035 4871 3134 4927 per
3160 4854 3296 4909 iram
3331 4867 3557 4943 peccare

1977 4938 2247 5039 prohibet,
2287 4962 2511 5016 dicens:
2538 4949 2862 5015 Irascimini,
2901 4957 2951 5003 et
2993 4945 3153 5001 nolite
3191 4958 3424 5015 peccare.
3465 4938 3557 4996 Sol

1981 5031 2086 5114 non
2119 5051 2324 5110 occidat
2346 5064 2503 5120 super
2529 5042 2860 5099 iracundiam
2889 5048 3152 5100 vestram;
3183 5043 3231 5088 et
3277 5032 3435 5087 nolite
3476 5031 3558 5084 lo-

1981 5164 2100 5204 cum
2132 5145 2262 5198 dare
2289 5139 2499 5195 diabolo
2531 5135 2692 5208 (Eph.
2724 5135 2822 5190 rvi.
2873 5128 3166 5186 Considera
3201 5140 3352 5196 ergo,
3403 5124 3561 5178 beate

1982 5236 2268 5298 monache,
2303 5231 2430 5302 quia
2456 5229 2546 5298 qui
2577 5243 2674 5297 per
2701 5226 2839 5280 iram
2866 5223 2921 5276 in
2959 5221 3186 5274 fratrem
3213 5217 3414 5288 expetit
3435 5215 3559 5268 vin-

1983 5328 2210 5389 dictam,
2257 5323 2312 5376 in
2340 5319 2504 5377 corde
2537 5331 2637 5370 suo
2665 5313 2877 5369 diabolo
2902 5311 2971 5366 ad
3006 5310 3354 5365 habitandum
3394 5305 3564 5359 aediﬁ-

1983 5427 2072 5474 cat
2098 5417 2298 5480 locum,
2325 5421 2381 5469 et
2411 5410 2650 5474 Christo,
2685 5405 2774 5476 qui
2803 5419 2964 5459 verus
2987 5411 3070 5458 est
3096 5400 3193 5464 sol,
3221 5406 3479 5468 quantum
3506 5395 3564 5451 in

1983 5507 2273 5576 semetipso
2301 5512 2406 5568 est,
2430 5513 2683 5557 occasum
2713 5501 3001 5566 prrcparat.
3049 5491 3196 5560 Fuge
3221 5501 3369 5557 ergo,
3407 5485 3564 5540 auxi-

1984 5600 2148 5654 liante
2173 5597 2303 5662 Deo,
2335 5595 2492 5656 iram,
2514 5601 2572 5646 et
2595 5588 2701 5643 noli
2736 5602 2834 5656 per
2857 5586 2993 5639 iram
3015 5580 3170 5636 fratri
3199 5578 3422 5634 reddere
3445 5576 3565 5631 vin-

1985 5692 2204 5750 dictam.
2251 5685 2482 5743 Attende
2510 5682 2794 5752 diligenter
2839 5675 2965 5745 quid
2991 5687 3090 5729 nos
3134 5668 3331 5726 Paulus
3375 5668 3562 5724 admo-
