3944 6414
238 345 342 404 765

1283 326 1638 388 COMMENT.
1676 322 1744 380 IN
1783 317 1945 377 REG.
1985 319 2044 374 S.
2083 317 2470 374 BENEDICTI.

3401 306 3504 364 766

239 474 387 516 mors
408 454 723 520 criminum,
756 451 868 507 vita
913 450 1195 516 virtutum,
1242 445 1418 500 virtus
1443 438 1818 514 pugnantium,
1847 437 1899 496 Α
1924 432 2229 501 apostolus,
2284 430 2502 500 quando
2542 428 2637 492 ait,
2705 425 2836 482 Ante
2882 423 3058 480 omnia
3111 421 3271 478 nolite
3317 421 3508 492 jurars

237 552 417 623 palma
449 549 741 612 victorum,
786 543 1069 616 praemium
1090 539 1494 612 perfectorum;
1545 535 1604 590 in
1635 546 1827 604 peccao

240 644 312 698 tis
348 647 594 696 mortuos
622 638 872 701 suscitat,
904 635 1222 704 languentes
1251 638 1432 692 sanat,
1471 627 1714 697 perditos
1744 623 1830 678 in-

241 741 474 796 staurat,
504 747 654 800 spem
699 729 998 798 desperatis
1029 725 1275 795 inspirat,
1323 721 1579 792 paciﬁcas
1620 724 1830 774 mentes

246 823 555 887 inhabitat;
585 818 862 875 fructuosa
893 818 946 872 in
977 815 1384 886 paenitentibus,
1433 812 1553 864 beta
1585 810 1639 864 in
1666 807 1832 878 proﬂ-

242 915 532 978 cicntibus,
567 911 802 982 gloriosa
831 909 883 963 in
911 903 1403 977 perseverantibus,
1429 909 1483 956 et
1511 913 1738 970 operosa
1777 897 1831 950 in

244 1007 499 1064 omnibus
525 1004 750 1059 omnino
785 1001 1034 1057 fidelibus
1061 1017 1076 1064 ;
1128 1011 1290 1067 quam
1323 995 1453 1050 ﬁdes
1478 993 1735 1062 concipit,
1764 989 1833 1044 ad

215 1101 410 1168 ’quam
438 1110 565 1164 spes
593 1092 787 1156 currit,
833 1089 919 1145 cui
948 1087 1225 1157 profectus
1261 1083 1504 1139 omnium
1537 1079 1728 1142 servit,
1767 1091 1833 1131 ex

248 1166 357 1259 qua
388 1184 649 1256 quidquid
682 1190 768 1238 est
786 1180 915 1235 boni
945 1176 1127 1247 operis
1147 1175 1300 1237 vivit,
1329 1172 1429 1228 sub
1451 1185 1557 1239 qua
1585 1166 1838 1223 obedien-

249 1257 324 1334 tia
353 1276 572 1341 crescit,
602 1289 701 1344 per
737 1286 898 1343 quam
926 1267 1190 1341 patientia
1215 1265 1412 1328 vincit,
1443 1263 1560 1316 sine
1586 1273 1692 1331 qua
1720 1257 1840 1312 nul-

252 1369 340 1425 lus
378 1370 490 1424 Deo
529 1366 736 1437 placuit
777 1377 877 1418 nec
911 1359 1183 1432 placebit,
1229 1371 1353 1410 cum
1379 1367 1486 1422 qua
1523 1365 1624 1404 nec
1667 1347 1843 1419 potuit

254 1460 452 1530 aliquis
476 1471 726 1529 peccare,
751 1468 852 1508 nec
878 1450 1100 1521 poterit.
1153 1446 1279 1500 Haec
1302 1451 1388 1499 est
1421 1441 1661 1496 charitas
1687 1450 1841 1501 vera,

254 1565 420 1623 quam
447 1562 547 1603 nos
588 1561 699 1601 non
727 1542 1128 1609 derelinquere,
1179 1534 1273 1591 sed
1323 1533 1540 1589 fortiter
1585 1531 1846 1585 debemus

257 1621 464 1697 tenere.
514 1636 642 1692 Hauc
667 1634 812 1690 enim
839 1630 994 1687 nobis
1033 1630 1207 1684 virtus
1253 1639 1419 1694 super
1442 1621 1627 1678 omnia
1653 1631 1846 1673 neces-

257 1733 402 1790 saria
427 1738 528 1796 est,
557 1743 678 1799 quae
699 1742 798 1782 nos
819 1730 1037 1795 separat
1062 1737 1094 1775 a
1122 1718 1357 1782 diabolo,
1387 1714 1637 1787 puriﬁcat
1659 1727 1689 1766 a
1717 1725 1843 1780 pec-

258 1832 404 1888 cato,
436 1819 754 1877 reconciliat
777 1817 903 1871 Deo.
933 1813 1275 1883 Quapropter
1293 1807 1426 1862 nihil
1448 1805 1604 1862 nobis
1620 1811 1844 1874 peccata

260 1926 547 1972 remanere
569 1915 820 1980 possunt,
868 1919 970 1960 nec
991 1902 1194 1973 aliquid
1217 1899 1343 1955 boni
1367 1895 1564 1962 deerit,
1596 1895 1645 1949 si
1690 1892 1850 1948 nobis

259 2012 528 2068 bonon
568 2005 812 2061 omnium
841 1999 1082 2056 Charitas
1108 1997 1370 2067 magistra
1401 1987 1656 2047 adfuerit.
1705 1985 1850 2054 Quo-

263 2101 412 2156 niam
460 2097 506 2153 si
549 2094 847 2151 secundum
887 2087 1204 2160 Apostolum
1233 2084 1466 2139 charitas
1511 2081 1717 2152 patiam
1752 2085 1848 2142 est,

267 2190 487 2260 benigna
521 2195 619 2251 est,
651 2200 756 2240 non
800 2179 1106 2243 aemulatur,
1152 2193 1258 2230 non
1288 2174 1395 2244 agit
1421 2186 1715 2244 perperam,
1747 2184 1854 2223 non

266 2282 507 2351 inﬂatur,
532 2294 636 2332 non
667 2285 744 2330 est
768 2272 1067 2334 ambitiosa,
1101 2283 1204 2322 non
1235 2266 1425 2338 quierit
1448 2278 1564 2336 qua:
1589 2275 1688 2317 sua
1708 2268 1850 2322 sunt,

268 2385 374 2423 non
399 2367 667 2433 irritatur,
707 2380 813 2418 non
858 2361 1049 2431 cogitat
1079 2356 1310 2419 malum,
1349 2370 1453 2408 non
1480 2352 1670 2423 gaudet
1699 2363 1858 2420 super

269 2461 576 2532 iniquitate,
619 2455 910 2528 congaudet
941 2461 1116 2506 autem
1143 2447 1374 2512 veritati,
1425 2445 1603 2500 omnia
1649 2442 1855 2512 suffert,

271 2531 448 2606 munia
476 2549 658 2612 credit,
708 2545 887 2600 omnia
929 2549 1136 2614 sperat,
1166 2538 1346 2593 omnia
1389 2534 1612 2590 sustinet
1639 2532 1694 2603 (Ι
1730 2531 1857 2586 Cor.

272 2641 417 2714 xui),
445 2639 698 2695 omnibus
721 2637 776 2690 in
808 2635 1002 2706 quibus
1033 2630 1196 2686 fuerit
1229 2631 1344 2684 haec
1372 2628 1511 2682 bona
1549 2640 1670 2694 qua:
1700 2625 1863 2679 habet

277 2731 536 2802 impertit.
584 2729 651 2783 Et
679 2727 808 2797 quid
837 2726 944 2780 illis
973 2737 1092 2778 esse
1120 2727 1301 2792 potest
1323 2720 1380 2772 in
1420 2718 1524 2772 hac
1547 2717 1657 2770 vita
1685 2713 1862 2785 perfe-

276 2824 437 2887 ctius,
488 2820 581 2892 qui
611 2819 775 2874 tantis
817 2816 1094 2872 abundant
1120 2809 1391 2868 charitate
1418 2808 1473 2862 in
1517 2821 1579 2862 se
1605 2810 1866 2874 regnante

277 2913 574 2970 virtutibus
594 2911 619 2966 τ

348 2995 438 3059 27.
471 3001 595 3057 Non
611 3001 802 3071 iurare
823 3037 839 3064 ,
883 3012 948 3052 ne
973 2995 1108 3066 forte
1130 2994 1360 3066 perjuret
1387 2987 1600 3063 (Matth.
1632 2984 1707 3057 v).
1747 2981 1866 3038 Non

281 3105 367 3149 est
395 3101 585 3150 contra
625 3091 723 3147 Dei
765 3096 1097 3160 prmceptum
1133 3083 1341 3152 iurare,
1393 3078 1520 3150 quia
1563 3075 1652 3131 ille
1687 3072 1860 3128 dixit:

283 3184 387 3241 Per
417 3199 612 3240 nomen
642 3196 822 3238 meum
851 3177 1104 3249 iurabitis
1128 3192 1142 3241 ;
1177 3174 1273 3232 sed
1296 3173 1432 3229 'dum
1451 3168 1628 3222 velum
1647 3162 1865 3236 iurandi

281 3280 512 3337 facimus
535 3317 550 3342 ,
587 3272 810 3346 periurii
841 3271 1049 3327 crimen
1102 3264 1452 3321 incurrimus.
1513 3257 1747 3312 Necesse
1786 3260 1870 3308 est

283 3385 414 3442 ergo
443 3376 502 3424 ut
538 3341 818 3433 nunquam
861 3357 1008 3428 iuret
1046 3357 1140 3427 qui
1177 3351 1456 3427 periurare
1499 3348 1672 3402 timet.
1722 3341 1870 3398 Scri-

283 3473 438 3538 ptum
479 3464 566 3513 est
605 3454 792 3509 enim:
848 3449 1120 3506 Jurationi
1167 3463 1270 3500 non
1297 3443 1592 3517 acquiescat
1625 3454 1680 3492 os
1721 3445 1871 3490 tuum

287 3527 672 3624 lEcclt'Jnu).
705 3545 791 3608 Et,
837 3541 928 3597 Vir
969 3540 1192 3596 multum
1218 3538 1412 3608 jurans
1455 3531 1738 3603 replebitur
1770 3527 1873 3582 ini-

286 3617 486 3714 quitate
513 3617 724 3710 (Ibid.).
757 3635 825 3689 Et
848 3632 1085 3689 Jacobus
1107 3629 1384 3700 apostolus
1414 3641 1482 3680 ne
1497 3623 1742 3692 iuremus
1769 3617 1876 3673 for-

287 3710 419 3787 titer
461 3743 564 3782 nos
608 3725 901 3786 admonet,
948 3722 1176 3775 dicens:
1225 3718 1357 3770 Ante
1400 3714 1576 3769 omnia
1602 3751 1617 3776 ,
1659 3710 1872 3779 fratres,

291 3821 452 3878 nolite
469 3819 682 3889 iurare,
709 3829 871 3883 neque
893 3826 985 3881 per
1007 3807 1213 3870 ctelum,
1241 3820 1404 3874 neque
1430 3819 1523 3871 per
1542 3811 1758 3864 terram,
1786 3813 1879 3851 ne-

291 3929 390 3987 que
419 3907 568 3966 aliud
588 3905 931 3978 quodcunque
954 3901 1332 3970 iuramentum.
1386 3891 1467 3948 Sit
1505 3900 1680 3944 autem
1707 3903 1878 3942 sermo

295 3977 460 4061 uester
485 4010 560 4056 est
597 3977 693 4063 est,
719 4012 824 4049 non
867 4010 969 4048 non
989 4033 1005 4058 ,
1033 3998 1091 4044 ut
1123 4004 1228 4044 non
1265 3987 1322 4040 in
1342 3982 1606 4055 judicium
1632 3977 1878 4032 incidatis

298 4097 440 4169 (Jac.
483 4093 561 4165 v).
593 4091 662 4146 Et
707 4087 970 4148 Dominus
994 4089 1183 4139 noster
1223 4077 1382 4134 Jesus
1411 4073 1661 4130 Christus
1683 4109 1698 4134 ,
1735 4066 1882 4122 salus

299 4160 538 4242 omnium
567 4189 624 4237 et
646 4179 918 4242 Salvator,
963 4174 1058 4244 qui
1087 4183 1276 4227 omnes
1299 4167 1415 4222 vult
1453 4163 1633 4220 salvos
1658 4160 1798 4224 fieri,
1827 4165 1884 4213 et

301 4293 332 4331 a
359 4274 499 4330 malo
529 4268 754 4342 periurii
777 4268 1042 4328 liberare,
1077 4263 1332 4316 admonet
1369 4269 1470 4311 nos
1496 4254 1684 4308 dicens
1710 4269 1740 4308 ε,
1758 4248 1884 4304 Non

297 4365 544 4438 iurabitis
571 4378 665 4434 per
702 4359 911 4424 ctutum,
957 4357 1084 4428 quia
1121 4353 1266 4408 sedes
1309 4350 1408 4404 Dei
1433 4357 1549 4404 est:
1595 4360 1756 4416 neque
1795 4357 1888 4414 per

304 4468 518 4521 terram,
566 4453 692 4524 quia
738 4447 1022 4505 scabellum
1058 4443 1247 4516 pedum
1292 4441 1408 4512 ejus
1453 4446 1525 4493 est
1558 4450 1575 4488 :
1604 4451 1766 4504 neque
1792 4448 1884 4504 per

307 4557 462 4620 caput
482 4557 707 4602 vestrum
722 4542 994 4614 jurabitis,
1019 4540 1142 4611 quia
1171 4555 1276 4592 non
1295 4535 1506 4606 potestis
1529 4548 1690 4585 unum
1720 4528 1884 4599 capil-

309 4639 417 4692 lum
443 4637 620 4692 albunt
653 4635 824 4705 facere
847 4672 863 4698 ,
911 4629 986 4686 vel
1016 4631 1257 4700 nigrum:
1304 4625 1393 4680 sed
1418 4625 1485 4678 sit
1525 4637 1696 4677 sermo
1719 4629 1886 4674 vester

311 4738 387 4784 est
425 4738 536 4793 est,
570 4741 674 4780 non
715 4740 854 4787 non,
897 4730 946 4776 et
983 4717 1121 4790 quod
1173 4713 1401 4786 amplius
1431 4721 1531 4778 est,
1582 4727 1614 4764 a
1643 4707 1784 4763 malo
1811 4715 1886 4762 est

315 4817 528 4890 (Matth.
573 4813 649 4886 v).
702 4812 803 4880 Qui
834 4819 1015 4865 autem
1055 4822 1160 4862 non
1189 4803 1380 4873 iurat,
1426 4816 1535 4855 non
1578 4805 1788 4869 peccat,
1835 4802 1892 4850 et

316 4911 474 4979 longe
511 4914 598 4962 est
636 4921 668 4958 a
694 4911 938 4974 peccato.
971 4898 1029 4954 Si
1059 4895 1346 4952 oll'enderit
1392 4894 1575 4964 lapsus
1618 4891 1894 4952 deorsum,

319 4977 448 5066 ruit,
476 5008 534 5066 et
559 4997 828 5066 excipitur
853 5009 884 5048 a
909 5005 1070 5062 paena
1099 4986 1343 5058 periurii.
1372 4985 1516 5054 Ergo
1537 4980 1673 5035 falsa
1693 4977 1900 5048 iuratio

1927 524 2070 598 (Jac.
2095 524 2173 595 ν),
2199 532 2388 580 cautos
2417 531 2516 578 nes
2545 519 2672 575 fecit
2692 520 2954 576 adversus
2977 517 3220 588 linguam
3241 522 3507 580 nostram,

1926 625 1986 673 ut
2011 614 2356 670 attendamus
2382 619 2438 668 et
2459 611 2766 682 vigilemus,
2813 623 2882 664 ne
2903 607 3160 678 subrepat
3192 605 3350 661 nobis
3375 619 3510 660 con-

1927 703 2410 771 suetudoiurandi.
2458 700 2599 755 Ante
2628 699 2830 761 omnia,
2861 698 3058 768 inquit,
3090 706 3150 752 ut
3178 705 3232 752 te
3252 696 3515 750 adversus

1930 794 2373 852 consuetudinem
2416 789 2630 858 iurandi
2673 788 3101 845 intentissimum
3130 785 3402 848 redderet,
3453 789 3516 838 ut

1931 888 2114 942 omnia
2142 895 2196 939 tu
2244 883 2542 954 inspiceres
2566 921 2582 947 ,
2629 890 2686 936 et
2720 893 2911 935 omnes
2957 887 3138 933 motus
3179 878 3378 948 lingua:
3407 885 3516 932 tuae

1933 974 2344 1046 diligentissime
2365 971 2688 1027 custoditus.
2738 969 3033 1040 Sequitur:
3067 977 3124 1021 ut
3162 984 3266 1021 non
3294 968 3351 1021 in
3371 967 3520 1037 judi-

1935 1070 2016 1123 cio
2057 1065 2330 1121 decidatis.
2380 1065 2505 1119 Ideo
2530 1103 2546 1129 ,
2592 1061 2793 1130 inquit,
2843 1074 2942 1114 vos
2970 1058 3314 1129 aiurationis
3359 1057 3521 1126 culpa

1936 1169 2222 1226 compesco
2245 1193 2262 1219 ,
2313 1167 2383 1207 ne
2427 1151 2740 1219 frequenter
2781 1163 2912 1204 vera
2948 1146 3184 1217 iurando
3225 1145 3520 1214 aliquando

1937 1249 2102 1306 etiam
2131 1247 2187 1300 in
2218 1241 2515 1314 periurium
2557 1239 2845 1302 decidatis,
2877 1237 2970 1293 sed
3011 1251 3079 1292 eo
3105 1236 3316 1307 longius
3341 1249 3372 1289 a
3399 1249 3521 1305 per-

1934 1337 2150 1409 iurandi
2213 1335 2344 1388 vitio
2389 1331 2582 1395 stetis,
2629 1344 2738 1399 quo
2781 1341 2883 1384 nec
2941 1342 3071 1382 vera
3128 1325 3373 1395 deierare
3418 1323 3526 1380 nisi

1939 1427 2185 1499 proxima
2215 1421 2542 1478 necessitate
2568 1419 2767 1474 velitis.
2810 1416 2919 1472 Sed
2941 1424 2998 1472 et
3024 1415 3114 1472 ille
3135 1415 3234 1471 sub
3254 1413 3527 1485 iudicium

1944 1526 2128 1573 reatus
2154 1513 2373 1577 decidit,
2421 1511 2513 1580 qui
2538 1510 2640 1564 etsi
2668 1523 2948 1578 nunquam.
2984 1505 3253 1576 periurat,
3281 1503 3531 1560 crebrius

1947 1617 2125 1663 tamen
2147 1618 2309 1674 quam
2333 1616 2470 1670 opus
2496 1607 2581 1656 est
2607 1596 2834 1666 deierat,
2861 1595 2988 1666 quia
3014 1593 3418 1662 nimirumipsa
3443 1606 3532 1646 su-

1943 1697 2150 1769 perflua
2190 1693 2478 1750 locutionis
2513 1689 2792 1746 otiositate
2841 1686 3144 1756 delinquit,
3201 1683 3533 1752 oﬂ‘enditquo

1873 1775 1920 1834 Β
1943 1789 2202 1860 iudicem,
2233 1785 2327 1855 qui
2355 1791 2412 1838 et
2433 1780 2623 1837 inutile
2645 1779 2875 1836 verbum
2896 1785 2953 1832 et
2973 1777 3344 1848 iuramentnm
3371 1785 3535 1828 omne

1947 1879 2139 1936 vetuit.

2019 1970 2110 2026 28.
2148 1965 2432 2022 Veritatem
2459 1978 2524 2018 ea:
2543 1960 2698 2016 corde
2722 1969 2771 2014 et
2819 1974 2909 2014 ore
2928 1955 3164 2028 proferre
3188 1952 3361 2026 (Psal.
3396 1949 3534 2022 xxv).

1949 2060 2100 2117 Multi
2128 2057 2279 2114 aliud
2311 2061 2498 2111 tenent
2525 2053 2582 2106 in
2607 2049 2790 2114 corde,
2833 2045 2978 2101 aliud
3009 2042 3294 2114 proferunt
3320 2056 3391 2096 ex
3418 2054 3536 2097 ore.

1949 2155 2020 2210 Et
2044 2167 2166 2209 cum
2192 2149 2306 2205 sint
2325 2146 2406 2202 illi
2430 2143 2668 2198 vanitate
2703 2137 2932 2208 decepti,
2978 2135 3113 2190 alios
3153 2131 3419 2186 fallaciter
3445 2130 3541 2186 de-

1953 2247 2134 2315 cipere
2153 2239 2416 2312 gestiunt.
2464 2234 2533 2289 Et
2563 2232 2691 2302 quia
2734 2245 2842 2285 non
2868 2234 2953 2282 est
2977 2225 3031 2279 in
3059 2238 3156 2278 ore
3183 2236 3371 2278 eorum
3393 2219 3541 2275 veri-

1955 2312 2056 2402 tas,
2087 2337 2206 2392 ideo
2227 2349 2323 2390 cor
2343 2343 2533 2387 eorum
2562 2339 2760 2380 vanum
2791 2331 2895 2378 est.
2928 2317 3222 2374 Monachus
3248 2322 3428 2370 autem
3447 2312 3542 2382 qui

1955 2428 2159 2487 Christi
2174 2424 2399 2495 vestigia
2415 2435 2553 2492 puro
2567 2416 2730 2474 corde
2749 2413 2906 2482 sequi
2925 2409 3220 2471 desiderat,
3249 2405 3345 2476 qui
3367 2403 3506 2458 dixit
3525 2419 3541 2457 :

1959 2521 2074 2592 Ego
2117 2535 2234 2574 sum
2256 2518 2365 2580 uia,
2415 2513 2608 2569 veritas
2650 2516 2698 2563 et
2723 2506 2828 2562 vita
2859 2503 3042 2576 (Joan.
3074 2497 3208 2568 ιιν),
3256 2495 3547 2550 veritatem

1960 2588 2120 2668 debet
2163 2610 2219 2663 in
2265 2605 2429 2662 corde
2472 2610 2680 2664 tenere,
2729 2604 2786 2652 et
2811 2609 2933 2649 eam
2983 2588 3306 2658 simpliciter
3339 2600 3409 2640 ex
3450 2595 3551 2639 ore

1962 2704 2122 2760 debet
2145 2697 2393 2770 proferre
2417 2713 2431 2748 :
2479 2693 2605 2763 quia
2631 2691 2724 2746 ille
2753 2687 2952 2746 dicitur
2984 2685 3042 2739 in
3070 2677 3420 2737 tabernaculo
3446 2678 3552 2732 Do-

1963 2796 2096 2854 mini
2129 2791 2404 2854 habitare,
2435 2793 2492 2841 et
2517 2784 2572 2838 in
2603 2789 2786 2837 monte
2809 2787 2998 2834 sancto
3028 2773 3152 2843 eius
3181 2771 3555 2840 requiescere,

1964 2889 2058 2960 qui
2086 2883 2324 2955 loquitur
2351 2877 2637 2934 veritatem
2665 2872 2718 2927 in
2753 2869 2916 2926 corde
2938 2883 3038 2923 suo
3057 2906 3072 2932 ,
3098 2875 3154 2921 et
3179 2878 3286 2919 non
3316 2861 3430 2932 agit
3457 2859 3557 2914 do-

1968 2949 2078 3036 lum
2101 2949 2368 3045 invlingua
2394 2986 2511 3026 sua.
2556 2966 2708 3020 Tunc
2732 2963 2886 3018 dolus
2919 2961 2979 3015 lit
3004 2960 3059 3014 in
3090 2958 3298 3027 lingua,
3338 2949 3559 3022 quando

1970 3079 2026 3125 et
2049 3071 2104 3124 in
2133 3039 2297 3122 corde
2338 3060 2545 3116 celatur
2588 3055 2790 3110 veritas
2815 3060 2872 3106 et
2905 3065 2970 3105 ex
2996 3063 3092 3104 ore
3121 3051 3280 3102 sonat
3318 3039 3555 3096 fallacia.

1969 3141 2194 3216 Vanitas
2221 3161 2305 3209 est
2334 3150 2479 3206 enim
2519 3154 2574 3202 et
2603 3158 2797 3215 magna
2833 3138 3055 3196 miseria
3096 3134 3241 3190 aliud
3268 3139 3456 3186 tenere
3500 3128 3560 3184 in

1968 3249 2154 3312 corde,
2179 3252 2234 3300 et
2259 3241 2405 3298 aliud
2425 3237 2580 3293 fratri
2604 3232 2835 3305 proferri
2857 3241 3128 3286 sermone.
3154 3218 3392 3278 Vanitati
3412 3217 3562 3273 enim

1968 3307 2202 3394 humana
2237 3332 2478 3403 subiecta
2525 3335 2610 3383 est
2636 3332 2913 3386 creatura,
2960 3327 3015 3374 et
3041 3316 3164 3372 ideo
3207 3328 3315 3369 non
3345 3318 3456 3366 stat
3501 3307 3562 3364 in

1969 3430 2200 3486 veritate
2228 3401 2382 3490 (icta,
2417 3421 2509 3476 sed
2540 3430 2758 3487 semper
2793 3413 2862 3468 ad
2905 3408 3202 3464 fallendum
3250 3401 3562 3473 proximum

1971 3535 2164 3594 prona.
2191 3513 2442 3578 Monachi
2471 3517 2674 3570 autem,
2725 3520 2862 3576 quos
2881 3500 3142 3558 Dominus
3167 3497 3233 3552 de
3260 3491 3470 3548 fallacia
3507 3495 3567 3544 et

1971 3579 2212 3671 vanitate
2239 3606 2422 3664 saeculi
2447 3603 2609 3673 huius
2631 3599 2885 3669 dignatus
2905 3602 2990 3649 est
3008 3600 3316 3660 segregare,
3361 3579 3567 3636 verita-

1974 3670 2087 3762 tem
2128 3703 2328 3759 debent
2350 3711 2418 3752 ex
2447 3670 2610 3750 corde
2638 3699 2696 3747 et
2720 3704 2817 3744 ore
2851 3683 3118 3758 proferre.
3159 3677 3387 3746 Semper
3419 3670 3568 3728 enim

1977 3795 2032 3849 in
2063 3792 2227 3848 corde
2252 3801 2440 3843 eorum
2466 3783 2668 3838 veritas
2693 3778 2922 3842 habitet,
2951 3781 3006 3830 et
3037 3772 3092 3826 in
3117 3783 3212 3824 ore
3238 3778 3425 3821 eorum
3471 3773 3571 3815 ne—

1978 3896 2132 3938 cesse
2158 3883 2326 3933 estut
2343 3873 2546 3928 veritas
2566 3877 2742 3924 sonet.
2773 3867 2832 3922 ln
2855 3865 3096 3934 cogitatu
3119 3857 3344 3919 veritas,
3371 3852 3426 3906 in
3450 3863 3568 3906 ser-

1980 3985 2139 4027 mone
2159 3968 2393 4029 veritas,
2434 3963 2489 4016 in
2517 3961 2660 4015 facto
2689 3957 2927 4019 veritas,
2959 3959 3028 4006 .et
3060 3949 3114 4003 in
3155 3945 3428 4007 omnibus,
3475 3953 3576 4010 per

1980 4062 2182 4124 omnia,
2231 4057 2444 4113 illorum
2469 4050 2776 4106 actionibus
2801 4056 3027 4100 necesse
3050 4048 3137 4094 est
3157 4043 3217 4091 ut
3262 4029 3576 4102 resplende-

1982 4165 2140 4207 scens
2168 4149 2344 4202 luceat
2372 4151 2428 4198 et
2469 4153 2684 4210 semper
2720 4137 2775 4191 in
2823 4133 2904 4189 eis
2944 4130 3052 4185 lixa
3096 4128 3431 4197 permaneat.
3477 4117 3578 4173 Est

1984 4243 2130 4299 enim
2162 4241 2217 4294 in
2243 4235 2450 4307 angelis
2481 4207 2708 4294 veritas,
2750 4227 2802 4280 iu
2847 4217 3174 4294 patriarchis
3215 4221 3272 4268 et
3295 4207 3578 4282 prophetis

1985 4333 2208 4406 veritas,
2237 4329 2294 4383 in.
2316 4321 2577 4396 apostolis
2603 4327 2659 4376 et
2680 4314 2986 4387 virginibus
3015 4308 3240 4368 veritas,
3279 4301 3336 4356 in
3366 4305 3575 4366 marty-

3061 4398 3072 4406 .
3272 4391 3303 4406 ..
3349 4403 3383 4406 7A
3423 4384 3548 4406 ,1η

1993 4402 2141 4479 ribus
2167 4428 2222 4475 et
2248 4411 2650 4472 confessoribus
2675 4406 2878 4462 veritas
2898 4441 2914 4467 ,
2961 4409 3018 4456 et
3061 4398 3116 4452 in
3139 4391 3392 4450 omnibus
3423 4384 3580 4440 habi-

1987 4515 2228 4573 tantibus
2256 4511 2308 4564 in
2339 4507 2476 4562 cmlo
2500 4501 2724 4564 veritas,
2755 4505 2809 4552 et
2840 4496 2894 4549 in
2921 4490 3172 4548 omnibus
3199 4480 3404 4539 sanctis
3430 4491 3582 4533 com-

1991 4602 2326 4662 morantibus
2353 4599 2406 4652 in
2448 4591 2648 4649 mundo
2682 4587 2904 4642 veritas.
2954 4583 3012 4636 ln
3042 4579 3129 4634 his
3169 4581 3352 4630 autem
3377 4575 3582 4622 etcum

1995 4697 2080 4754 his
2103 4692 2356 4750 omnibus
2390 4698 2604 4755 semper
2629 4688 2714 4736 est
2737 4674 2998 4732 Dominus
3023 4676 3208 4725 noster
3246 4661 3404 4717 Jesus
3430 4654 3584 4711 Chri-

1997 4798 2129 4852 stus,
2158 4785 2251 4855 qui
2277 4789 2363 4838 est
2398 4780 2510 4844 via,
2538 4774 2742 4831 veritas
2769 4777 2825 4826 et
2860 4769 2994 4830 vita,
3016 4770 3073 4818 et
3095 4757 3339 4816 omnium
3369 4755 3586 4808 sancto-

1999 4895 2120 4936 rum
2145 4876 2293 4933 salus
2317 4880 2380 4932 et,
2397 4869 2567 4942 gloria
2597 4865 2781 4939 (Joan.
2815 4860 2949 4928 nv).
3196 4909 3223 4942 A_

2198 4932 2520 5034 Malumvpro
2549 4932 2689 5014 malo
2720 4971 2824 5010 non
2848 4949 3062 5012 reddere
3093 4943 3144 5017 (1
3175 4940 3354 4997 Thess.
3379 4934 3454 5009 v).
3488 4932 3589 4989 Se-

321 5034 448 5066 Ιιιιι,
476 5034 534 5066 (ξι
559 5034 677 5054 νιν.
720 5034 820 5050 ιιι-ο
853 5034 884 5048 “
947 5034 1070 5045 νυ...-
1100 5034 1341 5058 ιν-.⁴----ν
1372 5034 1509 5054 --σν
1625 5034 1632 5035 ,
1693 5034 1713 5048 '

320 5093 548 5148 exitiosa
589 5034 716 5155 est:
727 5102 857 5142 vera
891 5034 1098 5154 iuratio
1139 5077 1466 5149 periculosa.
1515 5072 1673 5128 Nulla
1699 5067 1903 5139 iuratio
2003 5064 2239 5122 cundum
2263 5062 2591 5130 prmceptum
2625 5056 2825 5107 sancta:
2855 5041 3093 5113 Regulae,
3122 5034 3446 5091 oblivionem
3471 5040 3593 5081 om-

2180 5154 2188 5155 ί
2233 5154 2242 5155 ί
2579 5145 2593 5155 ·
2621 5144 2631 5155 ·
2680 5141 2702 5155 ι·
2849 5154 2852 5155 ν
2921 5145 2958 5155 ,Α
3012 5131 3132 5155 _--:.I
3162 5129 3277 5155 :IIA-
3307 5139 3403 5155 nam
3430 5116 3593 5155 mini-

321 5116 548 5148 ειιιιυδᾶ
589 5116 692 5155 εδδ,
734 5116 857 5142 νυιᾶ
920 5116 1098 5139 υιοιιιυ
1213 5116 1466 5133 Ilua-varu-
1517 5116 1673 5128 διν-..-
1699 5116 1898 5139 σ---ν,-
2009 5116 2164 5122 _____,
2263 5116 2283 5130 ⁸
2441 5116 2460 5124 _

321 5199 452 5240 sana
484 5189 568 5237 est
601 5188 658 5235 et
697 5116 911 5234 securaf
951 5173 1098 5228 Dixit
1142 5116 1377 5237 aliquis:
1422 5164 1540 5218 Non
1581 5170 1668 5216 est
1700 5158 1905 5228 iuratio
2005 5158 2135 5214 nino
2163 5154 2360 5208 debent
2384 5144 2633 5202 monachi
2677 5141 2883 5211 fugere,
2911 5145 2968 5191 et
3005 5131 3134 5204 quid
3162 5129 3280 5184 illos
3307 5139 3403 5194 per
3430 5116 3593 5175 mini-

2334 5237 2357 5240 “
2406 5238 2415 5240 “
2458 5237 2467 5240 “
2732 5239 2737 5240 ν
2889 5228 2902 5240 ι
3047 5237 3059 5240 Α
3077 5229 3120 5240 -Δ
3192 5217 3469 5240 ,ΙΖΙῘ-Λ-ιοΔο
3497 5222 3593 5240 aII——

325 5274 540 5345 quando
565 5272 712 5337 dico,
747 5268 924 5324 Testis
955 5263 1088 5319 mihi
1133 5261 1275 5316 Deus
1299 5264 1421 5323 est,

327 5338 462 5422 voco
488 5368 678 5430 Deum,
710 5361 796 5417 vel
826 5359 912 5414 his
939 5355 1156 5412 similia.
1206 5349 1344 5417 Quid
1373 5354 1458 5402 est
1483 5353 1664 5399 autem
1695 5338 1902 5408 iurare,

1467 5263 1522 5309 et
1557 5217 1776 5306 Testem
1819 5247 1906 5302 in—
2006 5256 2152 5304 stros
2173 5256 2300 5298 suos
2327 5237 2562 5307 Spiritus
2591 5239 2811 5287 sanctus
2837 5228 3158 5285 admoneat,
3185 5217 3469 5286 diligenter
3495 5222 3594 5309 an:

2174 5294 2540 5398 Deque-alim
2579 5324 2736 5377 decet
2761 5318 3064 5373 auditorem
3101 5308 3455 5367 obliviosum,
3495 5294 3594 5352 sed

334 5398 462 5422 VWU
488 5398 678 5430 ucqu,
719 5398 796 5417 vus
827 5398 912 5414 μιαν
939 5398 1156 5412 UII--.--—-
1212 5398 1344 5417 κη-..
1380 5398 1455 5402 --_
1489 5398 1511 5399 η
1695 5398 1714 5408 _
1889 5398 1896 5402 γ

329 5460 437 5516 nisi
463 5459 630 5513 Deum
673 5456 948 5514 invocare,
990 5455 1045 5502 et
1075 5446 1166 5517 ius
1205 5443 1317 5496 Deo
1345 5434 1616 5495 reddere?
1661 5429 1802 5499 Quid
1827 5434 1914 5482 est
2010 5424 2272 5479 factorem
2297 5415 2477 5487 cperis
2501 5423 2624 5468 esse
2654 5407 2998 5462 monachum.
3021 5398 3317 5456 Audiamus
3339 5403 3466 5459 ergo
3485 5399 3595 5517 1'10!)

2078 5515 2087 5517 ξ
2567 5503 2578 5514 ο
2681 5516 2688 5517 κ
2711 5516 2722 5517 κ
2750 5500 2764 5517 ι
2799 5497 2951 5517 ..ε.,Δ
2994 5490 3188 5517 ...ιι-..ιο
3258 5492 3309 5517 ΔΙ
3341 5477 3489 5517 amr;
3511 5489 3595 5517 ιιιε

329 5477 437 5516 11181
464 5477 630 5513 Deum
673 5477 948 5514 ιηνυυδι-ις,
990 5477 1045 5502 σι
1075 5477 1166 5517 Jun
1207 5477 1317 5496 νυν
1347 5477 1575 5495 ινυυινιν
1598 5477 1610 5488 .
1666 5477 1802 5499 κη..--
1833 5477 1912 5482 ___
2011 5477 2084 5479 νη
2132 5477 2137 5478 ,
2331 5477 2350 5487 _

329 5552 532 5616 dicere,
566 5547 746 5604 Testis
770 5543 903 5599 mihi
931 5541 1075 5596 Deus
1099 5544 1202 5600 est,
1234 5533 1339 5589 nisi
1362 5530 1549 5600 iurare
1579 5541 1675 5595 per
1698 5519 1913 5578 Deum?
2012 5515 2186 5573 solum
2213 5526 2344 5566 aure
2370 5503 2631 5575 corporis,
2671 5500 2767 5556 sed
2791 5497 2956 5554 etiam
2994 5490 3190 5549 mentis
3209 5527 3224 5550 ,
3257 5492 3313 5540 et
3341 5477 3598 5550 operibus

1830 5609 1852 5616 -
2410 5596 2526 5616 μκ-ελ
2554 5609 2647 5616 --η
2674 5605 2769 5616 ﬂ-..
2804 5587 3024 5616 ῐιηι-...ηη
3055 5576 3415 5616 σιηηειηιιηηιηι
3449 5568 3598 5616 min-

329 5568 532 5616 dicere,
578 5568 746 5604 Iesus
770 5568 903 5599 mutu
931 5568 1075 5596 usus
1099 5568 1202 5600 cat,
1235 5568 1339 5589 ωσι
1362 5568 1549 5600 iam...
1579 5568 1664 5595 ιμν.
1699 5568 1868 5578 --.....
1893 5568 1907 5573 -
2013 5568 2065 5573 _-
2083 5568 2114 5570 π
2141 5568 2145 5569 ν
2469 5568 2482 5575 _

329 5640 449 5711 Ipse
477 5639 622 5694 enim
650 5637 816 5699 Deus,
839 5646 938 5702 per
964 5643 1124 5699 quem
1147 5623 1313 5694 iurat,
1357 5617 1643 5676 invisibilis
1671 5621 1774 5670 est.
1822 5609 1918 5667 luo
2015 5616 2376 5674 exsequamur
2400 5596 2530 5667 quid
2554 5609 2651 5648 nos
2674 5605 2769 5662 per
2804 5587 3026 5642 Petrum
3054 5576 3416 5650 apostolorum
3449 5568 3601 5711 pzin-

1549 5709 1576 5711 ν*
1706 5704 1750 5711 --
2051 5699 2062 5710 ο
2175 5710 2181 5711 κ
2228 5708 2244 5711 -
2273 5691 2469 5711 1----A...
2527 5685 2738 5711 .i:.........
2776 5678 2947 5711 Fam.
2991 5670 3183 5711 innuiL
3212 5663 3480 5711 misericar
3518 5674 3600 5711 εδ.

336 5659 449 5711 Ipse
477 5659 622 5694 enim
653 5659 816 5699 "cus,
841 5659 928 5702 pc:
964 5659 1124 5699 quem
1147 5659 1313 5694 δαισιν
1357 5659 1643 5676 unum"...
1673 5659 1773 5670 ν..--
1824 5659 1890 5667 ,..
2021 5659 2108 5664 -_-
2128 5659 2137 5660 ,
2165 5659 2183 5674 ι
2418 5659 2435 5667 _
2674 5659 2691 5662 _

336 5731 477 5787 ravit
498 5746 595 5802 per
623 5726 966 5789 invisibilem,
993 5718 1189 5776 feritur
1214 5730 1375 5789 poena
1402 5708 1679 5768 invisibili.
1706 5704 1841 5760 Nam
1863 5711 1918 5759 at
2018 5699 2192 5770 cipcm
2223 5691 2496 5755 admonet,
2524 5685 2742 5742 dicens:
2768 5678 2970 5743 Estote,
2991 5670 3187 5743 inquit,
3212 5659 3600 5728 misericordes,
