3944 6466
387 352 491 410 ’167

1692 349 1973 406 SMARAG
1982 345 2046 403 Dl
2084 347 2376 404 ABBATI‘S

3539 359 3643 416 768

385 469 626 534 humiles,
652 484 755 522 non
778 465 1043 521 recidentes
1069 465 1265 520 malum
1291 480 1384 536 pro
1412 463 1553 518 malo
1585 462 1635 535 (l
1703 461 1816 518 Pet.
1847 461 1954 534 in).
1985 467 2032 524 Α
2061 470 2167 526 tur,
2199 463 2494 531 probatum
2512 471 2704 520 autem.
2718 463 2884 532 foras,
2911 467 3065 538 cujus
3096 468 3167 523 sit
3195 467 3438 538 fulgoris,
3468 486 3642 543 appa-

385 564 551 620 Vides
575 577 704 632 ergo
729 561 852 630 quia
893 560 949 614 in
994 559 1270 614 reddendo
1316 559 1517 612 malum
1562 572 1662 627 pro
1689 556 1833 609 malo
1853 596 1869 620 ,
1907 563 1962 610 et
2064 554 2222 619 rebit,
2247 555 2319 608 ita
2345 555 2608 610 bonorum
2635 561 3020 614 monachorum
3043 562 3344 616 constantia
3369 563 3422 618 in
3445 565 3647 620 saeculi)

383 653 770 707 misericordiae
821 666 957 720 opus
1003 659 1059 706 et
1107 649 1429 705 humilitatis
1460 649 1663 702 amittis
1702 646 1956 702 olllcium.

383 730 657 814 Scriptum
685 752 769 800 est
797 745 942 798 enim
967 761 982 798 :
1025 741 1151 796 Noli
1189 743 1324 797 vinci
1355 760 1387 795 a
1421 741 1594 806 malo,
1625 741 1716 794 sed
1739 742 1880 795 vince
1905 740 1959 793 in

381 837 515 890 bono
545 835 743 889 malum
777 835 956 907 (Rom.
987 834 1109 905 xu).
1137 834 1386 888 Vincitur
1417 849 1446 886 a
1488 833 1654 896 malo,
1689 832 1779 900 qui
1805 831 1960 885 malis

379 941 704 999 provocatus
738 927 912 981 reddit
933 927 1156 981 malum.
1188 926 1244 979 ln
1276 927 1416 979 bono
1441 933 1623 979 autem
1653 924 1818 978 vincit
1844 937 1961 978 ma-

381 1019 492 1073 lum
511 1061 526 1084 ,
556 1020 647 1088 qui
675 1019 911 1087 acceptis
940 1019 1098 1072 malis
1129 1018 1302 1072 reddit
1333 1018 1548 1071 bonum.
1577 1016 1668 1070 ille
1700 1016 1843 1070 enim
1879 1015 1960 1068 di-

379 1110 524 1164 citur
557 1110 750 1163 vicisse
771 1109 956 1171 alium,
987 1109 1077 1176 qui
1107 1123 1232 1161 eum
1258 1107 1324 1160 ad
1352 1122 1504 1160 suam
1528 1106 1812 1159 adduxerit
1831 1121 1960 1175 par-

382 1210 510 1255 tem.
551 1201 608 1255 Si
649 1216 777 1270 ergo
808 1208 859 1253 te
901 1198 1091 1253 fecerit
1139 1197 1240 1251 sibi
1286 1197 1509 1250 reddere
1536 1197 1732 1260 vicem,
1773 1195 1862 1248 ille
1903 1201 1958 1250 te

378 1292 510 1344 vicit
532 1290 777 1344 faciendo
808 1289 907 1344 sibi
939 1288 1192 1342 similem.
1218 1287 1414 1341 Paulus
1439 1302 1652 1356 quoque
1682 1287 1956 1356 apostolus

379 1382 490 1434 ait:
535 1380 714 1434 Nolite
757 1397 867 1434 esse
908 1379 1188 1450 prudentes
1230 1379 1370 1448 apud
1416 1379 1778 1448 vosmetipsos,
1824 1379 1957 1433 nulli

378 1469 574 1524 malum
597 1486 692 1540 pro
716 1470 854 1523 malo
885 1471 1154 1523 reddentes
1189 1468 1361 1537 (Rom.
1394 1469 1516 1538 xu).
1549 1469 1605 1524 Si
1642 1469 1844 1524 malum
1868 1470 1952 1524 in-

377 1561 520 1614 ferre
546 1576 775 1629 peccare
801 1568 903 1624 est,
936 1561 1159 1614 reddere
1199 1560 1397 1614 malum
1434 1575 1533 1629 pro
1566 1559 1710 1614 malo
1745 1557 1952 1628 justum

377 1667 483 1705 non
514 1660 629 1715 est,
661 1652 753 1706 sed
792 1651 966 1706 simile
1002 1660 1282 1720 peccatum
1327 1660 1409 1706 est
1444 1668 1508 1706 ac
1548 1652 1780 1722 gravius.
1815 1651 1951 1706 Nam

377 1741 464 1795 ille
493 1743 583 1810 qui
609 1743 756 1810 prior
777 1741 975 1795 malum
1005 1742 1201 1805 intulit,
1236 1741 1462 1796 forsitan
1486 1758 1590 1796 non
1619 1743 1945 1806 meditando,

2061 646 2481 714 contemptibilis
2502 648 2737 714 videtur,
2779 651 2876 704 sed
2903 650 2992 705 ubi
3035 659 3246 722 tempus
3273 655 3645 714 retributionis

2061 733 2364 798 advenerit,
2389 746 2602 804 quantae
2632 736 2835 793 fuerint
2875 737 3033 794 facile
3060 743 3360 810 apparebit.
3409 745 3550 816 Ergo
3583 753 3645 802 ut

2061 823 2272 879 animas
2294 834 2508 880 nostras
2529 827 2807 896 possidere
2826 829 3124 896 valeamus,
3155 832 3411 888 virtutem
3434 837 3646 904 patien-

2060 913 2148 968 tia:
2173 912 2384 970 fortiter
2418 924 2713 972 teneamus.
2746 919 2814 973 Et
2850 927 2910 974 ut
2941 920 3163 990 perfecti
3199 932 3254 977 et
3287 924 3481 995 integri
3511 941 3642 995 pos-

2059 1003 2228 1058 simus
2254 1005 2307 1058 in
2341 1007 2586 1063 omnibus
2616 1010 2815 1064 nostris
2853 1012 3155 1067 actionibus
3193 1029 3344 1080 esse,
3371 1017 3642 1086 patientes

2059 1093 2232 1149 simus
2259 1095 2326 1150 ad
2355 1112 2545 1152 omnes
2566 1098 2620 1152 in
2653 1100 2800 1155 nullo
2823 1101 3152 1158 deﬁcientes.
3181 1105 3368 1176 Magna
3391 1115 3476 1162 est
3494 1109 3642 1163 enim

2059 1183 2229 1238 virtus
2254 1186 2556 1254 patientiae,
2601 1205 2722 1258 quae
2767 1190 3048 1247 laedentem
3093 1209 3152 1250 se
3181 1212 3289 1251 non
3318 1197 3495 1264 laedit,
3545 1197 3642 1253 sed

2057 1272 2268 1343 diligit;
2307 1290 2428 1343 quae
2453 1275 2732 1346 injurianti
2762 1279 2985 1349 injurias
3009 1284 3256 1350 remittit,
3289 1302 3396 1340 non
3427 1287 3636 1353 reddit;

2055 1363 2146 1416 cui
2169 1378 2362 1419 nocere
2380 1374 2561 1433 potest
2579 1383 2687 1421 non
2713 1381 2890 1436 nocet,
2919 1374 3013 1426 sed
3032 1375 3223 1443 parcit.
3247 1376 3512 1432 Patientia
3531 1387 3636 1445 est,

2054 1465 2175 1520 qua:
2219 1468 2320 1508 nos
2369 1453 2479 1508 Deo
2527 1459 2874 1514 commendat
2918 1469 2974 1516 et
3010 1477 3041 1516 a
3087 1454 3244 1520 malis
3286 1467 3538 1523 omnibus
3583 1469 3644 1524 in

2053 1547 2234 1596 mente
2278 1550 2422 1598 tutos
2465 1555 2773 1601 conservat.
2807 1549 2927 1618 ipsa
2973 1559 3056 1606 est
3093 1554 3293 1620 virtus,
3337 1571 3458 1627 qua!
3501 1558 3645 1613 iram

2052 1638 2333 1702 temperat,
2369 1635 2605 1706 linguam
2636 1637 2896 1706 refrenat,
2934 1651 3170 1698 mentem
3207 1647 3488 1716 gubernat.
3519 1649 3640 1720 Ipsa

2049 1732 2152 1790 est,
2181 1741 2302 1795 qua:
2330 1742 2517 1796 pacem
2546 1732 2807 1798 custodit,
2837 1734 3173 1804 disciplinam
3203 1740 3480 1796 moderate
3506 1743 3638 1812 agit,

376 1832 469 1886 sed
501 1807 678 1886 subito
704 1831 849 1886 fecit.
879 1831 979 1897 Qui
1015 1840 1196 1886 autem
1226 1832 1402 1886 reddit
1431 1833 1629 1886 malum
1656 1847 1755 1902 pro
1787 1833 1946 1897 malo,

2057 1815 2295 1871 libidinis
2318 1818 2575 1887 impetum
2607 1820 2821 1878 fortiter
2847 1823 3075 1896 frangit.
3101 1827 3218 1897 Ipsa
3247 1839 3362 1896 est,
3409 1807 3642 1900 quat..qu-

373 1923 677 1978 voluntarie
705 1935 760 1979 et
787 1926 1097 1979 meditando
1117 1926 1309 1979 reddit.
1333 1925 1530 1979 lterum
1555 1926 1813 1994 scriptum
1829 1932 1951 1980 est:

2056 1905 2196 1958 roris
2239 1907 2551 1962 violentiam
2603 1913 2944 1980 comprimit,
2994 1916 3300 1972 incendium
3347 1920 3642 1979 simultatis

375 2013 500 2068 Non
525 2029 610 2068 vos
635 2015 992 2085 defendentes,
1035 2016 1348 2082 charissimi,
1381 2017 1470 2071 sed
1500 2017 1622 2070 date
1650 2016 1820 2070 locum
1859 2017 1946 2072 ira:

2055 1997 2343 2065 exstinguit
2368 2038 2382 2063 ,
2429 2007 2644 2055 coercet
2670 2004 2965 2072 potentiam
3006 2013 3392 2076 tyrannorum,
3433 2010 3644 2067 refovet

374 2103 696 2173 (lbi‘d.).llle
722 2105 900 2159 locum
931 2106 1020 2160 dat
1047 2106 1160 2170 iraa,
1180 2106 1271 2175 qui
1297 2121 1355 2160 se
1385 2121 1488 2160 non
1523 2105 1830 2161 ulciscendo
1862 2106 1954 2160 de-

372 2191 565 2259 fendit,
593 2195 684 2264 qui
711 2195 954 2250 convicio
979 2196 1277 2250 convicium
1301 2211 1407 2249 non
1437 2196 1632 2260 reddit,
1657 2196 1745 2264 qui
1769 2197 1951 2251 manui

372 2297 593 2335 manum
617 2299 723 2338 non
754 2284 951 2354 ingerit
971 2285 1114 2354 ,-qui
1151 2286 1358 2354 injuria)
1390 2285 1637 2354 injuriam
1669 2301 1772 2340 non
1800 2284 1950 2351 facit,

372 2369 585 2439 alapam
623 2386 724 2439 pro
748 2371 898 2441 alapa
930 2387 1034 2426 non
1076 2373 1283 2437 reddit,
1329 2373 1422 2428 sed
1467 2375 1533 2428 ad
1579 2375 1951 2443 accipiendum

372 2461 596 2516 alteram
628 2465 903 2518 maxillam
931 2473 1221 2534 praeparat,
1259 2474 1315 2520 et
1357 2467 1535 2520 omnia
1564 2481 1684 2535 quae
1731 2467 1807 2520 illi
1854 2469 1952 2521 ad-

372 2567 529 2606 versa
575 2555 872 2610 acciderint
919 2556 973 2609 in
1019 2557 1275 2626 patientia
1318 2557 1534 2612 tolerat.
1581 2557 1732 2614 Unde
1772 2565 1829 2613 et
1865 2572 1952 2614 se-

371 2645 558 2714 quitur
581 2664 593 2699 :

443 2735 534 2790 50.
568 2737 832 2806 Injuriam
875 2755 977 2794 non
1011 2740 1202 2808 facere,
1241 2741 1332 2794 sed
1367 2749 1414 2795 et
1455 2741 1652 2811 factam
1693 2741 1952 2811 patienter

369 2828 590 2896 sufferre
613 2828 665 2898 (I
689 2827 810 2882 Cor.
835 2829 930 2899 vr).
960 2829 1155 2898 lnjnria
1179 2839 1263 2886 est
1281 2832 1625 2897 contumelia,
1643 2831 1946 2886 convicium

368 2916 454 2971 vel
489 2918 738 2987 quaelibet
764 2920 1045 2990 injustitia.
1087 2921 1236 2976 Dicta
1266 2931 1446 2977 autem
1473 2921 1669 2991 injuria
1709 2937 1774 2978 eo
1803 2923 1948 2992 quod

369 3021 554 3065 contra
579 3009 719 3079 juris
739 3014 980 3068 ordinem
1006 3014 1116 3069 liat.
1133 3014 1310 3071 Multis
1336 3017 1478 3070 enim
1503 3017 1674 3072 modis
1694 3015 1946 3085 injuriam

369 3101 550 3157 facere
581 3104 888 3160 hominibus
915 3108 1091 3162 solent
1119 3109 1384 3164 homines.
1425 3109 1726 3179 Aliquoties
1765 3121 1944 3166 autem

367 3207 466 3246 con
475 3194 622 3248 viciis
636 3193 985 3264 lacescentes,
998 3199 1284 3269 aliquoties
1296 3202 1732 3256 accusationibus
1747 3203 1946 3273 suggil-

368 3281 562 3348 lantes,
594 3284 878 3353 aliquoties
908 3289 1160 3344 manibus
1185 3291 1543 3360 impingentes
1563 3300 1617 3345 et
1637 3293 1947 3361 exspolian—

369 3382 470 3438 tes,
503 3377 784 3447 aliquoties
809 3395 939 3434 vero
977 3381 1140 3435 etiam
1179 3384 1563 3450 percutientes.
1589 3382 1733 3448 Quas
1762 3399 1949 3438 mona-

366 3465 501 3520 chus
532 3468 614 3521 vel
643 3471 862 3524 omnino
900 3471 1078 3524 omnis
1109 3471 1406 3525 catholicus
1450 3471 1799 3526 Christianus
1837 3487 1946 3526 non

369 3557 543 3611 solum
574 3559 693 3614 aliis
729 3576 835 3614 non
867 3561 1066 3625 facere,
1104 3561 1200 3617 sed
1223 3562 1385 3614 etiam
1411 3563 1477 3615 ab
1505 3562 1627 3616 aliis
1653 3563 1828 3618 illatas
1855 3577 1947 3632 pa-

370 3647 569 3700 tienter
596 3649 757 3702 etiam
801 3665 922 3703 cum
955 3650 1136 3703 dolore
1179 3649 1336 3704 debet
1379 3650 1622 3706 sull‘erre.
1672 3651 1947 3723 Scriptum

368 3744 452 3790 est
481 3737 624 3791 enim
649 3755 664 3789 :
705 3737 773 3790 In
801 3738 982 3792 dolore
1017 3740 1234 3804 sustine,
1267 3749 1313 3794 et
1343 3741 1397 3794 in
1424 3741 1717 3796 humilitate
1743 3751 1832 3796 tua
1858 3759 1950 3813 pa-

366 3825 604 3878 tientiam
625 3826 778 3891 habe,
809 3827 933 3895 quia
949 3827 1003 3880 in
1024 3829 1141 3897 igne
1160 3828 1414 3898 probatur
1432 3846 1643 3894 aurum,
1669 3839 1724 3886 et
1742 3831 1947 3902 reliqua

365 3912 554 3986 (Eccli.
587 3914 670 3984 ιι).
703 3915 773 3970 Ut
811 3931 942 3988 ergo
986 3920 1244 3988 probetur
1288 3919 1340 3974 in
1384 3923 1650 3977 monacho
1673 3923 1946 3991 patientia:

363 4007 562 4071 virtus,
597 4017 855 4076 appareat
875 4010 927 4063 in
951 4010 1266 4079 injuriarum
1291 4013 1576 4068 tolerantia
1597 4014 1943 4083 fortissimus,

365 4098 511 4166 quia,
537 4107 597 4153 ut
620 4100 823 4155 dictum
851 4109 951 4167 est,
985 4103 1126 4158 sicut
1164 4103 1216 4158 in
1244 4103 1467 4161 fornace
1499 4106 1639 4177 ignis
1683 4109 1946 4177 probatur

365 4203 581 4255 aurum,
609 4191 684 4244 ita
716 4192 769 4245 in
805 4193 1169 4249 tribulationis
1210 4197 1424 4250 camino
1451 4199 1712 4268 probatur
1753 4214 1946 4254 mona-

363 4280 517 4345 chus,
549 4281 714 4337 Paulo
761 4291 915 4350 teste,
961 4285 1052 4354 qui
1092 4286 1212 4340 ait:
1247 4285 1478 4342 Scientes
1506 4289 1630 4359 quia
1675 4290 1942 4344 tribulatio

361 4372 670 4440 patientiam
708 4383 990 4442 operatur,
1037 4377 1290 4446 patientia
1333 4388 1505 4432 autem
1545 4379 1898 4448 probationem
1922 4420 1939 4446 ,

361 4460 598 4530 probatio
640 4479 756 4516 vero
778 4480 937 4534 spem,
972 4473 1077 4520 etc.
1114 4465 1292 4536 (Rom.
1317 4467 1392 4540 v).
1429 4469 1623 4525 Petrus
1652 4486 1781 4525 vero
1821 4471 1935 4524 ait:

365 4551 433 4606 Ut
452 4555 691 4622 probatio
713 4556 836 4624 ﬁdei
858 4569 1036 4614 vestra:
1056 4560 1219 4615 multo
1239 4564 1514 4632 pretiosior
1537 4565 1604 4618 sit
1625 4581 1778 4629 auro,
1802 4565 1940 4634 quod

360 4661 452 4715 per
480 4647 648 4715 ignem
678 4649 928 4718 probatur
965 4650 1029 4722 (Ι
1070 4648 1188 4704 Pet.
1242 4651 1310 4722 ι).
1345 4651 1606 4708 Dominus
1639 4669 1854 4724 quoque
1885 4655 1940 4708 in

362 4736 649 4808 Evangello
675 4742 782 4796 ait:
823 4726 890 4796 In
917 4744 1170 4813 patientia
1194 4754 1364 4798 vestra
1385 4746 1714 4815 possidebitis
1736 4748 1941 4801 animos

361 4837 560 4883 uestras
587 4831 739 4902 (Luc.
788 4833 927 4905 xxi).
973 4831 1228 4887 Salomon
1269 4849 1482 4904 quoque
1527 4837 1640 4889 ait:
1683 4836 1940 4892 Doctrina

363 4917 460 4972 viri
480 4935 572 4987 per
586 4922 893 4988 patientiam
920 4923 1154 4975 noscitur
1181 4919 1362 4993 (Prov.
1405 4923 1539 4995 xu).
1583 4924 1778 4981 Paulus
1806 4943 1940 4998 quo-

362 5023 464 5076 que
493 5009 595 5062 ait:
624 5008 980 5064 Consolamini
1000 5011 1378 5080 pusillanimes,
1405 5016 1651 5085 suscipite
1676 5015 1937 5086 inﬁmos,

361 5100 613 5170 patientes
638 5108 797 5153 estote
825 5101 893 5153 ad
919 5118 1094 5155 omnes
1130 5101 1182 5174 (Ι
1210 5102 1388 5158 Thess.
1415 5105 1491 5177 v).
1521 5105 1754 5162 Jacobus
1783 5124 1938 5163 nan-

363 5204 467 5259 que
489 5190 655 5246 dicit:
687 5189 953 5247 Patientia
984 5203 1159 5247 autcm
1197 5213 1324 5266 opus
1352 5197 1636 5267 perfectum
1665 5199 1935 5266 habemus,

362 5289 419 5333 ut
439 5281 553 5335 sitis
569 5273 787 5351 perfecti
811 5293 858 5336 et
873 5284 1079 5355 integri,
1109 5285 1161 5339 in
1177 5286 1320 5340 nullo
1342 5288 1634 5356 deﬁcientes
1649 5288 1854 5358 (Iacob.
1871 5287 1934 5359 ι).

362 5371 430 5424 Et
455 5372 582 5426 alibi
609 5387 623 5424 :
665 5371 936 5444 Tanquam
973 5391 1162 5429 aurum
1188 5377 1242 5430 in
1268 5377 1482 5447 fornace
1509 5379 1743 5448 probauit
1777 5376 1898 5430 illos
1917 5419 1932 5442 ,

361 5469 412 5514 et
431 5464 583 5532 quasi
610 5463 914 5519 holocausta
937 5468 1129 5536 accepit
1153 5467 1271 5520 illos
1299 5467 1447 5539 (Sap.
1475 5467 1592 5538 Ill);
1625 5468 1751 5536 quia
1777 5467 1938 5520 nimi-

362 5567 482 5605 rum
505 5568 641 5621 quos
669 5553 721 5607 in
744 5555 956 5610 camino
982 5556 1342 5611 tribulationis
1378 5557 1722 5626 probaverit,
1750 5557 1849 5611 bos
1879 5557 1933 5611 in

363 5641 556 5708 gaudio
580 5644 953 5699 retributionis
981 5645 1136 5714 quasi
1179 5645 1493 5712 placabilem
1521 5646 1752 5701 hostiam
1782 5660 1933 5699 assu-

365 5732 484 5786 mit.
512 5731 662 5788 Sicut
685 5736 829 5791 enim
862 5751 1051 5792 aurum
1075 5737 1128 5791 in
1151 5737 1366 5794 fornace
1392 5737 1630 5794 clausum
1658 5739 1932 5796 exaniina-

1992 3543 2004 3554 Ι

1967 4514 2019 4572 D

2054 2084 2293 2154 inopiam
2321 2102 2638 2159 pauperum.
2665 2091 2783 2160 Ipsa
2811 2103 2924 2160 est,
2969 2110 3088 2164 quae
3131 2095 3263 2152 limit
3306 2098 3544 2157 humiles
3576 2101 3647 2158 in-

2051 2179 2349 2246 prosperis,
2381 2191 2437 2236 et
2463 2180 2633 2237 fortes
2655 2182 2710 2236 in
2737 2185 2998 2242 adversis.
3029 2188 3147 2258 Ipsa
3187 2191 3512 2248 tentationes
3539 2210 3649 2250 εχ·-

2051 2279 2274 2339 pugnat,
2301 2275 2706 2341 persecutiones
2728 2277 2940 2343 tolerat,
2977 2287 3031 2333 et
3060 2287 3119 2333 ut
3149 2289 3334 2336 tenere
3366 2284 3637 2352 possimus

2052 2361 2218 2426 viam,
2239 2361 2486 2418 Christus
2510 2380 2608 2419 nos
2631 2367 2908 2422 moderate
2929 2379 2986 2423 et
3008 2367 3154 2437 juste
3179 2373 3461 2441 gubernat.
3485 2373 3649 2430 Hanc-

2051 2468 2181 2522 ergo
2208 2469 2412 2518 amare,
2453 2456 2592 2512 hanc
2635 2458 2894 2529 diligere,
2933 2470 3138 2517 etcum
3178 2464 3390 2533 gaudio,
3421 2473 3476 2520 et
3503 2467 3647 2523 totis-

2051 2547 2258 2603 viribus
2279 2549 2531 2619 amplecti
2557 2551 2771 2614 debent,
2805 2569 2912 2608 non
2939 2555 3113 2610 solum
3145 2556 3427 2622 monachi,
3455 2557 3550 2613 sed
3576 2565 3640 2614 et

2049 2653 2239 2695 omnes
2267 2641 2521 2696 catholici
2547 2642 2863 2698 Christiani.
3283 2705 3291 2710 _

2120 2734 2209 2788 51.
2238 2735 2492 2790 Inimicos
2513 2736 2728 2806 diligere
2759 2737 2970 2808 (Matth.
2997 2738 3072 2811 v).
3121 2739 3258 2807 Quia
3299 2739 3391 2795 ﬁlii
3417 2740 3511 2796 Dei
3539 2755 3639 2795 su-

2051 2839 2193 2889 mus,
2222 2825 2436 2879 Patrem
2473 2833 2741 2892 nostrum,
2785 2828 2837 2881 in
2867 2836 3128 2897 quantum
3157 2845 3441 2900 possumus
3460 2871 3475 2896 ,
3510 2830 3632 2885 imi-

2051 2916 2152 2969 tari
2180 2916 2460 2972 debemus.
2499 2917 2593 2972 llle
2621 2918 2763 2973 enim
2793 2919 3042 2976 inimicos
3063 2920 3268 2987 dilexit,
3297 2924 3509 2993 quando
3527 2937 3641 2994 pro

2051 3008 2182 3077 ipsis
2208 3008 2648 3080 crucifigentibus
2682 3025 2739 3065 se
2769 3013 2943 3067 oravit
2969 3011 3155 3068 dicens
3181 3028 3196 3067 :
3221 3011 3406 3080 Pater,
3423 3014 3641 3085 ignosce-

2050 3103 2183 3168 iltis,
2203 3104 2329 3172 quia
2351 3106 2588 3158 nesciunt
2605 3107 2730 3175 quid
2765 3107 2973 3176 faciunt
2996 3109 3147 3173 (Luc.
3174 3107 3355 3174 sxm).
3373 3109 3446 3163 Et
3467 3107 3634 3164 nobis

2049 3194 2280 3260 diligere
2304 3195 2559 3251 inimicos
2579 3207 2634 3252 et
2651 3213 2811 3251 orare
2847 3213 2946 3268 pro
2963 3199 3072 3252 illis
3088 3197 3359 3269 praecipit,
3384 3199 3574 3255 ubisit
3609 3217 3626 3256 :

2050 3287 2760 3358 Diligiteinimicosuestros,
2787 3292 2912 3346 bene
2958 3293 3118 3363 facite
3162 3293 3344 3362 hisqui
3399 3292 3637 3349 oderunt

2047 3395 2162 3443 vos,
2188 3391 2236 3433 et
2259 3393 2410 3434 orate
2429 3397 2524 3448 pro
2553 3384 2976 3453 persequentibus
2993 3394 3040 3438 et
3061 3384 3517 3440 calumniantibus
3534 3403 3632 3442 uo-

2049 3473 2146 3536 bis,
2169 3483 2225 3525 ut
2247 3475 2361 3528 sitis
2382 3473 2482 3540 ﬁlii
2503 3474 2680 3528 Patris
2698 3477 2853 3529 vestri
2869 3477 2959 3546 qui
2976 3477 3116 3530 estin
3134 3477 3273 3531 ccelis
3294 3476 3514 3548 (Matth.
3543 3473 3624 3548 v).

2047 3561 2355 3632 Diligamns
2385 3578 2518 3632 ergo
2565 3564 2848 3626 inimicos,
2907 3566 3034 3634 quia
3084 3567 3230 3622 Deus
3258 3575 3625 3634 noster,'cum

2048 3639 2225 3694 adhuc
2251 3641 2455 3695 inimici
2477 3655 2740 3707 essemus,
2762 3643 2913 3712 prior
2935 3659 3038 3700 nos
3054 3644 3274 3711 dilexit,
3303 3653 3359 3700 et
3380 3662 3479 3716 per
3503 3662 3630 3702 san-

2048 3730 2264 3800 guinem
2286 3729 2408 3785 Filii
2438 3731 2519 3785 sui
2544 3746 2644 3786 nos
2673 3733 3062 3789 reconciliavit.
3089 3733 3431 3791 Commendat
3452 3746 3627 3792 autem

2045 3820 2208 3882 Deus,
2242 3822 2319 3874 ait
2337 3820 2645 3892 Apostolus,
2673 3840 2826 3877 suam
2861 3826 3169 3881 charitatem
3194 3829 3250 3882 in
3281 3829 3459 3894 nobis,
3491 3845 3628 3900 quo-

2047 3914 2188 3968 niam
2217 3931 2334 3969 cum
2359 3915 2534 3970 adhuc
2565 3925 2858 3986 peccatores
2887 3935 3144 3986 essemus,
3178 3920 3231 3976 id
3260 3928 3364 3986 est,
3395 3921 3621 3990 inimici,
3667 3954 3671 3962 ι

2046 4003 2287 4060 Christus
2312 4023 2405 4076 pro
2429 4005 2574 4061 nobis
2597 4016 2835 4062 mortuus
2858 4018 2933 4062 est
2951 4050 2966 4075 ,
3013 4026 3106 4064 nos
3137 4010 3479 4066 reconcilians
3514 4010 3635 4067 Deo

2046 4093 2220 4166 (Rom.
2245 4094 2321 4164 v).
2351 4095 2583 4152 Grandis
2608 4098 2754 4152 enim
2791 4107 2848 4154 et
2887 4100 3149 4169 spiritalis
3176 4110 3261 4156 est
3295 4103 3468 4157 virtus
3505 4103 3632 4158 dili-

2045 4199 2172 4255 gere
2202 4185 2470 4252 inimicos,
2500 4202 2662 4256 quam
2687 4187 2868 4242 nullus
2893 4188 3172 4244 hominum
3197 4191 3400 4246 habere
3427 4192 3622 4262 potuit,

2043 4289 2226 4349 potest
2248 4281 2335 4336 vel
2368 4282 2596 4352 poterit,
2630 4282 2733 4337 nisi
2765 4283 2850 4336 cui
2893 4282 3040 4336 illam
3079 4285 3343 4339 bonorum
3381 4285 3633 4339 omnium

2044 4371 2255 4427 dederit
2286 4372 2447 4427 Deus.
2473 4373 2767 4444 Diligamus
2791 4389 2920 4443 ergo
2954 4373 3221 4440 inimicos,
3255 4375 3393 4429 sicut
3419 4389 3627 4444 praece-

2043 4463 2124 4532 pit
2149 4464 2313 4530 Deus,
2335 4473 2391 4519 et
2410 4465 2801 4520 humanitatem
2825 4466 2953 4532 illis,
2979 4466 3033 4520 in
3053 4475 3311 4537 quantum
3330 4468 3623 4537 possimus,

2043 4555 2399 4623 praebeamus.
2435 4553 2707 4624 Scriptum
2727 4563 2812 4610 est
2834 4556 3007 4610 enim:
3033 4554 3092 4610 Si
3115 4559 3355 4611 esurierit
3377 4558 3628 4613 inimicus

2044 4653 2185 4709 tuus,
2228 4645 2342 4698 ciba
2371 4645 2562 4711 illum;
2600 4647 2646 4700 si
2669 4647 2814 4712 sitit,
2844 4655 3023 4718 potum
3060 4647 3129 4701 da
3164 4648 3280 4712 illi,
3320 4659 3376 4703 et
3413 4649 3626 4718 reliqua:

2044 4733 2236 4807 (Prov.
2272 4736 2431 4808 xxv).
2482 4736 2633 4790 Tunc
2661 4737 2804 4791 enim
2841 4738 3130 4794 verissime
3160 4739 3363 4793 inimici
3405 4740 3622 4796 dilectio

2043 4828 2364 4892 custoditur,
2407 4843 2528 4883 cum
2558 4842 2659 4881 nec
2697 4828 2764 4882 de
2807 4829 2962 4882 ruina
2994 4828 3138 4886 illius
3165 4832 3488 4901 gaudemus,
3517 4845 3620 4890 nec

2041 4919 2108 4974 de
2133 4919 2377 4988 profectu
2408 4919 2756 4973 tabescimus.
2789 4919 2978 4991 Magna
3003 4929 3086 4976 est
3112 4922 3455 4977 inimicorum
3485 4923 3620 4980 dile-

2038 5011 2150 5065 ctio
2172 5019 2228 5065 et
2255 5010 2405 5064 valde
2428 5010 2612 5074 ardua,
2644 5011 2738 5065 sed
2763 5011 3111 5082 implentibus
3146 5030 3204 5069 se
3243 5023 3618 5086 aeterna-prte-

2039 5107 2196 5169 parat
2219 5099 2458 5167 praemia.
2488 5099 2830 5156 lnimicorum
2851 5117 2982 5174 ergo
3008 5104 3223 5160 dilectio
3243 5115 3348 5160 nos'
3360 5107 3456 5161 Dei
3479 5107 3617 5164 ﬁlios

2039 5198 2094 5244 et
2115 5188 2429 5258 angelorum
2462 5187 2626 5244 ellicit
2666 5191 2874 5258 socios;
2924 5193 3078 5248 nobis
3121 5193 3188 5248 de
3230 5195 3463 5252 inimicis
3487 5198 3621 5252 facit

2039 5282 2271 5347 amicos,
2300 5290 2354 5336 et
2378 5281 2444 5337 de
2472 5285 2762 5339 contrariis
2789 5285 3015 5352 charos,
3054 5295 3108 5340 et
3151 5291 3215 5342 de
3244 5289 3446 5344 odiosis
3483 5290 3616 5346 dile-

2040 5375 2309 5430 ctissimos
2354 5374 2570 5432 fratres.
2609 5377 2735 5431 Haec
2771 5393 2871 5433 nos
2915 5377 3240 5435 fraternitati
3282 5381 3454 5436 sociat
3475 5389 3531 5435 et
3559 5381 3617 5436 in

2039 5475 2299 5521 aeternum
2331 5467 2672 5536 inseparabili
2698 5469 2960 5523 charitate
2985 5470 3336 5541 conglutinat,
3369 5480 3428 5526 ut
3451 5480 3506 5526 et
3526 5472 3614 5527 hic

2039 5557 2368 5613 unanimiter
2411 5559 2464 5612 in
2515 5558 2757 5613 fraterna
2801 5561 3084 5615 dilectione
3131 5563 3408 5628 vivamus,
3454 5572 3512 5618 et
3556 5564 3612 5618 in

2038 5657 2295 5705 aeternum
2320 5649 2525 5718 pariter
2551 5665 2963 5721 conregnemus.
2994 5653 3337 5709 lnimicorum
3370 5671 3501 5726 ergo
3532 5656 3620 5710 di-

2038 5739 2218 5804 lectio,
2254 5746 2514 5808 quantum
2551 5739 2606 5794 in
2634 5742 2942 5813 peragendo
2969 5743 3214 5814 gravior,
3249 5753 3456 5801 tantum
3503 5747 3613 5801 erit
