3944 6434
222 316 320 373 7(ἱο
1256 318 1616 375 ΟΟΜΜΕΝΤ.
1657 316 1724 373 IN
1766 320 1779 375 Ι

1971 321 2028 376 S.
2068 321 2448 380 BENEDICTL
3384 329 3488 384 770

221 433 274 488 in
298 427 657 486 retributione
689 428 925 497 felicior;
957 438 1218 500 quantum
1247 431 1302 486 in
1331 432 1682 503 adimplendo
1703 449 1798 486 an-
1824 441 1875 499 Α
1971 436 2060 490 55.
2095 434 2492 490 Persecutiones
2515 453 2610 507 pro
2639 436 2853 506 justitia
2875 443 3133 496 sustinere
3167 440 3383 514 (Matth.
3408 445 3488 515 v).

218 523 447 595 gustior,
465 530 677 576 tantum
697 523 870 578 eritin
894 523 1216 593 recipiendis
1238 525 1549 580 muneribus
1571 525 1800 596 largior;
1905 525 2166 581 Dominus
2208 526 2260 580 in
2287 526 2580 596 Evangelio
2606 526 2722 580 ait:
2758 528 2910 582 Beati
2953 531 3048 602 qui
3080 535 3492 602 persecutionem

219 622 480 684 quantum
522 613 610 667 hic
643 614 934 679 laboriosa,
981 622 1190 668 tantum
1233 614 1286 668 in
1327 613 1509 670 futuro
1541 616 1646 670 erit
1688 616 1806 670 sine
1903 616 2180 685 patiuntur
2199 624 2408 684 propter
2425 616 2712 684 justitiam,
2743 620 2991 687 quoniam
3027 621 3262 691 ipsorum
3301 633 3377 678 est
3408 641 3492 680 re-

221 705 384 761 dubio
423 703 679 775 gloriosa.
713 704 832 773 Ipsa
875 705 1021 759 enim
1059 719 1158 759 nos
1197 705 1540 771 inimicorum
1587 705 1806 760 dilectio
1903 720 2064 774 gnum
2087 703 2357 759 cwlorum.
2391 703 2508 759 Non
2535 707 2668 760 dixit
2710 717 2930 778 propter
2961 711 3302 780 iniquitatem
3332 730 3488 770 suam

221 804 438 865 separat
468 811 500 848 a
549 796 776 860 mundo,
808 804 863 850 et
905 795 1185 866 conjungit
1223 796 1454 852 feliciter
1489 797 1638 862 Deo;
1688 798 1805 866 ipsa
1903 795 2186 865 patiuntur
2208 796 2662 864 persecutionem,
2683 798 2777 852 sed
2806 799 3084 870 signantcr
3110 802 3337 870 addidit,
3360 820 3486 874 pro-

220 902 318 942 nos
346 888 416 941 ab
446 887 752 941 actionibus
773 886 1111 941 saecularium
1132 887 1472 942 discriminat
1499 887 1801 951 hominum,
1901 895 2017 956 pter
2037 886 2319 955 justitiam.
2351 886 2500 942 Multi
2531 888 2675 942 enim
2705 897 2926 958 propter
2957 906 3054 944 sua
3077 902 3299 960 peccata
3316 909 3492 964 perse-

219 988 272 1033 nt
298 987 612 1033 sanctorum
651 978 856 1047 pariter
875 979 1056 1048 jungit
1083 987 1140 1034 et
1165 979 1478 1047 angelorum
1505 979 1800 1034 consortio.
1904 979 2165 1032 cntionem
2187 980 2488 1047 patiuntur,
2503 979 2600 1033 sed
2622 995 2724 1036 nec
2743 979 2898 1049 justi,
2923 995 3025 1052 nec
3045 981 3185 1036 beati
3213 984 3485 1038 dicuntur.

286 1069 376 1124 5‘2.
413 1068 788 1123 Haledicentes
815 1085 870 1122 se
907 1085 1012 1122 non
1053 1068 1458 1134 remaledicere,
1502 1071 1594 1124 sed
1633 1072 1802 1141 magis
1904 1066 2010 1122 Sed
2030 1067 2105 1122 illi
2135 1068 2236 1122 soli
2265 1077 2472 1123 tantum
2491 1069 2627 1139 justi
2652 1069 2922 1124 habentur
2941 1071 3031 1139 qui
3055 1074 3488 1141 persecutionem

219 1157 523 1212 benedicere
553 1156 705 1228 (Luc.
735 1157 830 1227 γι).
865 1157 934 1211 Et
957 1157 1013 1211 in
1044 1158 1148 1212 hoc
1174 1158 1332 1213 nobis
1361 1158 1693 1229 impossibile
1726 1160 1804 1214 vi-
1901 1169 2123 1228 propter
2158 1157 2428 1226 justitiam
2472 1162 2772 1228 patiuntur.
2814 1160 2951 1216 Hinc
2977 1161 3174 1218 Petrus
3213 1163 3490 1232 apostolus

222 1251 414 1304 deatur
460 1250 707 1320 implere,
742 1249 942 1305 Paulus
978 1251 1226 1320 exemplo
1266 1267 1364 1307 suo
1394 1254 1797 1319 nosvadmonet,
1901 1247 2015 1300 ait:
2054 1246 2161 1302 Sed
2189 1256 2236 1300 et
2264 1247 2311 1300 si
2343 1247 2471 1317 quid
2497 1248 2738 1317 patimini
2777 1261 2987 1319 prapter
3017 1251 3318 1319 justitiam,
3351 1253 3490 1308 beati

219 1342 404 1398 dicens
426 1358 444 1395 :
485 1339 874 1402 Maledicimur,
904 1350 952 1394 et
981 1341 1362 1408 benedicimus,
1391 1345 1798 1412 persecutionem
1899 1338 2044 1391 erilis
2075 1337 2125 1408 (1
2157 1336 2275 1391 Peto
2307 1336 2415 1408 Ill).
2452 1337 2568 1392 Non
2615 1337 2808 1401 SOlum.
2849 1339 3046 1409 inquit,
3077 1341 3154 1395 nil
3181 1352 3360 1409 nocet,
3393 1346 3487 1414 qui

217 1434 470 1504 patimur,
515 1443 564 1487 et
605 1434 923 1487 sustinemus
953 1433 972 1506 (
1000 1434 1168 1494 lCor.
1197 1432 1322 1504 tv).
1365 1435 1556 1490 Petrus
1584 1450 1798 1504 quoque
1898 1430 2052 1485 vobis
2090 1431 2288 1486 bonum
2331 1430 2651 1485 facientibus
2699 1431 2842 1485 mala
2884 1433 3116 1502 irrogat,
3159 1436 3254 1490 sed
3283 1437 3481 1503 etiam,

216 1524 472 1595 princeps
498 1523 866 1593 apostolorum
884 1524 1151 1579 hortando
1171 1540 1271 1580 nos
1293 1527 1555 1596 praecipit,
1579 1527 1792 1583 dicens:
1899 1533 1995 1574 VOS
2017 1534 2140 1574 cum
2164 1521 2338 1576 hOSliS
2365 1521 2667 1590 ἰιιδθιιυὶιιιν
2695 1530 2918 1591 Propter
2945 1524 3088 1579 bona
3125 1540 3245 1594 (Ιιιε
3282 1525 3484 1595 “eius.

223 1615 343 1670 Non
372 1615 646 1670 recidentes
671 1613 868 1668 malum
889 1631 985 1686 pro
1009 1613 1182 1681 malo,
1222 1631 1315 1669 nec
1344 1615 1680 1672 maledictum
1703 1635 1800 1688 pro
1898 1625 2120 1664 causam
2153 1611 2306 1666 vobis
2347 1610 2570 1679 majoris
2608 1612 2958 1668 beatitudinis
2995 1616 3402 1684 subministrat,
3430 1626 3487 1672 et

217 1705 516 1771 maledicto,
543 1705 635 1759 sed
659 1723 687 1760 e
709 1708 973 1760 contrario
1016 1707 1372 1761 benedicentes
1392 1747 1408 1772 ,
1451 1709 1576 1779 quia
1615 1709 1672 1763 in
1701 1709 1800 1763 hoc
1898 1704 2173 1774 ρθιὶεηιίεθ
2204 1713 2395 1760 vestra?
2421 1707 2566 1762 Vires
2594 1709 2932 1764 corroborat.
2969 1709 3103 1765 Item
3141 1711 3334 1768 Petrus
3367 1716 3479 1770 ait:

215 1796 385 1850 uocati
425 1795 549 1849 estis
569 1835 583 1860 ,
630 1805 684 1848 ut
713 1795 1120 1849 benedictionem
1157 1796 1460 1850 hwreditate
1484 1798 1772 1867 possidenti.

1923 1791 2090 1847 Helius
2111 1804 2186 1848 est
2223 1796 2358 1849 enim
2403 1795 2812 1866 benefacientes,
2837 1800 2885 1852 si
2927 1799 3046 1854 velit
3086 1801 3325 1857 voluntas
3359 1803 3480 1871 Dei,

211 1885 268 1957 μ
298 1883 418 1939 Pet.
443 1885 549 1957 ιιι).
579 1885 699 1953 'Qui
742 1886 888 1940 enim
930 1886 984 1940 in
1027 1886 1342 1941 hiereditate
1378 1887 1495 1941 vult
1521 1890 1797 1957 possidere
1895 1886 2026 1953 pati,
2059 1903 2217 1956 quam
2245 1886 2633 1957 malefacientes
2665 1889 2712 1960 (1
2746 1889 2865 1944 Pet.
2901 1891 3008 1964 ιιι).
3048 1892 3175 1947 Hmc
3207 1896 3477 1951 sententia

214 1987 479 2034 aeternam
499 1978 955 2042 benedictionem,
978 1978 1252 2032 inimicum
1274 1978 1594 2033 benedicere
1614 1979 1794 2042 debet,
1897 1975 2113 2030 illorum
2139 1977 2426 2032 stultitiam
2449 1979 2723 2048 eleganter
2749 1982 2944 2051 arguit,
2977 1983 3066 2050 qui
3093 1999 3214 2038 cum
3244 2000 3343 2053 pro
3368 1985 3484 2040 cul-

212 2085 323 2124 non
368 2069 714 2125 maledicere.
759 2069 977 2124 Grande
1010 2069 1154 2124 enim
1201 2077 1256 2123 et
1293 2086 1400 2126 non
1439 2085 1662 2139 parvum
1711 2081 1796 2125 est
1895 2067 1980 2136 pis
2010 2077 2332 2138 arguuntur,
2364 2070 2446 2124 vel
2471 2071 2633 2126 etiam
2659 2085 2756 2139 pro
2785 2073 2896 2126 suis
2918 2072 3074 2127 factis
3097 2075 3274 2144 dignis
3305 2077 3484 2146 ptenis

210 2161 415 2216 malum
443 2162 855 2217 maledicentem
885 2177 943 2217 se
973 2161 1315 2217 maledicere.
1340 2162 1482 2216 Leve
1501 2161 1644 2216 enim
1665 2161 1795 2216 illud
1901 2166 2222 2212 coercentur
2256 2174 2286 2212 a
2322 2157 2583 2215 fratribus
2605 2160 2690 2215 vel
2718 2160 3041 2227 senioribus,
3069 2164 3339 2232 patienter
3367 2181 3484 2221 om-

215 2267 246 2306 a
268 2251 478 2307 levibus
497 2253 715 2306 videtur
736 2253 1062 2317 hominibus,
1088 2252 1182 2307 sed
1204 2252 1346 2307 inter
1363 2245 1545 2322 gravia
1568 2253 1794 2306 crimina
1894 2249 2026 2304 nino
2056 2249 2311 2305 tolerant.
2337 2250 2442 2306 Sed
2467 2252 2510 2307 si
2535 2251 2738 2321 absque
2757 2252 2914 2323 culpa
2937 2254 3019 2308 vel
3041 2255 3328 2310 verborum
3351 2273 3481 2312 con-

210 2341 346 2397 illud
383 2341 675 2413 Apostolus
703 2350 1001 2412 computat,
1032 2343 1110 2396 ait
1147 2343 1291 2397 enim
1319 2359 1331 2396 :
1374 2341 1555 2413 Neque
1583 2342 1792 2408 ebriosi,
1896 2339 2172 2405 tumelias,
2202 2340 2287 2394 vel
2318 2341 2545 2395 adversa
2577 2357 2801 2410 qumque
2829 2343 3108 2410 patiuntur
3137 2360 3165 2398 a
3193 2347 3477 2414 proximis,

211 2451 382 2504 neque
401 2434 700 2504 fornicarii,
725 2451 888 2504 neque
909 2422 1152 2489 maledici
1204 2450 1417 2504 regnum
1447 2432 1542 2487 Dei
1562 2434 1796 2504 posside-
1894 2447 2022 2487 mox
2049 2432 2116 2486 ad
2145 2432 2477 2487 iracundiam
2500 2442 2882 2502 prorumpunt,
2907 2443 2964 2488 et
2990 2435 3080 2503 qui
3107 2435 3369 2492 hactenus
3400 2439 3478 2493 vi-

209 2523 341 2577 bunt
372 2523 424 2595 (I
451 2521 574 2578 Cor.
601 2524 696 2596 Vi).
723 2522 899 2579 Grave
923 2524 1090 2588 enim,
1114 2532 1173 2577 ut
1201 2523 1454 2587 diximus,
1488 2523 1795 2577 maledictio
1895 2525 2162 2579 debentur
2180 2524 2382 2578 innoxii
2400 2539 2496 2594 per
2519 2525 2909 2594 impatientiam
2927 2535 2980 2580 et
2998 2531 3482 2586 murmurationem

210 2625 498 2687 peccatum
528 2626 633 2682 est,
657 2618 799 2688 quod
823 2617 1218 2687 possessionem
1241 2614 1391 2684 regni
1424 2615 1634 2680 adimit,
1665 2623 1719 2669 et
1740 2616 1794 2668 in
1895 2630 1954 2670 se
1983 2616 2174 2670 noxios
2199 2615 2467 2681 reddunt;
2511 2617 2817 2672 nescientes
2843 2619 2968 2688 quia
2992 2620 3184 2676 melius
3207 2631 3352 2676 esset
3376 2622 3482 2678 illis

215 2706 414 2764 inferni
456 2715 719 2763 tartarum
763 2709 1037 2764 hominem
1084 2708 1309 2778 mergit,
1349 2715 1404 2761 et
1445 2717 1506 2763 ut
1540 2723 1794 2776 vaporem
1893 2717 1953 2761 ut
1982 2723 2080 2778 pro
2099 2708 2312 2776 justitia
2343 2725 2504 2778 quam
2551 2725 2652 2778 pro
2700 2711 2987 2780 iniquitate
3025 2729 3122 2767 sua
3169 2723 3485 2783 paterentur

210 2797 349 2854 fumi
389 2798 446 2854 in
490 2799 613 2869 igne
645 2807 847 2853 aeterno
891 2799 1130 2869 perimit.
1176 2799 1453 2870 Scriptum
1485 2795 1584 2854 est
1607 2798 1788 2853 enim:
1893 2796 2135 2866 injurias.
2163 2798 2263 2865 Qui
2287 2813 2417 2868 ergo
2441 2797 2620 2866 justus
2650 2801 2878 2868 patitur,
2906 2801 3180 2857 Christum
3207 2806 3481 2877 imitatur;

214 2891 348 2944 Ante
373 2889 543 2960 ignem
567 2907 728 2961 vapor
747 2900 795 2944 et
825 2890 1024 2959 fumus,
1049 2899 1097 2944 et
1138 2899 1258 2944 ante
1295 2891 1604 2960 sanguinem
1632 2887 1796 2942 male—
1893 2888 1986 2958 qui
2013 2904 2141 2945 vero
2166 2904 2264 2958 pro
2285 2889 2397 2943 suis
2420 2887 2580 2944 factis
2605 2888 2828 2960 ﬂagellis
2854 2893 3163 2962 corrigitur,
3187 2895 3482 2968 latronem,

210 2981 359 3035 dicta
393 2989 444 3035 et
484 2980 812 3035 contumelia:
856 2980 1060 3052 (Eccli.
1109 2979 1276 3052 χχιι).
1318 2979 1620 3034 Maledictio
1648 2978 1793 3034 enim
1894 2980 1986 3049 qui
2016 2981 2068 3033 in
2098 2995 2261 3034 cruce
2287 2979 2564 3034 Christum
2592 2983 2872 3050 cognovit,
2899 2990 2954 3036 et
2990 2993 3116 3053 post
3139 3000 3359 3040 crucem
3387 3003 3484 3058 pa-

211 3071 307 3128 ubi
332 3072 516 3128 sedule
542 3073 766 3138 sederit,
803 3072 871 3128 de
893 3071 1016 3126 ﬁliis
1043 3071 1138 3128 Dei
1167 3071 1299 3127 facit
1329 3071 1468 3126 ﬁlios
1498 3071 1621 3136 irae,
1646 3071 1795 3126 etde
1895 3071 2134 3126 radisum
2164 3070 2386 3124 intravit
2413 3085 2534 3124 cum
2566 3070 2804 3126 Christo.
2854 3072 2954 3138 Qui
3001 3081 3182 3128 autem
3209 3090 3311 3130 nec
3341 3077 3485 3133 inter

215 3161 522 3217 hmredibus
551 3160 679 3216 facit
702 3168 1012 3225 extraneos,
1060 3170 1116 3216 et
1154 3161 1220 3216 de
1261 3159 1477 3229 injustis
1499 3160 1628 3214 facit
1653 3158 1791 3229 inju-
1819 3145 1863 3207 Ο
1897 3159 2105 3231 ﬂagella
2129 3159 2336 3214 desistit
2359 3175 2389 3213 a
2410 3159 2600 3229 culpis,
2626 3160 2905 3214 sinistrum
2928 3161 3171 3218 imitatur
3190 3164 3480 3234 latronem,

210 3258 348 3307 stos.
379 3251 541 3307 Tollit
560 3252 820 3307 caalorum
851 3267 1074 3322 regnum
1105 3261 1160 3306 et
1180 3253 1376 3322 mergit
1407 3253 1460 3306 in
1504 3260 1789 3306 tartarum.
1895 3251 1986 3320 qui
2007 3259 2230 3320 propter
2255 3260 2480 3319 peccata
2506 3251 2752 3306 ascendit
2777 3251 2830 3304 in
2863 3262 3099 3318 crucem,
3124 3262 3324 3325 etpost
3352 3271 3477 3313 cru-

216 3340 543 3398 Sanctorum
570 3343 710 3397 tollit
732 3342 958 3412 gloriam
979 3349 1034 3397 et
1050 3341 1245 3398 inferni
1266 3344 1464 3413 premit
1483 3343 1538 3397 in
1560 3344 1790 3398 foveam.
1892 3358 2012 3398 cem
2044 3343 2152 3395 ruit
2181 3342 2234 3395 in
2262 3349 2546 3396 tartarum.
2572 3340 2712 3411 Ergo
2738 3341 2909 3395 multo
2944 3341 3137 3397 melius
3163 3353 3249 3398 est
3283 3360 3481 3415 quam-

215 3427 382 3484 Suam
411 3429 632 3486 Christo
664 3431 803 3485 tollit
845 3440 1065 3502 nuptam
1109 3441 1166 3486 et
1206 3432 1418 3487 diabolo
1453 3432 1643 3488 tribuit
1678 3432 1794 3485 ani-
1893 3433 2025 3487 libet
2053 3433 2105 3488 in
2131 3433 2385 3501 prmsenti
2427 3432 2624 3486 saeculo
2671 3432 3011 3487 innocentem
3047 3442 3103 3487 ct
3137 3449 3237 3502 pro
3268 3435 3482 3504 jnstitia

213 3534 380 3574 mam.
410 3518 504 3575 Sic
527 3521 672 3576 enim
702 3521 964 3592 scriptum
989 3532 1107 3578 est:
1145 3523 1284 3578 Dum
1308 3516 1571 3578 maledicit
1600 3525 1792 3594 impius
1891 3526 2003 3596 pati
2033 3524 2489 3594 persecutionem,
2514 3530 2570 3576 et
2588 3523 2644 3576 in
2666 3522 2847 3576 futuro
2868 3538 2990 3578 cum
3016 3522 3140 3578 ﬁliis
3167 3525 3258 3578 Dei
3281 3525 3483 3582 laboris

211 3609 506 3677 diabolum,
535 3611 801 3666 maledicit
830 3615 1063 3668 animam
1101 3633 1253 3670 suam
1292 3615 1481 3687 (Eccli.
1515 3614 1651 3686 xxx).
1693 3615 1793 3671 Hic
1893 3617 1977 3672 sui
2001 3616 2248 3686 accipere
2279 3613 2716 3678 retributionem,
2761 3627 2922 3680 quam
2951 3627 3072 3667 cum
3108 3617 3484 3684 peccatoribus

208 3701 360 3755 enim
378 3701 618 3754 ostendit
633 3700 912 3770 Scriptura
933 3703 1058 3770 quia
1080 3705 1323 3759 diabolus
1343 3705 1587 3760 maledici
1613 3707 1790 3759 anima
1891 3716 2233 3778 peccatorem
2259 3705 2536 3776 ﬂagellari,
2572 3711 2626 3758 et
2655 3712 2776 3773 post
2816 3713 3047 3758 mortem
3087 3719 3210 3759 cum
3234 3709 3480 3776 reprobis

209 3799 315 3847 est.
359 3788 621 3843 Dominus
666 3797 846 3843 autem
880 3791 1038 3845 nobis
1079 3807 1188 3845 non
1231 3793 1299 3845 ad
1338 3795 1788 3860 maledicendum,
1893 3796 2186 3863 reprobum
2217 3795 2272 3848 in
2304 3793 2577 3848 infernum
2606 3791 2796 3861 mergi.

210 3883 308 3938 sed
338 3879 520 3951 potius
548 3880 614 3934 ad
639 3879 1062 3936 benedicendum
1081 3896 1142 3936 os
1164 3882 1426 3936 concessit
1456 3891 1510 3936 et
1535 3883 1787 3952 linguam.
1963 3886 2053 3940 54.
2091 3885 2215 3938 Non
2257 3901 2366 3938 esse
2411 3883 2710 3952 superbum.
2762 3881 2866 3937 Per
2909 3880 3201 3938 Jercmiam
3245 3889 3479 3957 prophe-

214 3971 330 4026 Nos
352 3977 555 4036 autem,
583 3971 724 4025 sicut
741 3969 974 4026 Iacobus
993 3972 1266 4040 apostolus
1289 3972 1384 4037 ait,
1410 3989 1474 4026 ea:
1498 3974 1611 4043 ipsa
1641 3973 1792 4026 bene-
1892 3985 2003 4030 tam
2064 3977 2131 4030 ad
2168 3975 2458 4042 superbum
2509 3972 2769 4024 Dominus
2816 3972 3196 4037 comminatur,
3245 3973 3434 4032 dicens
3459 3993 3476 4031 :

211 4063 437 4117 dicimus
460 4061 763 4123 Dominum,
796 4071 844 4116 et
872 4073 1095 4132 patrem,
1127 4073 1176 4118 et
1196 4080 1261 4118 ea:
1289 4067 1403 4133 ipsa
1429 4063 1790 4117 maledicimus
1893 4065 2029 4120 Ecce
2074 4081 2166 4133 ego
2204 4064 2272 4116 ad
2301 4072 2380 4126 te,
2425 4060 2660 4130 superbe,
2690 4060 2814 4113 dicit
2841 4059 3098 4115 Dominus
3122 4065 3478 4133 exercituum,

211 4157 468 4221 homines,
505 4155 596 4227 qui
635 4155 704 4208 ad
729 4153 1124 4208 similitudinem
1166 4155 1261 4208 Dei
1285 4155 1414 4223 facti
1455 4164 1608 4218 sunt,
1645 4162 1692 4206 et
1727 4170 1791 4208 ea:
1875 4158 2014 4229 quia
2042 4158 2206 4211 veniet
2232 4156 2342 4210 dies
2378 4164 2500 4208 tuus
2528 4164 2726 4222 tempus
2754 4153 3061 4206 uisitationis
3097 4163 3225 4220 tute,
3255 4166 3304 4209 et
3329 4157 3480 4213 cadet

212 4247 325 4316 ipso
355 4246 532 4302 nostra
557 4261 662 4299 uno
705 4261 794 4298 ore
831 4244 1063 4315 procedit
1087 4243 1383 4296 maledictio
1421 4252 1469 4297 et
1505 4243 1789 4297 benedictio
1891 4248 2171 4320 superbus,
2215 4256 2264 4300 et
2313 4255 2546 4307 corruet,
2578 4253 2626 4296 et
2656 4260 2759 4298 non
2801 4245 2899 4296 erit
2939 4245 3028 4313 qui
3069 4246 3282 4299 suscitet
3325 4263 3477 4314 cum,

211 4336 422 4410 (Iacob.
448 4335 554 4408 ιιι).
584 4335 691 4391 Sed
717 4335 846 4405 quid
880 4335 957 4389 ait
982 4335 1124 4390 idem
1168 4333 1440 4403 apostolus
1467 4334 1786 4388 audiamus:
1890 4352 1940 4396 ει
1980 4343 2292 4394 succendunt
2337 4339 2509 4407 ignem
2552 4337 2606 4390 in
2663 4337 2877 4390 urbibus
2929 4335 3078 4405 ejus,
3118 4346 3167 4391 et
3213 4339 3480 4399 deum-abit

213 4428 341 4484 Non
368 4437 588 4500 oportet,
621 4427 814 4497 inquit,
847 4427 958 4480 lucc
998 4427 1072 4479 ita
1094 4424 1210 4494 ﬁeri
1229 4466 1244 4490 ,
1286 4424 1496 4492 fratres.
1532 4425 1770 4496 Nunquit

216 4521 241 4538 ρ
278 4537 325 4538 η
373 4520 421 4538 ,κ
973 4525 1175 4538 -,,,-,η.
1227 4515 1419 4538 an.--“
1476 4526 1511 4538 ,.
1559 4533 1766 4538 manu“

1929 4435 2068 4486 mnia
2105 4434 2159 4486 in
2200 4431 2422 4484 circuitu
2448 4429 2564 4498 ejus
2591 4427 2810 4499 (Jerem.
2839 4425 2914 4498 1.).
2955 4426 3021 4480 Et
3057 4427 3184 4482 alibi
3213 4430 3479 4500 scriptum

211 4521 332 4590 fons
360 4520 425 4574 de
447 4520 627 4574 eodem
671 4518 927 4588 foramine
963 4525 1175 4571 emanat
1219 4515 1422 4570 dulcem
1463 4526 1511 4571 et
1549 4533 1788 4571 amaram
1814 4515 1866 4538 ν
1891 4534 2012 4580 est;
2067 4521 2258 4577 Perdet
2312 4521 2452 4575 Deus
2496 4518 2803 4573 memoriam
2842 4518 3218 4585 superborum,
3271 4529 3321 4572 et
3372 4537 3479 4577 non

211 4629 406 4684 aquam
431 4611 658 4685 (lbid.)?
679 4612 758 4665 Ac
783 4611 828 4666 si
849 4609 1090 4665 diceret:
1133 4608 1288 4664 Sicut
1312 4608 1486 4664 dulcis
1525 4619 1581 4663 et
1605 4624 1789 4664 amara
1889 4615 2144 4683 relinquet
2181 4613 2484 4666 memoriam
2523 4607 2802 4662 humilium
2832 4606 3022 4676 (Eccli.
3055 4606 3134 4678 Χ).
3165 4607 3299 4662 Nam
3329 4617 3384 4663 et
3408 4611 3479 4666 de

211 4720 352 4775 aqua
379 4719 484 4759 non
508 4712 689 4774 potest
725 4705 791 4759 de
819 4718 924 4758 una
963 4702 1124 4758 simul
1154 4702 1318 4758 fontis
1359 4717 1585 4757 manare
1627 4717 1789 4768 vena,
1888 4707 2005 4775 ipsa
2042 4703 2290 4774 superbia
2333 4702 2413 4758 sic
2459 4699 2696 4768 loquitur
2739 4698 2916 4760 divina
2969 4695 3286 4767 Scriptura:
3345 4698 3478 4754 0di-

209 4797 292 4852 sic
315 4797 620 4852 benedictio
645 4805 702 4850 et
727 4795 1033 4850 maledictio
1061 4795 1127 4850 de
1151 4811 1258 4849 una
1287 4795 1447 4849 simul
1479 4810 1582 4850 non
1613 4804 1792 4865 potest
1888 4796 2029 4860 bilis,
2067 4793 2262 4863 inquit,
2297 4808 2474 4846 coram
2501 4789 2608 4843 Deo
2646 4797 2694 4842 et
2731 4786 3027 4841 hominibus
3068 4789 3331 4858 superbia.
3371 4790 3476 4857 Qui

206 4902 467 4944 emanare
494 4887 672 4943 cordis
697 4887 854 4941 rima.
895 4885 1003 4942 Sed
1045 4887 1354 4957 quicunque
1382 4888 1462 4943 sic
1489 4889 1658 4942 Deum
1688 4889 1788 4943 be-
1887 4896 2063 4942 autem
2109 4884 2333 4938 tenuerit
2376 4880 2558 4945 illam,
2608 4877 2976 4948 adimplebitur
3019 4877 3476 4937 maledictionibus

206 4979 464 5036 nedicere
487 4978 694 5034 orando
713 4977 799 5032 vel
822 4978 1169 5049 praedicando
1194 4979 1492 5042 consuevit,
1523 4986 1584 5032 ut
1620 4979 1790 5034 male-
1891 4975 2123 5048 (Ibid.).
2165 4975 2264 5038 Et,
2310 4972 2531 5026 Initium
2561 4971 2729 5024 omnis
2756 4968 2956 5038 peccati
2989 4968 3232 5038 superbia
3260 4969 3475 5044 (Ibid.).

207 5071 394 5129 dicere
414 5069 688 5124 hominem
715 5083 821 5122 non
858 5069 1171 5134 cessaverit,
1213 5068 1330 5122 sine
1367 5069 1528 5123 dubio
1554 5069 1791 5124 dulcedi-
1891 5069 2009 5123 Non
2033 5067 2111 5120 ait
2139 5065 2390 5134 alicujus,
2422 5063 2516 5117 sed
2541 5060 2718 5115 omnis
2744 5058 2975 5128 peccati,
2999 5066 3060 5112 ut
3081 5059 3359 5115 evidenter
3381 5076 3475 5118 os-

210 5177 335 5220 nem
355 5161 744 5216 benedictionis
768 5158 882 5228 ejus
911 5160 1212 5214 amaritudo
1243 5159 1635 5214 maledictionis
1663 5176 1793 5216 con-
1893 5159 2139 5214 tenderet
2181 5157 2356 5223 ipsam
2397 5167 2517 5206 esse
2545 5158 2890 5219 peccatorum
2928 5148 3170 5202 omnium
3209 5164 3429 5205 causam
3455 5167 3472 5218 ;

205 5251 396 5308 sumit.
425 5249 532 5306 Sed
554 5257 817 5320 quantum
836 5249 1035 5304 malum
1062 5257 1146 5304 est
1169 5248 1564 5303 maledictionis
1578 5249 1791 5314 vitium,
1893 5251 2151 5320 quoniam
2191 5262 2298 5301 non
2337 5245 2508 5299 solum
2539 5247 2824 5310 peccatum
2853 5251 2938 5294 εει
2977 5239 3092 5309 ipsa
3112 5279 3128 5304 ,
3172 5241 3266 5295 sed
3305 5241 3472 5296 etiam

207 5356 366 5402 tanto
397 5347 568 5417 magis
597 5353 683 5400 est
719 5342 1110 5400 benedictionis
1150 5342 1352 5396 bonum
1390 5340 1648 5396 oﬂicium.
1688 5341 1794 5395 Per
1896 5340 2102 5395 nullum
2128 5342 2410 5407 peccatum
2445 5331 2558 5385 ﬁeri
2587 5329 2996 5400 potuit,.potest
3019 5337 3112 5383 aut
3139 5331 3342 5398 poterit
3357 5329 3477 5384 sine

209 5438 343 5495 illud
373 5436 521 5492 enim
545 5433 939 5490 maledictionis
959 5431 1313 5502 conqueritur
1329 5446 1510 5501 paena,
1533 5444 1631 5500 per
1648 5430 1791 5485 istud
1895 5432 2030 5501 ipsa.
2069 5427 2314 5498 Superba
2343 5425 2593 5480 voluntas
2615 5421 2745 5478 facit
2767 5420 2863 5475 Dei
2885 5427 3154 5490 prmeepta
3175 5420 3472 5485 contemni,

208 5529 608 5588 benedictionis
636 5528 810 5600 gratia
835 5535 892 5584 et
920 5526 1108 5598 gloria.
1137 5525 1242 5580 Per
1270 5524 1398 5580 illud
1440 5523 1789 5595 opprobrium
1896 5523 2116 5578 humilis
2136 5517 2417 5575 custodiri.
2435 5514 2698 5586 Superbia
2714 5529 2782 5569 ex
2805 5511 3010 5580 angelis
3030 5511 3302 5600 daemones
3326 5509 3477 5576 feeit,

209 5625 262 5678 in
313 5621 550 5688 inferno,
594 5599 694 5691 per
734 5620 876 5676 istud
922 5619 978 5674 in
1021 5617 1159 5674 cmlo
1201 5617 1484 5686 praemium
1530 5615 1794 5688 accipitur
1896 5612 2173 5669 humilitas
2199 5610 2448 5665 homines
2473 5609 2677 5662 sanctis
2702 5603 2908 5674 angelis
2929 5601 3133 5691 similes
3161 5599 3356 5691 reddit.
3380 5601 3475 5658 Illa

209 5688 627 5787 sempiternum.
1897 5702 2126 5761 rebelles
2155 5699 2369 5758 diabolo
2412 5697 2624 5762 subdit,
2655 5694 2769 5751 haec
2799 5689 3031 5749 humiles
3073 5688 3291 5746 Christo
3339 5703 3471 5752 con-
