3944 6438
495 330 588 385 771

1790 315 2070 374 SMARAG
2079 313 2144 372 Dl
2182 313 2472 369 ABBATIS

3640 312 3746 368 77!

489 436 684 507 iungit.
742 433 818 488 De
863 431 1114 502 superbia
1166 445 1400 500 namque
1446 437 1749 500 sequuntur
1793 431 2026 484 haereses
2047 469 2063 492 ,
2095 431 2145 489 Α
2169 427 2223 480 in
2248 425 2544 491 dulcedine,
2571 423 2824 494 quoniam
2859 423 3010 495 periit
3055 422 3119 477 ab
3155 439 3246 477 ore
3294 433 3460 479 rastro
3493 425 3652 493 (1οεί.
3686 430 3748 499 ι).

494 527 810 590 schismata,
838 524 1220 588 detractiones,
1247 522 1479 586 invidia,
1511 522 1832 585 verbositas,
1863 520 2074 589 iaetan-

493 617 592 681 tla,
617 616 1014 680 contentiones,
1043 615 1438 679 animositates,
1463 613 1707 678 ambitio,
1729 612 1914 678 elatio,
1935 627 2074 682 pra:-

493 708 752 778 sumptio,
768 707 1002 773 vanitas,
1025 707 1358 776 inquietudo,
1375 705 1735 768 mendacium,
1752 703 2068 774 periurium,

491 806 552 855 et
581 807 777 854 caetera
817 798 985 853 multa
1019 798 1182 852 mala.
1223 795 1340 852 iam
1387 812 1531 852 nunc
1559 796 1837 852 videamus
1877 793 2074 863 quibus

448 890 712 953 _indiciis
763 889 938 960 possit
993 888 1246 958 superbia
1292 885 1642 956 deprehendi.
1697 883 1900 940 Omitto
1951 882 2074 937 illos

491 996 635 1052 quos
681 981 796 1050 ipse
843 979 1060 1034 habitus
1089 987 1146 1032 et
1179 979 1420 1033 incessus
1462 976 1724 1044 superbos
1763 973 2070 1037 ostendunt,

493 1083 728 1138 quorum
760 1076 940 1123 erecta
971 1067 1172 1127 cervix,
1204 1064 1371 1118 facies
1407 1072 1594 1127 torva,
1638 1070 1818 1116 truces
1851 1060 1994 1115 oculi
2020 1068 2076 1114 et

435 1173 443 1177 ·
495 1175 686 1214 sermo
710 1158 963 1213 terribilis
987 1157 1188 1210 nudam
1209 1153 1517 1223 superbiam
1539 1152 1793 1206 clamant.
1817 1151 1939 1206 illos
1959 1160 2076 1204 tan.

496 1258 616 1304 tum
647 1249 834 1304 dolens
857 1247 1083 1302 ostendo
1102 1286 1117 1311 ,
1148 1255 1310 1314 atque
1347 1259 1534 1299 eorum
1563 1243 1807 1313 exempla
1838 1243 2075 1297 cavenda

498 1339 784 1404 denuntio,
815 1353 950 1408 quos
977 1337 1089 1408 iam
1117 1350 1415 1390 mnversos
1448 1341 1505 1388 et
1530 1332 1921 1402 aliquantulum
1946 1343 2076 1402 pro-

493 1433 743 1488 ticientes
771 1431 1023 1501 superbia
1068 1428 1279 1484 occulte
1315 1429 1573 1497 captivat,
1601 1442 1739 1497 quos
1766 1427 1821 1480 in
1851 1424 2076 1494 profun-

497 1522 628 1577 dum
656 1521 922 1576 malorum
950 1519 1289 1574 fraudulenta
1319 1518 1660 1573 damnatione
1681 1517 2000 1588 pmcipitat,
2023 1522 2080 1569 et

496 1629 576 1668 ne
597 1613 720 1667 inde
743 1625 978 1680 unquam
1001 1619 1294 1679 exsurgant
1309 1608 1514 1677 iugiter
1538 1608 1732 1662 calcat.
1752 1607 1816 1662 Hi
1842 1615 1967 1662 sunt
1985 1607 2077 1676 qui

498 1705 778 1758 seniorum
809 1716 1026 1756 suorum
1054 1715 1160 1754 non
1200 1701 1492 1755 observant
1520 1699 1766 1769 imperia,
1812 1699 1905 1754 sed
1927 1696 2078 1767 iudi-

2241 514 2330 571 56.
2359 514 2483 568 Non
2509 514 2732 568 multum
2756 513 2965 567 edacem
2987 512 3176 584 (Eccli.
3197 513 3370 584 xxxi).
3394 514 3610 582 Quanto
3634 533 3752 572 am-

2171 607 2313 678 plius
2339 607 2586 662 edacitas
2625 605 2860 661 carnalis
2889 605 2996 660 cibi
3041 605 3208 660 nimia
3253 606 3438 676 implet
3465 616 3712 664 ventrem
3732 647 3750 674 ,

2173 707 2326 755 tanto
2353 713 2387 753 a
2413 698 2706 754 virtutibus
2734 697 3104 768 spiritualibus
3145 712 3376 754 vacuam
3422 697 3554 754 facit
3593 716 3747 756 men-

2174 797 2303 845 tem.
2336 788 2548 855 Quanto
2575 788 2748 858 magis
2789 801 2986 856 corpus
3033 788 3173 841 edax
3220 790 3554 858 pinguescit,
3598 799 3754 849 tanto

2173 883 2356 938 anima
2381 899 2411 937 a
2435 884 2728 939 virtutibus
2746 882 3000 952 ieiunans
3027 881 3346 954 languescit.
3380 883 3630 940 Edacitas
3651 901 3748 940 au-

2174 979 2282 1027 tem
2305 987 2525 1028 carnem
2550 973 2684 1028 facit
2708 974 2930 1028 obesam
2955 980 3012 1028 et
3037 980 3273 1027 mentem
3299 989 3524 1028 vacuam
3545 1015 3560 1039 ,
3589 974 3753 1030 fortia

2174 1064 2420 1133 corporis
2442 1065 2709 1128 membra,
2738 1071 2794 1118 et
2826 1062 3140 1134 languidam
3167 1062 3296 1118 facit
3320 1063 3578 1119 animam.
3611 1064 3755 1119 Eda-

2175 1155 2312 1209 citas
2355 1155 2496 1224 parit
2524 1155 2889 1226 pigrcdinem,
2931 1155 3156 1224 pigredo
3198 1155 3438 1212 immittit
3477 1173 3748 1227 soporem,

2175 1260 2338 1314 sopor
2359 1246 2758 1316 negligentiam.
2806 1245 3140 1317 Negligentia
3167 1262 3298 1302 vero
3332 1257 3555 1318 generat
3581 1249 3751 1303 male-

2176 1337 2488 1401 dictionem,
2513 1338 2654 1393 sicut
2675 1337 2938 1406 scriptum
2960 1347 3082 1412 est:
3122 1339 3438 1396 Haledictus
3465 1345 3634 1397 omnis
3660 1345 3752 1413 qui

2177 1427 2305 1496 facit
2320 1444 2448 1497 opus
2474 1427 2684 1482 Domini
2701 1428 3248 1500 negligenter(lerem.
3273 1433 3486 1504 vam).
3505 1434 3756 1490 Edacitas

2176 1530 2306 1571 vero
2333 1517 2500 1570 nimia
2545 1526 2770 1586 generat
2809 1518 3106 1587 crapulam,
3139 1521 3359 1592 crapula
3402 1532 3580 1584 autem
3610 1525 3756 1595 parit

2177 1605 2608 1661 sonmolentiam.
2642 1606 3023 1664 Somnolentus
3048 1625 3155 1664 non
3198 1619 3345 1665 amat
3374 1612 3582 1682 vigilias
3602 1655 3616 1678 ,
3653 1629 3756 1670 nec

2177 1701 2422 1765 tempore
2459 1711 2699 1767 congruo
2729 1698 2838 1754 Deo
2884 1706 3067 1754 cantat
3111 1701 3479 1769 psalmodiam.
3522 1703 3754 1758 Mentem

493 1802 642 1849 canit.
678 1793 754 1847 De
783 1792 896 1847 suis
925 1791 1266 1862 negligentiis
1287 1789 1553 1860 obiurgati
1583 1799 1675 1844 aut
1705 1790 1972 1845 rebellant
1996 1790 2076 1844 in-
2104 1771 2152 1832 Β
2179 1785 2246 1839 ad
2274 1785 2473 1841 emittm
2502 1802 2602 1841 nec
2629 1787 2809 1859 erigit.
2838 1804 2938 1844 nec
2967 1790 3034 1844 ad
3061 1793 3492 1862 compunctionis
3523 1795 3756 1865 gratiam

493 1885 756 1950 solenter,
799 1891 892 1938 aut
920 1891 1280 1938 murmurant.
1324 1881 1402 1936 De
1436 1882 1554 1936 loco
1583 1882 1860 1952 superiore
1891 1881 2076 1951 dispu-

501 1985 637 2041 tant,
672 1975 932 2046 praeferre
959 1975 1124 2029 etiam
1165 1987 1225 2029 se
1256 1972 1572 2027 melioribus
1598 1973 1968 2042 imprudenter
1994 1969 2076 2026 af-

493 2065 738 2131 fectant,
785 2063 1187 2134 simplicitatem
1229 2062 1545 2133 spiritalium
1585 2063 1806 2118 Patrum
1845 2078 2076 2133 exagge-

500 2166 648 2220 rant,
679 2171 806 2210 suas
834 2155 1130 2210 sententias
1153 2155 1461 2225 procaciter
1473 2154 1703 2225 iactant,
1731 2169 1837 2209 non
1829 2164 2078 2224 ,servant

500 2248 806 2304 senioribus
834 2248 886 2302 in
916 2247 1177 2317 obsequio
1202 2247 1581 2312 reverentiam,
1610 2247 1663 2302 in
1693 2260 1942 2301 sermone
1963 2261 2080 2302 mo-

503 2339 754 2401 destiam,
785 2353 884 2392 nec
912 2338 966 2392 in
1002 2339 1246 2393 moribus
1284 2337 1642 2407 disciplinam.
1677 2326 1886 2392 Habent
1910 2337 1965 2391 in
1999 2338 2080 2392 in-

494 2429 741 2482 tentione
775 2427 1149 2498 pertinaciam,
1181 2429 1238 2482 in
1267 2427 1430 2483 corde
1471 2427 1754 2493 duritiam,
1781 2429 1836 2482 in
1873 2443 2081 2484 sermo-

499 2520 774 2574 cinatione
814 2518 1164 2588 iactantiam;
1207 2520 1262 2574 in
1313 2520 1620 2575 humilitate
1663 2519 1918 2587 fallaces,
1955 2521 2078 2577 odio

497 2611 829 2681 pertinaces,
863 2609 1199 2680 subiectione
1225 2611 1601 2681 impatientes;
1638 2611 1890 2667 omnibus
1923 2613 2080 2668 bonis

499 2700 752 2765 odibiles,
802 2701 868 2755 ad
913 2715 1049 2771 opus
1073 2701 1273 2756 bonum
1302 2701 1466 2772 pigri,
1501 2701 1568 2756 ad
1595 2701 1911 2772 obsequium
1937 2701 2075 2765 duri,

490 2795 575 2848 .ad
604 2793 929 2862 loquendum
956 2793 1100 2863 quod
1128 2794 1378 2849 nesciunt
1405 2796 1674 2865 prompti;
1715 2796 1990 2851 temerarii
2025 2796 2080 2850 in

505 2884 798 2950 audiendo,
821 2884 1044 2940 clamosi
1072 2885 1126 2938 in
1149 2885 1694 2954 loquendo,eﬂ'renati
1722 2887 1775 2940 in
1796 2886 2078 2942 cachinno.

499 2972 631 3030 Haec
653 2981 784 3028 sunt
824 2973 1088 3043 superbia
1121 2975 1424 3045 grassantis
1464 2975 1685 3040 indicia,
1715 2975 1909 3046 quibus
1939 2974 2082 3032 Deus

495 3063 792 3120 oﬂ'enditur
828 3073 883 3122 et
912 3067 1144 3132 recedit,
1188 3064 1440 3122 diabolus
1487 3068 1746 3122 invitatur
1779 3076 1836 3122 ut
1861 3068 2078 3135 veniat;

2177 1875 2451 1941 ascendit,
2504 1891 2605 1932 nec
2649 1877 2716 1932 ad
2761 1879 3231 1950 contemplationis
3276 1883 3527 1938 sublimia
3578 1885 3760 1940 elevat

2175 1967 2434 2023 animam.
2468 1969 2678 2025 Tardus
2698 1978 2784 2026 est
2811 1970 2875 2026 ad
2901 1973 3223 2039 orationem,
3266 1973 3580 2032 fastidiosus
3602 1978 3656 2032 in
3680 1978 3759 2032 le-

2174 2059 2382 2125 ctione,
2418 2060 2588 2115 durus
2615 2061 2684 2115 ad
2714 2061 2927 2116 Domini
2953 2063 3177 2118 verbum
3207 2063 3632 2136 intelligendum,
3671 2067 3758 2135 pi-

2175 2169 2272 2225 ger
2297 2155 2604 2210 senioribus
2630 2153 2696 2209 ad
2726 2155 3085 2210 obediendum
3103 2197 3120 2222 ,
3150 2165 3208 2212 et
3244 2157 3299 2212 in
3325 2159 3576 2213 omnibus
3599 2160 3759 2216 bonis

2175 2247 2390 2316 tepidus
2431 2247 2499 2301 ad
2539 2248 2896 2317 operandam.
2931 2247 3040 2304 Sed
3087 2250 3215 2319 quia
3257 2266 3366 2306 non
3391 2251 3508 2306 vult
3552 2251 3758 2322 Regula

2177 2338 2504 2393 monachum
2535 2337 2762 2392 multum
2797 2339 3018 2395 edacem
3054 2355 3158 2395 nec
3183 2341 3544 2407 vinolentum,
3577 2343 3760 2412 itaque

2176 2428 2290 2484 vult
2341 2429 2398 2483 in
2440 2429 2693 2484 omnibus
2741 2415 3118 2500 temperatum.
3158 2431 3438 2488 Generalis
3469 2435 3647 2499 enim,
3698 2443 3761 2491 ut

2178 2521 2370 2576 beatus
2398 2521 2476 2576 ait
2499 2521 2772 2592 Ephraam,
2791 2523 2882 2577 hic
2901 2524 3245 2580 continentiae
3268 2527 3459 2581 modus
3479 2535 3644 2582 estut
3671 2543 3759 2583 se-

2177 2611 2412 2666 cundum
2435 2612 2790 2681 capacitatem
2812 2614 3030 2678 virium,
3052 2615 3140 2674 vel
3167 2619 3430 2686 corporis,
3458 2619 3540 2673 vel
3559 2620 3756 2688 aetatis,

2181 2708 2392 2758 tantum
2422 2702 2638 2758 sibimet
2655 2703 2761 2759 cibi
2793 2703 2876 2758 vel
2901 2712 3060 2774 potus
3087 2707 3455 2776 unusquisque
3475 2709 3754 2774 concedat,

2179 2800 2442 2862 quantum
2487 2794 2812 2849 sustentatio
2841 2795 3051 2861 carnis,
3100 2811 3208 2850 non
3249 2805 3514 2866 quantum
3548 2799 3756 2854 deside-

2181 2883 2322 2936 rium
2349 2883 2656 2938 saturitatis
2677 2885 2940 2954 exposcit.
2962 2885 3021 2940 'ln
3046 2895 3277 2957 utraque
3296 2888 3441 2942 enim
3465 2896 3617 2959 parte
3647 2905 3758 2944 sus-

2182 2971 2376 3027 tinebit
2419 2987 2672 3043 magnum
2707 2973 3089 3028 detrimentum
3138 2976 3386 3046 quisquis
3424 2977 3760 3046 inzequaliter

2187 3067 2379 3116 tenens
2409 3077 2510 3118 nec
2532 3071 2774 3118 ventrem
2799 3061 3126 3132 ieiuniorum
3147 3065 3400 3122 ariditate
3414 3068 3757 3138 constringit,

493 3157 588 3211 nis
616 3157 775 3212 malis
817 3159 1069 3212 omnibus
1101 3157 1347 3214 diabolus
1375 3167 1561 3228 pastus
1591 3159 1828 3214 exsultat
1847 3201 1861 3225 ,
1891 3175 2078 3230 super-
2111 3122 2156 3187 C
2186 3166 2288 3208 nec
2315 3167 2565 3209 escarum
2593 3154 2873 3210 nimietate
2907 3155 3148 3211 resolvit.
3197 3157 3348 3212 Mens
3381 3159 3528 3213 enim
3553 3159 3760 3213 voraci—

500 3248 600 3301 bas
627 3256 834 3303 mentes
862 3249 1051 3312 intrat,
1084 3256 1146 3302 ut
1175 3257 1378 3314 teneat,
1407 3249 1602 3320 erigat,
1627 3250 1823 3314 elidat;
1855 3250 1999 3304 fovet
2021 3258 2082 3305 ut
2186 3244 2312 3300 talis
2339 3245 2620 3302 nimietate
2646 3261 2833 3316 pressa
2861 3249 3112 3304 emittere
3139 3249 3208 3304 ad
3235 3250 3404 3305 Deum
3438 3266 3628 3322 preces
3653 3266 3759 3307 non

457 3415 461 3420 ἡ
500 3337 732 3406 perdat;
774 3347 948 3403 tenet,
986 3347 1046 3393 ut
1073 3340 1349 3408 possideat
1371 3348 1427 3394 et
1460 3340 1640 3394 omnia
1671 3341 1811 3395 mala
1839 3355 1935 3411 per
1962 3341 2082 3397 illos
2183 3334 2388 3403 poterit
2411 3350 2596 3404 puras.
2637 3334 2826 3392 Sancti
2865 3338 3106 3407 qllandiu
3135 3339 3188 3393 in
3229 3339 3332 3394 hac
3369 3339 3480 3394 vita
3517 3340 3766 3396 habitant

500 3436 776 3482 exerceat.
819 3426 1096 3497 Superbia:
1139 3437 1319 3484 autem
1359 3432 1574 3500 gemina
1616 3439 1701 3486 est
1740 3431 2076 3487 ditl‘erentia:

503 3532 611 3572 una
631 3533 750 3588 quae
773 3518 1042 3587 spiritales
1061 3535 1161 3590 pro
1175 3517 1464 3576 virtutibus
1485 3523 1855 3591 superbientes
1874 3523 2077 3592 deiicit;

500 3608 675 3663 altera
710 3607 976 3672 carnalis,
1024 3623 1142 3677 quae
1172 3623 1300 3681 erga
1333 3611 1607 3666 seniorum
1638 3612 1864 3682 imperia
1892 3612 2080 3668 inobe-

506 3684 718 3753 dientcs
755 3697 954 3752 reddit.
1000 3698 1155 3753 Alius
1180 3715 1410 3768 namque
1435 3715 1505 3754 ex
1537 3701 1699 3757 rebus
1733 3702 2084 3759 secularibus

502 3788 766 3859 possidet,
796 3805 935 3859 quos
966 3805 1033 3845 ex
1061 3791 1352 3847 virtutibus
1379 3792 1587 3848 extollit
1613 3795 1964 3865 spiritalibus.
1993 3796 2082 3852 Di-

502 3888 596 3934 cta
621 3887 802 3934 autem
831 3881 1101 3949 superbia,
1136 3882 1260 3951 quia
1285 3897 1446 3953 super
1465 3883 1578 3938 vult
1602 3885 1745 3954 quod
1772 3892 1875 3940 est.

577 3967 666 4023 35.
698 3967 822 4023 Non
851 3969 1164 4024 vinolentum
1188 3970 1244 4042 (Ι
1269 3971 1403 4026 Tim.
1431 3988 1518 4040 m;
1540 3972 1643 4026 Tit.
1674 3973 1748 4045 1).
1767 3973 2084 4030 Vinolentus

501 4056 725 4122 dicitur,
753 4059 845 4128 qui
874 4067 927 4112 et
952 4060 1085 4115 satis
1107 4060 1264 4126 bibit,
1294 4073 1350 4116 et
1375 4060 1589 4117 diﬂicile
1608 4061 1924 4117 inebriatur.
1947 4063 2083 4118 Hinc

503 4149 674 4205 Isaias
694 4149 800 4204 ait:
831 4148 956 4204 γωι
978 4151 1067 4221 qui
1087 4160 1316 4220 potentes
1345 4151 1467 4206 estis
1492 4153 1563 4205 ad
1586 4152 1860 4206 bibendum
1885 4153 2080 4218 viuum,

500 4249 556 4294 et
577 4239 675 4293 viri
703 4239 862 4310 fortes
895 4240 964 4292 ad
993 4240 1311 4294 miscendam
1339 4241 1638 4296 ebrietatem
1677 4241 1812 4313 (Isa.
1840 4241 1916 4316 v).
1947 4241 2086 4299 Hinc

501 4329 730 4398 sapiens
773 4328 991 4398 quidam
1038 4329 1204 4384 dicit:
1248 4328 1444 4384 Multos
1479 4332 1836 4386 exterminavit
1875 4332 2081 4398 vinum,

2186 3439 2284 3494 pro
2310 3425 2580 3480 desiderio
2605 3427 2757 3497 regni
2783 3427 3041 3482 caelorum
3059 3443 3262 3498 corpus
3287 3430 3498 3486 aridum
3520 3439 3760 3500 portant.

2189 3514 2342 3569 Unde
2369 3523 2426 3570 et
2453 3515 2738 3570 Psalmista
2760 3517 2871 3572 ait:
2899 3515 3070 3572 Sitivit
3098 3519 3153 3572 in
3181 3527 3231 3573 te
3255 3519 3434 3573 anima
3461 3536 3582 3574 mea
3605 3536 3764 3592 quam

2185 3602 2566 3672 multipliciter,
2601 3614 2649 3660 et
2681 3621 2810 3660 caro
2843 3622 2960 3660 mea
2999 3605 3176 3678 (Psal.
3220 3607 3376 3679 exn).
3425 3607 3574 3664 Tunc
3613 3609 3765 3664 enim

2187 3707 2318 3748 caro
2371 3691 2539 3747 Deum
2582 3693 2736 3757 sitit,
2791 3695 3008 3764 quando
3051 3710 3150 3765 per
3201 3696 3585 3752 abstinentiam
3639 3713 3762 3754 are-

2187 3781 2309 3837 scit.
2349 3780 2484 3838 Nam
2509 3785 2819 3854 spernitur,
2848 3793 2910 3840 ut
2936 3801 3098 3856 supra
3125 3786 3324 3841 dictum
3347 3795 3454 3853 est,
3477 3787 3764 3868 ieiunium,

2187 3871 2331 3941 quod
2365 3871 2420 3926 in
2444 3887 2732 3942 vesperum
2766 3875 3062 3945 repletione
3093 3877 3341 3932 ciborum
3369 3879 3628 3934 reﬁcitur.
3661 3879 3765 3936 Ne-

2189 3973 2292 4028 que
2325 3960 2470 4014 enim
2495 3964 2791 4030 reputanda
2821 3971 2906 4018 est
2933 3964 3282 4032 abstinentia,
3320 3967 3413 4022 ubi
3449 3966 3612 4023 fuerit
3637 3983 3768 4024 ven-

2188 4048 2290 4104 tris
2327 4049 2583 4106 saturitas
2623 4053 2900 4108 obsecuta.
2944 4052 3061 4109 Non
3099 4064 3338 4126 estergo
3366 4059 3581 4129 corpori
3607 4060 3766 4116 adhi-

2187 4140 2362 4196 benda
2390 4142 2748 4198 immoderata
2776 4143 3126 4212 abstinentia,
3148 4162 3216 4202 ne
3239 4148 3369 4203 dum
3393 4150 3622 4219 amplius
3644 4167 3768 4223 gra-

2187 4240 2345 4287 vatur
2364 4233 2566 4300 inedia,
2587 4235 2731 4304 quod
2751 4235 2953 4290 bonum
2979 4252 3140 4308 agere
3160 4239 3345 4308 cmpit,
3372 4255 3479 4295 non
3499 4241 3767 4311 perficiat.

2189 4324 2298 4380 Sed
2325 4325 2560 4382 discreto
2584 4327 2764 4384 carnis
2791 4337 2876 4384 est
2903 4331 3232 4386 moderanda
3260 4335 3515 4388 materies
3533 4374 3548 4400 ,
3581 4350 3650 4389 ne
3675 4342 3772 4389 aut

501 4418 647 4489 quod
667 4417 890 4472 multum
911 4428 1164 4488 putatum,
1186 4419 1550 4486 irritationem,
1575 4431 1624 4475 et
1649 4423 1808 4488 iram,
1829 4431 1878 4476 et
1903 4425 2077 4478 ruinas

2189 4413 2402 4486 integre
2427 4417 2804 4487 exstinguatur
2823 4425 2916 4472 aut
2939 4419 3292 4477 immoderate
3318 4421 3548 4479 laxewr.
3568 4423 3773 4494 Corpo-

505 4481 703 4564 iuultas
730 4511 876 4580 facit.
909 4481 1216 4564 dmuritudo
1247 4513 1464 4579 animle,
1496 4481 1669 4568 uinum
1692 4481 1916 4575 multum
1935 4526 2086 4586 pota-
2110 4481 2162 4541 Β
2188 4503 2265 4558 Pis
2292 4481 2439 4558 έιιίω
2469 4481 2722 4561 debilitas
2747 4507 2893 4563 Vires
2931 4509 3124 4565 animm
3153 4511 3382 4583 frangit.
3411 4523 3468 4569 et
3496 4481 3770 4585 ingenium

505 4611 641 4654 tum.
687 4599 878 4654 Vinum
903 4600 957 4654 in
973 4600 1308 4670 jucunditate
1330 4612 1562 4656 creatum
1581 4613 1677 4671 est,
1706 4621 1809 4658 non
1835 4607 1894 4659 in
1921 4605 2086 4661 ebrie—
2187 4595 2387 4649 mentis
2408 4610 2744 4652 marcescere
2775 4596 2920 4658 facit.
2959 4598 3094 4656 Nam
3127 4603 3386 4672 quidam
3415 4620 3539 4660 cum
3566 4615 3773 4680 ιεωρο-

505 4700 656 4744 tate:
695 4691 899 4746 sanitas
932 4699 1007 4743 est
1044 4691 1283 4760 corporis
1317 4701 1366 4744 et
1405 4691 1596 4746 animae
1643 4694 1847 4750 sobrius
1891 4705 2042 4765 potus
2063 4711 2083 4748 ε
2190 4693 2436 4740 ramento
2465 4685 2544 4750 lit,
2573 4685 2797 4742 salutem
2825 4690 3068 4759 corporis
3089 4702 3144 4746 et
3172 4693 3367 4748 anima:
3385 4695 3577 4749 nutrit.

505 4780 776 4835 ebrietatis
797 4796 914 4834 veru
935 4781 1263 4845 animositas,
1292 4782 1634 4851 imprudentis
1655 4787 1870 4854 o/fensio
1893 4786 2077 4858 (Eccli.

2259 4773 2347 4828 57.
2390 4773 2514 4829 Non
2543 4775 2944 4834 somnolentum.
2981 4777 3110 4835 Post
3145 4783 3553 4852 castigationem
3583 4794 3770 4841 autem

511 4870 692 4940 xxxi).
711 4869 958 4923 Ebrietas
979 4878 1159 4924 autem
1182 4871 1641 4940 perturbationem
1670 4874 1838 4944 gignit
1857 4876 2084 4942 mentis;
2187 4865 2469 4922 edaCil-alis
2509 4876 2565 4922 et
2592 4867 2900 4924 Vinolenlizn
2927 4885 3180 4942 congrue
3215 4879 3462 4944 sequitur
3483 4877 3774 4946 castigatio

507 4958 752 5014 furorem
781 4959 962 5014 cordis
988 4968 1044 5014 et
1075 4960 1346 5014 ﬂammam
1373 4963 1599 5018 suscitat
1639 4963 1905 5032 libidinis,
1931 4974 1988 5021 et
2013 4967 2086 5022 ita
2191 4957 2578 5014 SOWIOIBMiiB-
2626 4957 2780 5014 Sicut
2822 4959 2967 5018 enim
3006 4979 3116 5018 non
3164 4965 3278 5020 vult
3322 4967 3508 5037 regula
3542 4968 3774 5024 multum

512 5059 750 5105 mentem
770 5049 993 5116 alienat,
1024 5060 1085 5106 ut
1123 5052 1212 5107 ubi
1242 5052 1312 5106 sit
1339 5053 1566 5108 nesciat.
1614 5055 1766 5111 Unde
1804 5065 1860 5112 et
1889 5057 2087 5113 malum
2186 5050 2407 5105 Edacem
2437 5059 2493 5106 el
2515 5051 2871 5118 Vinolentum.
2902 5054 2982 5110 sic
3006 5071 3112 5110 non
3134 5058 3251 5112 vult
3274 5059 3596 5116 monachum
3621 5075 3772 5116 som-

511 5157 624 5197 non
649 5140 881 5195 sentitur
914 5141 1057 5210 quod
1081 5157 1178 5211 per
1199 5143 1515 5199 ebrietatem
1538 5146 1912 5202 committitur.
1953 5147 2090 5203 Hinc
2190 5141 2486 5200 uolentum.
2527 5143 2679 5200 Sicut
2709 5145 2852 5201 enim
2881 5146 3036 5204 miles
3066 5149 3237 5206 multo
3259 5164 3424 5208 onere
3458 5165 3774 5222 pmgrava-

515 5232 712 5286 beatus
729 5228 960 5286 Basilius
985 5231 1091 5285 ait:
1134 5230 1285 5286 Multi
1321 5247 1421 5302 per
1456 5233 1638 5288 vinum
1686 5251 1717 5289 a
1758 5236 2092 5294 daemonibus
2191 5240 2280 5288 lus
2311 5235 2639 5304 prtepeditur
2672 5236 2740 5289 ad
2775 5235 2996 5302 bellum,
3041 5237 3113 5294 ita
3143 5239 3433 5309 impeditur
3475 5242 3777 5301 monachus

511 5321 662 5391 capti
686 5327 831 5375 sunt.
859 5319 970 5376 Nec
1001 5330 1085 5377 est
1107 5321 1252 5378 aliud
1274 5322 1509 5378 ebrietas
1531 5339 1692 5393 quam
1719 5326 2094 5382 manifestissi—
2191 5325 2261 5384 ad
2300 5326 2512 5396 vigilias
2561 5327 2850 5383 multarum
2896 5331 3144 5386 satietate
3186 5345 3435 5387 escarum
3488 5342 3773 5402 gravatus.

515 5427 639 5466 ntus
665 5412 893 5465 daemon.
916 5411 1051 5467 Hinc
1070 5411 1339 5484 Propheta
1377 5415 1453 5469 ait
1478 5432 1490 5467 :
1531 5412 1838 5470 Fornicatio
1855 5428 1902 5471 et
1927 5419 2092 5473 ebrie-
2195 5417 2310 5473 Non
2336 5418 2476 5473 enim
2497 5433 2782 5488 possumus
2802 5419 3047 5491 vigilare,
3069 5438 3192 5478 cum
3213 5423 3440 5494 dapibus
3459 5425 3623 5482 luerit
3645 5439 3776 5480 ven-

515 5511 600 5557 tas
622 5502 869 5572 auferunt
894 5519 984 5557 cor
1003 5502 1150 5574 (Ose.
1174 5503 1270 5575 Iv).
1292 5504 1500 5570 Quibus
1517 5503 1634 5559 loel
1654 5507 1912 5574 propheta
1936 5508 2088 5576 quasi
2195 5517 2280 5565 ter
2323 5517 2507 5564 noster
2531 5518 2776 5573 onustus,
2813 5513 2907 5568 sed
2956 5515 3199 5584 oppressi
3248 5530 3438 5572 somno
3464 5516 3774 5586 vigiliarum

518 5592 574 5646 in
615 5592 939 5648 alienatione
969 5595 1164 5650 mentis
1189 5594 1581 5649 dormientibus
1617 5595 1843 5667 clamat,
1871 5597 2086 5654 dicens:
2194 5598 2402 5654 fructus
2438 5599 2755 5665 amittimus,
2801 5611 2858 5657 et
2893 5607 3128 5659 maxime
3162 5604 3548 5661 detrimentum
3579 5608 3775 5662 animm

446 5731 466 5738 _
523 5679 976 5753 Expergiscimini,
1001 5684 1152 5753 ebrii,
1177 5693 1226 5739 et
1246 5685 1389 5754 ﬂete,
1412 5699 1590 5740 outues
1612 5685 1702 5755 qui
1727 5685 1897 5742 bibitis
1917 5688 2090 5744 viuum
2198 5697 2395 5747 nostrae
2425 5688 2780 5757 acquirimus,
2807 5700 2862 5746 et
2902 5701 3196 5765 egestatem
3229 5696 3489 5754 virtutum
3518 5698 3776 5766 spiritua-
