3944 6428
205 295 313 352 775

1247 295 1593 356 COMMENT.
1636 299 1701 354 IN
1742 299 1900 356 ηερ.
1944 300 2001 356 S.
2045 302 2422 363 BENEDICTI.
3371 315 3438 369 77

201 409 338 464 lium
363 413 417 462 et
449 413 822 478 paupertatem
850 407 1056 477 pariter
1088 411 1438 477 sustinemus,
1471 413 1610 468 sicut
1647 428 1784 485 seri-
1817 418 1866 475 Λ
1895 414 2118 480 fractus,
2159 430 2320 487 agere
2354 420 2490 475 [nona
2543 416 2865 480 dissimulat.
2920 425 2986 481 Et
3025 441 3146 482 cum
3181 443 3346 498 parva
3377 434 3473 488 ad-

197 507 355 570 plum
377 506 462 554 est
493 516 507 552 :
537 498 838 570 Usquequo,
873 501 1039 570 piger,
1066 501 1301 557 dormis?
1334 505 1544 574 quando
1573 522 1790 561 consur-

199 607 290 661 ges
319 608 353 644 a
377 607 562 646 somno
594 593 726 646 tuo?
766 591 1052 646 Paululum
1081 593 1327 661 dormies,
1355 594 1630 665 paululum
1666 597 1790 651 dov-

201 683 437 748 nsitabis,
489 681 766 754 paululum
811 699 1048 738 oonseres
1087 676 1299 750 manus,
1337 695 1395 740 ut
1438 686 1695 753 dormias,
1738 697 1789 742 et

201 776 367 830 veniet
395 775 492 830 tibi
531 777 682 847 quasi
717 777 890 830 viator
915 785 1136 847 egestas,
1167 787 1214 832 et
1235 780 1508 849 pauperies
1533 781 1686 850 quasi
1709 782 1790 836 vir

200 875 444 920 armatus
467 863 653 938 (Prov.
681 864 777 938 νι).
807 867 956 930 Item,
977 867 1105 921 Noli
1127 868 1342 939 diligere
1366 886 1628 936 somnum,
1655 887 1718 925 ne
1739 883 1788 927 te

199 967 402 1025 egestas
427 958 688 1028 opprimat
704 958 902 1028 ,"aperi
928 958 1106 1013 oculos
1137 970 1276 1026 tuos,
1301 970 1350 1015 et
1379 970 1621 1016 saturare
1638 964 1789 1032 pani-

200 1046 294 1100 bus
327 1045 509 1115 (Prov.
549 1045 664 1118 xx).
697 1047 899 1102 Cavere
932 1049 1190 1104 debemus
1226 1063 1294 1104 ne
1333 1051 1447 1120 ipsa
1480 1052 1659 1106 anima
1691 1066 1788 1108 no-

197 1143 313 1190 stra
335 1136 588 1191 dormiat.
608 1135 843 1192 Somnus
859 1138 1051 1192 animae
1063 1146 1146 1193 est
1160 1139 1405 1194 oblivisci
1423 1142 1588 1196 Deum
1603 1157 1780 1197 suum.

195 1226 543 1297 Quaecunque
571 1229 748 1283 anima
776 1229 942 1284 oblita
965 1230 1128 1286 fuerit
1147 1231 1315 1287 Deum
1343 1247 1519 1296 suum,
1553 1234 1781 1299 dormit;

196 1319 320 1374 ideo
349 1319 479 1374 dicit
497 1318 786 1390 Apostolus
813 1335 828 1374 :
859 1319 1045 1390 Surge,
1078 1321 1168 1391 qui
1187 1322 1405 1387 dormis,
1437 1332 1486 1375 et
1517 1321 1784 1378 illumina-

194 1410 267 1464 bit
293 1420 343 1465 te
363 1409 602 1465 Christus
630 1411 790 1482 (Eph.
824 1410 899 1483 v).
927 1412 1224 1468 Monachus
1249 1423 1429 1468 autem
1471 1416 1780 1471 somnolen-

195 1508 286 1554 tus
313 1500 368 1554 in
389 1499 644 1570 operibus
669 1502 782 1556 suis
809 1502 990 1556 mollis
1015 1511 1121 1568 est,
1151 1503 1364 1572 tepidus
1385 1512 1441 1558 et
1466 1505 1778 1562 dissolutus.

194 1591 272 1647 De
296 1605 408 1662 quo
431 1591 692 1661 scriptum
727 1601 807 1647 est
840 1610 852 1646 :
883 1591 988 1658 Qui
1012 1593 1187 1647 mollis
1225 1603 1272 1648 et
1307 1593 1595 1650 dissolutus
1623 1607 1700 1652 est
1726 1599 1782 1652 in

190 1697 346 1751 opere
363 1697 480 1747 suo,
505 1681 673 1750 frater
690 1691 765 1736 est
778 1699 874 1736 sua
889 1699 1047 1754 opera
1061 1683 1366 1753 dlssipantis
1389 1685 1570 1756 (Prov.
1597 1687 1776 1758 xvm).

1892 519 2048 560 versa
2081 509 2269 563 metuit
2293 512 2529 579 operari,
2567 513 2800 569 maxima
2828 517 3214 584 prmtermittit.
3262 519 3339 575 De
3362 536 3472 590 quo

1891 595 2029 650 bene
2053 599 2339 654 subditur:
2375 601 2695 658 Mendicabit
2729 615 2931 673 testate,
2959 618 3008 662 et
3038 625 3142 666 non
3164 610 3377 668 dabitur
3418 610 3471 668 ei

1891 687 2102 760 (Ibid.).
2154 688 2290 756 Quia
2319 695 2616 749 monachus
2644 696 2738 764 qui
2766 713 2909 753 nunc
2939 699 2993 752 in
3016 699 3173 757 bonis
3210 702 3469 773 operibus

1888 793 1995 832 non
2023 779 2256 846 laborat,
2287 781 2342 835 in
2389 781 2572 838 futuro
2606 787 2806 842 saeculo
2844 789 2978 842 nihil
3002 792 3278 862 accipiens
3310 796 3464 865 quasi

1887 879 2076 926 estate
2120 874 2411 928 mendicat.
2467 875 2606 932 Hinc
2652 879 2915 949 scriptum
2961 890 3044 937 est
3077 898 3092 936 :
3125 883 3234 939 Per
3275 904 3464 958 agrum

1885 958 2112 1012 hominis
2150 961 2286 1030 pigri
2316 965 2556 1029 transivi,
2595 975 2644 1020 et
2681 983 2798 1021 ecce
2817 976 2983 1024 totum
3029 972 3346 1043 repleverant
3373 994 3464 1032 ure

1885 1048 2029 1139 ticw,
2069 1055 2174 1139 etc.
2209 1047 2390 1120 (Prov.
2437 1053 2608 1124 xxiv).
2655 1056 2793 1124 Quid
2844 1068 2928 1118 est
2960 1077 3057 1132 per
3099 1079 3287 1136 agrum
3323 1069 3462 1139 pigri

1886 1135 2122 1191 hominis
2157 1139 2410 1206 transire,
2461 1142 2564 1196 nisi
2608 1144 2893 1213 cujuslibet
2937 1151 3102 1206 vitam
3142 1135 3464 1226 negligentis

1883 1229 2134 1282 monachi
2172 1229 2441 1300 inspicere
2465 1241 2519 1287 et
2553 1233 2669 1303 eius
2701 1251 2866 1306 opera
2892 1242 3262 1308 considerare;
3297 1263 3462 1317 quam

1882 1319 2072 1374 urtica:
2096 1321 2178 1375 vel
2202 1323 2370 1391 spina:
2403 1325 2627 1393 replent,
2657 1329 2786 1397 quia
2813 1329 2868 1384 in
2897 1335 3059 1388 corde
3075 1336 3461 1407 negligentium

1882 1409 2274 1464 monachorum
2322 1420 2538 1470 terrena
2575 1416 2846 1475 desideria
2902 1431 2960 1478 et
3013 1431 3461 1498 compunctiones

1881 1498 2146 1563 pullulant
2163 1501 2442 1558 vitiorum.

1949 1589 2040 1684 βο.
2084 1590 2208 1647 Non
2253 1610 2642 1653 murmurosum
2691 1599 2744 1673 (Ι
2769 1602 2892 1657 Cor.
2936 1620 2997 1672 ι,
3042 1607 3187 1665 Phil.
3221 1609 3305 1684 ιι).
3353 1614 3462 1672 Aut

1879 1679 2024 1734 enim
2053 1693 2353 1739 murmurat
2395 1691 2694 1746 monachus
2737 1702 2928 1748 contra
2969 1696 3183 1754 Domini
3229 1679 3458 1773 ﬂagella,

191 1771 529 1828 Eoontrario
551 1773 618 1827 de
652 1771 779 1828 forti
799 1774 1050 1842 operario
1074 1774 1334 1843 scriptum
1362 1784 1447 1829 est
1471 1793 1492 1827 ':
1523 1774 1626 1840 Qui
1657 1793 1776 1846 ορσ.
1803 1767 1852 1826 Β
1877 1778 1969 1824 aut
1998 1781 2185 1828 contra
2216 1775 2317 1830 sibi
2345 1791 2375 1830 a
2413 1779 2719 1838 senioribus
2744 1784 3051 1854 impositam
3095 1767 3454 1864 disciplinam,

190 1872 344 1916 ratur
381 1871 576 1916 terram
619 1879 793 1928 suam,
821 1864 1148 1918 saturabitur
1187 1865 1407 1935 panibus
1435 1863 1617 1937 (Prov.
1651 1868 1773 1939 xu),

189 1955 245 2010 id
270 1963 378 2020 est,
401 1955 492 2024 qui
516 1955 569 2010 in
594 1955 701 2010 vita
725 1971 823 2012 sua
849 1955 1067 2024 subiicit
1093 1970 1291 2026 corpus
1312 1971 1490 2022 suum,
1517 1967 1572 2012 et
1601 1958 1655 2012 in
1679 1959 1775 2015 Dei

187 2048 508 2104 servitutem
552 2047 768 2119 redigit,
825 2056 886 2103 ut
926 2048 1001 2103 illi
1049 2048 1262 2119 placeat
1294 2050 1568 2119 opcrando
1602 2052 1690 2106 cui
1717 2067 1776 2108 se

187 2140 432 2196 subdidit
458 2141 778 2206 obediendo,
823 2149 946 2210 post
973 2141 1295 2196 solutionem
1331 2141 1576 2212 corporis
1611 2144 1775 2198 satia-

185 2231 356 2296 bitur,
396 2230 682 2300 prmmium
708 2232 1096 2301 sempiternum
1139 2230 1467 2301 accipiendo.
1517 2230 1574 2284 In
1618 2231 1774 2287 bonis

185 2323 330 2377 enim
354 2322 612 2393 operibus
643 2323 940 2380 monachus
972 2323 1130 2380 fortis
1153 2338 1274 2378 esse
1297 2323 1456 2378 debet
1485 2331 1540 2379 et
1561 2324 1770 2390 doctus,

187 2412 445 2467 robustus
469 2421 526 2468 et
548 2413 777 2477 validus,
826 2429 934 2469 non
976 2413 1156 2470 mollis
1185 2423 1241 2469 et
1280 2414 1592 2470 dissolutus.
1635 2415 1773 2473 Hinc

186 2501 423 2558 Isidorus
443 2502 520 2557 ait
551 2520 564 2556 :
597 2502 698 2570 Qui
720 2518 827 2558 non
851 2504 1023 2574 rigida
1045 2503 1346 2560 intentione
1372 2505 1623 2559 monachi
1646 2521 1770 2576 pro-

188 2597 480 2653 fessionem
519 2607 822 2665 sectantur,
853 2607 1058 2669 quanto
1087 2598 1305 2669 superni
1347 2603 1550 2658 amoris
1575 2616 1772 2672 propo-

185 2688 352 2742 situm
382 2689 644 2744 dissolute
685 2696 964 2760 appetunt,
991 2698 1144 2746 tanto
1175 2691 1468 2760 proclivius
1489 2693 1556 2747 ad
1584 2693 1768 2748 mundi

183 2791 428 2834 amorem
455 2778 632 2836 denuo
659 2781 1008 2836 reducuntur.
1041 2781 1176 2836 Nam
1218 2782 1483 2853 professio
1512 2799 1618 2838 non
1642 2798 1768 2852 per-

184 2868 329 2926 fecta
357 2871 639 2942 praesentis
665 2871 791 2926 vita:
819 2872 1014 2942 repetit
1035 2872 1335 2940 desideria;
1363 2874 1417 2928 in
1445 2874 1642 2942 quibus
1665 2874 1766 2928 etsi

183 2961 424 3018 nondum
449 2977 512 3018 se
551 2963 850 3018 monachus
877 2962 1058 3035 alliget
1084 2978 1268 3034 opere,
1297 2963 1411 3034 iam
1437 2973 1617 3020 tamen
1644 2962 1766 3018 alii-

182 3060 277 3122 gat
300 3051 642 3123 cogitationis
670 3065 875 3108 amore.
1041 3085 1084 3128 ,

254 3142 344 3199 38.
370 3115 511 3198 “Non
535 3143 741 3215 pigrum
769 3141 952 3216 (Prov.
983 3115 1154 3212 xxvvt).
1189 3143 1246 3198 ld
1273 3150 1375 3209 est,
1403 3158 1508 3199 non
1531 3145 1766 3211 tardum,
1796 3115 1842 3178 C

183 3233 269 3289 vel
323 3234 549 3300 lentum,
602 3249 711 3290 non
765 3234 1003 3305 tepidum
1041 3233 1126 3288 vel
1177 3234 1526 3290 desidiosum.
1585 3235 1770 3292 Dictus

181 3333 362 3379 autem
388 3326 560 3398 piger,
585 3326 740 3398 quasi
772 3327 997 3398 pedibus
1032 3342 1216 3398 aeger:
1259 3335 1343 3383 est
1383 3328 1527 3383 enim
1579 3327 1784 3384 tardus

183 3417 248 3472 ad
269 3417 642 3473 incedendum.
670 3419 821 3486 Quod
845 3434 1040 3474 nomen
1069 3433 1168 3489 per
1194 3434 1352 3473 usum
1389 3419 1590 3474 transit
1619 3425 1676 3473 et
1699 3417 1768 3474 ad

181 3507 450 3575 animam,
498 3517 558 3564 ut
597 3511 748 3584 pigra
796 3511 1032 3578 dicatur,
1087 3526 1210 3566 cum
1254 3510 1418 3565 fuerit
1473 3511 1764 3567 desidiosa.

180 3596 236 3652 In
262 3595 572 3652 Proverbiis
604 3600 748 3655 enim
777 3601 1037 3670 scriptum
1068 3609 1153 3656 est
1190 3619 1202 3655 :
1227 3601 1446 3655 Desidia
1477 3601 1666 3656 occidit
1694 3603 1770 3673 pi-

179 3705 353 3758 grum,
381 3687 661 3743 noluerunt
697 3691 836 3743 enim
859 3691 1146 3761 quidquam
1167 3709 1355 3747 manus
1399 3693 1514 3763 ejus
1559 3694 1768 3764 operari

178 3774 365 3848 (Prov.
395 3775 530 3848 XXI).
557 3776 690 3832 Item
717 3776 789 3832 ibi
811 3778 1074 3847 scriptum
1097 3788 1180 3832 est
1213 3796 1227 3831 :
1270 3778 1392 3832 Vult
1441 3791 1490 3834 et
1520 3799 1625 3835 non
1657 3783 1767 3836 vult

176 3868 354 3938 piger;
385 3865 564 3919 animo
591 3874 765 3920 autem
791 3867 1119 3938 operantium
1146 3867 1559 3938 impinguabitur
1579 3869 1763 3939 (Prov.

179 3957 320 4029 xm).
371 3956 538 4012 Recte
577 3956 718 4028 pigri
761 3957 1022 4014 vocabulo
1061 3959 1376 4025 denotatur,
1406 3961 1498 4031 qui
1527 3959 1640 4014 vult
1685 3975 1768 4014 re-

180 4061 346 4119 gnare
371 4063 494 4103 cum
518 4046 756 4113 Christo,
801 4056 856 4103 et
880 4063 987 4103 non
1013 4043 1128 4104 vult
1153 4049 1365 4120 operari
1390 4065 1490 4121 pro
1517 4049 1624 4105 illo.
1659 4048 1763 4105 De-

184 4137 385 4192 lectant
413 4136 635 4208 praemia
661 4146 884 4202 aeterna,
917 4143 973 4192 et
1025 4136 1221 4208 refugit
1261 4136 1534 4194 laboriosa
1578 4152 1761 4207 opera.

184 4226 310 4282 Vult
331 4227 532 4282 habere
557 4227 727 4283 otium
757 4227 1075 4296 temporale,
1106 4235 1162 4282 et
1191 4235 1450 4282 aeternam
1479 4228 1592 4282 vult
1620 4229 1766 4284 acci-

187 4334 313 4375 vere
344 4319 664 4375 mercedem.
696 4320 890 4374 Anima
932 4328 1113 4374 autem
1144 4320 1485 4389 operantium
1514 4336 1613 4391 pro
1662 4321 1766 4376 Do-

200 4413 330 4468 nino
381 4420 585 4467 teterno
630 4410 1050 4482 impinguabitur
1077 4409 1391 4465 muneribus
1421 4412 1762 4482 sempiternis

202 4521 238 4560 n
258 4518 443 4575 regno.
471 4502 573 4570 Qui
598 4504 742 4558 enim
769 4503 856 4558 hic
881 4501 986 4571 piis
1010 4517 1108 4572 pro
1137 4501 1364 4557 Domino
1396 4502 1650 4558 insudant
1686 4504 1762 4558 Ia-

184 4597 420 4662 boribus,
481 4595 686 4652 caelesti
735 4603 953 4665 accepta
1007 4592 1300 4649 refectione
1351 4595 1673 4665 gaudebunt,
1709 4605 1767 4652 et

186 4690 332 4743 illam
359 4687 769 4744 desiderabilem
801 4702 990 4741 vocem
1011 4685 1221 4740 Domini
1248 4686 1469 4741 audient
1495 4686 1759 4743 dicentis:

197 4778 372 4834 Venite
395 4777 462 4832 ad
483 4792 584 4843 me,
616 4793 792 4831 omnes
820 4776 909 4846 qui
932 4774 1184 4830 laboratis
1216 4783 1263 4830 et
1295 4775 1497 4829 onerati
1534 4778 1678 4843 estis,
1713 4786 1764 4832 et

185 4891 275 4944 ego
293 4872 523 4942 reﬁciam
550 4888 635 4926 vos
663 4871 877 4943 (Matth.
903 4870 1001 4942 χι).
1027 4869 1159 4926 Item
1176 4869 1438 4940 scriptum
1455 4877 1539 4924 est
1563 4886 1575 4922 :
1592 4867 1660 4922 In
1683 4868 1764 4922 la-

185 4964 302 5034 pide
324 4962 461 5016 luteo
484 4961 745 5033 lapidatus
766 4971 840 5015 est
860 4961 1026 5032 piger,
1045 4970 1094 5016 et
1115 4977 1291 5016 omnes
1317 4959 1593 5032 loquentur
1611 4976 1767 5031 super

187 5055 601 5125 aspernationem
630 5052 772 5107 illius
799 5051 990 5124 (Eccli.
1030 5052 1189 5123 χχιι).
1219 5050 1353 5105 Item
1383 5050 1456 5105 ibi
1487 5069 1499 5105 :
1536 5050 1764 5121 Pigredo

185 5145 418 5201 immittit
465 5158 700 5215 saporem
742 5140 926 5216 (Prov.
973 5144 1114 5212 xxx).
1162 5141 1322 5211 Piger
1369 5140 1514 5196 enim
1564 5141 1766 5196 dicitur

187 5237 360 5294 omnis
389 5236 710 5300 desidiosus,
751 5234 842 5304 qui
875 5240 1020 5289 recte
1046 5231 1328 5288 sentiendo
1371 5230 1526 5300 quasi
1553 5230 1761 5300 vigilat,

189 5327 430 5396 quamvis
455 5325 588 5381 nihil
623 5325 898 5396 operando
927 5332 1219 5394 torpescat.
1254 5319 1364 5376 Sed
1409 5320 1634 5390 pigredo
1683 5335 1766 5376 so-

188 5433 370 5490 porem
417 5416 680 5484 immittit,
723 5415 850 5470 dum
889 5424 1037 5469 recte
1089 5413 1330 5469 sentiens
1372 5411 1612 5482 vigiliam
1656 5427 1764 5467 non

190 5511 321 5563 bene
358 5507 634 5577 operando
675 5505 893 5560 amittit.
923 5504 1057 5557 Item
1097 5503 1357 5571 scriptum
1379 5509 1464 5556 est
1495 5518 1507 5554 :
1543 5498 1766 5571 Propter

192 5601 354 5670 frigus
391 5599 538 5670 piger
559 5614 712 5652 arare
743 5596 907 5651 noluit
948 5593 1128 5665 (Prov.
1161 5593 1274 5663 xx).
1323 5590 1550 5661 Propter
1591 5589 1764 5662 frigus

187 5692 384 5762 quippe
413 5691 566 5760 piger
617 5706 723 5746 non
751 5697 891 5756 arat,
942 5688 1070 5743 dum
1121 5685 1341 5743 desidize
1368 5693 1584 5755 torpore
1626 5699 1765 5754 pne-

1786 4455 1840 4514 D

1877 1871 1973 1916 aut
1997 1874 2190 1924 contra
2218 1865 2514 1936 iniunctam
2556 1872 2658 1932 sibi
2686 1889 2715 1928 a
2746 1877 3043 1946 majoribus
3069 1883 3454 1956 obedientiam,

1875 1961 1969 2043 aut
1995 1956 2335 2014 solummodo
2371 1963 2577 2032 proprii
2627 1968 2832 2023 ventris
2857 1970 3111 2041 ingluvie.
3141 1975 3242 2043 Qui
3271 1979 3315 2034 si
3359 1995 3458 2036 au-

1875 2040 2020 2097 ditor
2045 2045 2338 2103 obliviosus
2374 2066 2481 2104 non
2511 2061 2674 2120 esset,
2703 2055 2769 2110 de
2796 2056 2883 2115 his
2915 2040 3182 2120 omnibus:
3208 2070 3454 2125 consola-

1873 2133 2076 2190 tionem
2103 2135 2509 2208 Scripturarum
2537 2144 2794 2214 audisset,
2822 2157 2877 2203 et
2904 2165 3012 2206 non
3035 2168 3446 2216 murmurasset.

1873 2222 2016 2278 Dicit
2038 2225 2180 2280 enim
2208 2225 2489 2299 Scriptura
2515 2246 2530 2285 :
2561 2231 2827 2304 Flagellat
2856 2237 3000 2294 Deus
3039 2258 3242 2298 omnem
3282 2247 3452 2316 ﬁlium

1872 2328 2024 2382 quem
2056 2317 2234 2385 recipit
2280 2317 2436 2385 (Heb.
2471 2322 2592 2392 xu).
2634 2323 2766 2378 Item
2792 2325 2926 2386 dicit
2956 2346 2971 2382 :
3016 2327 3128 2384 Fili
3155 2333 3252 2397 mi,
3297 2335 3458 2392 disci-

1871 2403 2073 2472 plinam
2101 2406 2316 2462 Domini
2355 2427 2418 2464 ne
2462 2413 2706 2483 abjicias,
2733 2417 2858 2488 quia
2885 2421 2976 2489 qui
3014 2420 3186 2492 diligit
3223 2425 3458 2496 discipli-

1871 2512 2018 2588 nam,
2081 2499 2252 2570 diligit
2314 2503 2585 2558 scientiam
2634 2505 3111 2578 (Prov.m;Prov.
3154 2514 3276 2588 xu).
3324 2519 3456 2576 Item

1871 2586 2004 2642 dicit
2035 2607 2047 2641 :
2082 2589 2273 2644 Melior
2302 2603 2376 2646 est
2414 2595 2706 2652 obedientia
2733 2617 2892 2670 quam
2917 2603 3125 2659 victima
3145 2586 3334 2675 (Eccle.
3357 2609 3455 2684 Iv).

1871 2677 2041 2732 Debet
2069 2695 2199 2752 ergo
2229 2686 2529 2742 monachus
2555 2689 2656 2744 has
2683 2705 2874 2747 omnes
2917 2693 3322 2766 Scripturarum
3362 2677 3462 2759 au-

1870 2769 2154 2826 ctoritates
2180 2775 2481 2841 attendere,
2539 2785 2595 2832 et
2631 2779 2706 2834 ita
2756 2781 2875 2836 sine
2915 2789 3345 2845 murmuratione
3373 2791 3458 2846 vi-

1869 2873 2018 2926 vere,
2053 2869 2112 2915 ut
2140 2878 2249 2918 non
2280 2864 2334 2918 in
2380 2871 2825 2926 murmurationis
2870 2873 3117 2930 incurrat
3144 2878 3367 2945 malum,
3402 2890 3460 2937 et

1870 2949 2072 3008 laboris
2101 2953 2182 3007 sui
2209 2955 2399 3024 perdat
2425 2959 2726 3025 praemium.
2758 2959 2898 3016 llinc
2939 2977 3040 3018 nos
3083 2980 3207 3020 cum
3261 2985 3459 3040 magno

1871 3047 2082 3104 terrore
2111 3045 2396 3116 Apostolus
2423 3049 2673 3118 prohibet
2705 3066 3050 3114 murmurare
3096 3054 3321 3114 dicens:
3352 3058 3459 3114 Ne-

1871 3149 1970 3203 que
1991 3140 2461 3206 murmuraveritis,
2495 3143 2632 3197 sicut
2659 3127 2876 3214 quidam
2896 3163 3376 3218 murmuraverunt,
3402 3163 3454 3210 et

1869 3240 1905 3278 a
1934 3227 2256 3297 serpentibus
2300 3231 2567 3300 perierunt
2614 3233 2667 3306 (I
2701 3234 2826 3290 Cor.
2867 3235 2946 3309 ι).
2993 3238 3072 3294 Ac
3119 3241 3165 3295 si
3205 3241 3451 3299 diceret‘:

1869 3312 1937 3368 Et
1961 3316 2228 3372 custodite
2250 3333 2350 3373 vos
2385 3333 2420 3374 a
2461 3324 2909 3380 murmurationis
2936 3325 3110 3393 malo;
3143 3329 3268 3397 quia
3312 3330 3457 3387 sicut

1869 3404 1948 3460 illi
1983 3405 2078 3476 qui
2105 3406 2161 3460 in
2208 3422 2394 3464 eremo
2421 3424 2902 3469 murmuraverunt
2926 3425 3116 3472 contra
3145 3417 3454 3487 Dominum,

1867 3505 1924 3553 et
1950 3499 2223 3555 morsibus
2251 3511 2563 3572 serpentum
2606 3503 2848 3560 dilaniati
2894 3507 3235 3576 interierunt,
3287 3511 3360 3565 ita
3401 3523 3459 3568 et

1867 3603 1966 3644 vos
2009 3604 2040 3644 a
2083 3591 2360 3648 morsibus
2408 3593 2689 3650 dilacerati
2739 3595 3128 3654 daemoniorum
3176 3601 3455 3670 peribitis,

1867 3678 1974 3734 nisi
1998 3694 2096 3735 vos
2125 3697 2156 3736 a
2188 3685 2636 3742 murmurationis
2676 3685 2821 3742 malo
2867 3690 3258 3758 custodieritis.
3318 3691 3456 3748 Hinc

1867 3767 2066 3824 iterum
2097 3772 2360 3842 scriptum
2383 3782 2469 3829 est
2502 3792 2515 3830 :
2551 3774 2824 3832 Custodite
2852 3795 2975 3849 ergo
2995 3796 3082 3834 vos
3106 3798 3140 3834 a
3158 3797 3458 3839 murmura-

1865 3856 2024 3923 tione,
2058 3875 2175 3928 qua
2205 3861 2338 3914 nihil
2359 3863 2569 3932 prodest
2599 3864 2748 3934 (Sap.
2781 3866 2845 3936 ι).
2875 3866 3020 3922 Nihil
3059 3870 3203 3926 enim
3234 3873 3459 3940 prodest

1866 3947 2148 4001 monachis
2197 3947 2397 4017 iniusta
2424 3954 2802 4018 murmuratio,
2833 3956 2958 4024 quia
3007 3956 3076 4012 de
3123 3959 3455 4019 inobedienti

1864 4041 1920 4087 et
1938 4036 2278 4094 contentioso
2307 4040 2550 4109 procedit
2573 4041 2777 4098 animo.
2799 4043 2870 4101 Se
2893 4046 3038 4102 enim
3063 4053 3455 4110 murmurando
3541 4089 3560 4110 ι

1865 4126 2219 4195 condemnat,
2277 4138 2334 4185 et
2382 4131 2532 4186 illum
2583 4133 2848 4192 adversus
2899 4152 3061 4206 quem
3114 4149 3451 4211 murmurat,

1865 4231 1971 4272 non
2000 4221 2274 4276 emendat.
2328 4221 2716 4280 Murmuraudo
2763 4227 2909 4282 enim
2938 4229 3259 4300 magistrum
3300 4233 3453 4290 incu-

1864 4317 1969 4374 sat,
2001 4317 2058 4365 et
2086 4312 2188 4367 sibi
2215 4327 2408 4383 pmnas
2432 4315 2776 4386 multiplicat.
2807 4318 2876 4373 Et
2919 4321 2966 4376 si
2990 4321 3154 4375 etiam
3181 4325 3452 4396 peregerit

1865 4406 2257 4460 murmurando
2285 4419 2420 4474 opus
2448 4405 2770 4475 iniunctum,
2798 4424 2906 4464 non
2934 4411 3040 4466 sibi
3081 4411 3284 4468 laboris
3309 4429 3450 4484 pra:-

1871 4491 2062 4558 mium,
2111 4494 2206 4550 sed
2251 4496 2445 4550 animm
2475 4497 2710 4568 acquirit
2751 4499 3154 4555 detrimentum.
3185 4501 3276 4558 Sic
3301 4505 3449 4560 enim

1871 4581 1927 4636 in
1954 4583 2056 4638 bac
2084 4585 2274 4641 eadem
2317 4587 2458 4642 beati
2489 4588 2761 4646 Benedicti
2789 4593 3050 4662 scriptum
3079 4602 3166 4648 est
3199 4595 3402 4666 Regula
3432 4617 3448 4653 :

1870 4671 2007 4728 Nam
2035 4691 2161 4730 cum
2185 4677 2326 4733 malo
2355 4679 2558 4746 animo,
2585 4681 2781 4750 inquit,
2811 4697 2858 4736 si
2884 4683 3099 4738 obediat
3128 4685 3448 4756 disciplinae,

1869 4774 2054 4822 etnon
2095 4768 2270 4824 solum
2299 4785 2416 4837 ore,
2455 4772 2548 4827 sed
2575 4773 2737 4828 etiam
2769 4774 2824 4828 in
2851 4775 3014 4830 corde
3051 4775 3096 4830 si
3139 4792 3451 4834 murmura-

1869 4861 2028 4927 verit,
2061 4863 2271 4918 etiamsi
2301 4863 2523 4934 impleat
2542 4863 2874 4935 iussionem,
2928 4875 3109 4922 tamen
3154 4867 3268 4938 iam
3296 4885 3454 4930 acce-

1868 4959 2019 5021 ptum
2043 4968 2150 5008 non
2171 4954 2275 5008 erit
2310 4953 2441 5019 Deo,
2465 4955 2557 5024 qui
2579 4969 2676 5010 cor
2703 4955 2821 5024 eius
2850 4958 3072 5027 respicit
3102 4974 3452 5016 murmuran—

1868 5044 1957 5111 tis,
1982 5055 2040 5100 et
2085 5060 2186 5114 pro
2217 5046 2310 5100 tali
2365 5047 2508 5102 tacto
2553 5048 2754 5106 nullam
2795 5052 3148 5121 consequitur
3191 5052 3448 5124 gratiam,

1867 5135 1978 5190 imo
2007 5149 2228 5205 poenam
2265 5139 2756 5194 murmurationum
2781 5140 3034 5206 incurrit,
3082 5142 3130 5197 si
3169 5157 3280 5198 non
3323 5157 3449 5197 cum

1867 5222 2241 5280 satisfactione
2267 5227 2655 5282 emendaverit.

1939 5316 2030 5371 40.
2085 5317 2209 5371 Non
2245 5317 2594 5373 detrectarent
2620 5319 2804 5389 (Prov.
2837 5319 2932 5392 Iv).
2977 5321 3036 5378 Id
3063 5329 3164 5385 est,
3211 5336 3318 5376 non
3347 5320 3447 5376 de-

1870 5407 2214 5474 famatorem,
2246 5409 2696 5479 reprehensorem
2721 5411 2807 5468 vel
2852 5414 3297 5485 vituperatorem.
3345 5411 3449 5467 De-

1869 5501 2091 5556 trahere
2123 5501 2270 5556 enim
2322 5500 2539 5566 dicitur,
2569 5502 2661 5572 qui
2688 5503 2889 5558 bonum
2932 5512 3106 5559 mutat
3132 5503 3187 5558 in
3215 5501 3444 5557 malum.

1869 5590 2004 5646 Nam
2024 5591 2117 5661 qui
2154 5591 2288 5646 dicit
2315 5591 2514 5646 malum
2549 5606 2670 5648 esse
2690 5593 2834 5662 quod
2856 5593 3056 5648 malum
3077 5603 3196 5657 est,
3213 5607 3320 5648 non
3351 5607 3449 5650 att-

1869 5693 1989 5740 ctor
2017 5683 2389 5750 detractionis,
2420 5683 2515 5738 sed
2543 5683 2749 5739 amicus
2772 5683 3033 5739 dicendus
3058 5694 3143 5739 est
3175 5681 3442 5742 veritatis.
