3944 6428
467 311 576 370 775

1750 283 2101 346 SMARAGDI
2137 280 2430 338 ABBA‘l'lS

3621 275 3726 330 776

472 425 530 478 In
553 435 622 476 eo
647 416 794 474 enim
835 412 982 484 quod
1007 410 1240 467 virtutes
1273 403 1425 478 eligit
1450 413 1506 461 et
1530 403 1663 459 vitia
1688 403 1930 464 damnat,
1957 397 2040 452 di-
2071 394 2120 454 A
2143 401 2406 484 prolectat
2431 403 2628 484 ﬁmi"
2656 395 2732 484 εεξ
2779 383 3158 484 (eiul-fmil-
3212 383 3369 484 βίηῧί
3403 399 3488 484 εθ-
3509 386 3728 484 ἀπευξο

471 511 612 566 vina:
659 521 758 578 per
805 504 986 560 omnia
1024 501 1293 557 voluntati
1344 499 1699 566 obtemperat.
1735 493 1855 562 lpse
1898 489 2045 544 enim

472 597 732 655 Dominus
775 594 853 648 ait
891 607 991 664 per
1025 590 1373 647 Psalmistam
1421 585 1590 641 David
1629 597 1646 637 :
1677 579 2046 636 Detrahentem

469 687 708 758 proximo
733 700 828 739 suo
858 684 995 737 hunc
1024 680 1367 753 persequebar
1405 674 1579 747 (Psal.
1625 672 1697 741 c).
1749 671 1807 726 In
1836 676 2046 758 tantum

469 756 600 846 ergo
648 788 757 830 non
808 779 1028 844 oportet
1054 768 1364 826 consentire
1409 759 1736 823 detrahenti,
1771 766 1832 812 ut
1859 756 2045 818 etiam,

471 875 732 939 quantum
762 867 818 920 in
868 865 1028 920 nobis
1079 873 1182 927 est,
1234 857 1633 916 consentiamus
1680 849 1908 906 Domino
1931 887 1946 911 ,
1994 851 2050 900 et

471 974 581 1013 una
630 971 756 1012 cum
813 955 908 1009 illo
959 951 1193 1024 proximi
1239 959 1630 1019 persequamur
1661 940 2048 997 detractorem,

473 1047 817 1119 providentes
845 1045 901 1099 in
925 1053 1156 1112 utroque
1173 1039 1484 1101 utilitatem,
1506 1041 1748 1089 nostram
1800 1027 2052 1084 videlicet

473 1148 532 1195 et
558 1139 703 1193 illius
727 1136 820 1207 qui
845 1134 1101 1197 detrahit,
1133 1138 1193 1184 ut
1219 1143 1321 1183 nec
1343 1142 1441 1181 nos
1482 1125 1716 1178 libenter
1740 1119 2050 1180 audiamus.

474 1245 577 1286 nec
608 1229 756 1284 illum
793 1237 1021 1295 peccare
1060 1222 1321 1275 laxemus.
1373 1216 1544 1286 Maius
1579 1213 1725 1268 enim
1768 1216 2053 1280 peccatum

475 1328 579 1384 est,
601 1320 648 1375 si
693 1316 808 1371 ﬁeri
835 1321 1034 1386 potest,
1065 1312 1374 1374 detrahere,
1422 1322 1587 1376 quam
1627 1303 1906 1359 fornicari.
1951 1299 2054 1367 Qui

472 1409 618 1465 enim
644 1406 962 1468 fornicatur,
989 1417 1048 1458 se
1077 1408 1286 1456 tantum
1326 1398 1544 1454 occidit.
1578 1395 1680 1463 Qui
1713 1409 1843 1448 vero
1870 1395 2054 1448 detra-

477 1498 588 1564 hit,
626 1509 682 1553 ει
728 1512 788 1552 se
824 1504 880 1550 et
915 1492 1340 1550 consentientem
1390 1487 1494 1544 sibi
1535 1486 1591 1540 in
1621 1485 1813 1540 mortis
1841 1483 2056 1537 foveam

475 1589 692 1658 mergit.
723 1586 861 1640 Hinc
891 1585 946 1639 in
995 1581 1305 1639 Proverbiis
1333 1579 1594 1648 scriptum
1616 1584 1702 1631 est
1730 1593 1744 1629 :
1778 1575 1997 1630 Remove
2024 1589 2058 1626 a

2145 483 2299 552 quasi
2316 479 2543 550 iustitiae
2563 479 2629 535 de
2662 477 3032 533 misericordia
3059 476 3316 547 postulet,
3367 485 3425 531 et
3457 477 3526 532 de
3568 479 3730 534 venia

2145 590 2254 629 non
2295 573 2566 642 desperet,
2609 570 2736 639 quia
2771 569 3034 638 scriptum
3059 577 3184 623 est:
3220 567 3505 637 Sperantes
3554 579 3732 624 autem

2144 666 2201 720 in
2240 665 2465 719 Domino
2513 660 2876 717 misericordia
2923 659 3271 713 circumdabit
3321 657 3493 731 (Psal.
3551 660 3730 731 xxxi).

2147 757 2280 813 Fide
2299 765 2447 812 recta
2479 765 2534 811 et
2572 754 2775 811 sanctis
2800 753 3055 822 operibus
3095 751 3370 807 adhaereat
3392 752 3525 818 Deo,
3561 760 3616 807 et
3659 753 3735 808 di-

2147 855 2236 903 cat
2260 866 2272 901 :
2307 846 2436 917 Spes
2457 863 2572 900 mea
2599 845 2857 898 Dominus
2886 860 2918 895 a
2930 843 3204 912 juventute
3227 859 3342 896 mea
3370 841 3541 914 (Psal.
3572 842 3728 913 axx).

2148 939 2237 1004 Et,
2278 938 2482 992 Memor
2517 944 2636 991 esto
2675 934 2825 988 verbi
2875 934 2950 986 tui
2996 948 3156 987 servo
3183 940 3298 998 tuo,
3349 932 3404 986 in
3449 947 3556 1002 quo
3598 931 3734 991 mihi

2151 1044 2306 1098 spem
2356 1027 2552 1082 dedisti
2593 1045 2606 1080 :
2641 1026 2766 1097 quia
2798 1024 2994 1080 melius
3033 1032 3118 1080 est
3153 1037 3375 1093 sperare
3418 1024 3474 1079 in
3507 1024 3735 1080 Domino

2151 1134 2313 1188 quam
2345 1132 2568 1186 sperare
2597 1117 2651 1172 in
2683 1116 2922 1170 homine.

2222 1211 2312 1264 42.
2342 1210 2548 1264 Bonum
2571 1208 2783 1279 aliquod
2812 1210 2870 1263 in
2891 1226 2945 1264 se
2970 1225 3088 1262 cum
3108 1208 3312 1271 viderit,
3353 1207 3461 1262 Deo
3490 1208 3734 1280 applicet,

2156 1318 2260 1355 non
2289 1300 2388 1354 sibi
2419 1300 2625 1368 (Iacob.
2651 1299 2712 1372 ι).
2759 1299 3029 1369 Quidquid
3075 1300 3220 1355 enim
3267 1300 3395 1356 boni
3439 1304 3737 1357 monachus

2153 1389 2211 1444 in
2240 1404 2301 1444 se
2331 1389 2549 1454 viderit,
2569 1389 2680 1443 Deo
2703 1388 2942 1460 applicet,
2974 1390 3125 1455 dicit,
3151 1389 3204 1446 id
3241 1399 3345 1455 est,
3371 1390 3485 1446 Deo
3516 1392 3737 1458 tribuat,

2159 1480 2271 1536 Deo
2317 1480 2514 1534 exinde
2545 1480 2752 1551 gratias
2787 1486 2936 1550 agat,
2965 1488 3022 1535 et
3045 1495 3152 1535 non
3179 1496 3335 1535 suum
3382 1481 3515 1537 illud
3573 1483 3737 1542 dicat.

2157 1569 2254 1625 sed
2288 1569 2384 1624 Dei
2421 1584 2543 1624 esse
2570 1578 2880 1639 cognoscat.
2912 1568 3108 1625 Omnia
3136 1571 3283 1624 enim
3332 1571 3473 1626 bona
3497 1588 3618 1642 quas
3671 1574 3741 1628 ab

475 1689 528 1734 te
573 1695 630 1732 os
669 1692 908 1748 pravum,
953 1682 1003 1728 et
1034 1671 1363 1727 detrahentia
1404 1669 1545 1722 labia
1573 1668 1677 1722 sint
1721 1663 1963 1738 procula
2011 1671 2060 1717 te
2090 1731 2134 1748 h
2161 1658 2471 1716 hominibus
2497 1660 2786 1725 habentur,
2814 1675 2846 1714 a
2881 1659 2997 1715 solo
3023 1659 3134 1716 Deo
3157 1661 3557 1716 ministrantur.
3600 1663 3744 1718 Deus

477 1731 790 1842 (Ρωυίιν).
829 1731 982 1833 Quod
1037 1763 1245 1820 duobus
1285 1761 1460 1816 modis
1505 1731 1732 1829 intelligi
1771 1763 1974 1827 potest,
2005 1731 2135 1809 id'B
2167 1751 2312 1806 enim
2359 1751 2583 1842 spiritus
2603 1757 2688 1805 est
2718 1769 2731 1804 :
2761 1749 2831 1804 Et
2853 1749 2948 1804 alii
2971 1767 3067 1820 per
3096 1750 3353 1842 Spiritum
3391 1752 3552 1842 datur
3574 1770 3745 1808 sermo

476 1868 584 1925 est,
621 1867 678 1913 et
715 1873 778 1913 os
807 1864 1049 1912 nostrum
1089 1869 1160 1909 ne
1199 1853 1452 1922 loquatur
1483 1849 1686 1918 aliquid
1728 1860 1979 1917 pravum,
2007 1850 2065 1898 et

475 1949 626 2006 labia
660 1955 847 2002 nostra
883 1961 953 2001 ne
983 1943 1272 2001 detrahant
1292 1941 1563 2011 proximo,
1593 1938 1740 1994 omni
1785 1949 2064 1992 servemus

477 2037 744 2094 custodia.
774 2035 838 2090 Et
867 2033 1002 2090 alios
1031 2045 1383 2103 quoscunque
1410 2029 1540 2084 huic
1583 2027 1716 2081 vitio
1767 2024 2063 2080 viderimus

479 2128 710 2192 deditos,
740 2141 849 2182 non
885 2123 1272 2179 consentiendo
1325 2121 1623 2192 proximos,
1676 2117 1773 2173 scd
1830 2131 1861 2170 a
1905 2117 2062 2172 nobis

478 2219 670 2290 procul
722 2215 1037 2286 expellendo
1073 2214 1361 2269 faciamus.
1385 2212 1611 2276 alienos,
1639 2225 1709 2265 ne
1742 2209 1958 2276 utrique
2006 2207 2062 2262 in

479 2308 834 2367 detractionis
861 2307 991 2360 vitio
1013 2319 1322 2375 pereamus,
1352 2303 1478 2372 quia
1501 2301 1761 2371 scriptum
1781 2308 1870 2359 est
1890 2316 1905 2354 :
1928 2297 2058 2365 Fili,

477 2403 605 2458 time
655 2399 843 2463 Deum,
874 2405 921 2452 et
949 2411 1068 2450 cum
1122 2391 1503 2448 detractoribus
1549 2407 1612 2445 ne
1653 2389 2056 2455 commiscearis,

476 2507 728 2564 quamam
755 2497 960 2559 repente
983 2486 1248 2555 consurgit
1352 2480 1574 2544 perditio
1622 2498 1800 2535 eorum
1829 2489 1878 2534 et
1905 2481 2060 2534 ruina

481 2583 750 2652 utriusque
779 2577 964 2650 (Prov.
991 2575 1164 2646 xxxv),
1198 2574 1252 2629 id
1275 2580 1380 2638 est,
1403 2581 1458 2628 et
1477 2571 1592 2640 ejus
1617 2572 1710 2641 qui
1744 2571 1979 2626 detrahit
2007 2578 2062 2625 et

478 2674 597 2744 ejus
619 2673 710 2742 qui
731 2670 1034 2727 detrahenti
1054 2667 1343 2722 consentit.
1378 2664 1650 2734 Scriptum
1679 2673 1763 2719 est
1789 2683 1802 2718 :
1835 2664 1896 2720 Si
1924 2681 2061 2718 mor-

479 2764 605 2818 deat
651 2777 858 2832 serpens
903 2759 959 2814 in
996 2758 1226 2823 silentio,
1274 2755 1404 2810 nihil
1451 2771 1511 2808 eo
1566 2755 1738 2808 minus
1766 2755 1919 2808 habet
1969 2755 2061 2824 qui

479 2856 683 2914 occulte
725 2854 952 2910 detrahit
976 2848 1274 2923 (Eccle.x).
1306 2849 1442 2903 Hinc
1466 2846 1696 2902 Iacobus
1730 2848 1845 2901 ait:
1881 2845 2060 2900 Nolite

478 2945 754 3002 detrahere
779 2942 1126 3001 alterutrum.
1158 2939 1347 3010 fratres
1380 2938 1503 3001 mei,
1531 2937 1654 3007 quia
1688 2938 1780 3006 qui
1831 2937 2057 2991 detrahit

481 3037 658 3109 fratri,
687 3043 778 3090 aut
804 3035 894 3106 qui
910 3033 1118 3103 judicat
1144 3031 1361 3101 fratrem
1401 3045 1576 3094 suum,
1604 3027 1833 3082 detrahit
1862 3027 1964 3098 legi
2006 3036 2057 3083 et
2087 3071 2132 3134 C

472 3129 684 3203 judicat
711 3127 875 3198 legem
900 3126 1109 3199 (Iacob.
1133 3125 1231 3196 1v).

552 3220 642 3274 41.
677 3218 837 3286 Spem
885 3234 1038 3272 suam
1069 3215 1180 3270 Deo
1208 3216 1526 3270 committere
1564 3212 1737 3286 (Psal.
1768 3229 1877 3277 ιιι,
1910 3211 2059 3267 Psal.

481 3308 713 3380 LXXVII).
745 3308 884 3378 Spes
911 3308 1054 3362 enim
1098 3306 1296 3360 dicitur
1317 3305 1583 3360 bonorum
1614 3305 1947 3375 exspectatio
1983 3303 2066 3358 fu-

483 3411 752 3464 turorum,
773 3413 893 3468 quae
911 3396 1168 3466 exprimit
1181 3395 1503 3450 humilitatis
1523 3395 1776 3450 allectum
1794 3402 1848 3449 et
1867 3394 2066 3450 sedulae

483 3489 763 3547 servitutis
791 3488 1130 3556 obsequium.
1166 3485 1303 3556 Spes
1345 3496 1526 3540 autem
1555 3495 1765 3548 vocata,
1807 3486 1952 3555 quod
1995 3485 2066 3540 sit

484 3579 854 3654 progredienti
878 3593 994 3648 pes,
1019 3577 1176 3647 quasi
1195 3583 1280 3630 est
1309 3590 1422 3644 pes.
1457 3575 1612 3630 Unde
1639 3590 1669 3630 e
1692 3575 1967 3630 contrario
1993 3575 2067 3630 di-

452 3710 454 3712 τ
483 3685 576 3733 cta
601 3671 938 3742 desperatio;
967 3671 1120 3724 deest
1145 3668 1291 3723 enim
1314 3667 1387 3722 illi
1417 3666 1793 3739 progrediendi
1817 3666 2062 3733 facultas,

485 3765 636 3835 quia,
662 3762 789 3818 dum
815 3759 1045 3829 quisque
1071 3765 1352 3828 peccatum
1378 3767 1544 3821 amat,
1572 3755 1808 3810 futuram
1840 3755 2066 3826 gloriam

488 3871 596 3911 non
633 3858 932 3922 exspectat.
976 3849 1176 3904 Beatus
1209 3857 1294 3904 est
1323 3849 1464 3903 enim
1502 3848 1593 3902 ille
1620 3849 1710 3918 qui
1739 3864 1887 3917 spem
1911 3864 2064 3903 suam

485 3946 600 4001 Deo
628 3942 934 4006 committit,
957 3950 1012 3996 et
1036 3942 1090 3995 in
1118 3947 1318 4004 aeterna
1337 3938 1592 3994 felicitate
1613 3947 1668 3995 et
1693 3940 1860 4010 gloria
1889 3941 2061 4009 ponit.

485 4039 683 4094 Beatus
713 4043 796 4092 est
813 4034 966 4104 cujus
996 4049 1140 4103 spes,
1176 4042 1237 4088 ut
1265 4033 1318 4086 in
1360 4040 1621 4088 aeternum
1651 4034 1815 4098 vivat,
1869 4034 1922 4087 in
1961 4034 2066 4088 Do-

489 4129 639 4184 mino
663 4127 838 4196 posita
861 4123 1062 4195 iugiter
1102 4130 1431 4192 perseverat.
1470 4123 1605 4178 Hinc
1627 4123 1914 4177 Psalmista
1941 4123 2016 4176 ait
2046 4140 2059 4176 :

489 4219 624 4276 Mihi
652 4227 826 4272 autem
846 4215 1114 4270 adhterere
1148 4213 1254 4267 Deo
1281 4213 1471 4267 bonum
1503 4223 1598 4279 est,
1626 4232 1816 4285 ponere
1856 4217 1913 4268 in
1960 4215 2066 4268 Do-

487 4310 630 4364 mino
657 4323 798 4378 spem
818 4321 988 4360 meam
1019 4302 1194 4376 (Psal.
1221 4303 1409 4372 Lxxn).
1437 4304 1530 4358 llle
1557 4304 1701 4358 enim
1727 4305 1863 4360 bene
1885 4305 2065 4360 adhae-

489 4407 574 4454 ret
601 4399 711 4452 Deo
731 4396 823 4466 qui
858 4410 1007 4466 spem
1042 4408 1196 4450 suam
1237 4395 1390 4464 ponit
1417 4395 1471 4448 in
1503 4393 1610 4457 illo,
1641 4395 1768 4464 quia
1795 4395 1928 4450 nihil
1964 4411 2061 4465 po-
2087 4421 2140 4484 D

487 4496 594 4544 test
635 4502 754 4543 esse
799 4487 1008 4543 beatius
1047 4500 1211 4554 quam
1237 4484 1309 4538 illi
1361 4484 1541 4538 omnia
1585 4485 1924 4539 committere
1966 4485 2058 4553 qui

486 4578 636 4634 novit
654 4576 770 4632 suis
792 4575 1086 4631 cultoribus
1111 4573 1288 4628 futura
1312 4581 1588 4642 praestare.
1614 4572 1756 4628 Hinc
1772 4575 2061 4643 Apostolus

487 4671 605 4726 ait:
641 4668 747 4739 Spe
784 4666 1066 4738 gaudentes
1095 4663 1268 4735 (Rom.
1310 4663 1431 4732 ιιι).
1465 4662 1574 4717 Sed
1600 4663 1690 4718 ille
1735 4665 1954 4719 omnino
1993 4666 2060 4720 de

487 4775 583 4831 spe
611 4759 819 4815 caelesti
843 4757 1003 4812 debet
1030 4755 1286 4825 gaudere,
1313 4754 1440 4822 quia
1469 4753 1763 4808 auxiliante
1808 4754 1918 4809 Deo
1947 4757 2058 4826 jam

420 4831 428 4842 ⁸
489 4864 714 4921 pravum
733 4856 911 4903 cessat
933 4859 1112 4916 agere.
1143 4843 1278 4897 Nam
1307 4844 1397 4912 qui
1421 4843 1621 4897 malum
1647 4859 1809 4915 agere
1836 4861 1943 4901 non
1973 4847 2064 4904 de-

489 4941 708 5001 sistunt,
761 4950 899 4990 vana
947 4949 1043 5004 spe
1087 4932 1294 5002 decepti
1340 4932 1723 5003 indulgentiam
1769 4949 1800 4988 a
1846 4935 1957 4991 Deo
2008 4945 2064 4992 et

489 5033 657 5086 vitam
691 5035 948 5083 aeternam
977 5026 1292 5095 requirunt;
1324 5040 1485 5094 quam
1516 5034 1664 5081 recte
1711 5035 1976 5097 quaerent,
2015 5029 2063 5085 si

491 5120 562 5176 ab
615 5118 828 5173 actione
878 5129 1045 5184 prava
1097 5124 1394 5170 cessarent.
1425 5113 1629 5171 Omnis
1658 5116 1854 5187 quippe
1883 5114 2062 5184 justus

491 5225 642 5281 spem
673 5217 729 5264 et
749 5206 1093 5262 formidinem
1120 5207 1279 5261 debet
1303 5207 1526 5272 habere,
1554 5215 1611 5262 et
1633 5223 1775 5263 nunc
1819 5207 1964 5263 illum
1995 5209 2064 5266 ad

489 5300 742 5374 gaudium
769 5304 1031 5354 aeternum
1078 5311 1201 5367 spes
1225 5296 1456 5367 erigere,
1487 5312 1629 5352 nunc
1648 5297 1807 5352 debet
1834 5299 1902 5353 ad
1949 5297 2061 5352 for-

480 5390 748 5456 midinem
801 5386 1062 5458 gehennae
1119 5395 1298 5442 terror
1349 5386 1619 5442 addicere.
1673 5385 1885 5442 Timeat
1928 5404 2059 5458 ergo

489 5477 786 5534 monachus
838 5475 1124 5530 Dominum
1148 5515 1165 5541 ,
1207 5483 1262 5530 et
1303 5489 1526 5544 sperans
1553 5475 1608 5529 in
1637 5490 1702 5530 eo
1727 5476 1928 5547 jugiter
1960 5477 2061 5530 im-

488 5568 664 5638 ploret
698 5566 990 5632 auxilium,
1045 5567 1172 5636 quia
1218 5565 1479 5634 scriptum
1535 5574 1621 5620 est
1661 5583 1674 5619 :
1729 5565 1831 5630 Qui
1877 5568 2059 5620 timent

491 5656 770 5713 Dominum
816 5663 1154 5724 speraverant
1185 5655 1241 5708 in
1275 5653 1523 5722 Domino,
1551 5655 1766 5724 adjutar
1801 5672 1979 5710 eorum
2008 5665 2057 5710 et

2165 1842 2453 1912 sapientia',
2476 1841 2569 1896 alii
2595 1857 2764 1896 sermo
2783 1842 3034 1906 scientiae,
3055 1841 3150 1894 alii
3178 1857 3369 1912 genera
3417 1841 3744 1913 linguarum,

2167 1931 2263 1986 alii
2305 1931 2664 2001 interpretatio
2697 1947 2996 1986 sermonum
3037 1930 3097 2004 (1
3139 1930 3262 1986 Cor.
3291 1931 3413 2006 xu),
3455 1941 3510 1986 et
3549 1942 3746 1989 cmtera

2165 2024 2252 2080 his
2277 2023 2473 2078 similia
2506 2023 2576 2078 ab
2608 2038 2718 2077 uno
2747 2023 2950 2078 sanctis
2974 2024 3345 2079 conceduntur
3367 2025 3614 2090 Domino,
3659 2026 3746 2080 cui

2158 2115 2362 2186 iugiter
2412 2115 2617 2184 gratias
2650 2129 2812 2186 agere
2839 2115 2999 2170 debet
3049 2116 3227 2172 cumis
3274 2117 3455 2171 homo.
3497 2116 3556 2171 Si
3595 2117 3742 2172 enim

2163 2208 2346 2263 omnia
2393 2209 2533 2262 bona
2580 2223 2613 2262 a
2650 2206 2878 2262 Domino
2923 2207 3251 2278 accepimus,
3303 2223 3408 2263 non
3445 2209 3618 2274 nobis,
3652 2208 3745 2264 sed

2165 2298 2239 2353 illi
2275 2299 2340 2352 de
2367 2297 2620 2353 omnibus
2669 2299 2874 2368 gratias
2900 2313 3060 2369 agere
3089 2299 3366 2354 debemus.
3419 2298 3559 2366 Quid
3598 2299 3745 2353 enim

2164 2390 2351 2455 habes,
2385 2405 2420 2444 ο
2440 2390 2623 2454 homo,
2655 2389 2734 2443 ait
2763 2388 3076 2459 Apostolus,
3124 2389 3266 2459 quod
3295 2405 3403 2444 non
3431 2390 3745 2459 acceperis?

2164 2486 2353 2541 Melius
2391 2500 2554 2556 ergo,
2610 2485 2703 2554 qui
2732 2485 3016 2556 gloriatur,
3048 2484 3102 2537 in
3149 2483 3394 2548 Domino,
3426 2499 3533 2538 non
3582 2483 3634 2536 in
3687 2499 3746 2540 se

2162 2577 2441 2648 glorietur,
2487 2575 2628 2630 sicut
2678 2577 2935 2645 scriptum
2983 2582 3104 2630 est:
3135 2572 3244 2627 Fili
3303 2573 3398 2639 mi,
3455 2573 3510 2627 in
3561 2575 3742 2629 timore

2164 2667 2377 2722 Domini
2391 2666 2458 2720 sit
2483 2663 2727 2736 gloriatio
2751 2674 2842 2718 tua
2858 2663 3048 2735 (Eccli.
3092 2679 3128 2734 I,
3168 2676 3223 2722 et
3283 2663 3535 2734 lx).Cum
3563 2672 3742 2718 autem

2165 2759 2394 2815 dixisset
2427 2775 2440 2810 :
2476 2756 2600 2812 Scio
2629 2765 2676 2810 et
2712 2755 3001 2821 humiliari,
3034 2764 3081 2808 et
3109 2754 3400 2818 abundare,
3442 2765 3488 2806 et
3537 2755 3741 2819 satiari,

2165 2862 2215 2907 et
2235 2851 2453 2914 esurire,
2479 2859 2526 2903 et
2549 2848 2822 2919 penuriam
2846 2848 2955 2918 pati
2985 2845 3152 2918 (Phil.
3183 2845 3278 2913 Iv),
3321 2845 3528 2900 addidit
3553 2863 3566 2899 :
3613 2844 3744 2898 0m-

2165 2942 2254 2996 nia
2279 2957 2490 3011 possum
2507 2940 2560 2994 in
2585 2956 2643 2993 eo
2670 2940 2758 3010 qui
2783 2955 2864 2992 me
2885 2938 3198 3007 confortavit
3230 2935 3440 3009 (lbid.).
3459 2937 3572 2992 Sibi
3602 2938 3745 2993 enim

2163 3031 2295 3088 nihil
2337 3031 2554 3096 tribuit,
2614 3030 2740 3100 quia
2782 3044 2942 3084 omne
2976 3044 3034 3083 se
3069 3044 3228 3098 posse
3255 3045 3363 3084 non
3391 3029 3443 3083 in
3475 3031 3587 3085 suis
3616 3032 3747 3084 viri-

2163 3125 2286 3189 bus,
2311 3127 2405 3180 sed
2432 3124 2486 3178 in
2525 3122 2617 3178 illo
2643 3122 2734 3192 qui
2757 3137 2880 3176 eum
2917 3119 3280 3186 confortabat,
3326 3136 3446 3176 esse
3470 3122 3742 3192 cognovit.

2163 3217 2233 3271 Et
2254 3217 2309 3272 in
2339 3216 2445 3272 alio
2470 3214 2587 3270 loco
2609 3229 2732 3269 cum
2771 3213 2976 3268 diceret
3003 3229 3016 3267 :
3050 3211 3182 3267 Plus
3206 3214 3445 3268 omnibus
3487 3213 3744 3280 laboravi,

2164 3317 2224 3362 ut
2248 3323 2353 3362 non
2385 3305 2514 3361 illud
2563 3306 2662 3361 sibi
2690 3305 3001 3374 applicaret,
3032 3305 3125 3360 sed
3152 3307 3282 3372 Deo,
3331 3304 3536 3360 addidit
3567 3324 3581 3360 :
3621 3304 3748 3361 Non

2165 3415 2279 3469 ego,
2312 3399 2403 3452 sed
2443 3398 2614 3468 gratia
2661 3396 2757 3451 Dei
2787 3413 2988 3450 mecum
3017 3395 3067 3468 (Ι
3111 3395 3233 3452 Cor.
3281 3399 3398 3468 xv).
3437 3397 3548 3452 Deo
3602 3399 3750 3451 enim

2166 3489 2428 3543 debemus
2474 3486 2617 3556 quod
2659 3500 2867 3551 sumus,
2925 3485 3068 3554 quod
3092 3485 3344 3551 vivimus,
3371 3486 3514 3556 quod
3544 3485 3748 3540 intelli-

2166 3578 2364 3648 gimus,
2408 3578 2550 3647 quod
2597 3576 2847 3631 homines
2889 3591 3094 3642 sumus,
3131 3577 3281 3647 quod
3326 3577 3466 3633 bene
3501 3585 3557 3632 et
3601 3577 3750 3647 juste

2165 3669 2422 3732 viximus,
2449 3667 2594 3736 quod
2634 3675 2781 3722 recte
2815 3675 2871 3722 et
2918 3667 3184 3722 catholice
3215 3667 3582 3739 intelligimus,
3639 3670 3750 3725 Deo

2167 3775 2263 3830 per
2303 3760 2484 3815 omnia
2508 3759 2783 3815 debemus.
2834 3759 3088 3815 Nostrum
3132 3759 3278 3815 enim
3323 3761 3455 3815 nihil
3504 3771 3591 3816 est
3645 3763 3749 3817 nisi

2166 3859 2446 3922 peccatum
2471 3859 2527 3906 et
2567 3851 2770 3905 malum
2813 3851 2956 3920 quod
2978 3852 3190 3922 operati
3244 3868 3448 3908 sumus.
3493 3854 3647 3910 Unde
3693 3863 3750 3910 et

2167 3942 2448 4012 sequitur:
3388 3996 3400 4011 ._

2233 4031 2325 4086 45.
2367 4031 2570 4087 Malum
2604 4048 2726 4086 vero
2751 4048 2951 4103 semper
2991 4051 3023 4087 a
3063 4052 3117 4090 se
3157 4020 3354 4105 factum
3384 4037 3545 4102 sciat,
3576 4047 3624 4092 et
3649 4037 3748 4093 sibi

2168 4134 2365 4195 reputet
2390 4124 2564 4197 (Oscae
2585 4126 2728 4193 xm).
2753 4125 3023 4196 Quidquid
3049 4143 3178 4198 ergo
3201 4128 3255 4182 in
3289 4143 3345 4183 se
3376 4129 3576 4184 malum
3600 4131 3746 4184 inve—

2167 4216 2310 4269 nerit
2350 4215 2645 4270 monachus
2690 4214 2914 4282 factum,
2945 4232 2974 4270 a
3004 4231 3063 4271 se
3106 4217 3236 4272 illud
3266 4219 3533 4274 veraciter
3561 4221 3746 4274 credat

2167 4306 2462 4369 inventum,
2495 4315 2587 4360 aut
2613 4322 2645 4360 a
2665 4306 2880 4361 diabolo
2910 4306 3246 4377 instigatum,
3276 4324 3381 4362 non
3407 4325 3438 4362 a
3463 4310 3573 4365 Deo
3594 4325 3746 4365 crea-

2167 4403 2280 4450 tum
2315 4414 2328 4449 :
2363 4397 2487 4465 quia
2533 4396 2674 4451 Deus
2712 4396 2911 4450 malum
2951 4411 3058 4449 non
3106 4396 3254 4462 fecit,
3301 4412 3402 4452 nec
3435 4398 3636 4455 laetatur
3686 4400 3742 4456 in

2165 4486 2467 4554 perditione
2515 4485 2777 4539 vivorum.
2835 4485 3116 4552 Diabolus,
3169 4502 3293 4541 eum
3341 4498 3484 4542 esset
3521 4489 3745 4560 angelus

2166 4575 2362 4639 bonus,
2394 4573 2750 4642 superbiendo
2777 4573 2952 4629 factus
2985 4583 3070 4630 est
3112 4577 3306 4643 malus,
3350 4585 3404 4632 et
3445 4579 3741 4647 hominem,

2166 4663 2258 4732 qui
2299 4663 2618 4717 naturaliter
2662 4672 2782 4718 erat
2832 4655 3009 4718 factus
3049 4665 3242 4732 bonus,
3280 4667 3594 4737 decipiendo
3615 4673 3744 4727 fecit

2167 4754 2317 4809 illum
2365 4754 2568 4808 malum
2597 4764 2759 4825 atque
2801 4758 3122 4825 superbum;
3151 4765 3206 4811 et
3235 4758 3313 4812 sic
3349 4774 3508 4813 omne
3536 4762 3743 4829 peccati

2166 4842 2368 4896 malum
2397 4858 2495 4912 per
2519 4843 2731 4912 culpam
2764 4844 2922 4913 primi
2951 4845 3184 4900 hominis
3210 4847 3452 4902 introivit
3481 4849 3533 4903 in
3570 4865 3739 4920 genus

2167 4933 2480 4988 humanum.
2507 4932 2660 4999 Quod
2687 4933 2848 4988 etiam
2871 4949 2968 5003 per
2990 4935 3206 5004 longum
3228 4951 3384 4992 usum
3411 4941 3565 5007 quasi
3590 4951 3745 4996 natu—

2168 5023 2356 5078 raliter
2393 5032 2544 5078 tenet
2571 5031 2626 5078 et
2671 5035 2961 5094 operatur;
3006 5033 3062 5079 et
3103 5035 3162 5080 ut
3205 5026 3292 5082 lex
3336 5030 3618 5095 naturalis,
3662 5033 3742 5086 sic

2167 5122 2449 5186 peccatum
2494 5115 2549 5170 in
2584 5117 2842 5171 membris
2872 5126 3063 5186 regnat
3090 5117 3366 5185 humanis,
3399 5127 3454 5174 ct
3480 5129 3742 5190 repugnat

2168 5207 2271 5278 legi
2309 5208 2506 5261 mentis
2551 5216 2608 5262 et
2651 5209 2900 5263 omnibus
2925 5210 3215 5265 virtutibus
3248 5212 3468 5267 sanctis.
3503 5212 3656 5267 Unde
3685 5221 3741 5267 et

2163 5299 2455 5370 Apostolus
2479 5299 2557 5352 ait
2589 5317 2601 5351 :
2640 5296 2798 5352 Video
2828 5309 3002 5354 autem
3031 5301 3191 5356 aliam
3219 5303 3380 5373 legem
3409 5305 3464 5359 in
3495 5305 3740 5360 membris

2165 5390 2292 5444 meis
2337 5397 2704 5458 repugnantem
2745 5387 2843 5457 legi
2874 5391 3060 5444 mentis
3091 5409 3239 5459 mete,
3281 5403 3331 5446 et
3364 5397 3622 5464 captivum
3657 5413 3738 5450 me

2163 5481 2435 5534 ducentem
2474 5479 2528 5532 in
2577 5477 2685 5548 lege
2729 5481 2943 5548 peccati,
2980 5498 3098 5551 qua:
3130 5493 3206 5537 est
3249 5485 3304 5537 in
3341 5486 3583 5540 membris
3608 5489 3736 5542 meis

2165 5568 2339 5640 (Rom.
2367 5567 2486 5640 vn).
2518 5567 2817 5638 Cognoscat
2853 5585 2982 5642 ergo
3023 5575 3317 5630 monachus
3357 5593 3386 5629 a
3429 5592 3489 5632 se
3534 5577 3735 5632 factum

2165 5659 2364 5714 malum
2413 5669 2476 5733 et.
2515 5673 2674 5714 omne
2719 5671 3021 5730 peccatum,
3058 5673 3114 5720 et
3154 5665 3254 5721 sibi
3293 5679 3548 5736 reputans
3591 5669 3736 5725 dicat
