3944 6432
240 299 342 355 777

1271 291 1624 349 COMMENT.
1667 290 1734 348 IN
1771 291 1933 347 BEG.
1977 290 2035 350 S.
2074 291 2450 354 BENEDICTI.

3388 297 3488 353 778

241 416 351 469 Deo
382 429 396 466 :
425 408 539 466 Tibi
563 409 662 464 soli
684 409 910 480 peccaui,
938 418 988 465 et
1009 407 1202 463 malum
1226 425 1400 463 coram
1420 417 1468 462 te
1488 408 1585 478 feci
1633 407 1806 480 (Psal.
1835 409 1888 470 Α
1912 413 2102 462 contra
2148 418 2369 476 peccata
2419 407 2677 462 auxilium
2725 423 2830 463 non
2866 405 3168 479 quaesistis?
3211 407 3366 466 [inde
3394 426 3490 466 ne-

243 504 317 569 L).
348 502 618 571 Agnoscat
639 509 694 554 et
712 501 992 569 paeniteat.
1015 509 1069 553 et
1085 498 1393 570 lacrymans
1409 515 1531 554 cum
1555 500 1814 568 propheta

241 594 385 646 dicat
413 610 426 644 τ
451 590 615 644 Plane
643 591 758 644 haec
779 590 1037 659 iniquitas
1053 604 1170 644 mea
1193 597 1297 653 est,
1320 598 1373 643 et
1394 590 1619 658 portabo
1645 589 1811 642 illam.

1917 510 2069 550 eesse
2096 505 2180 552 est
2209 498 2366 552 modo
2398 505 2475 561 ut,
2521 498 2649 552 dum
2687 499 2916 552 vivimus
2941 506 2996 554 et
3031 497 3292 564 valemus,
3319 499 3484 555 decli-

1916 600 2106 640 nemus
2146 601 2177 640 a
2225 587 2364 641 malo
2403 595 2458 642 et
2503 587 2761 644 faciamus
2805 589 3029 654 bonum,
3057 598 3113 643 et
3159 589 3212 644 in
3239 591 3490 646 omnibus

241 685 440 738 lterum
470 683 830 753 ingemiscens
867 697 989 736 cum
1027 682 1194 736 David
1226 682 1367 735 dicat
1395 699 1408 733 :
1441 679 1675 750 Amplius
1699 679 1815 734 lava
1908 675 2112 747 jugiter
2139 679 2257 748 ejus
2299 694 2604 747 quaeramus
2642 679 2988 746 adjutorium,
3020 690 3081 734 ut
3107 682 3164 735 in
3190 684 3349 748 bono,
3379 698 3489 752 quo

240 790 321 826 me
369 773 434 825 ab
483 771 754 840 iniquitate
780 787 919 834 mea,
955 779 1002 824 et
1046 788 1079 823 a
1113 779 1321 840 peccato
1348 785 1459 827 meo
1493 769 1687 822 munda
1712 785 1812 834 me,

239 865 488 935 quoniam
527 862 854 932 iniquitatem
878 877 1045 914 meam
1069 877 1161 930 ego
1186 869 1467 930 cognosco,
1495 869 1543 912 et
1572 859 1815 913 delictum

240 970 411 1006 meum
463 968 641 1005 coram
692 966 772 1002 me
797 959 870 1003 est
917 941 1117 1019 seniper
1149 948 1380 1020 (lbid.).
1411 950 1486 1002 De
1514 948 1660 1002 omni
1689 963 1817 1018 ergo

239 1056 404 1110 opere
431 1055 600 1111 pravo
626 1055 726 1094 nos
765 1053 1040 1103 accusare,
1073 1039 1333 1107 nobisque
1361 1039 1618 1093 debemus
1643 1038 1818 1108 impu-

242 1143 380 1195 tare,
413 1141 468 1186 et
500 1147 566 1186 ex
609 1140 724 1186 toto
765 1130 926 1186 corde
969 1130 1342 1201 paenitentiam
1389 1144 1570 1199 agere.
1609 1129 1816 1183 Bonum

243 1232 426 1278 autem
459 1222 674 1291 aliquod
706 1221 761 1275 in
790 1219 968 1285 nobis,
999 1220 1138 1274 sicut
1161 1234 1322 1288 supra
1346 1219 1550 1273 dictum
1580 1225 1682 1283 est,
1709 1233 1817 1273 non

240 1315 449 1368 viribus
485 1313 688 1368 nostris
717 1327 890 1382 neque
917 1312 1150 1376 meritis,
1173 1313 1268 1366 sed
1297 1311 1370 1366 illi
1398 1311 1698 1366 tribuamus
1723 1309 1816 1380 qui

242 1405 450 1459 habitat
476 1404 532 1461 in
576 1405 749 1468 caelis,
795 1411 848 1457 et
887 1403 952 1458 de
992 1403 1248 1458 thesauro
1282 1417 1380 1457 suo
1406 1403 1632 1456 virtutes
1656 1402 1818 1456 mini-

239 1501 380 1546 strat
413 1492 664 1547 omnibus
710 1491 933 1546 sanctis.
976 1490 1036 1546 In
1067 1489 1283 1545 Christo
1308 1490 1453 1544 enim
1485 1505 1674 1545 omnes
1701 1491 1817 1545 the-

240 1583 386 1636 sauri
412 1581 689 1652 sapientia:
711 1588 767 1635 et
794 1579 1035 1634 scientiae
1062 1580 1158 1633 Dei
1180 1579 1444 1634 reconditi
1468 1577 1701 1650 (Coloss.
1729 1578 1815 1650 ιι),

241 1679 297 1724 et
321 1670 377 1723 in
404 1670 496 1724 illo
526 1672 756 1724 donante
782 1668 1074 1723 secundum
1099 1666 1214 1736 ejus
1235 1667 1610 1737 dispositiones
1629 1681 1818 1722 omnes

1916 765 2199 834 cmpimus,
2231 780 2412 835 opere,
2445 766 2536 820 illo
2562 766 2846 834 adjuvante
2872 783 3275 838 perseveremus
3313 785 3493 840 usque

1917 856 1972 910 in
1997 857 2188 922 ﬁnem;
2214 865 2274 910 ut
2297 858 2352 913 in
2375 858 2462 912 die
2475 855 2665 924 judicii
2688 873 2808 911 cum
2830 858 2984 928 agnis
3009 873 3040 912 a
3063 861 3270 916 dextris
3293 862 3452 930 positi
3467 900 3482 924 ,

1927 943 2127 1010 Venite,
2149 945 2448 1011 audiamus,
2479 946 2730 1000 benedicti
2756 945 2954 1012 Patris,
2981 947 3224 1016 percipite
3249 959 3500 1017 regnum,

1915 1036 2054 1106 quod
2091 1035 2234 1091 vobis
2268 1046 2514 1106 paratum
2550 1044 2627 1090 est
2675 1035 2741 1090 ab
2783 1037 2983 1107 origine
3027 1037 3211 1090 mundi
3259 1036 3484 1108 (Matth.

1920 1126 2075 1198 xxv).
2099 1127 2290 1182 Amen.
2793 1179 2798 1182 .

1917 1261 1920 1266 .
1985 1215 2075 1272 45.
2107 1213 2407 1272 Gebennam
2423 1231 2775 1286 expavescere.
2803 1214 3062 1271 Gelienna
3081 1223 3164 1271 est
3181 1216 3331 1271 locus
3351 1217 3492 1288 ignis

1917 1313 1973 1362 et
1991 1305 2281 1376 sulphuris,
2303 1320 2462 1374 quem
2487 1306 2744 1375 appellari
2772 1315 2966 1376 putant
2988 1321 3020 1360 a
3046 1306 3182 1360 valle
3203 1307 3344 1362 idolo
3363 1323 3494 1362 cond

1916 1405 2130 1451 secreta
2175 1411 2294 1465 quae
2328 1404 2416 1450 est
2445 1394 2600 1463 juxta
2640 1411 2853 1450 murum
2896 1396 3250 1452 Hierusalem.
3278 1397 3356 1452 lbi
3386 1397 3493 1453 He-

1916 1486 2048 1541 braei
2070 1485 2209 1542 ﬁlios
2228 1500 2356 1542 suos
2379 1486 2792 1541 immolaverunt
2813 1485 3165 1542 daemonibus.
3192 1487 3318 1542 Fuit
3344 1489 3491 1542 enim

1917 1575 2071 1630 vallis
2093 1575 2322 1630 ﬁliorum
2351 1575 2596 1638 llennon,
2623 1584 2678 1630 et
2702 1577 2770 1630 ab
2791 1577 2894 1630 hoc
2911 1577 3283 1646 appellabatur
3299 1580 3493 1649 gehen-

1917 1680 2045 1730 non,
2097 1666 2149 1718 in
2197 1680 2304 1734 qua
2351 1665 2519 1718 multa
2562 1666 2786 1734 jacuere
2829 1667 3094 1722 cadavera
3132 1679 3488 1724 mortuorum.

240 1759 415 1813 sancti
447 1759 719 1828 accipiunt
755 1757 1050 1827 portiones.
1089 1757 1156 1811 Et
1196 1757 1316 1810 ideo
1369 1773 1474 1812 non
1523 1758 1698 1811 solum
1751 1758 1818 1812 de
1845 1757 1893 1817 B
1919 1751 2108 1806 Futuri
2139 1767 2268 1823 ergo
2299 1752 2542 1821 supplicii
2566 1753 2738 1818 locus,
2764 1753 2856 1808 ubi
2877 1763 3190 1823 peccatores
3209 1759 3491 1813 eruciandi

241 1852 543 1906 substantia
585 1850 824 1920 pecunia:
848 1864 1008 1919 quam
1033 1849 1356 1919 pauperibus
1383 1863 1686 1919 erogamus,
1720 1847 1816 1902 sed

237 1942 404 1996 etiam
431 1941 496 1995 de
524 1939 734 1996 cunctis
757 1939 914 1993 bonis
943 1938 1200 2006 operibus
1227 1952 1346 2005 quae
1375 1937 1606 2006 agimus,
1630 1944 1686 1990 et
1709 1935 1818 1989 mi-

240 2030 648 2085 nistrationibus
674 2027 859 2100 gratia:
879 2042 1037 2096 quam
1061 2025 1418 2095 percepimus,
1451 2025 1620 2079 Deum
1649 2025 1818 2078 hono-

241 2138 364 2178 rare
392 2129 448 2177 et
483 2122 598 2192 ejus
645 2122 699 2175 in
743 2119 994 2174 omnibus
1045 2127 1100 2173 et
1155 2133 1262 2171 non
1314 2127 1554 2171 nostram
1603 2115 1816 2170 laudem

241 2228 482 2283 quaerere
512 2212 790 2266 debemus.

314 2303 398 2356 ll.
441 2301 589 2354 Diem
612 2299 804 2370 judicii
847 2299 1048 2352 timere.
1092 2294 1384 2351 Timendus
1412 2303 1496 2349 est
1518 2293 1672 2348 valde
1706 2293 1818 2347 dies

235 2393 422 2463 judicii
452 2390 854 2461 peccatoribus,
886 2387 1011 2458 quia
1042 2386 1288 2456 quamvis
1334 2385 1482 2438 mitis
1528 2384 1602 2438 sit
1629 2382 1815 2452 justis,

241 2481 499 2536 terribilis
553 2480 708 2534 valde
762 2486 844 2533 est
905 2477 1280 2546 peccatoribus
1326 2482 1380 2529 et
1432 2474 1668 2544 iniquis,
1724 2474 1816 2544 qui

241 2571 478 2626 audituri
533 2579 659 2625 sunt
686 2569 776 2623 illo
818 2569 946 2623 die:
977 2565 1234 2620 Discedite
1286 2583 1319 2619 a
1369 2581 1468 2628 me,
1531 2562 1812 2629 maledicti,

239 2662 295 2714 in
321 2661 489 2730 ignem
517 2668 790 2724 (sternunt,
816 2658 904 2726 qui
943 2665 1266 2726 prtrparatus
1293 2664 1368 2712 est
1404 2651 1611 2706 diabolo
1640 2662 1688 2706 et
1716 2670 1816 2706 an-

241 2749 367 2819 gelis
397 2749 505 2802 suis
545 2746 760 2817 (Matth.
790 2745 939 2817 xxv).
971 2746 1046 2800 De
1083 2746 1184 2800 hac
1213 2745 1356 2798 enim
1390 2743 1620 2798 terribili
1651 2743 1736 2797 die
1761 2741 1817 2795 in

241 2841 502 2910 propheta
527 2837 804 2908 Sophonia
833 2838 1093 2909 scriptum
1119 2844 1233 2890 est:
1261 2834 1428 2888 Juxta
1464 2843 1537 2887 est
1577 2833 1688 2886 dies
1713 2831 1819 2886 Do;

244 2929 370 2982 mini
395 2945 634 2999 magnus,
658 2927 836 2998 juxta,
870 2937 918 2981 et
939 2926 1086 2981 velox
1114 2925 1288 3006 nimis.
1328 2923 1443 2978 Vox
1470 2923 1577 2979 diei
1604 2923 1818 2977 Domini

241 3037 448 3084 amara,
479 3020 811 3073 tribulabitur
843 3019 1115 3088 ibi‘fortis.
1145 3017 1266 3073 Dies
1291 3017 1408 3082 ine,
1433 3015 1542 3071 dies
1570 3015 1680 3080 illa,
1708 3016 1817 3069 dies

1917 1855 2062 1910 sunt,
2096 1837 2253 1912 hujus
2301 1844 2405 1907 loci
2452 1844 2712 1899 vocabulo
2747 1846 3080 1916 designatur.
3114 1849 3317 1917 Duplex
3344 1851 3490 1906 enim

1917 1935 2292 1988 damnatorum
2322 1949 2479 2003 poena
2509 1943 2594 1988 est
2613 1936 2666 1988 in
2695 1936 2937 2005 gebenna
2957 1975 2972 2002 ,
3004 1954 3234 2007 quorum
3261 1947 3316 1994 et
3338 1956 3494 1996 men-

1916 2033 2000 2080 tes
2038 2025 2147 2078 urit
2173 2024 2410 2090 tristitia,
2444 2033 2498 2078 et
2526 2039 2720 2092 corpus
2749 2024 2982 2080 ﬂamma.
3024 2027 3178 2083 llunc
3211 2031 3354 2085 enim
3381 2038 3495 2086 tam

1916 2114 2212 2170 terribilem
2256 2113 2431 2168 locum
2481 2129 2586 2168 non
2624 2114 2797 2168 solum
2841 2117 3155 2182 monachus,
3188 2120 3286 2174 sed
3317 2122 3498 2176 omnis

1917 2205 2078 2260 debet
2095 2219 2452 2272 expavescere
2472 2203 2827 2259 Christianus.
2851 2204 2981 2262 llluc
3003 2207 3145 2261 enim
3166 2223 3358 2264 omnes
3376 2226 3498 2264 cru-

1917 2295 2094 2350 ciandi
2125 2293 2478 2363 projiciuntur
2501 2293 2759 2359 damnati,
2790 2295 2856 2349 de
2875 2296 3070 2364 quibus
3095 2298 3350 2353 Dominus
3375 2301 3491 2354 ait:

1917 2384 2112 2455 Ligatis
2144 2385 2382 2438 manibus
2415 2393 2461 2438 et
2484 2385 2720 2454 pedibus,
2749 2385 2987 2455 projicite
3026 2386 3144 2441 illos
3169 2389 3224 2441 in
3252 2390 3496 2444 tenebras

1917 2477 2215 2541 exteriores,
2253 2477 2325 2530 ibi
2352 2478 2451 2531 erit
2479 2478 2630 2546 ﬂetus
2655 2486 2702 2531 et
2725 2477 2921 2531 stridor
2949 2478 3180 2533 dentium
3205 2497 3223 2534 :
3255 2481 3341 2534 ubi
3380 2499 3498 2536 ver-

1917 2567 2016 2620 mis
2055 2583 2234 2620 eorum
2272 2583 2376 2620 non
2400 2568 2672 2632 morietur,
2711 2575 2759 2621 et
2795 2567 2927 2637 ignis
2955 2585 3136 2625 eorum
3171 2587 3274 2624 non
3301 2573 3496 2626 exstin-

1917 2664 2104 2726 guetur
2128 2656 2343 2726 (Matth.
2367 2672 2514 2719 xxu;
2542 2656 2710 2710 Marc.
2736 2656 2834 2727 IX).
2861 2659 3222 2728 Expavendus
3244 2671 3331 2716 est
3345 2663 3498 2719 valde

1921 2756 2026 2802 tam
2057 2749 2314 2803 terribilis
2338 2747 2486 2803 locus
2510 2749 2632 2812 istc,
2665 2750 2751 2804 ubi
2776 2758 2858 2805 est
2883 2753 3102 2820 grandis
3128 2762 3181 2808 et
3206 2755 3498 2810 multorum

1918 2837 2096 2904 fletus,
2127 2839 2412 2893 continuus
2439 2840 2702 2910 gemitus,
2735 2842 3008 2896 cruciatus
3054 2850 3310 2909 aeternus,
3345 2846 3504 2900 dolor

1917 2929 2214 2983 acerrimus
2245 2935 2300 2982 et
2343 2927 2572 2996 pmnalis
2621 2943 2830 2983 sensus.
2871 2929 2946 2985 lbi
2980 2931 3172 2987 anima:
3202 2933 3498 3002 impiorum

1917 3027 2254 3089 torquentur,
2304 3034 2404 3074 nec
2448 3014 2733 3086 deﬁciunt;
2774 3037 3001 3090 corpora
3048 3025 3360 3092 puniuntur,
3396 3042 3498 3082 nec

241 3110 592 3164 tribulationis
616 3120 664 3163 et
693 3112 966 3180 angustiis,
999 3109 1108 3162 dies
1137 3107 1453 3162 calamitatis
1491 3117 1538 3162 et
1569 3108 1812 3174 miserim,
1843 3123 1886 3185 ρ
1919 3110 2196 3165 ﬁniuntur.
2248 3110 2390 3181 Ignis
2438 3109 2891 3181 inexstinguibilis
2943 3112 3133 3177 durat,
3171 3122 3230 3168 ut
3283 3131 3500 3185 semper

241 3201 351 3253 dies
380 3201 705 3254 tenebrarum
741 3210 788 3252 et
828 3198 1088 3270 caliginis,
1122 3199 1232 3252 dies
1261 3198 1460 3252 nebulae
1490 3209 1540 3252 et
1569 3199 1815 3265 turbinis,

242 3292 352 3344 dies
377 3293 514 3346 tuba:
541 3303 589 3346 et
613 3293 896 3362 clangoris.
929 3293 1004 3371 lbi
1050 3291 1448 3347 tribulahuntur
1476 3293 1743 3360 homines,
1769 3303 1817 3347 ct

241 3381 582 3436 ambulabunt
630 3390 686 3435 ut
728 3383 875 3447 cwci,
924 3366 1048 3454 quia
1085 3381 1310 3436 Domino
1352 3395 1712 3453 peccaverunt,
1769 3393 1817 3439 et

240 3470 540 3538 stimuletur
562 3472 774 3541 sanguis
809 3487 986 3524 eorum
1016 3472 1149 3525 sicut
1174 3471 1382 3536 humus,
1417 3482 1463 3526 et
1506 3489 1692 3542 corpus
1727 3490 1816 3526 eo-

243 3576 360 3612 rum
388 3562 518 3614 sicut
545 3563 775 3615 stercora
805 3561 992 3633 (Soph.
1026 3563 1088 3632 ι).
1119 3562 1376 3618 Timenda
1405 3573 1489 3619 est
1523 3565 1678 3620 valde
1699 3565 1818 3621 dies

243 3654 330 3707 illa
368 3670 398 3708 a
427 3657 820 3724 peccatoribus,
852 3659 975 3726 quia
1007 3659 1058 3712 in
1085 3669 1324 3730 tempore
1347 3669 1402 3715 et
1429 3662 1483 3715 in
1522 3663 1609 3718 die
1648 3664 1737 3720 illo
1763 3665 1818 3719 in

240 3745 367 3811 igne
393 3744 491 3795 zeli
520 3743 728 3796 Domini
750 3747 1096 3800 devorabitur
1120 3751 1298 3803 omnis
1320 3753 1544 3808 terrain
1567 3769 1820 3810 consum-

239 3831 503 3895 matione,
536 3847 658 3886 cum
703 3832 1044 3889 festinatione
1091 3841 1610 3898 consummationem
1661 3845 1822 3901 faciet

241 3923 506 3976 Dominus
527 3923 735 3977 cunctis
759 3924 1147 3980 habitatoribus
1175 3935 1330 3982 terrae
1355 3929 1407 3983 in
1443 3931 1528 3986 die
1550 3932 1656 3986 illa.
1681 3933 1821 3988 Hinc

243 4025 296 4065 et
330 4011 618 4081 Apostolus
664 4013 739 4066 ait
769 4029 782 4066 :
817 4013 1083 4068 Terribilis
1126 4000 1345 4086 namque
1384 4029 1458 4074 cst
1506 4016 1818 4093 exspectatio

237 4105 452 4173 judicii,
470 4114 516 4157 et
539 4104 673 4174 ignis
702 4104 1122 4179 a'mulatio,quar
1148 4120 1517 4181 consumptum
1539 4121 1613 4167 est
1641 4115 1821 4168 adver-

245 4198 410 4254 sarios
435 4199 488 4250 in
499 4198 706 4268 judicio
727 4197 917 4270 (Hebr.
937 4201 1013 4272 ι).
1029 4199 1278 4274 Cogitare
1296 4204 1474 4268 modo,
1495 4204 1710 4272 fratres,
1729 4207 1820 4262 dc-

247 4286 454 4352 bemus,
481 4287 611 4356 quid
633 4286 811 4342 facere
834 4291 1130 4351 poterimus
1163 4307 1284 4347 cum
1323 4294 1389 4348 ad
1415 4294 1542 4350 illud
1572 4296 1818 4353 ultimum

241 4377 515 4446 jodieandi
545 4378 802 4448 iudicium
845 4383 1167 4438 venerimus.
1202 4383 1340 4452 Quid
1368 4385 1648 4455 faciemus,
1693 4405 1814 4444 cum

1919 3201 2126 3257 animas
2171 3200 2520 3271 reproborum
2548 3209 2756 3266 exurat,
2798 3209 2854 3256 et
2898 3203 2964 3258 ad
3000 3202 3284 3259 dolendum
3320 3209 3497 3278 magis

1919 3306 2080 3362 quam
2114 3291 2182 3346 ad
2217 3291 2500 3346 lucendum
2531 3292 2824 3355 contineat,
2854 3301 2908 3347 et
2936 3294 3177 3348 viventes
3205 3309 3418 3366 semper
3443 3296 3498 3351 in

1920 3381 2033 3457 suis
2064 3379 2295 3435 ﬂammis
2337 3380 2610 3435 vivacibus
2649 3381 2876 3437 occidat.
2917 3382 3116 3439 Omnes
3140 3384 3285 3439 enim
3313 3387 3406 3454 qui
3443 3386 3500 3440 in

1919 3470 2162 3544 gehenna
2201 3469 2451 3523 dicuntur
2502 3470 2698 3535 occidi,
2737 3485 2843 3525 non
2875 3472 2978 3526 hoc
3018 3488 3140 3528 cum
3165 3473 3274 3529 illis
3298 3476 3498 3543 agitur.

1919 3569 1978 3620 ut
2007 3562 2308 3631 consumpti
2332 3561 2605 3616 doloribus
2633 3561 2918 3630 aliquando
2939 3562 3209 3628 deﬁciant,
3234 3565 3331 3620 sed
3355 3573 3419 3620 ut
3441 3565 3500 3621 in

1920 3652 2026 3708 illis
2054 3652 2340 3723 poenaliter
2367 3652 2565 3706 vivant.
2600 3651 2725 3707 Haec
2750 3660 2804 3706 ct
2829 3651 2916 3708 his
2938 3653 3131 3710 similia
3147 3653 3352 3726 jngiter
3371 3665 3502 3710 ante

1919 3746 2108 3800 oculos
2138 3745 2332 3800 mentis
2376 3751 2576 3799 nostra:
2605 3744 2864 3800 debemus
2893 3744 3178 3811 adducere,
3206 3756 3267 3800 et
3304 3747 3502 3816 gehen-

1920 3853 2046 3892 nam
2076 3839 2215 3906 ignis
2244 3837 2432 3892 mterni
2462 3838 2773 3893 terribiliter
2795 3854 3171 3908 expavescere,
3199 3848 3256 3894 et
3276 3841 3502 3911 insuper

1921 3927 2328 3996 diligentissime
2370 3936 2426 3981 et
2472 3931 2672 3998 apertis
2709 3931 2879 3987 oculis
2916 3933 3112 3987 mentis
3143 3935 3502 3992 intentissima

1921 4018 2160 4085 cogitare
2198 4019 2476 4083 debemus,
2509 4020 2666 4089 quale
2696 4020 2895 4077 malum
2933 4023 3010 4078 sit
3051 4024 3126 4079 ab
3172 4025 3263 4078 illo
3305 4027 3502 4095 gaudio

1920 4107 2113 4166 divinrc
2156 4109 2623 4180 contemplationis
2660 4111 2898 4176 excludi,
2923 4120 2981 4168 et
3009 4113 3061 4166 in
3083 4112 3289 4170 inferni
3331 4123 3502 4172 tarta-

1920 4211 2039 4250 rum
2062 4205 2117 4251 et
2143 4198 2400 4268 gehennae
2423 4199 2598 4255 locum
2621 4200 2884 4272 demergi,
2921 4203 3234 4258 beatissima
3257 4205 3497 4268 omnium

1921 4289 2177 4343 societate
2220 4289 2422 4359 privari
2471 4299 2798 4355 sanctorum,
2839 4300 2896 4346 et
2920 4293 3252 4349 daemonibus
3277 4295 3496 4359 sociari,

1921 4374 2036 4429 ﬁeri
2064 4367 2298 4432 caelestis
2326 4377 2516 4444 patria:
2545 4387 2813 4446 extorres,
2837 4388 2893 4434 et
2911 4396 3030 4438 esse
3073 4381 3269 4440 inferni
3292 4383 3499 4440 habita-

245 4470 474 4538 cteperit
505 4469 667 4537 judex
705 4478 917 4526 secreta
962 4473 1139 4530 cordis
1182 4477 1351 4532 nostri
1394 4477 1604 4544 rimari,
1631 4487 1685 4534 et
1711 4497 1817 4535 non

1923 4475 2087 4534 tores,
2133 4470 2272 4526 mori
2315 4471 2437 4526 vita:
2475 4471 2666 4537 beatzc,
2709 4473 2889 4530 vivere
2929 4475 3086 4530 morti
3132 4476 3514 4546 sempiternae-

247 4559 420 4614 solum
445 4569 598 4616 actus
615 4570 831 4617 nostros
855 4571 910 4618 et
936 4564 1119 4630 verba,
1147 4567 1240 4621 sed
1274 4567 1437 4622 etiam
1464 4568 1819 4639 cogitationes

245 4649 562 4704 ostendere?
589 4650 728 4718 Quid
757 4652 1015 4710 faciemus
1040 4655 1140 4710 s’ub
1162 4659 1296 4712 tanti
1310 4657 1510 4727 judicis
1537 4659 1819 4730 majestate

248 4741 443 4811 positi?
471 4740 583 4797 Sub
603 4742 755 4814 cujus
779 4743 1045 4814 fugiemus
1073 4749 1352 4815 auxilium,
1384 4750 1467 4804 vel
1490 4750 1644 4821 cujus
1669 4769 1817 4824 quae-

250 4847 430 4890 remus
455 4835 802 4904 adiutorium,
848 4847 939 4893 aut
973 4841 1100 4909 quid
1133 4845 1497 4900 excusationis
1523 4847 1821 4918 poterimus

247 4925 577 4980 obtendere?
619 4927 734 4994 Qua
771 4944 870 4983 nos
908 4930 1236 4988 defensionis
1273 4944 1389 4991 arte
1422 4939 1821 5008 pugnabimus?

249 5013 379 5080 Quae
405 5030 503 5069 nos
541 5014 868 5094 subventum
896 5029 979 5074 est
1018 5023 1356 5090 ptenitentia,
1389 5041 1552 5095 quam
1581 5042 1739 5097 agere
1766 5028 1820 5082 in

247 5106 353 5160 hac
400 5105 505 5159 vita
549 5109 1009 5178 contempsimus?
1045 5110 1175 5177 Quae
1221 5129 1320 5168 nos
1371 5114 1658 5171 defensura
1695 5127 1823 5172 sunt

245 5209 408 5265 opera
444 5195 605 5258 bona,
634 5209 753 5265 qua:
777 5197 830 5251 in
855 5197 956 5252 bac
981 5214 1146 5254 carne
1168 5216 1274 5256 non
1295 5200 1553 5256 fecimus?
1577 5203 1659 5258 Ad
1685 5221 1820 5274 quos

245 5293 463 5340 sanctos
505 5283 791 5356 fugiemus,
833 5302 1061 5357 quorum
1086 5291 1332 5362 exempla
1368 5292 1526 5347 simul
1557 5300 1613 5348 et
1653 5296 1817 5350 verba

244 5375 617 5446 despeximus?
649 5377 787 5444 Quid
813 5393 943 5450 ergo
976 5382 1283 5450 responsuri
1308 5397 1494 5438 sumus
1514 5399 1637 5438 cum
1662 5383 1818 5440 nobis

245 5467 503 5523 Dominus
547 5470 774 5539 ceperit
819 5470 872 5525 in
919 5471 1125 5540 judicio
1174 5473 1398 5529 dicere:
1437 5473 1493 5529 Si
1543 5475 1815 5546 potuistis,

243 5571 410 5626 amiare
458 5572 564 5612 non
614 5558 811 5612 bonum
844 5561 1054 5629 egistis,
1084 5569 1137 5615 et
1163 5571 1508 5633 peccatorum
1536 5564 1820 5622 desideriis

244 5665 350 5704 non
389 5650 702 5705 restitistis?
729 5649 786 5703 Si
835 5653 965 5704 vero
1002 5667 1106 5707 non
1136 5655 1407 5722 potuistis,
1439 5675 1605 5728 quare
1637 5676 1815 5717 meum

606 5743 875 5802 Pareat.
921 5742 1053 5804 Cll.

1919 4557 1998 4634 lbi
2021 4559 2164 4613 enim
2193 4576 2296 4615 non
2325 4561 2554 4618 sentitur
2581 4563 2725 4632 quod
2747 4563 3036 4633 illuminat,
3063 4567 3296 4623 sentitur
3315 4576 3516 4624 tamen

1921 4651 2064 4719 quod
2093 4651 2320 4716 cruciat,
2367 4659 2421 4708 et
2453 4653 2632 4710 omnia
2679 4669 2802 4724 quae
2830 4654 2902 4708 ibi
2933 4663 3058 4710 sunt
3087 4657 3192 4712 sita
3234 4672 3342 4712 non
3373 4656 3498 4712 luce

1921 4738 2008 4794 vel
2043 4741 2240 4811 gaudio
2282 4740 2505 4808 referta,
2551 4742 2648 4799 sed
2689 4745 2947 4810 tenebris,
2975 4745 3250 4804 doloribus
3275 4756 3330 4806 et.
3361 4764 3522 4806 θωμ-

1922 4830 2153 4887 ciatibus
2181 4842 2310 4890 sunt
2336 4835 2516 4906 plena.

1991 4920 2081 4976 46.
2132 4919 2301 4978 Vitam
2333 4936 2580 4980 a'tcrnam
2608 4927 2747 4988 omni
2793 4929 3210 5000 concupiscentia
3228 4932 3496 5002 spiritali

1921 5010 2220 5070 desiderare
2266 5013 2526 5084 (Pbil.'i).
2574 5016 2733 5074 Omni
2787 5019 3016 5088 spiritali
3059 5023 3494 5091 concupiscentia

1921 5104 2277 5161 desideranda
2314 5116 2398 5162 est
2423 5124 2454 5162 a
2481 5111 2686 5165 sanctis
2724 5113 3006 5170 monachis
3033 5115 3140 5169 vita
3179 5125 3404 5182 aeterna,
3428 5119 3498 5172 ad

1923 5199 2083 5266 quam
2109 5213 2232 5256 cum
2254 5200 2521 5266 venerint.
2560 5201 2726 5258 multa
2746 5211 2800 5258 et
2827 5204 3207 5262 inenarrabilis
3229 5207 3500 5276 accipient

1921 5292 2082 5347 bona.
2113 5293 2187 5348 lbi
2222 5295 2365 5350 enim
2395 5303 2518 5349 sunt
2543 5296 2724 5349 omnia
2747 5295 2836 5350 illa
2852 5296 3198 5366 diligentibus
3221 5299 3386 5354 Mum
3412 5313 3499 5353 re-

1921 5384 2136 5439 condita
2186 5385 2250 5441 de
2297 5386 2492 5453 quibus
2518 5386 2719 5442 Paulus
2750 5389 3024 5456 apostolus
3063 5389 3312 5445 dicebat:
3341 5391 3495 5454 Quod

1922 5472 2105 5526 oculus
2132 5491 2234 5530 non
2271 5476 2420 5540 vidit,
2445 5493 2536 5532 nec
2565 5478 2709 5530 auris
2740 5478 3067 5544 audiuit,uec
3086 5481 3141 5534 in
3162 5496 3253 5532 cor
3271 5479 3494 5538 hominis

1922 5565 2176 5630 ascendit,
2199 5583 2316 5637 qua:
2341 5569 2655 5637 pra’paravit
2691 5568 2828 5622 Deus
2849 5568 3182 5638 diligentibus
3206 5584 3261 5623 se
3290 5568 3342 5640 (Ι
3366 5569 3491 5627 Cor.

1921 5661 2004 5729 ιι).
2046 5656 2361 5714 Desiderare
2387 5659 2529 5714 enim
2569 5659 2764 5715 debent
2809 5659 2972 5714 vitam
3003 5666 3259 5714 :eternam
3308 5674 3494 5718 umna-

2936 5749 3013 5807 25
