3944 6436
312 2923 323 2956 l

387 325 499 381 πθ

1678 302 2036 364 εέῦῒῐὶΑῦυι
2074 301 2367 366 ABBATIS

3563 287 3676 342 ’1θο

394 438 506 502 ubi,
529 433 661 507 quia
704 432 780 487 ibi
831 445 865 485 a
888 429 1040 485 duris
1063 427 1339 483 laboribus
1364 419 1657 483 cessabunt
1682 464 1697 491 ,
1739 432 1795 479 et
1821 431 1980 478 mter-
2012 425 2061 487 Α
2085 436 2258 488 mum,
2286 420 2380 475 ubi
2406 414 2589 489 sponsi
2614 411 2979 473 circumdatus
3005 410 3362 484 amplexibus,
3390 404 3539 468 'vivat
3588 408 3678 470 fe-

396 539 522 579 nam
590 519 957 578 bareditatem
1020 527 1074 572 et
1134 526 1451 587 perpetuam
1504 515 1745 586 requiem
1804 513 1979 585 possi-

395 616 615 671 debunt.
646 611 725 666 ibi
753 608 976 665 calcate
1012 622 1237 679 regnum
1279 616 1335 661 et
1372 607 1666 680 gloriosum
1706 606 1981 663 habebunt

2080 516 2152 571 iis
2186 513 2416 570 feliciter
2442 513 2497 567 in
2521 517 2802 566 aeternum.
2828 507 3022 564 Amen.

2152 606 2241 662 48.
2283 607 2443 659 Actus
2469 605 2587 658 vim
2603 603 2733 657 ἰνιτ
2755 601 2899 655 omni
2921 600 3052 654 hora
3075 597 3339 654 custodire
3364 597 3544 672 (Deut.
3571 596 3676 670 tv).

398 703 701 774 imperium.
754 700 834 757 lbi
862 701 1181 757 societatem
1216 699 1649 770 patriarcharum
1692 707 1750 754 et
1795 697 1984 752 sedulo
2082 696 2176 753 ille
2225 694 2524 751 monachus
2551 700 2704 747 actus
2729 691 2855 746 vita:
2890 704 3004 746 suze
3051 688 3200 743 omni
3231 688 3367 743 hora
3413 688 3553 744 bene
3580 704 3675 744 cu—

397 794 721 851 ebtinebuat
742 791 1075 848 consortium
1102 790 1508 862 prophetarum.
1547 788 1627 844 lbi
1667 787 1983 843 societatem

398 885 643 945 omnium
666 888 983 939 sanctorum
1029 888 1086 935 et
1110 880 1478 951 qualitatem
1532 876 1800 947 accipient
1826 888 1988 947 ange-

401 976 599 1031 lorum.
629 972 709 1028 ibi
732 971 937 1028 mundo
972 972 1141 1027 corde
1166 969 1337 1026 Deum
1363 967 1655 1033 videbunt,
1699 966 1846 1023 etde
1872 976 1990 1021 ser-

329 1088 352 1148 χ
402 1066 489 1121 vis
522 1064 654 1121 facti
682 1064 777 1119 lilii
812 1077 941 1118 eum
982 1061 1202 1118 Christo
1227 1059 1553 1131 regnabant.
1582 1055 1830 1113 Amandn
1857 1064 1990 1126 ergo

404 1166 463 1213 et
481 1156 833 1213 desideranda
861 1162 948 1211 est
979 1170 1011 1209 a
1056 1153 1262 1209 sanctis
1290 1150 1575 1208 monachis
1606 1149 1718 1204 vita
1766 1156 1990 1213 aeterna,

2085 786 2271 851 stodit,
2304 785 2396 856 qui
2429 799 2488 840 se
2517 799 2548 838 a
2577 790 2800 854 peccato
2844 778 3222 853 cogitationis,
3283 780 3570 837 locutionis
3623 788 3687 835 et

2087 879 2338 943 actionis,
2366 885 2627 948 quantum
2655 875 2815 941 valet,
2846 878 3135 929 conservat
3171 873 3487 929 immunem.
3532 872 3687 940 Quo-

2087 968 2222 1026 tidie
2255 968 2399 1024 enim
2424 974 2577 1021 actus
2606 980 2733 1021 suos
2761 962 3042 1037 vigilantet
3075 972 3132 1020 et
3150 964 3366 1020 curiose
3393 964 3551 1019 debet
3578 960 3692 1018 dis—

2088 1065 2277 1117 cutere
2301 1056 2620 1120 monachus,
2651 1062 2707 1110 et
2726 1054 2771 1110 sl
2814 1054 3023 1125 peccati
3074 1068 3135 1110 se
3162 1053 3456 1110 obnoxium
3505 1052 3560 1107 in
3588 1053 3691 1107 ali—

2090 1164 2201 1222 quo
2224 1148 2418 1205 horum
2440 1146 2698 1211 senserit,
2726 1152 2852 1200 ante
2873 1145 3003 1200 solis
3030 1159 3286 1200 occasum
3316 1186 3333 1211 ,
3386 1153 3441 1201 et
3469 1144 3514 1199 si
3566 1144 3689 1198 ﬁeri

409 1262 518 1317 qua
559 1246 636 1302 ibi
670 1245 947 1301 invenient
988 1242 1138 1298 illam
1186 1242 1527 1299 dulcedinem
1565 1240 1889 1314 repositam,
1926 1240 1995 1294 de
2091 1248 2309 1318 potest,
2365 1247 2653 1309 antequam
2705 1234 2995 1302 comedat,
3049 1236 3285 1292 dormiat
3337 1243 3433 1290 aut
3484 1230 3691 1305 aliquid

409 1350 519 1405 qua
549 1332 719 1389 David
750 1333 1015 1404 propheta
1064 1330 1282 1387 diccbat
1304 1347 1321 1385 :
1345 1329 1534 1402 ﬂuant
1577 1340 1773 1399 stagna
1817 1326 1996 1382 multis
2094 1334 2276 1406 operis
2301 1338 2443 1403 agat,
2466 1340 2687 1384 necesse
2730 1335 2814 1383 est
2839 1332 2900 1382 ut
2924 1326 3189 1383 velociter
3221 1324 3289 1380 ad
3312 1325 3693 1397 paenitentiam

411 1424 538 1480 tuo
560 1423 859 1480 ἀιιαάεειίι
874 1431 1005 1489 tua,
1028 1421 1269 1487 Domine,
1290 1430 1450 1491 quam
1475 1417 1792 1474 abscondisti
1814 1417 2002 1502 timeti-

2125 1430 2348 1480 ecurrat
2390 1426 2445 1476 et
2493 1418 2748 1489 deinceps
2788 1417 2858 1472 ab
2905 1418 3055 1479 omni
3106 1431 3169 1472 se
3213 1416 3498 1488 pravitatis
3525 1428 3699 1485 opere

410 1519 550 1573 tilias
574 1526 649 1583 te,
666 1520 716 1571 et
736 1514 998 1586 μετριάσει
1017 1528 1134 1570 cont
1147 1512 1546 1585 sperontibasin
1563 1520 1614 1566 te
1634 1509 1807 1585 (Poni.
1830 1498 1993 1578 uti)!

2125 1512 2389 1569 atstodiat.
2425 1508 2541 1565 Non
2569 1508 2715 1566 enim
2756 1507 3093 1564 solummodo
3119 1500 3279 1561 factis
3302 1504 3699 1575 delinquimus,

412 1605 490 1662 ιω
516 1604 753 1677 “mihi
787 1604 1187 1676 Winei“
1212 1602 1451 1673 θωριθω
1502 1606 1561 1657 εί
1586 1600 1835 1657 ﬂorem“!
1858 1596 2004 1655 θεοῗ-
2101 1606 2196 1663 sed
2218 1610 2273 1661 et
2309 1598 2734 1675 rcgitationibus
2768 1608 2824 1658 et
2840 1594 3201 1655 locationibus
3231 1594 3546 1667 frequenter
3570 1610 3703 1667 pec-

413 1696 568 1765 pieut
589 1708 778 1764 regna.
807 1693 882 1749 Hii
916 1692 1276 1762 iucunditatis
1321 1690 1461 1747 stola
1485 1697 1542 1745 et
1568 1689 1735 1761 regali
1769 1687 2004 1743 vestienb

2125 1708 2313 1754 amns.
2339 1692 2748 1751 VlclSsimenim
2776 1699 2833 1748 et
2852 1706 2884 1746 a
2905 1687 3323 1762 cogitationibus
3347 1686 3504 1742 malis
3527 1702 3702 1757 opera

415 1794 511 1843 ιω·
543 1799 803 1856 νεῖμαι-ειν
831 1783 909 1840 ιω
939 1781 1147 1854 ῖιιείοηι
1172 1782 1329 1838 ἀίδιον
1348 1790 1406 1838 ei
1450 1781 1706 1854 εοηὶίιυίν
1738 1788 1795 1837 εἲ
1816 1794 2005 1836 06°01'-
2030 1798 2079 1859 Β
2106 1789 2248 1847 mala
2273 1788 2590 1860 procedunt,
2615 1793 2671 1839 et
2707 1784 2777 1839 ab
2821 1782 3076 1854 operibus
3100 1779 3284 1853 pravis
3332 1779 3701 1851 cogitationes

418 1884 541 1935 rent
563 1875 772 1931 sanitas
792 1882 851 1930 et
876 1874 1132 1945 gaudium
1162 1871 1577 1943 sempiternum.
1604 1870 1841 1943 Fugient
1869 1884 2006 1945 mm—

416 1984 513 2026 ror
538 1977 596 2025 et
625 1968 845 2025 tristitia
862 1942 904 2033 ξ
928 1974 984 2023 at
1006 1966 1227 2022 venient
1254 1942 1358 2036 pax
1386 1974 1443 2020 et
1468 1972 1673 2021 aeterna
1698 1942 1904 2018 imiimi.
1926 1959 2004 2018 ibi

418 2059 643 2117 antliam
662 2074 694 2114 a
709 2056 979 2115 Domino:
1019 2053 1197 2111 Venite
1217 2055 1291 2110 ad
1309 2066 1411 2122 tne,
1428 2069 1604 2110 omnes
1631 2055 1721 2125 qni
1753 2050 2007 2109 laboratis

419 2160 470 2207 at
494 2150 698 2207 onerati
724 2151 872 2217 estis,
893 2159 942 2205 ct
979 2164 1077 2220 ego
1118 2147 1351 2218 reﬁciant
1378 2162 1469 2203 vos
1504 2144 1722 2220 (Hattlt.
1756 2146 1855 2216 si).
1891 2138 1960 2199 Et
1989 2154 2005 2198 :

432 2240 634 2309 Venite,
663 2240 919 2296 benedicti
947 2237 1129 2294 Patris
1151 2238 1279 2305 ntei,
1298 2238 1547 2309 percipite
1583 2251 1828 2307 regnum,
1869 2230 2009 2307 quod

420 2334 565 2389 vobis
608 2342 851 2404 paratam
885 2340 962 2388 est
988 2330 1055 2387 ab
1082 2331 1284 2402 origine
1302 2328 1486 2385 mandi
1517 2327 1735 2402 (Matth.
1763 2326 1923 2401 xxv);
1955 2330 2013 2382 et

423 2426 587 2482 faciet
609 2438 706 2481 eos
728 2425 791 2481 in
810 2432 1014 2481 mterna
1050 2424 1396 2480 discumbere
1423 2420 1624 2496 gloria;
1657 2430 1714 2478 et
1739 2421 2011 2479 transiens

426 2515 761 2571 ministrabit
778 2512 888 2571 illis
907 2515 1024 2586 ipse
1044 2514 1305 2570 Dominus
1340 2514 1522 2569 omnia
1551 2510 1712 2569 bona.
1735 2512 1933 2568 Amen.

494 2606 587 2662 ιτ.
628 2605 859 2662 Mortem
884 2604 1120 2677 quotidie
1151 2615 1274 2661 ante
1295 2603 1475 2661 oculos
1503 2612 1798 2676 suspectam
1822 2603 2013 2658 habere

427 2695 643 2769 (Βοιώ.
665 2695 843 2768 xxiv).
875 2695 1138 2762 Sollicita,
1168 2704 1232 2751 ut
1249 2692 1442 2751 beatus
1465 2693 1819 2759 aitlsidorus,
1856 2692 2017 2750 debet

428 2788 799 2858 unusquisque
820 2787 1025 2854 vivere,
1055 2792 1112 2843 et
1152 2800 1372 2857 semper
1417 2784 1712 2841 terminum
1739 2784 1866 2839 vita:
1902 2794 2015 2839 sua:

427 2878 725 2945 custodire,
760 2879 888 2949 quia
926 2878 1189 2950 scriptum
1220 2884 1304 2932 est
1333 2894 1349 2933 :
1382 2874 1451 2931 In
1485 2875 1727 2931 omnibus
1774 2872 2017 2946 operibus
2088 2884 2104 2897 ‘

414 2972 535 3051 {Mil
562 2984 857 3026 memorare
876 2969 1158 3025 novissima
1181 2978 1295 3033 tua,
1319 2976 1371 3022 et
1404 2967 1464 3035 in
1485 2976 1739 3023 (sternunt
1774 2980 1880 3019 non
1899 2978 2021 3035 pec-

428 3059 573 3115 cabis
609 3056 799 3132 (Eccli.
818 3056 939 3131 vit).
964 3058 1193 3117 Venturi
1220 3071 1354 3129 ergo
1390 3057 1569 3113 exitus
1607 3055 1913 3129 ignorantia
1938 3053 2021 3109 in-

2106 1882 2263 1938 mala:
2288 1882 2598 1950 erumpunt.
2621 1874 2879 1945 Quamvis
2910 1872 3056 1930 enim
3086 1873 3154 1930 ab
3196 1885 3362 1942 opere
3385 1868 3529 1926 malo
3577 1870 3706 1941 quis

2105 1976 2280 2037 vacet,
2310 1985 2410 2042 pro
2450 1967 2618 2024 solius
2645 1975 2827 2022 tamen
2875 1974 3060 2035 prava:
3100 1960 3447 2035 cngitationis
3493 1959 3705 2016 malitia

2107 2081 2216 2121 non
2240 2062 2341 2120 erit
2366 2062 2628 2117 innocens
2649 2075 2679 2113 a
2705 2054 2966 2128 nequitia.
2982 2052 3123 2111 ilinc
3149 2055 3294 2109 enim
3309 2050 3573 2109 Dominus
3594 2053 3707 2108 cla-

2109 2164 2223 2212 mat
2256 2153 2470 2226 populis
2519 2151 2704 2206 dicens
2732 2164 2830 2220 per
2881 2146 3114 2203 Isaiam:
3144 2144 3361 2217 Auferte
3391 2143 3591 2200 malum
3618 2161 3706 2198 co-

2107 2248 2421 2322 gitationum
2466 2251 2757 2299 vestrarum
2815 2240 2882 2295 ab
2925 2239 3092 2295 oculis
3120 2239 3248 2294 meis
3279 2234 3415 2313 (ιω.
3445 2236 3507 2311 ι).
3550 2235 3710 2292 Sicut

2109 2337 2255 2394 enim
2278 2336 2461 2408 vipera
2492 2350 2526 2389 a
2554 2332 2682 2388 filiis
2704 2330 2818 2388 suis
2845 2332 2900 2386 in
2933 2339 3092 2387 utero
3128 2331 3321 2403 positis
3346 2330 3586 2387 lacerata
3614 2346 3709 2401 pc-

2111 2427 2346 2492 rimitur,
2375 2425 2450 2480 ita
2472 2440 2571 2481 nos
2599 2423 2955 2495 cogitationes
3001 2423 3198 2489 noxize,
3231 2422 3379 2479 intra
3426 2436 3526 2477 nos
3566 2436 3708 2476 euu-

2110 2514 2568 2584 tritaisifuerint,
2596 2510 2852 2571 occidunt
2894 2522 2949 2570 et
2979 2510 3199 2584 vipereo
3250 2526 3466 2568 veneno
3516 2527 3711 2568 consu-
3816 2566 3819 2571 .

2111 2617 2299 2677 munt;
2338 2616 2394 2667 et
2422 2606 2527 2663 nisi
2553 2605 2756 2663 fuerint
2786 2607 2965 2662 adhuc
3015 2604 3227 2675 parvuli
3262 2604 3332 2659 ad
3360 2612 3607 2675 petram,
3655 2599 3711 2659 id

2113 2709 2200 2759 est
2244 2699 2540 2765 Christum,
2569 2696 2735 2765 clisre,
2768 2697 3006 2752 animam
3062 2702 3305 2750 nostram
3353 2693 3557 2751 crudeli
3591 2692 3709 2750 vul-

2115 2806 2244 2847 nere
2264 2790 2539 2861 perimunt
2561 2796 2616 2843 et
2643 2787 2919 2851 occidunt,
2946 2785 2994 2842 si
3045 2793 3225 2843 tamen
3252 2786 3333 2841 eis
3359 2785 3548 2841 illicita
3584 2799 3713 2843 con-

2115 2883 2380 2940 sentimus
2417 2891 2473 2938 et
2509 2896 2606 2938 eas
2632 2879 2918 2937 infeliciter
2947 2878 3175 2951 implere
3200 2894 3478 2935 conamur.
3520 2878 3711 2950 Magna

2118 2988 2251 3047 ergo
2282 2973 2629 3033 observantia
2658 2981 2745 3030 est
2787 2972 3093 3029 adhibenda
3142 2972 3291 3028 circa
3330 2973 3514 3031 cordis
3542 2972 3714 3030 nostri

2122 3064 2445 3131 custodiam,
2463 3062 2590 3134 quia
2604 3063 2673 3120 ab
2685 3064 2778 3119 illo
2788 3072 2843 3118 et
2863 3078 3044 3133 pravae
3054 3072 3256 3119 exeunt
3268 3064 3643 3133 cogitationes,
3661 3072 3718 3119 et

430 3159 581 3207 certa
602 3160 707 3217 cst,
741 3158 799 3205 et
818 3138 953 3206 dum
997 3148 1140 3205 mori
1164 3148 1397 3218 quisque
1432 3163 1543 3203 non
1572 3146 1836 3212 aestimat,
1885 3143 2018 3201 tolli-

2126 3174 2159 3214 a
2180 3157 2365 3231 pravis
2384 3156 2801 3230 cogitationibus
2834 3171 3015 3227 prava:
3032 3156 3334 3226 procedunt
3352 3157 3714 3226 operationes.

433 3251 543 3297 tur.
574 3241 729 3298 Unde
746 3241 1126 3313 unusquisque
1154 3247 1385 3296 mortem
1420 3239 1664 3310 quotidie
1685 3246 1809 3294 ante
1834 3235 2022 3296 oculos

430 3342 742 3403 suspectam
766 3332 931 3389 debet
957 3332 1178 3399 habere,
1204 3338 1263 3388 et
1287 3344 1356 3387 ne
1394 3331 1449 3387 in
1476 3330 1857 3403 iniquitatibus
1907 3330 2023 3388 suis

432 3424 617 3480 subito
642 3423 905 3494 rapiatur,
931 3423 1201 3493 alienique
1221 3438 1352 3478 cum
1386 3422 1497 3478 vita
1524 3420 1643 3492 ejus
1672 3421 1830 3492 culpa
1861 3421 2021 3481 linia-

436 3522 550 3580 tttr,
576 3512 806 3569 sollicite
852 3510 1014 3569 debet
1038 3512 1256 3569 timere.
1290 3511 1430 3568 Nam
1475 3511 1722 3568 diabolus
1769 3527 1864 3568 eos
1889 3520 2025 3583 quos

436 3606 684 3661 viventes
709 3602 939 3675 impellit
960 3603 1198 3669 advitia,
1222 3602 1407 3659 subito
1436 3603 1732 3659 morientes
1758 3603 2027 3674 pertrabit

437 3696 509 3752 ad
534 3701 824 3751 tormenta.
852 3691 1115 3761 Quamvis
1140 3693 1286 3748 enim
1316 3691 1545 3764 quisque
1583 3693 1636 3748 in
1664 3690 1767 3750 hac
1810 3693 1921 3748 vita
1955 3694 2027 3750 sit

436 3788 634 3859 iustus,
656 3794 840 3843 tamen
878 3786 1005 3842 dum
1034 3801 1067 3843 α
1119 3799 1348 3855 corpore
1370 3786 1477 3841 isto
1504 3785 1782 3856 egreditur
1803 3826 1819 3852 ,
1859 3785 2025 3858 perti-

441 3879 723 3937 mescitne
747 3877 942 3950 dignus
963 3876 1037 3934 sit
1063 3875 1346 3948 supplicio.
1370 3872 1562 3931 Nullus
1581 3882 1667 3931 est
1690 3875 1832 3932 enim
1864 3876 2027 3932 homo

442 3970 923 4040 absquepeccato,
950 3977 1053 4024 nec
1070 3967 1358 4038 quisquam
1385 3972 1565 4038 potest
1591 3966 1661 4022 de
1678 3963 1776 4021 Dei
1802 3977 2029 4021 securus

441 4073 566 4117 esse
593 4058 819 4130 iudicio,
846 4072 975 4115 cum
999 4057 1167 4114 etiam
1195 4058 1262 4113 de
1307 4057 1500 4114 otiosis
1521 4055 1867 4113 sermonibus
1900 4054 2028 4111 red-

441 4154 618 4210 denda
648 4151 724 4209 sit
746 4152 910 4208 ratio.
932 4148 1124 4208 Brevis
1142 4157 1232 4207 est
1256 4149 1495 4206 hominis
1521 4148 1656 4217 vita,
1677 4155 1735 4205 et
1756 4147 1882 4205 ideo
1902 4155 2031 4204 ante

444 4246 633 4304 oculos
665 4252 900 4301 mortem
930 4243 1195 4301 debemus
1212 4256 1432 4315 semper
1454 4241 1658 4300 habere
1702 4247 2029 4312 suspectam.

443 4336 572 4394 Vita
594 4337 739 4393 enim
772 4349 1038 4406 presens,
1054 4336 1194 4407 quia
1226 4334 1468 4407 quotidie
1495 4328 1701 4400 deﬁcit,
1728 4331 1881 4389 brevi
1910 4329 2033 4388 tini-

2119 3248 2191 3307 Et
2210 3251 2331 3307 ideo
2360 3256 2513 3305 actus
2530 3248 2656 3305 vitae
2701 3256 2899 3304 nostra:
2933 3247 3082 3303 omni
3133 3248 3268 3303 hora
3297 3246 3526 3303 sollicite
3553 3247 3718 3306 dabo-

2121 3357 2244 3398 mus
2278 3340 2579 3407 custodire,
2605 3354 2674 3396 ne
2695 3347 2790 3394 aut
2812 3337 3160 3410 cogitatione,
3186 3347 3282 3394 aut
3306 3337 3602 3402 locutione,
3622 3346 3721 3393 aut
3820 3384 3829 3390 .

2121 3438 2438 3510 operatione
2505 3434 2644 3508 lapsi
2666 3471 2686 3501 ,
2739 3441 2801 3489 ut
2856 3431 3173 3505 insipientes
3216 3441 3272 3491 et
3305 3434 3428 3490 sine
3466 3434 3721 3493 custodia

2124 3530 2196 3585 ad
2239 3536 2526 3602 peccatum
2562 3525 2864 3582 trahamur.
2921 3533 2979 3580 et
3015 3539 3048 3581 a
3084 3524 3420 3582 dmmonibus
3465 3525 3614 3582 iri-isi
3658 3533 3720 3582 ut

2122 3620 2364 3677 inermes
2391 3620 2718 3676 laceremur.
3738 3673 3758 3687 ,

2196 3707 2288 3765 49.
2329 3706 2398 3763 In
2419 3708 2562 3763 omni
2585 3707 2699 3764 loco
2721 3706 2889 3765 Deum
2916 3725 2973 3766 se
2998 3709 3256 3782 respicere
3301 3726 3403 3781 pro
3421 3717 3563 3765 certe
3585 3707 3722 3766 scire

2128 3790 2315 3874 (Prov.
2342 3794 2420 3873 ν).
2447 3795 2790 3857 immensitas
2808 3800 3003 3857 divinae
3023 3800 3410 3873 magnitudinis
3434 3809 3583 3857 tanta
3612 3807 3720 3868 est,

2126 3898 2190 3945 ut
2214 3890 2401 3946 omnia
2428 3889 2629 3957 videat,
2652 3891 2837 3947 omnia
2860 3891 3106 3961 impleat,
3133 3900 3192 3948 et
3213 3894 3289 3947 sit
3309 3908 3473 3963 super
3513 3891 3719 3958 omnia,

2128 3978 2186 4037 et
2212 3981 2401 4038 subtus
2427 3983 2629 4051 omnia,
2666 3991 2723 4040 et
2743 3983 2886 4039 infra
2910 3964 3113 4051 ciuilia,
3142 3994 3199 4042 et
3217 3993 3373 4042 extra
3400 3986 3582 4043 omnia
3604 4024 3624 4051 ,
3666 3992 3723 4041 et

2130 4070 2311 4130 nullus
2335 4073 2407 4129 sit
2429 4073 2581 4132 locus
2606 4084 2914 4143 contentus,
2940 4078 3034 4135 ubi
3060 4079 3206 4135 Deus
3230 4090 3339 4134 non
3369 4078 3460 4135 sit.
3491 4077 3644 4136 Unde
3666 4086 3720 4134 et

2130 4170 2302 4228 David
2349 4171 2601 4228 dicebat:
2633 4170 2692 4228 Si
2723 4172 3009 4230 escendero
3049 4173 3106 4231 in
3139 4171 3361 4239 calum,
3394 4182 3451 4227 tu
3488 4172 3603 4227 illic
3637 4190 3718 4236 es,

2132 4268 2181 4315 et
2202 4259 2249 4313 si
2272 4258 2587 4315 descendere
2642 4261 2712 4315 ad
2760 4259 3047 4330 infernum,
3078 4262 3206 4327 acies
3231 4260 3408 4335 (Pani.
3432 4263 3718 4335 cum").

2134 4346 2203 4404 Et
2232 4346 2353 4404 ideo
2378 4348 2556 4405 omnis
2581 4358 2833 4406 creatura
2861 4350 2982 4418 Dei,
3016 4351 3131 4408 sive
3160 4351 3217 4408 in
3240 4351 3381 4411 cmlo
3410 4352 3501 4418 sit,
3530 4353 3644 4409 sive
3666 4353 3718 4409 in

448 4438 539 4484 tur
572 4426 835 4489 termino:
866 4434 925 4482 et
962 4424 1086 4483 ideo
1118 4425 1419 4482 timendum
1456 4433 1541 4481 εει
1560 4424 1754 4480 “mnis
1780 4421 1898 4492 eius
1939 4437 2034 4513 Pef
2137 4446 2306 4506 terra,
2331 4438 2443 4495 sive
2464 4440 2653 4495 subter
2681 4448 2905 4508 terram,
2926 4442 3214 4513 perspicua
3258 4450 3347 4500 est
3369 4442 3446 4498 illi
3474 4451 3532 4498 et
3558 4442 3724 4498 mani-

449 4519 697 4576 riculam.
718 4516 837 4574 Non
870 4518 1016 4574 enim
1049 4517 1160 4573 vita
1193 4530 1434 4589 pnesens
1460 4515 1551 4572 diu
1590 4520 1899 4586 permanet,
1939 4513 2018 4570 sei

2138 4528 2299 4586 festa.
2330 4528 2467 4586 liinc
2498 4530 2641 4601 enim
2663 4528 2865 4585 Paulus
2901 4530 3035 4587 dicit
3056 4511 3072 4586 Ξ
3112 4528 3271 4587 Vivus
3292 4540 3368 4589 ut
3388 4547 3565 4588 urina
3589 4531 3682 4586 Dei
3703 4570 3720 4597 ,

451 4612 594 4668 sicut
614 4608 732 4666 (tela
772 4607 877 4665 illis
897 4608 1198 4678 perficitur,
1220 4607 1296 4662 ita
1318 4615 1375 4662 et
1400 4605 1511 4661 vita
1534 4604 1768 4661 hominis
1793 4602 2036 4676 quotidie

451 4703 643 4760 diebus
674 4700 901 4773 singulis
925 4699 1196 4770 capietur.
1252 4695 1545 4767 Propterea
1576 4693 1838 4752 debemus
1881 4690 2035 4751 solli.

451 4793 561 4848 cite
583 4772 834 4855 mortem,
858 4802 929 4845 ne
962 4790 1034 4844 ab
1063 4787 1156 4842 illa
1199 4787 1381 4843 subito
1424 4784 1721 4855 rapiamus,
1751 4772 2039 4856 vigilantes

451 4882 665 4938 timere.
691 4879 965 4949 Scriptum
992 4885 1079 4934 est
1101 4877 1246 4934 enim
1270 4894 1285 4931 :
1317 4875 1516 4931 Beatus
1537 4889 1718 4929 servus
1745 4873 1858 4942 ille,
1882 4892 2035 4948 quem

454 4987 575 5027 cunt
603 4970 795 5028 venerit
832 4968 1091 5024 Dominus
1115 5007 1131 5033 ,
1174 4966 1429 5022 invenerit
1474 4963 1777 5037 vigilantem
1816 4960 2035 5041 (Matth.

455 5074 618 5128 xstv;
652 5059 782 5117 Luc.
826 5056 950 5129 su),
974 5057 1032 5112 id
1055 5066 1165 5123 est,
1199 5063 1430 5112 mortem
1455 5055 1737 5111 timentem
1758 5063 1814 5111 et
1856 5056 1925 5115 de
1950 5074 2039 5114 sa-

456 5151 572 5209 lute
594 5150 792 5207 αιὶιιιω
814 5162 928 5205 suae
953 5147 1185 5205 sollicite
1209 5147 1553 5219 cegltantem.
1582 5147 1779 5204 Beatus
1808 5159 2040 5224 estergo

458 5242 550 5298 ille
576 5240 874 5299 monachus
905 5240 997 5310 qui
1026 5250 1243 5311 semper
1283 5246 1368 5296 est
1409 5238 1637 5310 pavidus
1660 5282 1676 5309 ,
1731 5251 1788 5300 et
1835 5242 2040 5300 exitum

464 5336 655 5393 mortis
689 5348 803 5390 sum
820 5333 1080 5399 timendo,
1115 5346 1330 5403 semper
1360 5342 1445 5389 est
1468 5334 1698 5407 vigilans
1722 5344 1777 5390 ct
1798 5343 2040 5404 paratus,

464 5433 525 5481 ut
544 5437 672 5483 eum
692 5424 870 5481 media
898 5432 1057 5481 nocte
1075 5422 1283 5480 clamor
1309 5423 1484 5481 factus
1506 5412 1671 5481 fuerit
1697 5443 1709 5478 :
1742 5421 1880 5480 Ecce
1896 5424 2044 5479 venit

463 5531 718 5588 smus,
743 5515 889 5571 exite
918 5514 1133 5570 obviam
1151 5518 1201 5571 ei
1220 5515 1435 5586 (Malm.
1454 5524 1581 5586 xxv)
1597 5514 1713 5569 sine
1744 5528 1894 5569 mora
1917 5526 2040 5570 cum

470 5610 675 5665 «inlatis
703 5606 1037 5680 lampadibus
1079 5606 1296 5663 obviam
1340 5604 1417 5660 illi
1445 5603 1788 5675 egrediatur,
1817 5614 1873 5662 et
1918 5620 2043 5662 cum

474 5700 563 5756 illo
596 5701 665 5757 ad
686 5710 963 5774 ,αξιοι-Μ
998 5701 1151 5755 lactus
1194 5697 1470 5752 habitator
1514 5699 1847 5769 ingrediatur
1878 5700 2046 5754 thala-

2140 4631 2190 4676 ct
2218 4622 2422 4693 εθῑεαω,
2452 4629 2501 4675 et
2529 4620 2902 4692 penetrabilior
2925 4623 3069 4677 omni
3093 4621 3276 4694 gladio
3294 4624 3551 4693 anew,
3602 4638 3721 4696 pcr-

2142 4710 2346 4781 tingens
2368 4724 2531 4781 usque
2550 4707 2619 4765 ad
2641 4708 2948 4769 divisionem
2987 4710 3183 4766 enim
3206 4720 3256 4766 et
3295 4712 3513 4783 spiritus
3530 4752 3551 4778 ,
3581 4727 3721 4768 cont-

2140 4814 2333 4873 pagum
2358 4815 2563 4870 quoque
2590 4806 2638 4853 et
2660 4797 3030 4866 medullarum,
3062 4811 3111 4857 et
3154 4801 3413 4859 discretor
3445 4803 3721 4874 cogitatio-

2142 4906 2293 4956 num,
2320 4899 2368 4944 et
2396 4903 2497 4942 non
2518 4899 2593 4943 est
2626 4887 2734 4944 ulla
2771 4874 3015 4946 creatura
3045 4891 3327 4949 invisibilis
3375 4894 3431 4948 in
3451 4903 3724 4965 conspecta

2141 4980 2298 5052 ejus;
2335 4979 2510 5035 omnia
2558 4981 2696 5036 enim
2762 4980 2975 5037 nudaet
3022 4994 3205 5055 aperta
3245 4993 3370 5041 sunt
3410 4985 3578 5042 oculis
3614 4986 3723 5056 cjns

2143 5067 2329 5143 (Hebr.
2375 5067 2469 5141 tv).
2502 5068 2637 5126 llinc
2691 5067 2943 5127 Salomon
2975 5072 3091 5128 ait:
3125 5072 3195 5127 In
3242 5066 3386 5129 omni
3420 5073 3537 5132 loco
3591 5074 3722 5130 oculi

2142 5155 2358 5215 Domini
2409 5158 2827 5231 contemplemur
2862 5159 3024 5216 bonos
3083 5170 3133 5217 et
3179 5162 3347 5219 malos
3394 5160 3577 5234 (Prov.
3613 5162 3718 5235 xv).

2143 5247 2281 5317 Quia
2309 5248 2453 5304 enim
2481 5249 2628 5304 omni
2657 5248 2790 5304 liora
2813 5257 2869 5306 ct
2891 5249 2946 5305 in
2989 5250 3137 5306 omni
3174 5249 3294 5307 loco
3319 5266 3419 5308 nos
3452 5253 3724 5322 cognosci—

2143 5353 2266 5393 mus
2293 5353 2323 5392 a
2354 5336 2464 5393 Deo
2510 5338 2728 5409 respici,
2757 5353 2861 5393 non
2891 5339 3150 5396 debemus
3179 5340 3234 5395 in
3281 5350 3578 5413 conspectu
3613 5340 3727 5412 ejus

2145 5432 2202 5483 cl
2222 5426 2536 5500 angelorum
2566 5424 2708 5483 illius
2755 5444 3021 5500 peccare;
3061 5430 3156 5486 sed
3203 5428 3258 5495 in
3305 5431 3454 5487 omni
3496 5430 3646 5496 loco,
3673 5440 3727 5487 et

2147 5519 2293 5573 omni
2325 5518 2484 5584 liora,
2509 5527 2563 5574 ct
2588 5520 2734 5577 omni
2777 5529 3019 5592 tempore
3042 5536 3164 5576 cum
3188 5521 3399 5594 iustitia
3431 5532 3488 5578 et
3507 5523 3727 5582 veritate

2151 5607 2410 5663 debemus
2437 5610 2713 5673 γίνεταοι
2743 5610 2935 5667 timore
2970 5620 3025 5669 ct
3061 5621 3299 5670 tremore
3347 5612 3401 5669 in
3438 5622 3726 5686 conspectu

2154 5699 2268 5769 ejus
2308 5708 2471 5753 stare.
2519 5699 2584 5754 Et
2621 5699 2765 5755 sicut
2803 5699 2991 5759 beatus
3032 5702 3132 5758 Joh
3158 5703 3336 5759 timuit
3364 5714 3593 5776 cunt,ct
3635 5719 3727 5762 nos
