3944 6404
297 285 389 341 781

1317 278 1668 336 COMMENT.
1712 277 1779 332 lN
1819 260 1976 333 sto.
2023 280 2080 336 s.
2120 281 2497 340 BENEDICTI.

3435 293 3538 348 782

294 399 553 453 debemus
580 392 790 457 timere,
822 402 872 448 et
897 408 1016 448 cum
1046 393 1136 448 illo
1163 396 1430 450 veraciter
1453 396 1631 452 dicere
1657 412 1668 448 :
1700 393 1866 458 Quasi
1893 399 1943 457 Α
1967 409 2130 465 gnum
2152 398 2344 454 crebro
2365 401 2523 454 debet
2547 400 2791 470 proferre
2815 417 3138 460 sermonem.
3167 404 3438 476 Scriptum
3459 424 3541 465 est

293 499 546 545 tumentes
573 489 763 559 ﬂuctus
809 504 1010 557 scalper
1051 504 1206 558 super
1247 503 1326 540 me
1355 488 1507 541 timui
1536 487 1817 540 Dominum
1844 501 1862 540 :

293 591 343 634 et
380 579 584 650 pondus
620 578 734 647 ejus
760 576 896 646 ferre
920 592 1024 630 non
1049 577 1194 645 potui
1222 575 1364 648 (Job.
1395 575 1576 647 xui).

364 667 550 722 50-5l.
587 664 936 736 Cogitationes
986 664 1155 719 malas
1185 666 1330 719 cordi
1383 682 1479 720 suo
1507 665 1865 732 advenientes,

293 775 418 814 mox
453 757 522 811 ad
547 756 810 812 Christum
843 756 1060 810 allidere
1089 773 1108 811 :
1132 767 1180 810 et
1210 757 1404 811 seniori
1437 757 1699 827 spirituali
1725 767 1870 828 pato-

296 848 489 918 facere.
520 846 659 904 Sunt
703 846 850 901 enim
902 846 1255 916 cogitationes
1293 855 1634 902 transeuntes
1657 887 1674 913 ,
1719 863 1871 903 vana:

294 956 461 1020 atque
503 944 777 1009 volaticat,
823 960 944 1015 qua:
1002 952 1202 1014 quanto
1249 945 1505 1001 velociter
1555 954 1870 1011 transeunt,

295 1047 449 1094 tanto
472 1037 650 1092 minus
670 1035 992 1107 mgitantem
1012 1037 1273 1106 polluant.
1290 1037 1380 1106 .De
1404 1037 1601 1108 quibus
1617 1035 1868 1092 Salomon

295 1130 405 1185 ait:
439 1128 504 1182 Et
548 1127 728 1182 otiosre
776 1135 929 1180 erant
990 1125 1236 1182 molcntes
1296 1128 1352 1182 in
1411 1129 1612 1182 minuto
1656 1141 1870 1182 numero

295 1219 520 1292 (Eccles.
545 1218 669 1290 xu),
690 1218 744 1273 id
762 1226 866 1282 est,
896 1219 1250 1290 cogitationes
1283 1233 1403 1290 quae
1422 1219 1478 1274 in
1504 1219 1736 1276 hominis
1761 1220 1869 1274 vita

294 1308 450 1380 quasi
480 1307 742 1363 molentes
774 1307 1063 1363 volvuntur
1099 1309 1155 1363 in
1183 1317 1384 1374 mente,
1417 1317 1472 1364 et
1494 1317 1726 1366 exeunte
1753 1309 1869 1364 ani-

294 1415 384 1455 ma
422 1413 453 1454 e
481 1411 705 1468 corpore
742 1414 927 1454 vacua:
960 1401 1310 1456 remanebunt
1330 1415 1520 1458 omnes
1563 1410 1620 1458 et
1657 1402 1864 1458 otiosas.

296 1491 407 1546 llas
433 1505 584 1562 ergo,
613 1490 736 1560 quia
763 1505 921 1546 nemo
966 1499 1144 1560 potest
1169 1507 1358 1548 omnes
1400 1493 1716 1548 memoriter
1743 1493 1869 1550 reti-

295 1597 448 1648 nere,
469 1597 570 1638 nec
593 1583 661 1638 ab
685 1581 864 1652 aliquo
886 1593 1122 1654 unquam
1143 1584 1480 1655 compellitur
1499 1585 1697 1641 dicere.
1729 1583 1868 1642 Sunt

293 1688 426 1728 vero
461 1672 579 1728 alia:
626 1673 979 1742 cogitationes
1023 1675 1198 1729 noxiae
1220 1711 1236 1740 ,
1276 1682 1334 1730 et
1369 1675 1678 1746 frequenter
1729 1676 1868 1732 dele-

1969 488 2112 542 enim
2135 505 2153 542 :
2185 488 2289 554 Qui
2313 490 2459 544 audit
2485 490 2626 546 dicat
2651 505 2670 543 :
2705 492 2852 557 Veni,
2881 494 2932 549 id
2962 507 3062 557 est,
3086 496 3328 567 quisquis
3359 515 3541 554 mona-

1969 577 2196 633 chorum
2220 580 2488 645 internum
2517 581 2638 636 fidei
2667 583 2748 637 vel
2779 585 3063 641 charitatis
3097 587 3276 642 lumen
3297 591 3546 660 accipere

1971 669 2248 734 meruerit,
2280 670 2348 724 ad
2387 671 2489 724 hoc
2511 679 2568 725 et
2600 672 2736 728 alios
2773 674 3002 730 inritare
3029 692 3132 730 non
3170 687 3364 734 cesset.
3419 680 3541 735 Ideo

1970 764 2147 811 autem
2174 773 2238 813 os
2262 766 2504 813 nostrum
2535 774 2567 813 a
2606 760 2748 816 malo
2794 763 2873 817 vel
2913 780 3077 833 pravo
3101 766 3314 837 eloquio
3363 781 3544 824 custo-

1969 846 2087 902 dire
2115 848 2391 916 debemus,
2427 863 2496 904 ne
2525 865 2623 904 nos
2659 851 2807 918 prius
2853 867 2965 908 sua:
2993 855 3208 910 malitia:
3237 874 3441 913 veneno
3461 861 3544 915 in-

1971 935 2136 1000 liciat,
2167 945 2224 992 et
2249 937 2590 1006 postmodum
2625 940 2681 994 in
2735 939 2871 994 alios
2901 943 3235 998 mortiferum
3269 948 3414 1003 virus
3442 949 3544 1003 dif-

1970 1025 2176 1083 fundat.
2209 1029 2478 1100 Scriptum
2525 1041 2610 1087 est
2655 1032 2836 1088 enim:
2871 1033 3095 1105 Flagelli
3146 1035 3299 1107 plaga
3329 1039 3540 1094 livorem

1970 1119 2094 1188 facit
2125 1121 2313 1190 (Ereti.
2344 1123 2554 1195 xsvtn).
2585 1124 2746 1195 Plaga
2776 1135 2958 1180 autem
3002 1127 3197 1198 linguae
3229 1134 3546 1188 comminuit

1969 1225 2112 1266 ossa.
2137 1209 2306 1266 Plena
2333 1221 2407 1267 est
2441 1214 2608 1279 enim,
2634 1223 2693 1270 ut
2723 1215 2954 1271 Jacobus
2999 1219 3274 1287 apostolus
3315 1223 3421 1287 ait,
3462 1241 3545 1279 ve-

1970 1317 2102 1354 neno
2127 1302 2395 1372 mortifero
2419 1301 2601 1374 lingua
2632 1303 2838 1376 (Iacob.
2866 1307 2983 1378 tu);
3013 1317 3066 1363 et
3089 1309 3208 1365 ideo
3232 1314 3544 1369 cautissime

1969 1393 2225 1448 debemus
2270 1394 2541 1450 custodire
2570 1395 2734 1450 illam.
2779 1389 3047 1468 Scriptum
3092 1410 3177 1457 est
3216 1403 3401 1458 enim:
3440 1404 3546 1470 Qui

1970 1483 2196 1538 custodit
2232 1499 2290 1538 os
2315 1499 2491 1549 suum,
2513 1486 2737 1540 custodit
2759 1489 2991 1543 animam
3020 1507 3211 1558 suam;
3249 1495 3338 1564 qui
3368 1506 3542 1549 autem

1967 1573 2382 1628 inconsiderata
2393 1584 2470 1629 est
2494 1575 2564 1629 ad
2588 1575 2923 1646 loquendum,
2937 1583 3119 1636 sentiet
3140 1583 3336 1638 malum
3358 1584 3541 1657 (Prov.

1969 1662 2110 1737 xm).
2144 1663 2339 1719 Malunt
2365 1665 2483 1721 sine
2510 1665 2673 1723 dubio
2722 1669 2918 1724 sentiet
2957 1670 3012 1726 in
3039 1670 3218 1727 futuro
3239 1713 3254 1737 ,
3301 1676 3391 1744 qui
3417 1676 3543 1730 dum

293 1773 442 1820 ctant
475 1764 736 1830 animum,
763 1772 821 1821 et
868 1779 990 1821 eum
1029 1781 1247 1822 suasum
1289 1767 1477 1822 volunt
1517 1783 1762 1840 mergere
1812 1769 1868 1824 in
1896 1754 1943 1814 Β
1970 1757 2105 1813 vivit
2139 1759 2408 1814 seminare
2432 1775 2538 1816 non
2564 1771 2740 1817 cessat
2761 1763 3093 1820 scandalum.
3124 1767 3262 1822 Hinc
3287 1766 3540 1823 Salomon

292 1864 591 1926 peccatum.
623 1855 758 1912 Hinc
805 1855 1059 1912 Salomon
1084 1857 1197 1912 ait:
1233 1857 1491 1930 Cogitatio
1515 1859 1661 1914 stulti
1688 1876 1870 1930 pecca-

292 1954 406 2000 tum
433 1955 508 2000 est
536 1943 716 2016 (Prov.
741 1947 914 2016 xxrv).
960 1947 1099 2004 Hinc
1127 1949 1320 2004 iterum
1349 1950 1510 2005 dicit:
1539 1949 1870 2004 Abominatio

295 2033 392 2089 Dei
426 2035 761 2104 cogitationes
791 2035 946 2090 mala:
967 2077 984 2102 ,
1026 2046 1074 2091 et
1102 2051 1267 2108 purus
1298 2053 1468 2094 sermo
1488 2038 1869 2110 pulcherrimus

295 2121 478 2193 (Prov.
504 2123 613 2194 xv).
646 2124 792 2192 Quas
822 2140 921 2182 nos
953 2127 1308 2199 cogitationes
1332 2128 1524 2184 beatus
1544 2128 1868 2186 Benedictus

295 2230 403 2270 non
434 2214 488 2270 in
512 2217 692 2272 cordis
719 2217 840 2274 sinu
873 2219 1225 2286 abscondere,
1256 2221 1352 2276 sed
1379 2221 1448 2277 ad
1488 2220 1761 2278 Christum
1791 2221 1870 2276 at-

295 2304 482 2370 lidere,
507 2315 557 2362 et
586 2306 732 2362 Patri
755 2309 982 2378 spiritali
1022 2312 1342 2368 adhortatur
1367 2310 1689 2382 patefacere.
1723 2311 1870 2368 Scri-

293 2400 444 2462 ptum
477 2403 558 2450 est
586 2395 730 2450 enim
760 2412 773 2449 :
814 2395 918 2462 Qui
948 2398 1218 2455 abscondit
1240 2399 1436 2455 scelera
1461 2417 1578 2466 sua,
1610 2418 1713 2457 non
1738 2401 1870 2454 diri-

291 2492 473 2553 getur;
494 2485 582 2555 qui
615 2495 786 2540 autem
816 2487 1084 2558 confessus
1115 2489 1273 2559 fuerit
1301 2498 1349 2544 et
1375 2488 1636 2560 reliquerit
1666 2506 1750 2555 ea,
1777 2490 1870 2543 mi-

293 2579 632 2635 scricordiam
661 2591 1004 2654 consequetur
1029 2582 1212 2656 (Prov.
1238 2583 1450 2654 xxvut).
1481 2583 1577 2639 llle
1597 2597 1727 2654 ergo
1754 2597 1869 2639 mo-

290 2669 501 2724 nachus
534 2669 956 2727 misericordiam
989 2689 1019 2727 a
1045 2673 1272 2730 Domino
1300 2672 1555 2729 facillime
1587 2674 1869 2744 consequi-

297 2756 404 2823 tur,
431 2760 522 2828 qui
547 2776 677 2829 pura
702 2770 882 2818 mente
906 2772 961 2818 et
983 2763 1173 2818 humili
1203 2764 1366 2819 corde
1379 2749 1742 2834 cogitationes
1759 2764 1870 2834 spi-

297 2845 439 2900 ritali
473 2862 577 2902 non
614 2849 869 2906 celaverit
897 2850 1062 2906 Patri.
1092 2850 1460 2922 Cogitationes
1506 2852 1676 2908 malas
1719 2851 1868 2908 cordi

242 2990 245 2993 .
298 2946 483 2994 nostro
512 2939 857 2996 advenientes
883 2943 950 2996 ad
983 2939 1258 2996 Christum
1307 2941 1530 2996 alliderc
1567 2949 1651 2997 est
1681 2948 1870 2997 contra

297 3027 509 3084 illarum
563 3029 845 3087 illecebras
895 3032 1310 3090 delectationum
1371 3031 1573 3090 Christi
1610 3031 1868 3088 auxilium

1970 1848 2047 1904 ait
2077 1865 2091 1901 :
2131 1847 2226 1902 Vir
2251 1849 2499 1920 insipiens
2537 1851 2670 1920 [odit
2694 1853 2914 1920 malum,
2941 1863 2992 1908 et
3015 1856 3072 1910 in
3099 1855 3252 1912 labiis
3276 1858 3390 1927 ejus
3413 1860 3546 1931 ignis

1969 1940 2193 1996 ardescit
2222 1941 2405 2013 (Prov.
2435 1941 2568 2015 xvi).
2611 1943 2748 1999 Hinc
2770 1946 2965 2001 iterum
3007 1947 3131 2002 dicit
3160 1967 3174 2002 :
3207 1949 3456 2005 loculum
3495 1963 3545 2006 et

1969 2030 2176 2102 gladius
2220 2041 2270 2087 et
2298 2033 2490 2104 sagitta
2545 2045 2722 2100 acuta,
2750 2038 2903 2092 homo
2949 2041 3040 2110 qui
3082 2039 3318 2111 loquitur
3359 2053 3544 2098 contra

1968 2122 2262 2190 proximum
2291 2139 2442 2178 suum
2471 2123 2666 2180 malum
2691 2122 2872 2195 (Prov.
2899 2130 3048 2201 xxv).
3073 2128 3222 2185 Solet
3245 2133 3386 2187 enim
3418 2149 3543 2189 con-

1968 2210 2178 2282 tingere
2206 2220 2265 2266 ut
2299 2213 2425 2268 dum
2448 2215 2692 2285 quaedam
2753 2232 2915 2286 parva
2951 2219 3208 2275 vitiorum
3249 2223 3388 2278 mala
3437 2239 3545 2279 non

1969 2302 2254 2371 evitamus,
2279 2304 2333 2359 in
2358 2321 2553 2377 magno
2577 2307 2771 2379 lingua:
2813 2309 3146 2380 prolabimur
3191 2313 3443 2370 crimine.
3480 2316 3546 2370 Et

1969 2396 2096 2451 dum
2125 2395 2268 2453 facta
2315 2399 2559 2468 quaedam
2589 2415 2696 2455 non
2723 2402 2908 2473 gravia
2938 2403 3056 2457 sine
3082 2411 3224 2459 metu
3248 2408 3543 2463 committi-

1969 2501 2112 2552 mus,
2143 2487 2211 2542 ad
2234 2485 2417 2557 pejora
2442 2489 2644 2545 scelera
2693 2492 2952 2561 peccandi
2981 2495 3368 2550 consuetudine
3414 2497 3547 2552 labi-

1968 2591 2110 2630 mur.
2143 2575 2212 2630 Et
2235 2577 2361 2632 dum
2397 2578 2564 2632 multa
2618 2578 2832 2636 incaute
2870 2580 3175 2652 loquimur,
3222 2583 3340 2639 sine
3385 2585 3547 2642 dubio

1969 2677 2065 2722 aut
2083 2667 2138 2722 in
2168 2667 2356 2732 Deum,
2381 2677 2474 2723 aut
2507 2669 2561 2724 in
2586 2669 2810 2727 fratrem
2838 2687 3148 2742 peccamus.
3169 2674 3318 2731 Unde
3341 2684 3396 2732 et
3423 2688 3546 2747 apta

1969 2756 2125 2813 nobis
2158 2756 2456 2814 admonitio
2483 2761 2767 2828 sequitur:

2038 2845 2128 2901 55.
2168 2845 2396 2902 Multum
2423 2847 2566 2919 loqui
2587 2867 2690 2905 non
2703 2868 2899 2907 amare.
2926 2853 3094 2927 Magis
3107 2857 3251 2912 enim
3273 2858 3544 2914 silentium

1970 2949 2130 3005 quam
2157 2935 2552 3006 multiloquium
2601 2941 2760 2996 debet
2789 2958 2972 2998 amare
3019 2948 3337 3002 monachus.
3372 2949 3444 3003 De
3475 2952 3549 3004 si-

1969 3023 2138 3082 lentio
2195 3027 2341 3082 enim
2393 3027 2560 3086 Isaias
2611 3032 2686 3086 ait
2723 3049 2736 3086 :
2771 3030 2957 3088 Cultus
3009 3035 3236 3105 justitia.’
3281 3038 3545 3094 silentium

298 3117 602 3188 implorare.
623 3128 679 3176 et
728 3127 786 3175 ut
821 3122 996 3178 victor
1022 3123 1191 3195 possit
1236 3123 1490 3191 existere,
1515 3138 1668 3194 spem
1711 3137 1867 3178 suam

1973 3113 2107 3188 (Isa.
2131 3115 2326 3190 χχιιι).
2362 3117 2554 3190 Mentis
2580 3122 2726 3176 enim
2769 3103 3303 3204 justitia‘dcsolatur,
3334 3132 3548 3197 quando

297 3208 511 3267 Christo
533 3213 888 3280 committere,
906 3223 960 3270 ct
986 3216 1037 3270 in
1059 3215 1149 3272 illo
1176 3216 1409 3273 ﬁdeliter
1433 3217 1678 3285 credere,
1701 3226 1758 3274 et
1783 3217 1870 3274 lir-

298 3301 456 3356 tniter
485 3317 722 3371 sperare,
746 3305 886 3360 etde
929 3306 1184 3378 triumphi
1206 3308 1428 3364 victoria
1477 3325 1582 3365 non
1616 3309 1717 3365 sibi
1756 3310 1869 3381 pla-

297 3406 439 3458 cere,
475 3393 568 3448 scd
616 3394 830 3450 Christo
857 3398 1059 3467 gratias
1101 3414 1282 3470 agere.
1325 3400 1470 3467 Quas
1518 3401 1872 3472 cogitationes

297 3484 417 3540 ilco
445 3487 674 3555 spiritali
706 3478 850 3544 Palri
876 3490 1180 3561 patefacere
1199 3491 1374 3562 jubet,
1403 3501 1461 3548 ut
1483 3495 1548 3550 ab
1570 3494 1661 3550 illo
1684 3495 1874 3550 salutis

296 3577 601 3642 consilium,
633 3586 688 3632 et
716 3595 746 3632 a
793 3580 1019 3636 Domino
1053 3583 1451 3641 velocissimum
1481 3585 1721 3642 inveniat
1753 3601 1872 3657 pec-

297 3671 404 3725 Cati
437 3671 751 3738 remedium,
781 3674 923 3728 sicut
971 3677 1232 3744 scriptum
1281 3687 1401 3733 est:
1440 3678 1600 3734 Dixi:
1631 3675 1872 3734 Pronun-

298 3758 436 3812 tiabo
467 3759 738 3812 adversum
784 3778 864 3816 nte
894 3762 1184 3830 injustitias
1225 3783 1366 3821 meas
1420 3767 1642 3822 Domino
1667 3808 1682 3834 ,
1726 3780 1778 3825 et
1812 3781 1872 3826 tu

300 3847 543 3902 remisisti
574 3847 885 3916 impietatem
911 3851 1083 3904 cordis
1111 3853 1211 3906 mei
1246 3851 1418 3924 (Psal.
1452 3856 1624 3928 xxxi).
1670 3857 1874 3914 Miseri-

298 3955 422 3996 cors
460 3940 603 3994 enim
641 3940 780 3997 Dens
825 3955 890 3998 eo
926 3943 1084 4000 citius
1127 3955 1367 4014 peccata.
1397 3947 1574 4012 diluit,
1603 3963 1710 4016 quo
1755 3950 1873 4005 haec

297 4029 448 4084 exim
474 4028 542 4083 ad
582 4043 741 4100 opera
769 4046 872 4085 non
906 4034 1189 4102 permittit.
1235 4035 1301 4090 Et
1348 4037 1581 4107 cogitata
1633 4039 1872 4108 nequitia

301 4126 450 4174 tanto
464 4118 630 4173 citius
669 4117 918 4186 solvitur,
946 4133 1148 4192 quanto
1179 4124 1247 4178 ad
1298 4125 1546 4181 effectura
1585 4128 1764 4196 opcris
1793 4129 1872 4184 di-

300 4211 541 4266 strictius
568 4227 672 4266 non
702 4211 916 4283 ligatur.
957 4214 1022 4269 Et
1069 4231 1229 4285 quam
1259 4232 1421 4287 super
1452 4220 1568 4275 huic
1595 4221 1668 4276 sit
1695 4220 1871 4278 facilis

302 4302 454 4357 venia
476 4301 731 4358 ostendit.
778 4301 878 4370 Qui
908 4304 1034 4360 dum
1075 4321 1135 4362 se
1159 4311 1424 4377 promittit
1445 4313 1621 4368 adhuc
1655 4323 1869 4384 petere,

301 4393 402 4448 hoc
431 4393 570 4463 quod
603 4408 660 4448 se
693 4402 874 4463 petere
936 4399 1280 4467 promittebat
1316 4402 1572 4469 obtinuit,
1603 4413 1870 4474 quatenus

301 4484 425 4555 quia
464 4499 634 4554 usque
676 4485 742 4539 ad
777 4500 911 4556 opus
960 4502 1068 4542 non
1104 4484 1329 4546 venerat
1358 4491 1547 4563 culpa,
1589 4509 1759 4563 usque
1802 4497 1869 4551 ad

301 4563 596 4631 cruciatum
645 4591 752 4632 non
794 4579 1101 4648 perveniret
1145 4583 1487 4653 pauitantia,
1515 4585 1611 4640 sed
1636 4586 1870 4655 cogitata

303 4663 516 4720 amictio
563 4676 797 4724 mentem
837 4677 1084 4742 tergeret,
1125 4681 1387 4742 quantum
1440 4675 1598 4730 modo
1640 4677 1871 4746 cogitata

303 4753 555 4824 iniquitas
595 4753 926 4830 inquinaret.

370 4845 456 4898 52.
500 4845 570 4902 0s
596 4866 748 4904 suum
777 4869 810 4906 a
846 4853 986 4906 malo
1015 4852 1090 4907 vel
1139 4869 1297 4924 pravo
1347 4853 1551 4924 eloquio
1591 4858 1870 4912 custodire.

307 4935 438 4992 llinc
467 4954 563 4994 nos
589 4939 838 4998 Salomon
877 4944 1130 4999 admonet
1153 4945 1336 5000 dicens
1364 4962 1378 4998 :
1421 4944 1643 5000 Remove
1667 4964 1697 5000 a
1742 4956 1788 5001 te
1815 4964 1871 5001 os

302 5043 537 5096 pravum,
561 5039 608 5084 et
635 5031 957 5087 detra/ientia
996 5032 1135 5088 labia
1171 5035 1276 5089 sint
1305 5035 1487 5106 procul
1522 5053 1555 5090 a
1590 5047 1638 5092 te
1685 5036 1868 5111 (Prov.

305 5116 402 5181 tv).
429 5118 562 5174 llinc
590 5121 788 5177 Paulus
840 5123 916 5178 ait
941 5142 954 5178 :
985 5123 1168 5180 Omnis
1195 5143 1362 5180 sermo
1394 5127 1565 5183 malus
1588 5147 1651 5184 ex
1679 5147 1767 5186 ore
1789 5148 1871 5186 ve-

305 5217 410 5260 stro
441 5225 542 5262 non
560 5211 825 5279 procedat,
852 5213 942 5266 sed
978 5214 1022 5267 si
1049 5215 1164 5286 quis
1192 5215 1354 5268 bonus
1386 5214 1455 5268 ad
1475 5217 1872 5285 aediﬁcationem

307 5301 723 5370 Opportunitatis,
749 5315 804 5358 ut
824 5305 906 5360 det
927 5307 1151 5376 gratiam
1181 5307 1510 5362 audientibus
1540 5307 1754 5380 (Epltes.
1774 5310 1870 5381 tv).

308 5393 384 5460 De
415 5409 509 5450 ore
536 5398 678 5453 enim
701 5400 947 5456 monachi
980 5418 1083 5456 non
1104 5403 1275 5458 malus
1293 5403 1376 5459 vel
1398 5418 1616 5472 pravus,
1640 5403 1733 5458 sed
1749 5405 1876 5458 aedi-

309 5482 573 5540 ficationis
597 5497 652 5543 ct
685 5490 870 5560 gratia:
900 5491 1056 5545 debet
1089 5493 1411 5584 procedere‘
1424 5508 1622 5548 sermo.
1654 5494 1879 5552 Domino

307 5573 450 5628 cnim
478 5577 725 5634 trahente
743 5589 866 5649 post
893 5581 1066 5650 ipsum
1086 5583 1260 5638 bonus
1289 5573 1588 5639 monachus
1610 5585 1798 5648 currit,
1825 5593 1881 5640 ct

287 5661 451 5744 ~illi-:0,
480 5673 533 5720 ut
565 5675 617 5722 ct
645 5669 731 5722 alii
784 5681 1094 5740 sequantur,
1119 5674 1569 5742 exhortatorium,
1592 5691 1696 5730 non
1729 5675 1881 5729 mali-

1967 3212 2036 3268 ab
2064 3212 2415 3270 immoderata
2441 3213 2709 3272 locutione
2755 3232 2859 3272 non
2889 3219 3148 3288 parcitur.
3183 3221 3257 3275 De
3311 3222 3546 3277 multilo-

1969 3305 2096 3375 quio
2125 3305 2268 3360 enim
2291 3305 2542 3362 Salomon
2575 3308 2650 3362 ait
2672 3323 2686 3362 :
2713 3307 2780 3363 In
2805 3308 3133 3381 multiloquio
3154 3322 3420 3381 peccatum
3445 3331 3547 3368 non

1969 3399 2132 3454 deerit
2157 3397 2340 3472 (Prov.
2386 3400 2464 3472 ι).
2499 3399 2636 3457 Hinc
2690 3403 2884 3458 iterum
2924 3404 3182 3473 scriptum
3235 3413 3354 3460 est:
3399 3405 3548 3460 Sicut

1970 3492 2093 3545 urbs
2119 3501 2300 3563 patens
2322 3503 2369 3548 et
2395 3493 2586 3565 absque
2607 3511 2879 3549 murorum
2901 3497 3118 3563 ambitu,
3144 3499 3219 3552 ita
3233 3499 3310 3552 vir
3334 3500 3423 3569 qui
3444 3517 3547 3555 non

1968 3594 2134 3654 potest
2156 3587 2391 3642 cohibere
2411 3589 2654 3659 spiritum
2677 3605 2830 3643 suum
2854 3586 3035 3662 (Prov.
3061 3605 3170 3645 xxv
3201 3591 3240 3662 ).
3258 3590 3550 3646 Monachus

1971 3675 2114 3730 enim
2144 3674 2236 3745 qui
2263 3691 2476 3729 murum
2505 3676 2704 3732 silentii
2735 3693 2841 3733 non
2867 3677 3060 3744 habet,
3108 3679 3312 3735 inimici
3354 3680 3552 3750 jaculis

1969 3773 2137 3833 patet.
2178 3764 2348 3833 Quem
2407 3775 2557 3824 tanto
2606 3767 2856 3824 inimicus
2912 3769 3032 3826 sine
3083 3769 3267 3828 labore
3311 3782 3549 3841 superat.

1969 3862 2170 3924 quanto
2194 3863 2248 3909 et
2286 3856 2401 3922 ipse
2429 3865 2620 3911 contra
2651 3859 2999 3927 semetipsum
3029 3875 3124 3929 per
3152 3860 3550 3932 multiloquium

1970 3951 2188 4013 pugnat.
2219 3943 2356 3998 llinc
2379 3942 2612 3999 Iacobus
2638 3947 2771 4001 dicit
2795 3963 2808 3998 ε
2838 3945 2897 4002 Si
2928 3949 3044 4017 quis
3071 3958 3221 4018 putat
3265 3967 3319 4004 se
3346 3952 3554 4021 religio-

1969 4049 2084 4090 sunt
2107 4049 2238 4098 esse,
2262 4049 2366 4088 non
2389 4033 2659 4105 refrenaus
2689 4036 2920 4107 linguam
2953 4055 3140 4104 suam,
3182 4041 3272 4094 sed
3301 4042 3552 4096 seducens

1971 4141 2061 4179 cor
2079 4141 2254 4190 suum,
2284 4125 2443 4196 hujus
2467 4142 2602 4180 vana
2627 4135 2700 4182 est
2737 4128 2916 4198 religio
2939 4127 3150 4201 (Iacob.
3184 4127 3246 4196 ι).
3272 4130 3408 4185 llinc
3431 4148 3552 4185 rur-

1972 4230 2066 4271 sus
2088 4215 2165 4270 ait
2189 4234 2202 4269 :
2231 4215 2309 4270 Sit
2340 4226 2511 4271 autent
2535 4218 2702 4271 omnis
2727 4218 2880 4272 ltonto
2923 4217 3067 4273 velox
3087 4219 3154 4272 ad
3186 4220 3502 4275 audiendum
3527 4262 3542 4286 ,

1971 4307 2155 4364 tardus
2187 4307 2256 4361 ad
2281 4305 2598 4380 loquendum
2637 4309 2845 4378 (Ibid).
2895 4309 3232 4366 Admonendi
3270 4320 3430 4380 sunt,
3486 4324 3550 4367 ut

1973 4397 2164 4453 beatus
2193 4398 2270 4452 ait
2292 4397 2607 4470 Gregorius,
2637 4399 2975 4472 multiloquio
3004 4411 3290 4468 vacantes,
3333 4412 3388 4458 et
3415 4406 3551 4475 vigi-

1975 4488 2148 4543 lantes
2174 4489 2440 4558 aspiciant
2467 4503 2496 4544 a
2528 4503 2632 4559 quo
2655 4491 2996 4546 rectitudinis
3019 4499 3165 4547 statu
3210 4494 3506 4563 depereunt
3533 4540 3547 4561 ,

1975 4579 2100 4634 dum
2163 4597 2260 4651 per
2308 4581 2624 4651 multiplicia
2681 4582 2844 4637 verba
2907 4583 3230 4639 dilabuntur.
3300 4585 3548 4643 Humana

1974 4671 2178 4726 etenim
2210 4687 2362 4727 mens
2388 4687 2542 4742 aqua:
2576 4685 2748 4738 more,
2774 4681 2829 4726 et
2856 4673 3244 4730 circumclausa
3278 4677 3346 4730 ad
3390 4693 3552 4748 supc-

1975 4761 2120 4820 riora
2151 4754 2440 4832 colligitur,
2471 4769 2526 4816 et
2548 4761 2788 4818 relaxata
2815 4762 3044 4832 deperit,
3077 4764 3202 4832 quia
3225 4780 3283 4820 se
3311 4781 3407 4835 per
3435 4767 3550 4821 inii-

1975 4852 2085 4907 nita
2125 4852 2386 4908 inutiliter
2405 4853 2629 4924 spargit.
2677 4852 2794 4919 Quo
2819 4853 2961 4908 enim
2997 4857 3342 4923 supervacuis
3368 4858 3547 4913 verbis

1976 4960 2007 4998 a
2033 4944 2232 5000 silentii
2259 4945 2340 5000 sui
2368 4960 2599 5000 censura
2627 4945 2934 5016 dissipatur,
2959 4947 3111 5016 quasi
3133 4955 3212 5001 tot
3235 4948 3365 5004 rivis
3392 4958 3549 5004 extra

1977 5037 2272 5092 seducitur.
2301 5037 2453 5093 Unde
2487 5048 2540 5092 ct
2569 5047 2714 5094 recte
2747 5040 2974 5094 interius
2999 5038 3067 5094 ad
3095 5055 3152 5095 se
3181 5055 3287 5096 non
3315 5043 3514 5098 sufﬁcit
3534 5086 3548 5106 .

1978 5129 2106 5196 quia
2133 5143 2229 5197 per
2251 5128 2647 5199 multiloquium
2674 5144 2863 5200 sparsa
2903 5146 2936 5186 a
2981 5138 3192 5186 secreto
3239 5147 3298 5187 sc
3349 5133 3550 5200 intimae

1979 5217 2426 5274 considerationis
2451 5219 2704 5274 excludit.

2049 5306 2138 5362 54.
2190 5304 2356 5360 Verba
2395 5323 2527 5361 vana
2558 5317 2647 5361 aut
2700 5309 2830 5364 risui
2871 5319 2992 5379 apta
3037 5326 3139 5364 non
3170 5309 3309 5381 loqui
3331 5308 3546 5378 (Matt/1.

1979 5399 2098 5468 xu).
2129 5399 2274 5454 Vana
2306 5400 2450 5456 cnim
2477 5400 2636 5454 verba
2665 5409 2790 5455 sunt
2819 5402 2903 5456 illa
2931 5418 3050 5472 qua:
3071 5411 3126 5456 et
3147 5403 3318 5455 otiosa
3352 5419 3550 5457 vocan-

1979 5499 2089 5555 tur,
2107 5489 2309 5544 scilicet
2324 5504 2442 5558 qua:
2466 5497 2558 5542 aut
2584 5489 2795 5545 ratione
2815 5491 2972 5560 justm
2996 5490 3332 5544 necessitatis
3357 5500 3447 5544 aut
3469 5492 3550 5544 iu-
3591 5549 3594 5552 ,

1981 5581 2217 5634 tentionc
2238 5581 2337 5651 piae
2350 5580 2600 5635 utilitatis
2621 5590 2828 5636 carent.
2845 5581 3058 5636 Grande
3080 5581 3220 5633 enim
3238 5581 3543 5645 vitiumest,

1981 5682 2036 5729 ct
2065 5672 2318 5728 omnibus
2372 5673 2546 5727 modis
2599 5675 2892 5728 cavendum
2923 5689 2951 5726 a
3007 5671 3306 5735 monachis,
3341 5674 3543 5730 vanilo-
