  <div class='ocr_page' id='page_1' title='image "/cluster/home/n/w/nwhite01/storage/ocr_20150623/102/umn.31951002477395f/399.png"; bbox 0 0 3944 6432; ppageno 0'>
   <div class='ocr_carea' id='block_1_1' title="bbox 385 304 490 358">
    <p class='ocr_par' dir='ltr' id='par_1_1' title="bbox 385 304 490 358">
     <span class='ocr_line' id='line_1_1' title="bbox 385 304 490 358; baseline 0 -1"><span class='ocrx_word' id='word_1_1' title='bbox 385 304 490 358; x_wconf 74' lang='lat'><strong>735</strong></span> 
     </span>
    </p>
   </div>
   <div class='ocr_carea' id='block_1_2' title="bbox 1664 262 2344 351">
    <p class='ocr_par' dir='ltr' id='par_1_2' title="bbox 1664 262 2344 351">
     <span class='ocr_line' id='line_1_2' title="bbox 1664 262 2344 351; baseline 0.004 -3"><span class='ocrx_word' id='word_1_2' title='bbox 1664 295 2014 351; x_wconf 74' lang='lat' dir='ltr'><strong>SMARAGDI</strong></span> <span class='ocrx_word' id='word_1_3' title='bbox 2054 262 2344 351; x_wconf 65' lang='lat' dir='ltr'><strong>iuuans</strong></span> 
     </span>
    </p>
   </div>
   <div class='ocr_carea' id='block_1_3' title="bbox 3552 301 3656 358">
    <p class='ocr_par' dir='ltr' id='par_1_3' title="bbox 3552 301 3656 358">
     <span class='ocr_line' id='line_1_3' title="bbox 3552 301 3656 358; baseline 0.029 -3"><span class='ocrx_word' id='word_1_4' title='bbox 3552 301 3656 358; x_wconf 71' lang='lat'><strong>785</strong></span> 
     </span>
    </p>
   </div>
   <div class='ocr_carea' id='block_1_4' title="bbox 383 403 3663 485">
    <p class='ocr_par' dir='ltr' id='par_1_4' title="bbox 383 403 3663 485">
     <span class='ocr_line' id='line_1_4' title="bbox 383 403 3663 485; baseline -0.001 -16"><span class='ocrx_word' id='word_1_5' title='bbox 383 417 592 485; x_wconf 77' lang='lat' dir='ltr'><strong>quium,</strong></span> <span class='ocrx_word' id='word_1_6' title='bbox 617 412 760 481; x_wconf 86' lang='lat' dir='ltr'><strong>quod</strong></span> <span class='ocrx_word' id='word_1_7' title='bbox 801 426 830 462; x_wconf 90' lang='lat' dir='ltr'><strong>a</strong></span> <span class='ocrx_word' id='word_1_8' title='bbox 863 409 1122 463; x_wconf 71' lang='lat' dir='ltr'><strong>vanitatis</strong></span> <span class='ocrx_word' id='word_1_9' title='bbox 1158 407 1399 478; x_wconf 80' lang='lat' dir='ltr'><strong>procedit</strong></span> <span class='ocrx_word' id='word_1_10' title='bbox 1446 406 1660 470; x_wconf 83' lang='lat' dir='ltr'><strong>fomite,</strong></span> <span class='ocrx_word' id='word_1_11' title='bbox 1696 416 1758 460; x_wconf 86' lang='lat' dir='ltr'><strong>et</strong></span> <span class='ocrx_word' id='word_1_12' title='bbox 1815 408 1967 475; x_wconf 87' lang='lat' dir='ltr'><strong>quasi</strong></span> <span class='ocrx_word' id='word_1_13' title='bbox 1998 419 2044 476; x_wconf 75' lang='grc' dir='ltr'>Α</span> <span class='ocrx_word' id='word_1_14' title='bbox 2073 425 2164 462; x_wconf 88' lang='lat' dir='ltr'><strong>cor</strong></span> <span class='ocrx_word' id='word_1_15' title='bbox 2186 409 2467 461; x_wconf 79' lang='lat' dir='ltr'><strong>stultorum</strong></span> <span class='ocrx_word' id='word_1_16' title='bbox 2519 409 2605 462; x_wconf 87' lang='lat' dir='ltr'><strong>ubi</strong></span> <span class='ocrx_word' id='word_1_17' title='bbox 2633 408 2820 462; x_wconf 72' lang='lat' dir='ltr'><strong>ltrtitiu</strong></span> <span class='ocrx_word' id='word_1_18' title='bbox 2860 403 3087 481; x_wconf 72' lang='lat' dir='ltr'><strong>(Eccles.</strong></span> <span class='ocrx_word' id='word_1_19' title='bbox 3131 410 3247 483; x_wconf 88' lang='lat' dir='ltr'><strong>vtt).</strong></span> <span class='ocrx_word' id='word_1_20' title='bbox 3285 409 3420 465; x_wconf 89' lang='lat' dir='ltr'><strong>Ilinc</strong></span> <span class='ocrx_word' id='word_1_21' title='bbox 3465 412 3663 468; x_wconf 83' lang='lat' dir='ltr'><strong>iterum</strong></span> 
     </span>
    </p>
   </div>
   <div class='ocr_carea' id='block_1_5' title="bbox 382 497 1967 566">
    <p class='ocr_par' dir='ltr' id='par_1_5' title="bbox 382 497 1967 566">
     <span class='ocr_line' id='line_1_5' title="bbox 382 497 1967 566; baseline -0.004 -8"><span class='ocrx_word' id='word_1_22' title='bbox 382 504 659 559; x_wconf 85' lang='lat' dir='ltr'><strong>suadendo</strong></span> <span class='ocrx_word' id='word_1_23' title='bbox 681 509 736 554; x_wconf 87' lang='lat' dir='ltr'><strong>et</strong></span> <span class='ocrx_word' id='word_1_24' title='bbox 761 499 955 553; x_wconf 86' lang='lat' dir='ltr'><strong>leniter</strong></span> <span class='ocrx_word' id='word_1_25' title='bbox 969 499 1140 552; x_wconf 84' lang='lat' dir='ltr'><strong>levem</strong></span> <span class='ocrx_word' id='word_1_26' title='bbox 1169 497 1368 566; x_wconf 81' lang='lat' dir='ltr'><strong>decipit</strong></span> <span class='ocrx_word' id='word_1_27' title='bbox 1397 497 1689 550; x_wconf 82' lang='lat' dir='ltr'><strong>hominem.</strong></span> <span class='ocrx_word' id='word_1_28' title='bbox 1718 497 1967 552; x_wconf 82' lang='lat' dir='ltr'><strong>Estenim</strong></span> 
     </span>
    </p>
   </div>
   <div class='ocr_carea' id='block_1_6' title="bbox 381 588 1970 660">
    <p class='ocr_par' dir='ltr' id='par_1_6' title="bbox 381 588 1970 660">
     <span class='ocr_line' id='line_1_6' title="bbox 381 588 1970 660; baseline -0.002 -13"><span class='ocrx_word' id='word_1_29' title='bbox 381 598 593 650; x_wconf 85' lang='lat' dir='ltr'><strong>vanitas</strong></span> <span class='ocrx_word' id='word_1_30' title='bbox 627 593 819 648; x_wconf 77' lang='lat' dir='ltr'><strong>levitas</strong></span> <span class='ocrx_word' id='word_1_31' title='bbox 843 591 1012 645; x_wconf 91' lang='lat' dir='ltr'><strong>animi</strong></span> <span class='ocrx_word' id='word_1_32' title='bbox 1059 589 1404 660; x_wconf 79' lang='lat' dir='ltr'><strong>loquacitatis</strong></span> <span class='ocrx_word' id='word_1_33' title='bbox 1440 588 1728 658; x_wconf 66' lang='lat' dir='ltr'><strong>superﬂuae</strong></span> <span class='ocrx_word' id='word_1_34' title='bbox 1749 599 1805 644; x_wconf 89' lang='lat' dir='ltr'><strong>et</strong></span> <span class='ocrx_word' id='word_1_35' title='bbox 1831 592 1970 644; x_wconf 87' lang='lat' dir='ltr'><strong>otio-</strong></span> 
     </span>
    </p>
   </div>
   <div class='ocr_carea' id='block_1_7' title="bbox 380 682 1970 752">
    <p class='ocr_par' dir='ltr' id='par_1_7' title="bbox 380 682 1970 752">
     <span class='ocr_line' id='line_1_7' title="bbox 380 682 1970 752; baseline -0.003 -12"><span class='ocrx_word' id='word_1_36' title='bbox 380 687 559 742; x_wconf 88' lang='lat' dir='ltr'><strong>sitatis</strong></span> <span class='ocrx_word' id='word_1_37' title='bbox 586 699 800 752; x_wconf 87' lang='lat' dir='ltr'><strong>semper</strong></span> <span class='ocrx_word' id='word_1_38' title='bbox 829 683 884 737; x_wconf 90' lang='lat' dir='ltr'><strong>in</strong></span> <span class='ocrx_word' id='word_1_39' title='bbox 913 683 1077 737; x_wconf 88' lang='lat' dir='ltr'><strong>corde</strong></span> <span class='ocrx_word' id='word_1_40' title='bbox 1116 689 1340 750; x_wconf 81' lang='lat' dir='ltr'><strong>portans</strong></span> <span class='ocrx_word' id='word_1_41' title='bbox 1377 682 1618 737; x_wconf 81' lang='lat' dir='ltr'><strong>fomitem</strong></span> <span class='ocrx_word' id='word_1_42' title='bbox 1643 721 1658 748; x_wconf 91' lang='lat'><strong>,</strong></span> <span class='ocrx_word' id='word_1_43' title='bbox 1703 691 1759 737; x_wconf 90' lang='lat' dir='ltr'><strong>et</strong></span> <span class='ocrx_word' id='word_1_44' title='bbox 1794 683 1847 736; x_wconf 93' lang='lat' dir='ltr'><strong>in</strong></span> <span class='ocrx_word' id='word_1_45' title='bbox 1873 697 1970 736; x_wconf 91' lang='lat' dir='ltr'><strong>ore</strong></span> 
     </span>
    </p>
   </div>
   <div class='ocr_carea' id='block_1_8' title="bbox 306 759 1966 843">
    <p class='ocr_par' dir='ltr' id='par_1_8' title="bbox 306 759 1966 843">
     <span class='ocr_line' id='line_1_8' title="bbox 306 759 1966 843; baseline -0.001 -15"><span class='ocrx_word' id='word_1_46' title='bbox 306 759 313 838; x_wconf 52' lang='grc' dir='ltr'><strong>ί</strong></span> <span class='ocrx_word' id='word_1_47' title='bbox 380 791 576 830; x_wconf 82' lang='lat' dir='ltr'><strong>vanum</strong></span> <span class='ocrx_word' id='word_1_48' title='bbox 601 788 813 843; x_wconf 85' lang='lat' dir='ltr'><strong>semper</strong></span> <span class='ocrx_word' id='word_1_49' title='bbox 853 771 1062 843; x_wconf 81' lang='lat' dir='ltr'><strong>profert</strong></span> <span class='ocrx_word' id='word_1_50' title='bbox 1087 786 1417 826; x_wconf 86' lang='lat' dir='ltr'><strong>sermonem.</strong></span> <span class='ocrx_word' id='word_1_51' title='bbox 1448 771 1544 826; x_wconf 83' lang='lat' dir='ltr'><strong>Est</strong></span> <span class='ocrx_word' id='word_1_52' title='bbox 1567 771 1717 826; x_wconf 81' lang='lat' dir='ltr'><strong>enim</strong></span> <span class='ocrx_word' id='word_1_53' title='bbox 1739 772 1966 826; x_wconf 87' lang='lat' dir='ltr'><strong>simula-</strong></span> 
     </span>
    </p>
   </div>
   <div class='ocr_carea' id='block_1_9' title="bbox 308 855 1964 936">
    <p class='ocr_par' dir='ltr' id='par_1_9' title="bbox 308 855 1964 936">
     <span class='ocr_line' id='line_1_9' title="bbox 308 855 1964 936; baseline -0.004 -14"><span class='ocrx_word' id='word_1_54' title='bbox 308 855 313 874; x_wconf 87' lang='grc'><em>’</em></span> <span class='ocrx_word' id='word_1_55' title='bbox 381 868 454 922; x_wconf 87' lang='lat' dir='ltr'><strong>tio</strong></span> <span class='ocrx_word' id='word_1_56' title='bbox 478 866 723 936; x_wconf 59' lang='lat' dir='ltr'><strong>quaedam</strong></span> <span class='ocrx_word' id='word_1_57' title='bbox 777 862 1061 928; x_wconf 87' lang='lat' dir='ltr'><strong>virtutum,</strong></span> <span class='ocrx_word' id='word_1_58' title='bbox 1089 862 1352 932; x_wconf 82' lang='lat' dir='ltr'><strong>appetitio</strong></span> <span class='ocrx_word' id='word_1_59' title='bbox 1387 861 1739 932; x_wconf 79' lang='lat' dir='ltr'><strong>dignitatum,</strong></span> <span class='ocrx_word' id='word_1_60' title='bbox 1790 877 1922 916; x_wconf 88' lang='lat' dir='ltr'><strong>cava</strong></span> <span class='ocrx_word' id='word_1_61' title='bbox 1949 904 1964 930; x_wconf 89' lang='lat'><strong>,</strong></span> 
     </span>
    </p>
   </div>
   <div class='ocr_carea' id='block_1_10' title="bbox 377 955 1969 1025">
    <p class='ocr_par' dir='ltr' id='par_1_10' title="bbox 377 955 1969 1025">
     <span class='ocr_line' id='line_1_10' title="bbox 377 955 1969 1025; baseline -0.003 -12"><span class='ocrx_word' id='word_1_62' title='bbox 377 959 622 1014; x_wconf 85' lang='lat' dir='ltr'><strong>morbida</strong></span> <span class='ocrx_word' id='word_1_63' title='bbox 647 966 703 1013; x_wconf 90' lang='lat' dir='ltr'><strong>et</strong></span> <span class='ocrx_word' id='word_1_64' title='bbox 729 956 1059 1022; x_wconf 88' lang='lat' dir='ltr'><strong>turbulenta,</strong></span> <span class='ocrx_word' id='word_1_65' title='bbox 1091 955 1264 1010; x_wconf 92' lang='lat' dir='ltr'><strong>dulcis</strong></span> <span class='ocrx_word' id='word_1_66' title='bbox 1301 955 1550 1018; x_wconf 86' lang='lat' dir='ltr'><strong>miseris,</strong></span> <span class='ocrx_word' id='word_1_67' title='bbox 1600 970 1787 1008; x_wconf 86' lang='lat' dir='ltr'><strong>amara</strong></span> <span class='ocrx_word' id='word_1_68' title='bbox 1845 971 1969 1025; x_wconf 84' lang='lat' dir='ltr'><strong>per-</strong></span> 
     </span>
    </p>
   </div>
   <div class='ocr_carea' id='block_1_11' title="bbox 377 1042 1966 1120">
    <p class='ocr_par' dir='ltr' id='par_1_11' title="bbox 377 1042 1966 1120">
     <span class='ocr_line' id='line_1_11' title="bbox 377 1042 1966 1120; baseline -0.002 -17"><span class='ocrx_word' id='word_1_69' title='bbox 377 1051 551 1115; x_wconf 78' lang='lat' dir='ltr'><strong>fectis,</strong></span> <span class='ocrx_word' id='word_1_70' title='bbox 579 1048 880 1120; x_wconf 85' lang='lat' dir='ltr'><strong>periculosa</strong></span> <span class='ocrx_word' id='word_1_71' title='bbox 916 1047 1068 1102; x_wconf 90' lang='lat' dir='ltr'><strong>duris</strong></span> <span class='ocrx_word' id='word_1_72' title='bbox 1091 1086 1105 1111; x_wconf 98' lang='lat'><strong>,</strong></span> <span class='ocrx_word' id='word_1_73' title='bbox 1154 1044 1446 1115; x_wconf 87' lang='lat' dir='ltr'><strong>imperiosa</strong></span> <span class='ocrx_word' id='word_1_74' title='bbox 1499 1042 1788 1112; x_wconf 84' lang='lat' dir='ltr'><strong>subjectis;</strong></span> <span class='ocrx_word' id='word_1_75' title='bbox 1819 1045 1966 1100; x_wconf 89' lang='lat' dir='ltr'><strong>leves</strong></span> 
     </span>
    </p>
   </div>
   <div class='ocr_carea' id='block_1_12' title="bbox 375 1134 1964 1210">
    <p class='ocr_par' dir='ltr' id='par_1_12' title="bbox 375 1134 1964 1210">
     <span class='ocr_line' id='line_1_12' title="bbox 375 1134 1964 1210; baseline -0.004 -15"><span class='ocrx_word' id='word_1_76' title='bbox 375 1141 635 1210; x_wconf 84' lang='lat' dir='ltr'><strong>captivat,</strong></span> <span class='ocrx_word' id='word_1_77' title='bbox 660 1139 959 1208; x_wconf 79' lang='lat' dir='ltr'><strong>captivatos</strong></span> <span class='ocrx_word' id='word_1_78' title='bbox 985 1135 1220 1193; x_wconf 88' lang='lat' dir='ltr'><strong>oblectat</strong></span> <span class='ocrx_word' id='word_1_79' title='bbox 1247 1174 1263 1200; x_wconf 93' lang='lat'><strong>,</strong></span> <span class='ocrx_word' id='word_1_80' title='bbox 1313 1134 1631 1189; x_wconf 84' lang='lat' dir='ltr'><strong>ambitiosos</strong></span> <span class='ocrx_word' id='word_1_81' title='bbox 1656 1143 1837 1200; x_wconf 89' lang='lat' dir='ltr'><strong>vexat,</strong></span> <span class='ocrx_word' id='word_1_82' title='bbox 1865 1149 1964 1188; x_wconf 84' lang='lat' dir='ltr'><strong>an-</strong></span> 
     </span>
    </p>
   </div>
   <div class='ocr_carea' id='block_1_13' title="bbox 376 1224 1968 1305">
    <p class='ocr_par' dir='ltr' id='par_1_13' title="bbox 376 1224 1968 1305">
     <span class='ocr_line' id='line_1_13' title="bbox 376 1224 1968 1305; baseline -0.006 -18"><span class='ocrx_word' id='word_1_83' title='bbox 376 1241 564 1305; x_wconf 83' lang='lat' dir='ltr'><strong>gustos</strong></span> <span class='ocrx_word' id='word_1_84' title='bbox 600 1229 783 1295; x_wconf 84' lang='lat' dir='ltr'><strong>inﬂat,</strong></span> <span class='ocrx_word' id='word_1_85' title='bbox 831 1228 1003 1283; x_wconf 87' lang='lat' dir='ltr'><strong>elatos</strong></span> <span class='ocrx_word' id='word_1_86' title='bbox 1042 1226 1337 1281; x_wconf 87' lang='lat' dir='ltr'><strong>humiliat:</strong></span> <span class='ocrx_word' id='word_1_87' title='bbox 1372 1225 1462 1280; x_wconf 87' lang='lat' dir='ltr'><strong>cui</strong></span> <span class='ocrx_word' id='word_1_88' title='bbox 1503 1224 1749 1280; x_wconf 88' lang='lat' dir='ltr'><strong>serviunt</strong></span> <span class='ocrx_word' id='word_1_89' title='bbox 1805 1225 1968 1279; x_wconf 87' lang='lat' dir='ltr'><strong>tumi-</strong></span> 
     </span>
    </p>
   </div>
   <div class='ocr_carea' id='block_1_14' title="bbox 377 1321 1965 1397">
    <p class='ocr_par' dir='ltr' id='par_1_14' title="bbox 377 1321 1965 1397">
     <span class='ocr_line' id='line_1_14' title="bbox 377 1321 1965 1397; baseline -0.004 -14"><span class='ocrx_word' id='word_1_90' title='bbox 377 1331 451 1394; x_wconf 91' lang='lat' dir='ltr'><strong>di,</strong></span> <span class='ocrx_word' id='word_1_91' title='bbox 480 1330 580 1383; x_wconf 90' lang='lat' dir='ltr'><strong>sub</strong></span> <span class='ocrx_word' id='word_1_92' title='bbox 603 1342 709 1397; x_wconf 89' lang='lat' dir='ltr'><strong>qua</strong></span> <span class='ocrx_word' id='word_1_93' title='bbox 735 1327 918 1397; x_wconf 76' lang='lat' dir='ltr'><strong>iacent</strong></span> <span class='ocrx_word' id='word_1_94' title='bbox 946 1324 1097 1389; x_wconf 89' lang='lat' dir='ltr'><strong>elati,</strong></span> <span class='ocrx_word' id='word_1_95' title='bbox 1136 1339 1300 1394; x_wconf 88' lang='lat' dir='ltr'><strong>quam</strong></span> <span class='ocrx_word' id='word_1_96' title='bbox 1337 1321 1619 1378; x_wconf 88' lang='lat' dir='ltr'><strong>inveniunt</strong></span> <span class='ocrx_word' id='word_1_97' title='bbox 1652 1321 1871 1392; x_wconf 90' lang='lat' dir='ltr'><strong>perditi,</strong></span> <span class='ocrx_word' id='word_1_98' title='bbox 1897 1322 1965 1376; x_wconf 88' lang='lat' dir='ltr'><strong>ad</strong></span> 
     </span>
    </p>
   </div>
   <div class='ocr_carea' id='block_1_15' title="bbox 375 1412 1966 1489">
    <p class='ocr_par' dir='ltr' id='par_1_15' title="bbox 375 1412 1966 1489">
     <span class='ocr_line' id='line_1_15' title="bbox 375 1412 1966 1489; baseline -0.004 -17"><span class='ocrx_word' id='word_1_99' title='bbox 375 1435 539 1489; x_wconf 88' lang='lat' dir='ltr'><strong>quam</strong></span> <span class='ocrx_word' id='word_1_100' title='bbox 571 1426 802 1474; x_wconf 90' lang='lat' dir='ltr'><strong>currunt</strong></span> <span class='ocrx_word' id='word_1_101' title='bbox 827 1417 1050 1487; x_wconf 89' lang='lat' dir='ltr'><strong>lapsuri.</strong></span> <span class='ocrx_word' id='word_1_102' title='bbox 1082 1415 1207 1470; x_wconf 67' lang='lat' dir='ltr'><strong>[lare</strong></span> <span class='ocrx_word' id='word_1_103' title='bbox 1235 1421 1321 1469; x_wconf 90' lang='lat' dir='ltr'><strong>est</strong></span> <span class='ocrx_word' id='word_1_104' title='bbox 1339 1414 1550 1468; x_wconf 82' lang='lat' dir='ltr'><strong>vanitas</strong></span> <span class='ocrx_word' id='word_1_105' title='bbox 1577 1428 1698 1483; x_wconf 70' lang='lat' dir='ltr'><strong>qua:</strong></span> <span class='ocrx_word' id='word_1_106' title='bbox 1736 1427 1841 1468; x_wconf 90' lang='lat' dir='ltr'><strong>non</strong></span> <span class='ocrx_word' id='word_1_107' title='bbox 1869 1412 1966 1466; x_wconf 88' lang='lat' dir='ltr'><strong>ali-</strong></span> 
     </span>
    </p>
   </div>
   <div class='ocr_carea' id='block_1_16' title="bbox 375 1505 1962 1584">
    <p class='ocr_par' dir='ltr' id='par_1_16' title="bbox 375 1505 1962 1584">
     <span class='ocr_line' id='line_1_16' title="bbox 375 1505 1962 1584; baseline -0.006 -15"><span class='ocrx_word' id='word_1_108' title='bbox 375 1531 514 1584; x_wconf 87' lang='lat' dir='ltr'><strong>quas</strong></span> <span class='ocrx_word' id='word_1_109' title='bbox 534 1514 785 1577; x_wconf 84' lang='lat' dir='ltr'><strong>virtutes,</strong></span> <span class='ocrx_word' id='word_1_110' title='bbox 827 1518 890 1565; x_wconf 89' lang='lat' dir='ltr'><strong>ut</strong></span> <span class='ocrx_word' id='word_1_111' title='bbox 921 1516 1165 1580; x_wconf 85' lang='lat' dir='ltr'><strong>putatur,</strong></span> <span class='ocrx_word' id='word_1_112' title='bbox 1198 1505 1510 1578; x_wconf 81' lang='lat' dir='ltr'><strong>exangulat,</strong></span> <span class='ocrx_word' id='word_1_113' title='bbox 1543 1507 1640 1561; x_wconf 89' lang='lat' dir='ltr'><strong>sed</strong></span> <span class='ocrx_word' id='word_1_114' title='bbox 1685 1505 1962 1560; x_wconf 85' lang='lat' dir='ltr'><strong>licentiam</strong></span> 
     </span>
    </p>
   </div>
   <div class='ocr_carea' id='block_1_17' title="bbox 376 1590 1963 1670">
    <p class='ocr_par' dir='ltr' id='par_1_17' title="bbox 376 1590 1963 1670">
     <span class='ocr_line' id='line_1_17' title="bbox 376 1590 1963 1670; baseline -0.004 -12"><span class='ocrx_word' id='word_1_115' title='bbox 376 1605 636 1661; x_wconf 87' lang='lat' dir='ltr'><strong>vitiorum</strong></span> <span class='ocrx_word' id='word_1_116' title='bbox 664 1619 786 1659; x_wconf 86' lang='lat' dir='ltr'><strong>cum</strong></span> <span class='ocrx_word' id='word_1_117' title='bbox 803 1601 965 1656; x_wconf 82' lang='lat' dir='ltr'><strong>fuerit</strong></span> <span class='ocrx_word' id='word_1_118' title='bbox 985 1590 1220 1670; x_wconf 83' lang='lat' dir='ltr'><strong>recepta,</strong></span> <span class='ocrx_word' id='word_1_119' title='bbox 1238 1599 1577 1654; x_wconf 86' lang='lat' dir='ltr'><strong>corroborat.</strong></span> <span class='ocrx_word' id='word_1_120' title='bbox 1599 1597 1735 1652; x_wconf 87' lang='lat' dir='ltr'><strong>Nam</strong></span> <span class='ocrx_word' id='word_1_121' title='bbox 1752 1605 1963 1652; x_wconf 86' lang='lat' dir='ltr'><strong>mentes</strong></span> 
     </span>
    </p>
   </div>
   <div class='ocr_carea' id='block_1_18' title="bbox 373 1689 1962 1765">
    <p class='ocr_par' dir='ltr' id='par_1_18' title="bbox 373 1689 1962 1765">
     <span class='ocr_line' id='line_1_18' title="bbox 373 1689 1962 1765; baseline -0.004 -16"><span class='ocrx_word' id='word_1_122' title='bbox 373 1696 669 1751; x_wconf 81' lang='lat' dir='ltr'><strong>virtutibus</strong></span> <span class='ocrx_word' id='word_1_123' title='bbox 700 1694 888 1765; x_wconf 86' lang='lat' dir='ltr'><strong>plenas</strong></span> <span class='ocrx_word' id='word_1_124' title='bbox 915 1691 1134 1746; x_wconf 88' lang='lat' dir='ltr'><strong>omnino</strong></span> <span class='ocrx_word' id='word_1_125' title='bbox 1190 1705 1297 1746; x_wconf 89' lang='lat' dir='ltr'><strong>non</strong></span> <span class='ocrx_word' id='word_1_126' title='bbox 1327 1697 1594 1760; x_wconf 87' lang='lat' dir='ltr'><strong>penetrat,</strong></span> <span class='ocrx_word' id='word_1_127' title='bbox 1622 1703 1824 1744; x_wconf 84' lang='lat' dir='ltr'><strong>vacuos</strong></span> <span class='ocrx_word' id='word_1_128' title='bbox 1849 1689 1962 1743; x_wconf 88' lang='lat' dir='ltr'><strong>vir-</strong></span> 
     </span>
    </p>
   </div>
   <div class='ocr_carea' id='block_1_19' title="bbox 2071 499 3660 574">
    <p class='ocr_par' dir='ltr' id='par_1_19' title="bbox 2071 499 3660 574">
     <span class='ocr_line' id='line_1_19' title="bbox 2071 499 3660 574; baseline 0.004 -20"><span class='ocrx_word' id='word_1_129' title='bbox 2071 501 2333 570; x_wconf 88' lang='lat' dir='ltr'><strong>scriptum</strong></span> <span class='ocrx_word' id='word_1_130' title='bbox 2369 509 2484 555; x_wconf 85' lang='lat' dir='ltr'><strong>est:</strong></span> <span class='ocrx_word' id='word_1_131' title='bbox 2517 499 2705 554; x_wconf 76' lang='lat' dir='ltr'><strong>Melior</strong></span> <span class='ocrx_word' id='word_1_132' title='bbox 2721 511 2798 555; x_wconf 89' lang='lat' dir='ltr'><strong>est</strong></span> <span class='ocrx_word' id='word_1_133' title='bbox 2826 504 2908 555; x_wconf 87' lang='lat' dir='ltr'><strong>ira</strong></span> <span class='ocrx_word' id='word_1_134' title='bbox 2930 504 3061 568; x_wconf 92' lang='lat' dir='ltr'><strong>risu,</strong></span> <span class='ocrx_word' id='word_1_135' title='bbox 3085 505 3206 574; x_wconf 79' lang='lat' dir='ltr'><strong>quia</strong></span> <span class='ocrx_word' id='word_1_136' title='bbox 3253 521 3347 574; x_wconf 84' lang='lat' dir='ltr'><strong>per</strong></span> <span class='ocrx_word' id='word_1_137' title='bbox 3389 505 3660 560; x_wconf 78' lang='lat' dir='ltr'><strong>tristitiam</strong></span> 
     </span>
    </p>
   </div>
   <div class='ocr_carea' id='block_1_20' title="bbox 2069 594 3658 669">
    <p class='ocr_par' dir='ltr' id='par_1_20' title="bbox 2069 594 3658 669">
     <span class='ocr_line' id='line_1_20' title="bbox 2069 594 3658 669; baseline 0.001 -21"><span class='ocrx_word' id='word_1_138' title='bbox 2069 594 2242 648; x_wconf 82' lang='lat' dir='ltr'><strong>vultus</strong></span> <span class='ocrx_word' id='word_1_139' title='bbox 2292 594 2576 664; x_wconf 82' lang='lat' dir='ltr'><strong>corrigitur</strong></span> <span class='ocrx_word' id='word_1_140' title='bbox 2615 595 2824 649; x_wconf 87' lang='lat' dir='ltr'><strong>animus</strong></span> <span class='ocrx_word' id='word_1_141' title='bbox 2866 595 3216 667; x_wconf 75' lang='lat' dir='ltr'><strong>delinquentis</strong></span> <span class='ocrx_word' id='word_1_142' title='bbox 3264 595 3492 668; x_wconf 84' lang='lat' dir='ltr'><strong>(Eccles.</strong></span> <span class='ocrx_word' id='word_1_143' title='bbox 3536 598 3658 669; x_wconf 85' lang='lat' dir='ltr'><strong>vn).</strong></span> 
     </span>
    </p>
   </div>
   <div class='ocr_carea' id='block_1_21' title="bbox 2069 683 3664 756">
    <p class='ocr_par' dir='ltr' id='par_1_21' title="bbox 2069 683 3664 756">
     <span class='ocr_line' id='line_1_21' title="bbox 2069 683 3664 756; baseline 0.003 -18"><span class='ocrx_word' id='word_1_144' title='bbox 2069 684 2206 740; x_wconf 85' lang='lat' dir='ltr'><strong>Hinc</strong></span> <span class='ocrx_word' id='word_1_145' title='bbox 2233 699 2332 739; x_wconf 90' lang='lat' dir='ltr'><strong>nos</strong></span> <span class='ocrx_word' id='word_1_146' title='bbox 2357 683 2590 740; x_wconf 85' lang='lat' dir='ltr'><strong>Jacobus</strong></span> <span class='ocrx_word' id='word_1_147' title='bbox 2631 687 2910 756; x_wconf 85' lang='lat' dir='ltr'><strong>apostolus</strong></span> <span class='ocrx_word' id='word_1_148' title='bbox 2946 687 3268 743; x_wconf 79' lang='lat' dir='ltr'><strong>terribiliter</strong></span> <span class='ocrx_word' id='word_1_149' title='bbox 3295 687 3553 742; x_wconf 89' lang='lat' dir='ltr'><strong>admonet</strong></span> <span class='ocrx_word' id='word_1_150' title='bbox 3581 689 3664 746; x_wconf 85' lang='lat' dir='ltr'><strong>di-</strong></span> 
     </span>
    </p>
   </div>
   <div class='ocr_carea' id='block_1_22' title="bbox 2067 774 3663 848">
    <p class='ocr_par' dir='ltr' id='par_1_22' title="bbox 2067 774 3663 848">
     <span class='ocr_line' id='line_1_22' title="bbox 2067 774 3663 848; baseline 0.003 -17"><span class='ocrx_word' id='word_1_151' title='bbox 2067 791 2199 832; x_wconf 87' lang='lat' dir='ltr'><strong>cens</strong></span> <span class='ocrx_word' id='word_1_152' title='bbox 2222 795 2234 829; x_wconf 92' lang='lat'>:</span> <span class='ocrx_word' id='word_1_153' title='bbox 2274 775 2456 830; x_wconf 80' lang='lat' dir='ltr'><strong>Miseri</strong></span> <span class='ocrx_word' id='word_1_154' title='bbox 2478 787 2661 842; x_wconf 82' lang='lat' dir='ltr'><strong>estote,</strong></span> <span class='ocrx_word' id='word_1_155' title='bbox 2685 777 2856 848; x_wconf 81' lang='lat' dir='ltr'><strong>lugete</strong></span> <span class='ocrx_word' id='word_1_156' title='bbox 2882 787 2931 832; x_wconf 86' lang='lat' dir='ltr'><strong>et</strong></span> <span class='ocrx_word' id='word_1_157' title='bbox 2978 777 3199 846; x_wconf 72' lang='lat' dir='ltr'><strong>plorata.</strong></span> <span class='ocrx_word' id='word_1_158' title='bbox 3231 778 3390 832; x_wconf 78' lang='lat' dir='ltr'><strong>Risus</strong></span> <span class='ocrx_word' id='word_1_159' title='bbox 3414 774 3585 834; x_wconf 80' lang='lat' dir='ltr'><strong>vester</strong></span> <span class='ocrx_word' id='word_1_160' title='bbox 3606 781 3663 835; x_wconf 72' lang='lat' dir='ltr'><strong>in</strong></span> 
     </span>
    </p>
   </div>
   <div class='ocr_carea' id='block_1_23' title="bbox 2067 867 3658 942">
    <p class='ocr_par' dir='ltr' id='par_1_23' title="bbox 2067 867 3658 942">
     <span class='ocr_line' id='line_1_23' title="bbox 2067 867 3658 942; baseline 0.003 -22"><span class='ocrx_word' id='word_1_161' title='bbox 2067 867 2638 933; x_wconf 78' lang='lat' dir='ltr'><strong>lucttmtcouvertetur,</strong></span> <span class='ocrx_word' id='word_1_162' title='bbox 2665 879 2714 922; x_wconf 90' lang='lat' dir='ltr'><strong>et</strong></span> <span class='ocrx_word' id='word_1_163' title='bbox 2757 869 3010 939; x_wconf 79' lang='lat' dir='ltr'><strong>gaudium</strong></span> <span class='ocrx_word' id='word_1_164' title='bbox 3057 869 3113 923; x_wconf 84' lang='lat' dir='ltr'><strong>in</strong></span> <span class='ocrx_word' id='word_1_165' title='bbox 3141 885 3413 924; x_wconf 69' lang='lat' dir='ltr'><strong>maerorem</strong></span> <span class='ocrx_word' id='word_1_166' title='bbox 3449 868 3658 942; x_wconf 76' lang='lat' dir='ltr'><strong>(Iacob.</strong></span> 
     </span>
    </p>
   </div>
   <div class='ocr_carea' id='block_1_24' title="bbox 2067 957 3660 1030">
    <p class='ocr_par' dir='ltr' id='par_1_24' title="bbox 2067 957 3660 1030">
     <span class='ocr_line' id='line_1_24' title="bbox 2067 957 3660 1030; baseline 0.001 -20"><span class='ocrx_word' id='word_1_167' title='bbox 2067 957 2162 1028; x_wconf 81' lang='lat' dir='ltr'><strong>tv).</strong></span> <span class='ocrx_word' id='word_1_168' title='bbox 2184 958 2320 1013; x_wconf 90' lang='lat' dir='ltr'><strong>Hinc</strong></span> <span class='ocrx_word' id='word_1_169' title='bbox 2333 959 2595 1013; x_wconf 81' lang='lat' dir='ltr'><strong>Dominus</strong></span> <span class='ocrx_word' id='word_1_170' title='bbox 2625 959 2703 1012; x_wconf 91' lang='lat' dir='ltr'><strong>ait</strong></span> <span class='ocrx_word' id='word_1_171' title='bbox 2728 977 2740 1012; x_wconf 91' lang='lat'><strong>:</strong></span> <span class='ocrx_word' id='word_1_172' title='bbox 2781 957 2871 1012; x_wconf 77' lang='lat' dir='ltr'><strong>Vte</strong></span> <span class='ocrx_word' id='word_1_173' title='bbox 2892 958 3034 1012; x_wconf 82' lang='lat' dir='ltr'><strong>vobis</strong></span> <span class='ocrx_word' id='word_1_174' title='bbox 3059 959 3150 1030; x_wconf 84' lang='lat' dir='ltr'><strong>qui</strong></span> <span class='ocrx_word' id='word_1_175' title='bbox 3177 958 3380 1025; x_wconf 83' lang='lat' dir='ltr'><strong>ridetis,</strong></span> <span class='ocrx_word' id='word_1_176' title='bbox 3407 960 3660 1030; x_wconf 70' lang='lat' dir='ltr'><strong>quoniam</strong></span> 
     </span>
    </p>
   </div>
   <div class='ocr_carea' id='block_1_25' title="bbox 2064 1047 3662 1121">
    <p class='ocr_par' dir='ltr' id='par_1_25' title="bbox 2064 1047 3662 1121">
     <span class='ocr_line' id='line_1_25' title="bbox 2064 1047 3662 1121; baseline 0.001 -20"><span class='ocrx_word' id='word_1_177' title='bbox 2064 1047 2336 1118; x_wconf 84' lang='lat' dir='ltr'><strong>plorabitis</strong></span> <span class='ocrx_word' id='word_1_178' title='bbox 2356 1058 2404 1103; x_wconf 87' lang='lat' dir='ltr'><strong>et</strong></span> <span class='ocrx_word' id='word_1_179' title='bbox 2431 1049 2624 1119; x_wconf 79' lang='lat' dir='ltr'><strong>ﬂebitis</strong></span> <span class='ocrx_word' id='word_1_180' title='bbox 2657 1049 2809 1121; x_wconf 83' lang='lat' dir='ltr'><strong>(Luc.</strong></span> <span class='ocrx_word' id='word_1_181' title='bbox 2841 1050 2941 1120; x_wconf 76' lang='lat' dir='ltr'><strong>Vl).</strong></span> <span class='ocrx_word' id='word_1_182' title='bbox 2973 1048 3090 1104; x_wconf 85' lang='lat' dir='ltr'><strong>Non</strong></span> <span class='ocrx_word' id='word_1_183' title='bbox 3119 1049 3350 1104; x_wconf 90' lang='lat' dir='ltr'><strong>multum</strong></span> <span class='ocrx_word' id='word_1_184' title='bbox 3386 1051 3547 1106; x_wconf 85' lang='lat' dir='ltr'><strong>debet</strong></span> <span class='ocrx_word' id='word_1_185' title='bbox 3589 1051 3662 1104; x_wconf 91' lang='lat' dir='ltr'><strong>ri-</strong></span> 
     </span>
    </p>
   </div>
   <div class='ocr_carea' id='block_1_26' title="bbox 2063 1139 3661 1210">
    <p class='ocr_par' dir='ltr' id='par_1_26' title="bbox 2063 1139 3661 1210">
     <span class='ocr_line' id='line_1_26' title="bbox 2063 1139 3661 1210; baseline 0 -14"><span class='ocrx_word' id='word_1_186' title='bbox 2063 1141 2196 1196; x_wconf 88' lang='lat' dir='ltr'><strong>dere</strong></span> <span class='ocrx_word' id='word_1_187' title='bbox 2217 1141 2539 1205; x_wconf 87' lang='lat' dir='ltr'><strong>monachus,</strong></span> <span class='ocrx_word' id='word_1_188' title='bbox 2570 1140 2663 1210; x_wconf 91' lang='lat' dir='ltr'><strong>qui</strong></span> <span class='ocrx_word' id='word_1_189' title='bbox 2712 1139 2877 1196; x_wconf 88' lang='lat' dir='ltr'><strong>corde</strong></span> <span class='ocrx_word' id='word_1_190' title='bbox 2901 1140 3140 1196; x_wconf 85' lang='lat' dir='ltr'><strong>contrito</strong></span> <span class='ocrx_word' id='word_1_191' title='bbox 3163 1149 3220 1196; x_wconf 89' lang='lat' dir='ltr'><strong>et</strong></span> <span class='ocrx_word' id='word_1_192' title='bbox 3253 1141 3539 1196; x_wconf 84' lang='lat' dir='ltr'><strong>humiliato</strong></span> <span class='ocrx_word' id='word_1_193' title='bbox 3567 1142 3661 1196; x_wconf 89' lang='lat' dir='ltr'><strong>de-</strong></span> 
     </span>
    </p>
   </div>
   <div class='ocr_carea' id='block_1_27' title="bbox 2063 1229 3659 1302">
    <p class='ocr_par' dir='ltr' id='par_1_27' title="bbox 2063 1229 3659 1302">
     <span class='ocr_line' id='line_1_27' title="bbox 2063 1229 3659 1302; baseline 0 -16"><span class='ocrx_word' id='word_1_194' title='bbox 2063 1231 2156 1286; x_wconf 88' lang='lat' dir='ltr'><strong>bet</strong></span> <span class='ocrx_word' id='word_1_195' title='bbox 2181 1229 2388 1286; x_wconf 87' lang='lat' dir='ltr'><strong>servire</strong></span> <span class='ocrx_word' id='word_1_196' title='bbox 2412 1230 2661 1286; x_wconf 89' lang='lat' dir='ltr'><strong>Domino.</strong></span> <span class='ocrx_word' id='word_1_197' title='bbox 2682 1230 2797 1285; x_wconf 77' lang='lat' dir='ltr'><strong>Non</strong></span> <span class='ocrx_word' id='word_1_198' title='bbox 2819 1246 3109 1288; x_wconf 84' lang='lat' dir='ltr'><strong>excussum</strong></span> <span class='ocrx_word' id='word_1_199' title='bbox 3136 1231 3333 1298; x_wconf 89' lang='lat' dir='ltr'><strong>risum,</strong></span> <span class='ocrx_word' id='word_1_200' title='bbox 3360 1232 3414 1287; x_wconf 89' lang='lat' dir='ltr'><strong>id</strong></span> <span class='ocrx_word' id='word_1_201' title='bbox 3439 1239 3544 1296; x_wconf 86' lang='lat' dir='ltr'><strong>est,</strong></span> <span class='ocrx_word' id='word_1_202' title='bbox 3565 1234 3659 1302; x_wconf 79' lang='lat' dir='ltr'><strong>qui</strong></span> 
     </span>
    </p>
   </div>
   <div class='ocr_carea' id='block_1_28' title="bbox 2064 1322 3660 1390">
    <p class='ocr_par' dir='ltr' id='par_1_28' title="bbox 2064 1322 3660 1390">
     <span class='ocr_line' id='line_1_28' title="bbox 2064 1322 3660 1390; baseline 0.002 -14"><span class='ocrx_word' id='word_1_203' title='bbox 2064 1322 2173 1377; x_wconf 87' lang='lat' dir='ltr'><strong>alta</strong></span> <span class='ocrx_word' id='word_1_204' title='bbox 2194 1338 2328 1379; x_wconf 91' lang='lat' dir='ltr'><strong>voce</strong></span> <span class='ocrx_word' id='word_1_205' title='bbox 2350 1324 2625 1379; x_wconf 81' lang='lat' dir='ltr'><strong>excutitur</strong></span> <span class='ocrx_word' id='word_1_206' title='bbox 2648 1332 2706 1380; x_wconf 92' lang='lat' dir='ltr'><strong>et</strong></span> <span class='ocrx_word' id='word_1_207' title='bbox 2739 1324 3105 1379; x_wconf 87' lang='lat' dir='ltr'><strong>excutientem</strong></span> <span class='ocrx_word' id='word_1_208' title='bbox 3133 1339 3193 1380; x_wconf 88' lang='lat' dir='ltr'><strong>se</strong></span> <span class='ocrx_word' id='word_1_209' title='bbox 3237 1325 3470 1390; x_wconf 86' lang='lat' dir='ltr'><strong>excutit,</strong></span> <span class='ocrx_word' id='word_1_210' title='bbox 3497 1325 3660 1381; x_wconf 80' lang='lat' dir='ltr'><strong>debet</strong></span> 
     </span>
    </p>
   </div>
   <div class='ocr_carea' id='block_1_29' title="bbox 2063 1413 3654 1480">
    <p class='ocr_par' dir='ltr' id='par_1_29' title="bbox 2063 1413 3654 1480">
     <span class='ocr_line' id='line_1_29' title="bbox 2063 1413 3654 1480; baseline 0.002 -14"><span class='ocrx_word' id='word_1_211' title='bbox 2063 1427 2247 1468; x_wconf 82' lang='lat' dir='ltr'><strong>amare</strong></span> <span class='ocrx_word' id='word_1_212' title='bbox 2271 1413 2594 1478; x_wconf 84' lang='lat' dir='ltr'><strong>monachus,</strong></span> <span class='ocrx_word' id='word_1_213' title='bbox 2630 1428 2697 1468; x_wconf 91' lang='lat' dir='ltr'><strong>ne</strong></span> <span class='ocrx_word' id='word_1_214' title='bbox 2724 1413 2922 1468; x_wconf 89' lang='lat' dir='ltr'><strong>stultus</strong></span> <span class='ocrx_word' id='word_1_215' title='bbox 2947 1420 3166 1468; x_wconf 86' lang='lat' dir='ltr'><strong>notetur</strong></span> <span class='ocrx_word' id='word_1_216' title='bbox 3205 1414 3277 1469; x_wconf 88' lang='lat' dir='ltr'><strong>ab</strong></span> <span class='ocrx_word' id='word_1_217' title='bbox 3303 1415 3614 1470; x_wconf 86' lang='lat' dir='ltr'><strong>hominibus</strong></span> <span class='ocrx_word' id='word_1_218' title='bbox 3639 1456 3654 1480; x_wconf 92' lang='lat'><strong>,</strong></span> 
     </span>
    </p>
   </div>
   <div class='ocr_carea' id='block_1_30' title="bbox 2063 1502 3657 1572">
    <p class='ocr_par' dir='ltr' id='par_1_30' title="bbox 2063 1502 3657 1572">
     <span class='ocr_line' id='line_1_30' title="bbox 2063 1502 3657 1572; baseline 0.003 -15"><span class='ocrx_word' id='word_1_219' title='bbox 2063 1503 2188 1572; x_wconf 86' lang='lat' dir='ltr'><strong>quia</strong></span> <span class='ocrx_word' id='word_1_220' title='bbox 2214 1511 2479 1570; x_wconf 78' lang='lat' dir='ltr'><strong>scriptum</strong></span> <span class='ocrx_word' id='word_1_221' title='bbox 2501 1502 2586 1560; x_wconf 87' lang='lat' dir='ltr'><strong>est</strong></span> <span class='ocrx_word' id='word_1_222' title='bbox 2610 1521 2624 1557; x_wconf 92' lang='lat'><strong>:</strong></span> <span class='ocrx_word' id='word_1_223' title='bbox 2655 1502 2864 1559; x_wconf 82' lang='lat' dir='ltr'><strong>Stultus</strong></span> <span class='ocrx_word' id='word_1_224' title='bbox 2889 1505 2944 1558; x_wconf 79' lang='lat' dir='ltr'><strong>in</strong></span> <span class='ocrx_word' id='word_1_225' title='bbox 2967 1506 3078 1559; x_wconf 83' lang='lat' dir='ltr'><strong>risu</strong></span> <span class='ocrx_word' id='word_1_226' title='bbox 3093 1505 3294 1560; x_wconf 74' lang='lat' dir='ltr'><strong>exultat</strong></span> <span class='ocrx_word' id='word_1_227' title='bbox 3305 1523 3477 1561; x_wconf 75' lang='lat' dir='ltr'><strong>vocem</strong></span> <span class='ocrx_word' id='word_1_228' title='bbox 3505 1525 3657 1561; x_wconf 79' lang='lat' dir='ltr'><strong>suam</strong></span> 
     </span>
    </p>
   </div>
   <div class='ocr_carea' id='block_1_31' title="bbox 2063 1592 3656 1668">
    <p class='ocr_par' dir='ltr' id='par_1_31' title="bbox 2063 1592 3656 1668">
     <span class='ocr_line' id='line_1_31' title="bbox 2063 1592 3656 1668; baseline 0.003 -18"><span class='ocrx_word' id='word_1_229' title='bbox 2063 1592 2409 1668; x_wconf 73' lang='lat' dir='ltr'><strong>(Eccli.xx1).</strong></span> <span class='ocrx_word' id='word_1_230' title='bbox 2439 1595 2525 1661; x_wconf 87' lang='lat' dir='ltr'><strong>Et,</strong></span> <span class='ocrx_word' id='word_1_231' title='bbox 2547 1595 2685 1649; x_wconf 85' lang='lat' dir='ltr'><strong>sicut</strong></span> <span class='ocrx_word' id='word_1_232' title='bbox 2716 1596 2923 1650; x_wconf 82' lang='lat' dir='ltr'><strong>sonitus</strong></span> <span class='ocrx_word' id='word_1_233' title='bbox 2952 1597 3230 1667; x_wconf 78' lang='lat' dir='ltr'><strong>spinarum</strong></span> <span class='ocrx_word' id='word_1_234' title='bbox 3276 1599 3374 1652; x_wconf 87' lang='lat' dir='ltr'><strong>sub</strong></span> <span class='ocrx_word' id='word_1_235' title='bbox 3420 1598 3548 1664; x_wconf 89' lang='lat' dir='ltr'><strong>olla,</strong></span> <span class='ocrx_word' id='word_1_236' title='bbox 3580 1602 3656 1655; x_wconf 86' lang='lat' dir='ltr'><strong>sic</strong></span> 
     </span>
    </p>
   </div>
   <div class='ocr_carea' id='block_1_32' title="bbox 2063 1685 3652 1757">
    <p class='ocr_par' dir='ltr' id='par_1_32' title="bbox 2063 1685 3652 1757">
     <span class='ocr_line' id='line_1_32' title="bbox 2063 1685 3652 1757; baseline 0.004 -19"><span class='ocrx_word' id='word_1_237' title='bbox 2063 1685 2200 1740; x_wconf 86' lang='lat' dir='ltr'><strong>risus</strong></span> <span class='ocrx_word' id='word_1_238' title='bbox 2222 1685 2276 1739; x_wconf 88' lang='lat' dir='ltr'><strong>in</strong></span> <span class='ocrx_word' id='word_1_239' title='bbox 2310 1703 2400 1740; x_wconf 86' lang='lat' dir='ltr'><strong>ore</strong></span> <span class='ocrx_word' id='word_1_240' title='bbox 2426 1686 2573 1740; x_wconf 88' lang='lat' dir='ltr'><strong>stulti</strong></span> <span class='ocrx_word' id='word_1_241' title='bbox 2604 1685 2832 1757; x_wconf 84' lang='lat' dir='ltr'><strong>(Ecclcs.</strong></span> <span class='ocrx_word' id='word_1_242' title='bbox 2876 1686 2997 1757; x_wconf 74' lang='lat' dir='ltr'><strong>vlt).</strong></span> <span class='ocrx_word' id='word_1_243' title='bbox 3034 1686 3371 1743; x_wconf 86' lang='lat' dir='ltr'><strong>Naturaliter</strong></span> <span class='ocrx_word' id='word_1_244' title='bbox 3395 1701 3480 1745; x_wconf 86' lang='lat' dir='ltr'><strong>est</strong></span> <span class='ocrx_word' id='word_1_245' title='bbox 3505 1693 3652 1745; x_wconf 90' lang='lat' dir='ltr'><strong>enim</strong></span> 
     </span>
    </p>
   </div>
   <div class='ocr_carea' id='block_1_33' title="bbox 375 1757 3658 1850">
    <p class='ocr_par' dir='ltr' id='par_1_33' title="bbox 375 1757 3658 1850">
     <span class='ocr_line' id='line_1_33' title="bbox 375 1757 3658 1850; baseline -0.002 -10"><span class='ocrx_word' id='word_1_246' title='bbox 375 1787 582 1841; x_wconf 88' lang='lat' dir='ltr'><strong>tutibns</strong></span> <span class='ocrx_word' id='word_1_247' title='bbox 635 1757 829 1849; x_wconf 79' lang='lat' dir='ltr'><strong>tentat,</strong></span> <span class='ocrx_word' id='word_1_248' title='bbox 864 1781 1150 1838; x_wconf 87' lang='lat' dir='ltr'><strong>dilectores</strong></span> <span class='ocrx_word' id='word_1_249' title='bbox 1185 1795 1312 1835; x_wconf 89' lang='lat' dir='ltr'><strong>suos</strong></span> <span class='ocrx_word' id='word_1_250' title='bbox 1327 1757 1669 1850; x_wconf 62' lang='lat' dir='ltr'><strong>praecipitat,</strong></span> <span class='ocrx_word' id='word_1_251' title='bbox 1693 1793 1788 1833; x_wconf 90' lang='lat' dir='ltr'><strong>eos</strong></span> <span class='ocrx_word' id='word_1_252' title='bbox 1813 1779 1962 1833; x_wconf 64' lang='lat' dir='ltr'><strong>vide»</strong></span> <span class='ocrx_word' id='word_1_253' title='bbox 1989 1757 2037 1816; x_wconf 78' lang='grc' dir='ltr'><strong>Β</strong></span> <span class='ocrx_word' id='word_1_254' title='bbox 2065 1779 2243 1833; x_wconf 86' lang='lat' dir='ltr'><strong>ridere</strong></span> <span class='ocrx_word' id='word_1_255' title='bbox 2270 1779 2493 1843; x_wconf 87' lang='lat' dir='ltr'><strong>homini,</strong></span> <span class='ocrx_word' id='word_1_256' title='bbox 2527 1787 2583 1834; x_wconf 90' lang='lat' dir='ltr'><strong>et</strong></span> <span class='ocrx_word' id='word_1_257' title='bbox 2621 1780 2743 1834; x_wconf 84' lang='lat' dir='ltr'><strong>ideo</strong></span> <span class='ocrx_word' id='word_1_258' title='bbox 2767 1795 2875 1835; x_wconf 92' lang='lat' dir='ltr'><strong>non</strong></span> <span class='ocrx_word' id='word_1_259' title='bbox 2900 1787 3078 1849; x_wconf 88' lang='lat' dir='ltr'><strong>potest</strong></span> <span class='ocrx_word' id='word_1_260' title='bbox 3116 1780 3278 1835; x_wconf 88' lang='lat' dir='ltr'><strong>homo</strong></span> <span class='ocrx_word' id='word_1_261' title='bbox 3335 1780 3410 1835; x_wconf 89' lang='lat' dir='ltr'><strong>illi</strong></span> <span class='ocrx_word' id='word_1_262' title='bbox 3439 1782 3658 1850; x_wconf 86' lang='lat' dir='ltr'><strong>penitus</strong></span> 
     </span>
    </p>
   </div>
   <div class='ocr_carea' id='block_1_34' title="bbox 377 1869 1962 1946">
    <p class='ocr_par' dir='ltr' id='par_1_34' title="bbox 377 1869 1962 1946">
     <span class='ocr_line' id='line_1_34' title="bbox 377 1869 1962 1946; baseline -0.005 -15"><span class='ocrx_word' id='word_1_263' title='bbox 377 1878 506 1931; x_wconf 90' lang='lat' dir='ltr'><strong>licet</strong></span> <span class='ocrx_word' id='word_1_264' title='bbox 538 1876 628 1946; x_wconf 89' lang='lat' dir='ltr'><strong>qui</strong></span> <span class='ocrx_word' id='word_1_265' title='bbox 660 1890 718 1930; x_wconf 89' lang='lat' dir='ltr'><strong>se</strong></span> <span class='ocrx_word' id='word_1_266' title='bbox 742 1871 1200 1944; x_wconf 86' lang='lat' dir='ltr'><strong>turpiterjactant</strong></span> <span class='ocrx_word' id='word_1_267' title='bbox 1220 1879 1276 1926; x_wconf 90' lang='lat' dir='ltr'><strong>et</strong></span> <span class='ocrx_word' id='word_1_268' title='bbox 1298 1887 1358 1926; x_wconf 91' lang='lat' dir='ltr'><strong>se</strong></span> <span class='ocrx_word' id='word_1_269' title='bbox 1392 1871 1462 1924; x_wconf 88' lang='lat' dir='ltr'><strong>ab</strong></span> <span class='ocrx_word' id='word_1_270' title='bbox 1490 1870 1743 1925; x_wconf 91' lang='lat' dir='ltr'><strong>omnibus</strong></span> <span class='ocrx_word' id='word_1_271' title='bbox 1763 1869 1962 1940; x_wconf 71' lang='lat' dir='ltr'><strong>prtedi-</strong></span> 
     </span>
    </p>
   </div>
   <div class='ocr_carea' id='block_1_35' title="bbox 374 1960 1965 2037">
    <p class='ocr_par' dir='ltr' id='par_1_35' title="bbox 374 1960 1965 2037">
     <span class='ocr_line' id='line_1_35' title="bbox 374 1960 1965 2037; baseline -0.005 -17"><span class='ocrx_word' id='word_1_272' title='bbox 374 1969 485 2022; x_wconf 73' lang='lat' dir='ltr'><strong>rari</strong></span> <span class='ocrx_word' id='word_1_273' title='bbox 528 1983 626 2037; x_wconf 87' lang='lat' dir='ltr'><strong>per</strong></span> <span class='ocrx_word' id='word_1_274' title='bbox 653 1965 806 2020; x_wconf 85' lang='lat' dir='ltr'><strong>nefas</strong></span> <span class='ocrx_word' id='word_1_275' title='bbox 833 1963 1121 2019; x_wconf 84' lang='lat' dir='ltr'><strong>delectant.</strong></span> <span class='ocrx_word' id='word_1_276' title='bbox 1163 1961 1267 2029; x_wconf 84' lang='lat' dir='ltr'><strong>Qui</strong></span> <span class='ocrx_word' id='word_1_277' title='bbox 1297 1960 1718 2016; x_wconf 88' lang='lat' dir='ltr'><strong>salutationibus</strong></span> <span class='ocrx_word' id='word_1_278' title='bbox 1771 1973 1965 2014; x_wconf 91' lang='lat' dir='ltr'><strong>occur-</strong></span> 
     </span>
    </p>
   </div>
   <div class='ocr_carea' id='block_1_36' title="bbox 374 2048 1960 2128">
    <p class='ocr_par' dir='ltr' id='par_1_36' title="bbox 374 2048 1960 2128">
     <span class='ocr_line' id='line_1_36' title="bbox 374 2048 1960 2128; baseline -0.007 -16"><span class='ocrx_word' id='word_1_279' title='bbox 374 2059 609 2114; x_wconf 87' lang='lat' dir='ltr'><strong>rentium</strong></span> <span class='ocrx_word' id='word_1_280' title='bbox 643 2057 901 2128; x_wconf 81' lang='lat' dir='ltr'><strong>gaudent,</strong></span> <span class='ocrx_word' id='word_1_281' title='bbox 929 2054 1043 2109; x_wconf 89' lang='lat' dir='ltr'><strong>suis</strong></span> <span class='ocrx_word' id='word_1_282' title='bbox 1072 2051 1445 2108; x_wconf 88' lang='lat' dir='ltr'><strong>adulatoribus</strong></span> <span class='ocrx_word' id='word_1_283' title='bbox 1473 2049 1678 2115; x_wconf 86' lang='lat' dir='ltr'><strong>favent,</strong></span> <span class='ocrx_word' id='word_1_284' title='bbox 1712 2048 1960 2118; x_wconf 85' lang='lat' dir='ltr'><strong>volupta-</strong></span> 
     </span>
    </p>
   </div>
   <div class='ocr_carea' id='block_1_37' title="bbox 370 2144 1957 2222">
    <p class='ocr_par' dir='ltr' id='par_1_37' title="bbox 370 2144 1957 2222">
     <span class='ocr_line' id='line_1_37' title="bbox 370 2144 1957 2222; baseline -0.006 -16"><span class='ocrx_word' id='word_1_285' title='bbox 370 2153 516 2206; x_wconf 87' lang='lat' dir='ltr'><strong>tibus</strong></span> <span class='ocrx_word' id='word_1_286' title='bbox 538 2157 750 2222; x_wconf 90' lang='lat' dir='ltr'><strong>parent,</strong></span> <span class='ocrx_word' id='word_1_287' title='bbox 793 2147 1102 2203; x_wconf 83' lang='lat' dir='ltr'><strong>hominibus</strong></span> <span class='ocrx_word' id='word_1_288' title='bbox 1132 2146 1377 2216; x_wconf 89' lang='lat' dir='ltr'><strong>turpibus</strong></span> <span class='ocrx_word' id='word_1_289' title='bbox 1405 2145 1659 2216; x_wconf 88' lang='lat' dir='ltr'><strong>placent,</strong></span> <span class='ocrx_word' id='word_1_290' title='bbox 1715 2144 1957 2214; x_wconf 82' lang='lat' dir='ltr'><strong>gestiunt</strong></span> 
     </span>
    </p>
   </div>
   <div class='ocr_carea' id='block_1_38' title="bbox 370 2238 1960 2314">
    <p class='ocr_par' dir='ltr' id='par_1_38' title="bbox 370 2238 1960 2314">
     <span class='ocr_line' id='line_1_38' title="bbox 370 2238 1960 2314; baseline -0.004 -17"><span class='ocrx_word' id='word_1_291' title='bbox 370 2247 565 2300; x_wconf 87' lang='lat' dir='ltr'><strong>docere</strong></span> <span class='ocrx_word' id='word_1_292' title='bbox 599 2243 740 2314; x_wconf 90' lang='lat' dir='ltr'><strong>quod</strong></span> <span class='ocrx_word' id='word_1_293' title='bbox 790 2243 1061 2307; x_wconf 84' lang='lat' dir='ltr'><strong>nesciunt,</strong></span> <span class='ocrx_word' id='word_1_294' title='bbox 1094 2240 1386 2296; x_wconf 87' lang='lat' dir='ltr'><strong>credidisse</strong></span> <span class='ocrx_word' id='word_1_295' title='bbox 1431 2239 1680 2295; x_wconf 89' lang='lat' dir='ltr'><strong>sublimia</strong></span> <span class='ocrx_word' id='word_1_296' title='bbox 1730 2238 1960 2302; x_wconf 83' lang='lat' dir='ltr'><strong>volunt,</strong></span> 
     </span>
    </p>
   </div>
   <div class='ocr_carea' id='block_1_39' title="bbox 368 2329 1962 2404">
    <p class='ocr_par' dir='ltr' id='par_1_39' title="bbox 368 2329 1962 2404">
     <span class='ocr_line' id='line_1_39' title="bbox 368 2329 1962 2404; baseline -0.001 -18"><span class='ocrx_word' id='word_1_297' title='bbox 368 2332 782 2388; x_wconf 83' lang='lat' dir='ltr'><strong>delectabilibus</strong></span> <span class='ocrx_word' id='word_1_298' title='bbox 814 2330 1070 2404; x_wconf 80' lang='lat' dir='ltr'><strong>gaudent,</strong></span> <span class='ocrx_word' id='word_1_299' title='bbox 1109 2330 1496 2402; x_wconf 84' lang='lat' dir='ltr'><strong>appellationes</strong></span> <span class='ocrx_word' id='word_1_300' title='bbox 1521 2330 1784 2385; x_wconf 90' lang='lat' dir='ltr'><strong>virtutum</strong></span> <span class='ocrx_word' id='word_1_301' title='bbox 1813 2329 1962 2384; x_wconf 87' lang='lat' dir='ltr'><strong>vitiis</strong></span> 
     </span>
    </p>
   </div>
   <div class='ocr_carea' id='block_1_40' title="bbox 369 2420 1961 2494">
    <p class='ocr_par' dir='ltr' id='par_1_40' title="bbox 369 2420 1961 2494">
     <span class='ocr_line' id='line_1_40' title="bbox 369 2420 1961 2494; baseline -0.004 -13"><span class='ocrx_word' id='word_1_302' title='bbox 369 2427 484 2481; x_wconf 86' lang='lat' dir='ltr'><strong>suis</strong></span> <span class='ocrx_word' id='word_1_303' title='bbox 520 2427 818 2494; x_wconf 86' lang='lat' dir='ltr'><strong>imponunt,</strong></span> <span class='ocrx_word' id='word_1_304' title='bbox 862 2424 1070 2492; x_wconf 88' lang='lat' dir='ltr'><strong>seipsos</strong></span> <span class='ocrx_word' id='word_1_305' title='bbox 1115 2422 1338 2488; x_wconf 79' lang='lat' dir='ltr'><strong>fallunt,</strong></span> <span class='ocrx_word' id='word_1_306' title='bbox 1388 2421 1630 2477; x_wconf 85' lang='lat' dir='ltr'><strong>faventes</strong></span> <span class='ocrx_word' id='word_1_307' title='bbox 1681 2420 1782 2476; x_wconf 91' lang='lat' dir='ltr'><strong>sibi</strong></span> <span class='ocrx_word' id='word_1_308' title='bbox 1814 2420 1961 2475; x_wconf 92' lang='lat' dir='ltr'><strong>deci-</strong></span> 
     </span>
    </p>
   </div>
   <div class='ocr_carea' id='block_1_41' title="bbox 368 2514 1960 2587">
    <p class='ocr_par' dir='ltr' id='par_1_41' title="bbox 368 2514 1960 2587">
     <span class='ocr_line' id='line_1_41' title="bbox 368 2514 1960 2587; baseline -0.001 -17"><span class='ocrx_word' id='word_1_309' title='bbox 368 2519 522 2587; x_wconf 87' lang='lat' dir='ltr'><strong>piunt</strong></span> <span class='ocrx_word' id='word_1_310' title='bbox 553 2535 565 2570; x_wconf 89' lang='lat'><strong>:</strong></span> <span class='ocrx_word' id='word_1_311' title='bbox 601 2517 653 2570; x_wconf 91' lang='lat' dir='ltr'><strong>in</strong></span> <span class='ocrx_word' id='word_1_312' title='bbox 687 2515 1046 2586; x_wconf 87' lang='lat' dir='ltr'><strong>promissione</strong></span> <span class='ocrx_word' id='word_1_313' title='bbox 1090 2514 1324 2582; x_wconf 85' lang='lat' dir='ltr'><strong>veloces,</strong></span> <span class='ocrx_word' id='word_1_314' title='bbox 1353 2514 1408 2568; x_wconf 90' lang='lat' dir='ltr'><strong>in</strong></span> <span class='ocrx_word' id='word_1_315' title='bbox 1435 2514 1772 2570; x_wconf 88' lang='lat' dir='ltr'><strong>exhibitione</strong></span> <span class='ocrx_word' id='word_1_316' title='bbox 1808 2529 1960 2569; x_wconf 86' lang='lat' dir='ltr'><strong>men-</strong></span> 
     </span>
    </p>
   </div>
   <div class='ocr_carea' id='block_1_42' title="bbox 367 2605 1957 2679">
    <p class='ocr_par' dir='ltr' id='par_1_42' title="bbox 367 2605 1957 2679">
     <span class='ocr_line' id='line_1_42' title="bbox 367 2605 1957 2679; baseline -0.003 -17"><span class='ocrx_word' id='word_1_317' title='bbox 367 2611 551 2674; x_wconf 83' lang='lat' dir='ltr'><strong>daces,</strong></span> <span class='ocrx_word' id='word_1_318' title='bbox 582 2609 636 2663; x_wconf 90' lang='lat' dir='ltr'><strong>in</strong></span> <span class='ocrx_word' id='word_1_319' title='bbox 663 2609 828 2664; x_wconf 88' lang='lat' dir='ltr'><strong>verbo</strong></span> <span class='ocrx_word' id='word_1_320' title='bbox 853 2623 1064 2679; x_wconf 79' lang='lat' dir='ltr'><strong>graves,</strong></span> <span class='ocrx_word' id='word_1_321' title='bbox 1093 2607 1146 2661; x_wconf 93' lang='lat' dir='ltr'><strong>in</strong></span> <span class='ocrx_word' id='word_1_322' title='bbox 1178 2607 1360 2662; x_wconf 90' lang='lat' dir='ltr'><strong>animo</strong></span> <span class='ocrx_word' id='word_1_323' title='bbox 1382 2615 1591 2676; x_wconf 88' lang='lat' dir='ltr'><strong>turpes,</strong></span> <span class='ocrx_word' id='word_1_324' title='bbox 1619 2605 1821 2676; x_wconf 90' lang='lat' dir='ltr'><strong>ubique</strong></span> <span class='ocrx_word' id='word_1_325' title='bbox 1857 2605 1957 2659; x_wconf 83' lang='lat' dir='ltr'><strong>fal-</strong></span> 
     </span>
    </p>
   </div>
   <div class='ocr_carea' id='block_1_43' title="bbox 368 2694 1956 2769">
    <p class='ocr_par' dir='ltr' id='par_1_43' title="bbox 368 2694 1956 2769">
     <span class='ocr_line' id='line_1_43' title="bbox 368 2694 1956 2769; baseline -0.001 -17"><span class='ocrx_word' id='word_1_326' title='bbox 368 2700 534 2764; x_wconf 85' lang='lat' dir='ltr'><strong>Iaces,</strong></span> <span class='ocrx_word' id='word_1_327' title='bbox 565 2699 672 2753; x_wconf 72' lang='lat' dir='ltr'><strong>lmti</strong></span> <span class='ocrx_word' id='word_1_328' title='bbox 699 2699 766 2753; x_wconf 90' lang='lat' dir='ltr'><strong>ad</strong></span> <span class='ocrx_word' id='word_1_329' title='bbox 814 2713 1096 2768; x_wconf 88' lang='lat' dir='ltr'><strong>prospera,</strong></span> <span class='ocrx_word' id='word_1_330' title='bbox 1128 2695 1347 2769; x_wconf 88' lang='lat' dir='ltr'><strong>fragiles</strong></span> <span class='ocrx_word' id='word_1_331' title='bbox 1385 2694 1453 2751; x_wconf 91' lang='lat' dir='ltr'><strong>ad</strong></span> <span class='ocrx_word' id='word_1_332' title='bbox 1492 2697 1749 2762; x_wconf 86' lang='lat' dir='ltr'><strong>adversa,</strong></span> <span class='ocrx_word' id='word_1_333' title='bbox 1788 2695 1956 2752; x_wconf 78' lang='lat' dir='ltr'><strong>inﬂati</strong></span> 
     </span>
    </p>
   </div>
   <div class='ocr_carea' id='block_1_44' title="bbox 367 2786 1960 2860">
    <p class='ocr_par' dir='ltr' id='par_1_44' title="bbox 367 2786 1960 2860">
     <span class='ocr_line' id='line_1_44' title="bbox 367 2786 1960 2860; baseline -0.001 -17"><span class='ocrx_word' id='word_1_334' title='bbox 367 2791 434 2845; x_wconf 85' lang='lat' dir='ltr'><strong>ad</strong></span> <span class='ocrx_word' id='word_1_335' title='bbox 465 2791 763 2860; x_wconf 86' lang='lat' dir='ltr'><strong>obsequia,</strong></span> <span class='ocrx_word' id='word_1_336' title='bbox 813 2789 958 2843; x_wconf 80' lang='lat' dir='ltr'><strong>anxii</strong></span> <span class='ocrx_word' id='word_1_337' title='bbox 1016 2789 1081 2844; x_wconf 90' lang='lat' dir='ltr'><strong>ad</strong></span> <span class='ocrx_word' id='word_1_338' title='bbox 1105 2787 1428 2858; x_wconf 88' lang='lat' dir='ltr'><strong>opprobria,</strong></span> <span class='ocrx_word' id='word_1_339' title='bbox 1487 2786 1834 2842; x_wconf 89' lang='lat' dir='ltr'><strong>immoderati</strong></span> <span class='ocrx_word' id='word_1_340' title='bbox 1888 2787 1960 2842; x_wconf 87' lang='lat' dir='ltr'><strong>ad</strong></span> 
     </span>
    </p>
   </div>
   <div class='ocr_carea' id='block_1_45' title="bbox 365 2879 1956 2955">
    <p class='ocr_par' dir='ltr' id='par_1_45' title="bbox 365 2879 1956 2955">
     <span class='ocr_line' id='line_1_45' title="bbox 365 2879 1956 2955; baseline -0.001 -17"><span class='ocrx_word' id='word_1_341' title='bbox 365 2883 582 2955; x_wconf 88' lang='lat' dir='ltr'><strong>gaudia.</strong></span> <span class='ocrx_word' id='word_1_342' title='bbox 613 2882 727 2938; x_wconf 91' lang='lat' dir='ltr'><strong>Hoc</strong></span> <span class='ocrx_word' id='word_1_343' title='bbox 780 2891 864 2938; x_wconf 90' lang='lat' dir='ltr'><strong>est</strong></span> <span class='ocrx_word' id='word_1_344' title='bbox 891 2882 1078 2937; x_wconf 89' lang='lat' dir='ltr'><strong>vitium</strong></span> <span class='ocrx_word' id='word_1_345' title='bbox 1121 2881 1400 2947; x_wconf 80' lang='lat' dir='ltr'><strong>vanitatis,</strong></span> <span class='ocrx_word' id='word_1_346' title='bbox 1428 2879 1572 2951; x_wconf 89' lang='lat' dir='ltr'><strong>quod</strong></span> <span class='ocrx_word' id='word_1_347' title='bbox 1600 2882 1820 2937; x_wconf 88' lang='lat' dir='ltr'><strong>omnino</strong></span> <span class='ocrx_word' id='word_1_348' title='bbox 1847 2889 1956 2936; x_wconf 82' lang='lat' dir='ltr'><strong>non</strong></span> 
     </span>
    </p>
   </div>
   <div class='ocr_carea' id='block_1_46' title="bbox 364 2972 1956 3044">
    <p class='ocr_par' dir='ltr' id='par_1_46' title="bbox 364 2972 1956 3044">
     <span class='ocr_line' id='line_1_46' title="bbox 364 2972 1956 3044; baseline -0.001 -14"><span class='ocrx_word' id='word_1_349' title='bbox 364 2974 564 3030; x_wconf 82' lang='lat' dir='ltr'><strong>debent</strong></span> <span class='ocrx_word' id='word_1_350' title='bbox 585 2977 785 3030; x_wconf 88' lang='lat' dir='ltr'><strong>habere</strong></span> <span class='ocrx_word' id='word_1_351' title='bbox 809 2974 1084 3039; x_wconf 75' lang='lat' dir='ltr'><strong>monachi,</strong></span> <span class='ocrx_word' id='word_1_352' title='bbox 1111 2973 1206 3029; x_wconf 89' lang='lat' dir='ltr'><strong>sed</strong></span> <span class='ocrx_word' id='word_1_353' title='bbox 1237 2973 1519 3044; x_wconf 84' lang='lat' dir='ltr'><strong>diligentes</strong></span> <span class='ocrx_word' id='word_1_354' title='bbox 1545 2979 1602 3028; x_wconf 91' lang='lat' dir='ltr'><strong>et</strong></span> <span class='ocrx_word' id='word_1_355' title='bbox 1616 2985 1682 3028; x_wconf 86' lang='lat' dir='ltr'><strong>ex</strong></span> <span class='ocrx_word' id='word_1_356' title='bbox 1711 2972 1875 3028; x_wconf 92' lang='lat' dir='ltr'><strong>corde</strong></span> <span class='ocrx_word' id='word_1_357' title='bbox 1899 2981 1956 3029; x_wconf 90' lang='lat' dir='ltr'><strong>et</strong></span> 
     </span>
    </p>
   </div>
   <div class='ocr_carea' id='block_1_47' title="bbox 362 3061 1952 3137">
    <p class='ocr_par' dir='ltr' id='par_1_47' title="bbox 362 3061 1952 3137">
     <span class='ocr_line' id='line_1_47' title="bbox 362 3061 1952 3137; baseline -0.003 -15"><span class='ocrx_word' id='word_1_358' title='bbox 362 3084 456 3122; x_wconf 88' lang='lat' dir='ltr'><strong>ore</strong></span> <span class='ocrx_word' id='word_1_359' title='bbox 484 3065 819 3137; x_wconf 84' lang='lat' dir='ltr'><strong>proferentes</strong></span> <span class='ocrx_word' id='word_1_360' title='bbox 841 3067 1128 3120; x_wconf 86' lang='lat' dir='ltr'><strong>veritatem</strong></span> <span class='ocrx_word' id='word_1_361' title='bbox 1179 3061 1454 3119; x_wconf 87' lang='lat' dir='ltr'><strong>Christum</strong></span> <span class='ocrx_word' id='word_1_362' title='bbox 1478 3063 1773 3118; x_wconf 87' lang='lat' dir='ltr'><strong>Dominum</strong></span> <span class='ocrx_word' id='word_1_363' title='bbox 1799 3061 1952 3134; x_wconf 88' lang='lat' dir='ltr'><strong>sequi</strong></span> 
     </span>
    </p>
   </div>
   <div class='ocr_carea' id='block_1_48' title="bbox 2063 1870 3654 1941">
    <p class='ocr_par' dir='ltr' id='par_1_48' title="bbox 2063 1870 3654 1941">
     <span class='ocr_line' id='line_1_48' title="bbox 2063 1870 3654 1941; baseline 0.003 -18"><span class='ocrx_word' id='word_1_364' title='bbox 2063 1870 2374 1937; x_wconf 88' lang='lat' dir='ltr'><strong>prohibere,</strong></span> <span class='ocrx_word' id='word_1_365' title='bbox 2396 1870 2492 1924; x_wconf 87' lang='lat' dir='ltr'><strong>sed</strong></span> <span class='ocrx_word' id='word_1_366' title='bbox 2521 1878 2581 1924; x_wconf 90' lang='lat' dir='ltr'><strong>ut</strong></span> <span class='ocrx_word' id='word_1_367' title='bbox 2605 1885 2910 1941; x_wconf 88' lang='lat' dir='ltr'><strong>suppresse,</strong></span> <span class='ocrx_word' id='word_1_368' title='bbox 2941 1883 3101 1925; x_wconf 84' lang='lat' dir='ltr'><strong>caute</strong></span> <span class='ocrx_word' id='word_1_369' title='bbox 3135 1870 3229 1925; x_wconf 86' lang='lat' dir='ltr'><strong>liat</strong></span> <span class='ocrx_word' id='word_1_370' title='bbox 3251 1879 3306 1926; x_wconf 89' lang='lat' dir='ltr'><strong>et</strong></span> <span class='ocrx_word' id='word_1_371' title='bbox 3332 1872 3558 1927; x_wconf 87' lang='lat' dir='ltr'><strong>honeste</strong></span> <span class='ocrx_word' id='word_1_372' title='bbox 3585 1873 3654 1927; x_wconf 91' lang='lat' dir='ltr'><strong>li-</strong></span> 
     </span>
    </p>
   </div>
   <div class='ocr_carea' id='block_1_49' title="bbox 2061 1961 3654 2034">
    <p class='ocr_par' dir='ltr' id='par_1_49' title="bbox 2061 1961 3654 2034">
     <span class='ocr_line' id='line_1_49' title="bbox 2061 1961 3654 2034; baseline 0.001 -18"><span class='ocrx_word' id='word_1_373' title='bbox 2061 1968 2151 2016; x_wconf 91' lang='lat' dir='ltr'><strong>cet</strong></span> <span class='ocrx_word' id='word_1_374' title='bbox 2172 1961 2248 2014; x_wconf 90' lang='lat' dir='ltr'><strong>illi</strong></span> <span class='ocrx_word' id='word_1_375' title='bbox 2283 1962 2602 2026; x_wconf 86' lang='lat' dir='ltr'><strong>concedere,</strong></span> <span class='ocrx_word' id='word_1_376' title='bbox 2631 1963 2774 2032; x_wconf 90' lang='lat' dir='ltr'><strong>quod</strong></span> <span class='ocrx_word' id='word_1_377' title='bbox 2799 1970 2856 2017; x_wconf 94' lang='lat' dir='ltr'><strong>et</strong></span> <span class='ocrx_word' id='word_1_378' title='bbox 2890 1970 3084 2017; x_wconf 88' lang='lat' dir='ltr'><strong>natura</strong></span> <span class='ocrx_word' id='word_1_379' title='bbox 3113 1962 3469 2033; x_wconf 85' lang='lat' dir='ltr'><strong>compellente</strong></span> <span class='ocrx_word' id='word_1_380' title='bbox 3500 1965 3654 2034; x_wconf 58' lang='lat' dir='ltr'><strong>peni-</strong></span> 
     </span>
    </p>
   </div>
   <div class='ocr_carea' id='block_1_50' title="bbox 2065 2053 3228 2124">
    <p class='ocr_par' dir='ltr' id='par_1_50' title="bbox 2065 2053 3228 2124">
     <span class='ocr_line' id='line_1_50' title="bbox 2065 2053 3228 2124; baseline 0 -17"><span class='ocrx_word' id='word_1_381' title='bbox 2065 2061 2152 2107; x_wconf 89' lang='lat' dir='ltr'><strong>tus</strong></span> <span class='ocrx_word' id='word_1_382' title='bbox 2176 2069 2284 2108; x_wconf 92' lang='lat' dir='ltr'><strong>non</strong></span> <span class='ocrx_word' id='word_1_383' title='bbox 2311 2061 2490 2123; x_wconf 89' lang='lat' dir='ltr'><strong>potest</strong></span> <span class='ocrx_word' id='word_1_384' title='bbox 2526 2053 2688 2108; x_wconf 90' lang='lat' dir='ltr'><strong>homo</strong></span> <span class='ocrx_word' id='word_1_385' title='bbox 2715 2053 3042 2124; x_wconf 88' lang='lat' dir='ltr'><strong>relinquere.</strong></span> <span class='ocrx_word' id='word_1_386' title='bbox 3199 2060 3228 2084; x_wconf 63' lang='grc' dir='ltr'><em>ι</em></span> 
     </span>
    </p>
   </div>
   <div class='ocr_carea' id='block_1_51' title="bbox 2131 2142 3650 2218">
    <p class='ocr_par' dir='ltr' id='par_1_51' title="bbox 2131 2142 3650 2218">
     <span class='ocr_line' id='line_1_51' title="bbox 2131 2142 3650 2218; baseline 0.003 -21"><span class='ocrx_word' id='word_1_387' title='bbox 2131 2142 2222 2198; x_wconf 84' lang='grc'><strong>56.</strong></span> <span class='ocrx_word' id='word_1_388' title='bbox 2265 2142 2532 2198; x_wconf 83' lang='lat' dir='ltr'><strong>Lectiones</strong></span> <span class='ocrx_word' id='word_1_389' title='bbox 2576 2153 2786 2198; x_wconf 82' lang='lat' dir='ltr'><strong>sanctas</strong></span> <span class='ocrx_word' id='word_1_390' title='bbox 2837 2143 3057 2198; x_wconf 79' lang='lat' dir='ltr'><strong>libenter</strong></span> <span class='ocrx_word' id='word_1_391' title='bbox 3105 2145 3294 2200; x_wconf 80' lang='lat' dir='ltr'><strong>audire</strong></span> <span class='ocrx_word' id='word_1_392' title='bbox 3336 2144 3492 2217; x_wconf 79' lang='lat' dir='ltr'><strong>(Luc.</strong></span> <span class='ocrx_word' id='word_1_393' title='bbox 3548 2148 3650 2218; x_wconf 82' lang='lat' dir='ltr'><strong>xl).</strong></span> 
     </span>
    </p>
   </div>
   <div class='ocr_carea' id='block_1_52' title="bbox 2062 2235 3655 2306">
    <p class='ocr_par' dir='ltr' id='par_1_52' title="bbox 2062 2235 3655 2306">
     <span class='ocr_line' id='line_1_52' title="bbox 2062 2235 3655 2306; baseline 0.002 -17"><span class='ocrx_word' id='word_1_394' title='bbox 2062 2235 2335 2290; x_wconf 88' lang='lat' dir='ltr'><strong>Lectionis</strong></span> <span class='ocrx_word' id='word_1_395' title='bbox 2365 2235 2514 2290; x_wconf 91' lang='lat' dir='ltr'><strong>enim</strong></span> <span class='ocrx_word' id='word_1_396' title='bbox 2548 2251 2721 2291; x_wconf 68' lang='lat' dir='ltr'><strong>sacra:</strong></span> <span class='ocrx_word' id='word_1_397' title='bbox 2764 2236 3002 2306; x_wconf 86' lang='lat' dir='ltr'><strong>cognitio</strong></span> <span class='ocrx_word' id='word_1_398' title='bbox 3035 2236 3337 2292; x_wconf 85' lang='lat' dir='ltr'><strong>cultoribus</strong></span> <span class='ocrx_word' id='word_1_399' title='bbox 3387 2239 3502 2293; x_wconf 84' lang='lat' dir='ltr'><strong>suis</strong></span> <span class='ocrx_word' id='word_1_400' title='bbox 3531 2253 3655 2294; x_wconf 86' lang='lat' dir='ltr'><strong>sen-</strong></span> 
     </span>
    </p>
   </div>
   <div class='ocr_carea' id='block_1_53' title="bbox 2063 2326 3655 2398">
    <p class='ocr_par' dir='ltr' id='par_1_53' title="bbox 2063 2326 3655 2398">
     <span class='ocr_line' id='line_1_53' title="bbox 2063 2326 3655 2398; baseline 0.003 -18"><span class='ocrx_word' id='word_1_401' title='bbox 2063 2341 2156 2380; x_wconf 88' lang='lat' dir='ltr'><strong>sus</strong></span> <span class='ocrx_word' id='word_1_402' title='bbox 2181 2340 2408 2381; x_wconf 87' lang='lat' dir='ltr'><strong>acumen</strong></span> <span class='ocrx_word' id='word_1_403' title='bbox 2449 2327 2753 2390; x_wconf 87' lang='lat' dir='ltr'><strong>ministrat,</strong></span> <span class='ocrx_word' id='word_1_404' title='bbox 2804 2326 3137 2382; x_wconf 88' lang='lat' dir='ltr'><strong>intellectum</strong></span> <span class='ocrx_word' id='word_1_405' title='bbox 3169 2327 3515 2398; x_wconf 87' lang='lat' dir='ltr'><strong>multiplicat.</strong></span> <span class='ocrx_word' id='word_1_406' title='bbox 3542 2337 3655 2385; x_wconf 89' lang='lat' dir='ltr'><strong>tor-</strong></span> 
     </span>
    </p>
   </div>
   <div class='ocr_carea' id='block_1_54' title="bbox 2060 2417 3649 2494">
    <p class='ocr_par' dir='ltr' id='par_1_54' title="bbox 2060 2417 3649 2494">
     <span class='ocr_line' id='line_1_54' title="bbox 2060 2417 3649 2494; baseline 0.004 -24"><span class='ocrx_word' id='word_1_407' title='bbox 2060 2430 2248 2486; x_wconf 89' lang='lat' dir='ltr'><strong>porem</strong></span> <span class='ocrx_word' id='word_1_408' title='bbox 2295 2417 2531 2482; x_wconf 87' lang='lat' dir='ltr'><strong>excutit,</strong></span> <span class='ocrx_word' id='word_1_409' title='bbox 2579 2419 2750 2472; x_wconf 91' lang='lat' dir='ltr'><strong>otium</strong></span> <span class='ocrx_word' id='word_1_410' title='bbox 2803 2427 3048 2494; x_wconf 76' lang='lat' dir='ltr'><strong>amovet,</strong></span> <span class='ocrx_word' id='word_1_411' title='bbox 3107 2419 3274 2474; x_wconf 86' lang='lat' dir='ltr'><strong>vitam</strong></span> <span class='ocrx_word' id='word_1_412' title='bbox 3335 2422 3649 2491; x_wconf 90' lang='lat' dir='ltr'><strong>componit,</strong></span> 
     </span>
    </p>
   </div>
   <div class='ocr_carea' id='block_1_55' title="bbox 2061 2513 3653 2588">
    <p class='ocr_par' dir='ltr' id='par_1_55' title="bbox 2061 2513 3653 2588">
     <span class='ocr_line' id='line_1_55' title="bbox 2061 2513 3653 2588; baseline 0.003 -20"><span class='ocrx_word' id='word_1_413' title='bbox 2061 2526 2243 2568; x_wconf 86' lang='lat' dir='ltr'><strong>mores</strong></span> <span class='ocrx_word' id='word_1_414' title='bbox 2273 2515 2518 2586; x_wconf 81' lang='lat' dir='ltr'><strong>corrigit,</strong></span> <span class='ocrx_word' id='word_1_415' title='bbox 2545 2513 2820 2569; x_wconf 89' lang='lat' dir='ltr'><strong>salubrem</strong></span> <span class='ocrx_word' id='word_1_416' title='bbox 2847 2514 3110 2586; x_wconf 85' lang='lat' dir='ltr'><strong>gemitum</strong></span> <span class='ocrx_word' id='word_1_417' title='bbox 3134 2513 3264 2570; x_wconf 85' lang='lat' dir='ltr'><strong>facit</strong></span> <span class='ocrx_word' id='word_1_418' title='bbox 3289 2523 3345 2571; x_wconf 91' lang='lat' dir='ltr'><strong>et</strong></span> <span class='ocrx_word' id='word_1_419' title='bbox 3380 2515 3653 2588; x_wconf 82' lang='lat' dir='ltr'><strong>lacrymas</strong></span> 
     </span>
    </p>
   </div>
   <div class='ocr_carea' id='block_1_56' title="bbox 2059 2603 3653 2674">
    <p class='ocr_par' dir='ltr' id='par_1_56' title="bbox 2059 2603 3653 2674">
     <span class='ocr_line' id='line_1_56' title="bbox 2059 2603 3653 2674; baseline 0.004 -19"><span class='ocrx_word' id='word_1_420' title='bbox 2059 2611 2383 2672; x_wconf 85' lang='lat' dir='ltr'><strong>compuncto</strong></span> <span class='ocrx_word' id='word_1_421' title='bbox 2411 2605 2576 2659; x_wconf 90' lang='lat' dir='ltr'><strong>corde</strong></span> <span class='ocrx_word' id='word_1_422' title='bbox 2621 2604 2898 2674; x_wconf 87' lang='lat' dir='ltr'><strong>producit;</strong></span> <span class='ocrx_word' id='word_1_423' title='bbox 2935 2603 3186 2674; x_wconf 79' lang='lat' dir='ltr'><strong>loquendi</strong></span> <span class='ocrx_word' id='word_1_424' title='bbox 3232 2606 3422 2660; x_wconf 89' lang='lat' dir='ltr'><strong>tribuit</strong></span> <span class='ocrx_word' id='word_1_425' title='bbox 3463 2606 3653 2662; x_wconf 83' lang='lat' dir='ltr'><strong>facun-</strong></span> 
     </span>
    </p>
   </div>
   <div class='ocr_carea' id='block_1_57' title="bbox 2061 2691 3651 2767">
    <p class='ocr_par' dir='ltr' id='par_1_57' title="bbox 2061 2691 3651 2767">
     <span class='ocr_line' id='line_1_57' title="bbox 2061 2691 3651 2767; baseline 0.004 -22"><span class='ocrx_word' id='word_1_426' title='bbox 2061 2691 2204 2746; x_wconf 88' lang='lat' dir='ltr'><strong>diam</strong></span> <span class='ocrx_word' id='word_1_427' title='bbox 2231 2701 2286 2747; x_wconf 86' lang='lat' dir='ltr'><strong>et</strong></span> <span class='ocrx_word' id='word_1_428' title='bbox 2307 2701 2511 2748; x_wconf 60' lang='lat' dir='ltr'><strong>aeterna</strong></span> <span class='ocrx_word' id='word_1_429' title='bbox 2559 2693 2930 2749; x_wconf 87' lang='lat' dir='ltr'><strong>laborantibs</strong></span> <span class='ocrx_word' id='word_1_430' title='bbox 2961 2696 3228 2764; x_wconf 86' lang='lat' dir='ltr'><strong>promittit</strong></span> <span class='ocrx_word' id='word_1_431' title='bbox 3257 2697 3511 2765; x_wconf 72' lang='lat' dir='ltr'><strong>pmmia;</strong></span> <span class='ocrx_word' id='word_1_432' title='bbox 3542 2698 3651 2767; x_wconf 90' lang='lat' dir='ltr'><strong>spi-</strong></span> 
     </span>
    </p>
   </div>
   <div class='ocr_carea' id='block_1_58' title="bbox 2059 2784 3650 2856">
    <p class='ocr_par' dir='ltr' id='par_1_58' title="bbox 2059 2784 3650 2856">
     <span class='ocr_line' id='line_1_58' title="bbox 2059 2784 3650 2856; baseline 0.004 -18"><span class='ocrx_word' id='word_1_433' title='bbox 2059 2784 2248 2840; x_wconf 88' lang='lat' dir='ltr'><strong>ritales</strong></span> <span class='ocrx_word' id='word_1_434' title='bbox 2275 2786 2491 2841; x_wconf 81' lang='lat' dir='ltr'><strong>divitias</strong></span> <span class='ocrx_word' id='word_1_435' title='bbox 2507 2794 2686 2856; x_wconf 85' lang='lat' dir='ltr'><strong>auget,</strong></span> <span class='ocrx_word' id='word_1_436' title='bbox 2713 2785 3083 2856; x_wconf 88' lang='lat' dir='ltr'><strong>vaniloquium</strong></span> <span class='ocrx_word' id='word_1_437' title='bbox 3104 2787 3478 2856; x_wconf 83' lang='lat' dir='ltr'><strong>vanitatesque</strong></span> <span class='ocrx_word' id='word_1_438' title='bbox 3498 2803 3650 2844; x_wconf 89' lang='lat' dir='ltr'><strong>eom-</strong></span> 
     </span>
    </p>
   </div>
   <div class='ocr_carea' id='block_1_59' title="bbox 2058 2875 3651 2948">
    <p class='ocr_par' dir='ltr' id='par_1_59' title="bbox 2058 2875 3651 2948">
     <span class='ocr_line' id='line_1_59' title="bbox 2058 2875 3651 2948; baseline 0.003 -17"><span class='ocrx_word' id='word_1_439' title='bbox 2058 2876 2248 2946; x_wconf 88' lang='lat' dir='ltr'><strong>pescit,</strong></span> <span class='ocrx_word' id='word_1_440' title='bbox 2274 2884 2329 2930; x_wconf 90' lang='lat' dir='ltr'><strong>et</strong></span> <span class='ocrx_word' id='word_1_441' title='bbox 2356 2877 2682 2932; x_wconf 87' lang='lat' dir='ltr'><strong>desiderium</strong></span> <span class='ocrx_word' id='word_1_442' title='bbox 2715 2875 2918 2932; x_wconf 87' lang='lat' dir='ltr'><strong>Christi</strong></span> <span class='ocrx_word' id='word_1_443' title='bbox 2945 2877 3244 2948; x_wconf 64' lang='lat' dir='ltr'><strong>patriasque</strong></span> <span class='ocrx_word' id='word_1_444' title='bbox 3273 2878 3516 2935; x_wconf 66' lang='lat' dir='ltr'><strong>coalestis</strong></span> <span class='ocrx_word' id='word_1_445' title='bbox 3557 2896 3651 2936; x_wconf 90' lang='lat' dir='ltr'><strong>ac-</strong></span> 
     </span>
    </p>
   </div>
   <div class='ocr_carea' id='block_1_60' title="bbox 2057 2967 3648 3042">
    <p class='ocr_par' dir='ltr' id='par_1_60' title="bbox 2057 2967 3648 3042">
     <span class='ocr_line' id='line_1_60' title="bbox 2057 2967 3648 3042; baseline 0.003 -20"><span class='ocrx_word' id='word_1_446' title='bbox 2057 2967 2259 3030; x_wconf 89' lang='lat' dir='ltr'><strong>cendit,</strong></span> <span class='ocrx_word' id='word_1_447' title='bbox 2286 2983 2408 3037; x_wconf 74' lang='lat' dir='ltr'><strong>qua:</strong></span> <span class='ocrx_word' id='word_1_448' title='bbox 2466 2981 2686 3037; x_wconf 87' lang='lat' dir='ltr'><strong>semper</strong></span> <span class='ocrx_word' id='word_1_449' title='bbox 2721 2968 2955 3023; x_wconf 86' lang='lat' dir='ltr'><strong>orationi</strong></span> <span class='ocrx_word' id='word_1_450' title='bbox 2988 2969 3135 3024; x_wconf 88' lang='lat' dir='ltr'><strong>socia</strong></span> <span class='ocrx_word' id='word_1_451' title='bbox 3181 2983 3503 3042; x_wconf 87' lang='lat' dir='ltr'><strong>semperque</strong></span> <span class='ocrx_word' id='word_1_452' title='bbox 3527 2987 3648 3027; x_wconf 83' lang='lat' dir='ltr'><strong>ora-</strong></span> 
     </span>
    </p>
   </div>
   <div class='ocr_carea' id='block_1_61' title="bbox 2059 3056 3651 3118">
    <p class='ocr_par' dir='ltr' id='par_1_61' title="bbox 2059 3056 3651 3118">
     <span class='ocr_line' id='line_1_61' title="bbox 2059 3056 3651 3118; baseline 0.005 -7"><span class='ocrx_word' id='word_1_453' title='bbox 2059 3056 2192 3111; x_wconf 91' lang='lat' dir='ltr'><strong>tioni</strong></span> <span class='ocrx_word' id='word_1_454' title='bbox 2216 3057 2376 3112; x_wconf 86' lang='lat' dir='ltr'><strong>debet</strong></span> <span class='ocrx_word' id='word_1_455' title='bbox 2400 3072 2523 3112; x_wconf 85' lang='lat' dir='ltr'><strong>esse</strong></span> <span class='ocrx_word' id='word_1_456' title='bbox 2579 3073 2842 3114; x_wconf 86' lang='lat' dir='ltr'><strong>connexa.</strong></span> <span class='ocrx_word' id='word_1_457' title='bbox 2877 3057 3226 3116; x_wconf 84' lang='lat' dir='ltr'><strong>Orationibus</strong></span> <span class='ocrx_word' id='word_1_458' title='bbox 3251 3061 3394 3116; x_wconf 88' lang='lat' dir='ltr'><strong>enim</strong></span> <span class='ocrx_word' id='word_1_459' title='bbox 3421 3063 3651 3118; x_wconf 84' lang='lat' dir='ltr'><strong>munda-</strong></span> 
     </span>
    </p>
   </div>
   <div class='ocr_carea' id='block_1_62' title="bbox 361 3117 3648 3225">
    <p class='ocr_par' dir='ltr' id='par_1_62' title="bbox 361 3117 3648 3225">
     <span class='ocr_line' id='line_1_62' title="bbox 361 3117 3648 3225; baseline -0 -12"><span class='ocrx_word' id='word_1_460' title='bbox 361 3117 561 3213; x_wconf 60' lang='lat' dir='ltr'><strong>debernt</strong></span> <span class='ocrx_word' id='word_1_461' title='bbox 611 3165 667 3212; x_wconf 92' lang='lat' dir='ltr'><strong>et</strong></span> <span class='ocrx_word' id='word_1_462' title='bbox 695 3155 896 3211; x_wconf 90' lang='lat' dir='ltr'><strong>imitari</strong></span> <span class='ocrx_word' id='word_1_463' title='bbox 927 3191 942 3220; x_wconf 91' lang='lat'><strong>,</strong></span> <span class='ocrx_word' id='word_1_464' title='bbox 982 3162 1044 3209; x_wconf 90' lang='lat' dir='ltr'><strong>ut</strong></span> <span class='ocrx_word' id='word_1_465' title='bbox 1072 3169 1196 3209; x_wconf 89' lang='lat' dir='ltr'><strong>cum</strong></span> <span class='ocrx_word' id='word_1_466' title='bbox 1231 3153 1324 3209; x_wconf 92' lang='lat' dir='ltr'><strong>illo</strong></span> <span class='ocrx_word' id='word_1_467' title='bbox 1371 3153 1601 3209; x_wconf 82' lang='lat' dir='ltr'><strong>feliciter</strong></span> <span class='ocrx_word' id='word_1_468' title='bbox 1636 3153 1852 3224; x_wconf 88' lang='lat' dir='ltr'><strong>possint</strong></span> <span class='ocrx_word' id='word_1_469' title='bbox 1877 3117 1952 3208; x_wconf 53' lang='lat' dir='ltr'><strong>lin</strong></span> <span class='ocrx_word' id='word_1_470' title='bbox 1980 3117 2027 3182; x_wconf 79' lang='lat' dir='ltr'>C</span> <span class='ocrx_word' id='word_1_471' title='bbox 2057 3162 2202 3214; x_wconf 86' lang='lat' dir='ltr'><strong>mur,</strong></span> <span class='ocrx_word' id='word_1_472' title='bbox 2221 3149 2545 3206; x_wconf 87' lang='lat' dir='ltr'><strong>lectionibus</strong></span> <span class='ocrx_word' id='word_1_473' title='bbox 2573 3158 2754 3206; x_wconf 87' lang='lat' dir='ltr'><strong>autem</strong></span> <span class='ocrx_word' id='word_1_474' title='bbox 2783 3150 3123 3207; x_wconf 87' lang='lat' dir='ltr'><strong>instruimur.</strong></span> <span class='ocrx_word' id='word_1_475' title='bbox 3165 3152 3234 3208; x_wconf 85' lang='lat' dir='ltr'><strong>Et</strong></span> <span class='ocrx_word' id='word_1_476' title='bbox 3261 3152 3384 3210; x_wconf 89' lang='lat' dir='ltr'><strong>ideo</strong></span> <span class='ocrx_word' id='word_1_477' title='bbox 3413 3155 3504 3225; x_wconf 87' lang='lat' dir='ltr'><strong>qui</strong></span> <span class='ocrx_word' id='word_1_478' title='bbox 3531 3156 3648 3212; x_wconf 85' lang='lat' dir='ltr'><strong>vult</strong></span> 
     </span>
    </p>
   </div>
   <div class='ocr_carea' id='block_1_63' title="bbox 361 3245 1954 3319">
    <p class='ocr_par' dir='ltr' id='par_1_63' title="bbox 361 3245 1954 3319">
     <span class='ocr_line' id='line_1_63' title="bbox 361 3245 1954 3319; baseline -0.002 -16"><span class='ocrx_word' id='word_1_479' title='bbox 361 3256 624 3304; x_wconf 70' lang='lat' dir='ltr'><strong>aeternum</strong></span> <span class='ocrx_word' id='word_1_480' title='bbox 650 3261 897 3319; x_wconf 87' lang='lat' dir='ltr'><strong>regnare.</strong></span> <span class='ocrx_word' id='word_1_481' title='bbox 941 3245 1068 3301; x_wconf 61' lang='lat' dir='ltr'><strong>Haec</strong></span> <span class='ocrx_word' id='word_1_482' title='bbox 1090 3253 1271 3301; x_wconf 89' lang='lat' dir='ltr'><strong>autem</strong></span> <span class='ocrx_word' id='word_1_483' title='bbox 1308 3245 1619 3316; x_wconf 87' lang='lat' dir='ltr'><strong>supradicta</strong></span> <span class='ocrx_word' id='word_1_484' title='bbox 1648 3245 1863 3300; x_wconf 87' lang='lat' dir='ltr'><strong>vanitas</strong></span> <span class='ocrx_word' id='word_1_485' title='bbox 1897 3245 1954 3300; x_wconf 90' lang='lat' dir='ltr'><strong>in</strong></span> 
     </span>
    </p>
   </div>
   <div class='ocr_carea' id='block_1_64' title="bbox 362 3335 1956 3407">
    <p class='ocr_par' dir='ltr' id='par_1_64' title="bbox 362 3335 1956 3407">
     <span class='ocr_line' id='line_1_64' title="bbox 362 3335 1956 3407; baseline -0.001 -16"><span class='ocrx_word' id='word_1_486' title='bbox 362 3355 502 3394; x_wconf 80' lang='lat' dir='ltr'><strong>vano</strong></span> <span class='ocrx_word' id='word_1_487' title='bbox 524 3339 708 3404; x_wconf 88' lang='lat' dir='ltr'><strong>corde,</strong></span> <span class='ocrx_word' id='word_1_488' title='bbox 737 3338 793 3392; x_wconf 91' lang='lat' dir='ltr'><strong>in</strong></span> <span class='ocrx_word' id='word_1_489' title='bbox 837 3352 980 3392; x_wconf 87' lang='lat' dir='ltr'><strong>vano</strong></span> <span class='ocrx_word' id='word_1_490' title='bbox 1011 3343 1257 3391; x_wconf 88' lang='lat' dir='ltr'><strong>moratur</strong></span> <span class='ocrx_word' id='word_1_491' title='bbox 1303 3345 1359 3391; x_wconf 93' lang='lat' dir='ltr'><strong>et</strong></span> <span class='ocrx_word' id='word_1_492' title='bbox 1389 3343 1694 3407; x_wconf 89' lang='lat' dir='ltr'><strong>peccatore.</strong></span> <span class='ocrx_word' id='word_1_493' title='bbox 1726 3335 1956 3406; x_wconf 89' lang='lat' dir='ltr'><strong>Semper</strong></span> 
     </span>
    </p>
   </div>
   <div class='ocr_carea' id='block_1_65' title="bbox 359 3425 1956 3496">
    <p class='ocr_par' dir='ltr' id='par_1_65' title="bbox 359 3425 1956 3496">
     <span class='ocr_line' id='line_1_65' title="bbox 359 3425 1956 3496; baseline -0.002 -11"><span class='ocrx_word' id='word_1_494' title='bbox 359 3431 507 3486; x_wconf 90' lang='lat' dir='ltr'><strong>enim</strong></span> <span class='ocrx_word' id='word_1_495' title='bbox 532 3429 668 3484; x_wconf 90' lang='lat' dir='ltr'><strong>alios</strong></span> <span class='ocrx_word' id='word_1_496' title='bbox 695 3428 895 3492; x_wconf 91' lang='lat' dir='ltr'><strong>ridere,</strong></span> <span class='ocrx_word' id='word_1_497' title='bbox 936 3440 1151 3496; x_wconf 89' lang='lat' dir='ltr'><strong>semper</strong></span> <span class='ocrx_word' id='word_1_498' title='bbox 1204 3425 1432 3480; x_wconf 88' lang='lat' dir='ltr'><strong>aliorum</strong></span> <span class='ocrx_word' id='word_1_499' title='bbox 1482 3425 1778 3481; x_wconf 84' lang='lat' dir='ltr'><strong>cachinnos</strong></span> <span class='ocrx_word' id='word_1_500' title='bbox 1825 3425 1956 3482; x_wconf 86' lang='lat' dir='ltr'><strong>facit</strong></span> 
     </span>
    </p>
   </div>
   <div class='ocr_carea' id='block_1_66' title="bbox 360 3513 1952 3588">
    <p class='ocr_par' dir='ltr' id='par_1_66' title="bbox 360 3513 1952 3588">
     <span class='ocr_line' id='line_1_66' title="bbox 360 3513 1952 3588; baseline -0.004 -12"><span class='ocrx_word' id='word_1_501' title='bbox 360 3529 639 3576; x_wconf 85' lang='lat' dir='ltr'><strong>excutere.</strong></span> <span class='ocrx_word' id='word_1_502' title='bbox 692 3515 860 3588; x_wconf 83' lang='lat' dir='ltr'><strong>Cujus</strong></span> <span class='ocrx_word' id='word_1_503' title='bbox 893 3515 1152 3572; x_wconf 90' lang='lat' dir='ltr'><strong>indicium</strong></span> <span class='ocrx_word' id='word_1_504' title='bbox 1200 3522 1257 3570; x_wconf 93' lang='lat' dir='ltr'><strong>et</strong></span> <span class='ocrx_word' id='word_1_505' title='bbox 1305 3515 1360 3569; x_wconf 93' lang='lat' dir='ltr'><strong>in</strong></span> <span class='ocrx_word' id='word_1_506' title='bbox 1387 3515 1738 3584; x_wconf 84' lang='lat' dir='ltr'><strong>vaniloquio,</strong></span> <span class='ocrx_word' id='word_1_507' title='bbox 1791 3524 1845 3570; x_wconf 89' lang='lat' dir='ltr'><strong>et</strong></span> <span class='ocrx_word' id='word_1_508' title='bbox 1897 3513 1952 3570; x_wconf 91' lang='lat' dir='ltr'><strong>in</strong></span> 
     </span>
    </p>
   </div>
   <div class='ocr_carea' id='block_1_67' title="bbox 360 3606 1953 3683">
    <p class='ocr_par' dir='ltr' id='par_1_67' title="bbox 360 3606 1953 3683">
     <span class='ocr_line' id='line_1_67' title="bbox 360 3606 1953 3683; baseline -0.003 -15"><span class='ocrx_word' id='word_1_509' title='bbox 360 3612 532 3668; x_wconf 89' lang='lat' dir='ltr'><strong>multo</strong></span> <span class='ocrx_word' id='word_1_510' title='bbox 550 3621 609 3683; x_wconf 86' lang='lat' dir='ltr'><strong>et</strong></span> <span class='ocrx_word' id='word_1_511' title='bbox 628 3625 860 3666; x_wconf 80' lang='lat' dir='ltr'><strong>excusso</strong></span> <span class='ocrx_word' id='word_1_512' title='bbox 877 3623 1019 3680; x_wconf 60' lang='lat' dir='ltr'><strong>sape</strong></span> <span class='ocrx_word' id='word_1_513' title='bbox 1043 3607 1467 3680; x_wconf 85' lang='lat' dir='ltr'><strong>deprehenditur</strong></span> <span class='ocrx_word' id='word_1_514' title='bbox 1489 3621 1610 3663; x_wconf 86' lang='lat' dir='ltr'><strong>esse</strong></span> <span class='ocrx_word' id='word_1_515' title='bbox 1634 3607 1766 3662; x_wconf 86' lang='lat' dir='ltr'><strong>risu.</strong></span> <span class='ocrx_word' id='word_1_516' title='bbox 1797 3606 1953 3664; x_wconf 88' lang='lat' dir='ltr'><strong>Unde</strong></span> 
     </span>
    </p>
   </div>
   <div class='ocr_carea' id='block_1_68' title="bbox 381 3714 750 3754">
    <p class='ocr_par' dir='ltr' id='par_1_68' title="bbox 381 3714 750 3754">
     <span class='ocr_line' id='line_1_68' title="bbox 381 3714 750 3754; baseline 0 0"><span class='ocrx_word' id='word_1_517' title='bbox 381 3714 420 3754; x_wconf 69' lang='grc' dir='ltr'><strong>ει</strong></span> <span class='ocrx_word' id='word_1_518' title='bbox 451 3714 704 3754; x_wconf 74' lang='grc' dir='ltr'><strong>ευυαιῐιιι·</strong></span> <span class='ocrx_word' id='word_1_519' title='bbox 734 3714 750 3754; x_wconf 70' lang='grc'><strong>2</strong></span> 
     </span>
    </p>
   </div>
   <div class='ocr_carea' id='block_1_69' title="bbox 362 3701 1952 3859">
    <p class='ocr_par' dir='ltr' id='par_1_69' title="bbox 362 3701 1952 3859">
     <span class='ocr_line' id='line_1_69' title="bbox 381 3714 750 3754; baseline 0 0"><span class='ocrx_word' id='word_1_520' title='bbox 381 3744 391 3754; x_wconf 72' lang='lat'><strong>.</strong></span> <span class='ocrx_word' id='word_1_521' title='bbox 595 3718 608 3752; x_wconf 87' lang='grc' dir='ltr'>ι</span> <span class='ocrx_word' id='word_1_522' title='bbox 655 3717 670 3752; x_wconf 86' lang='grc' dir='ltr'><strong><em>ι</em></strong></span> <span class='ocrx_word' id='word_1_523' title='bbox 734 3714 750 3754; x_wconf 88' lang='lat'><strong>:</strong></span> 
     </span>
     <span class='ocr_line' id='line_1_70' title="bbox 362 3701 1952 3859; baseline 0 -15"><span class='ocrx_word' id='word_1_524' title='bbox 362 3701 748 3845; x_wconf 27' lang='lat' dir='ltr'><strong>obibat;</strong></span> <span class='ocrx_word' id='word_1_525' title='bbox 779 3788 1004 3844; x_wconf 84' lang='lat' dir='ltr'><strong>multum</strong></span> <span class='ocrx_word' id='word_1_526' title='bbox 1020 3796 1111 3844; x_wconf 90' lang='lat' dir='ltr'><strong>aut</strong></span> <span class='ocrx_word' id='word_1_527' title='bbox 1143 3791 1419 3844; x_wconf 73' lang='lat' dir='ltr'><strong>excussum</strong></span> <span class='ocrx_word' id='word_1_528' title='bbox 1436 3777 1540 3843; x_wconf 78' lang='lat' dir='ltr'><strong>non</strong></span> <span class='ocrx_word' id='word_1_529' title='bbox 1561 3804 1761 3843; x_wconf 82' lang='lat' dir='ltr'><strong>amare.</strong></span> <span class='ocrx_word' id='word_1_530' title='bbox 1778 3787 1952 3859; x_wconf 82' lang='lat' dir='ltr'><strong>Opor-</strong></span> 
     </span>
    </p>
   </div>
   <div class='ocr_carea' id='block_1_70' title="bbox 360 3879 1950 3952">
    <p class='ocr_par' dir='ltr' id='par_1_70' title="bbox 360 3879 1950 3952">
     <span class='ocr_line' id='line_1_71' title="bbox 360 3879 1950 3952; baseline -0.003 -14"><span class='ocrx_word' id='word_1_531' title='bbox 360 3891 438 3938; x_wconf 86' lang='lat' dir='ltr'><strong>tet</strong></span> <span class='ocrx_word' id='word_1_532' title='bbox 469 3882 614 3936; x_wconf 90' lang='lat' dir='ltr'><strong>enim</strong></span> <span class='ocrx_word' id='word_1_533' title='bbox 649 3881 947 3937; x_wconf 86' lang='lat' dir='ltr'><strong>monachos</strong></span> <span class='ocrx_word' id='word_1_534' title='bbox 976 3879 1208 3951; x_wconf 87' lang='lat' dir='ltr'><strong>amplius</strong></span> <span class='ocrx_word' id='word_1_535' title='bbox 1252 3879 1382 3935; x_wconf 88' lang='lat' dir='ltr'><strong>llere</strong></span> <span class='ocrx_word' id='word_1_536' title='bbox 1404 3894 1566 3950; x_wconf 89' lang='lat' dir='ltr'><strong>quam</strong></span> <span class='ocrx_word' id='word_1_537' title='bbox 1593 3879 1791 3946; x_wconf 90' lang='lat' dir='ltr'><strong>ridere,</strong></span> <span class='ocrx_word' id='word_1_538' title='bbox 1823 3879 1950 3952; x_wconf 89' lang='lat' dir='ltr'><strong>quia</strong></span> 
     </span>
    </p>
   </div>
   <div class='ocr_carea' id='block_1_71' title="bbox 359 3971 1950 4045">
    <p class='ocr_par' dir='ltr' id='par_1_71' title="bbox 359 3971 1950 4045">
     <span class='ocr_line' id='line_1_72' title="bbox 359 3971 1950 4045; baseline -0.001 -16"><span class='ocrx_word' id='word_1_539' title='bbox 359 3975 623 4045; x_wconf 85' lang='lat' dir='ltr'><strong>scriptum</strong></span> <span class='ocrx_word' id='word_1_540' title='bbox 662 3981 788 4029; x_wconf 91' lang='lat' dir='ltr'><strong>est:</strong></span> <span class='ocrx_word' id='word_1_541' title='bbox 816 3971 974 4028; x_wconf 85' lang='lat' dir='ltr'><strong>Risus</strong></span> <span class='ocrx_word' id='word_1_542' title='bbox 1021 3971 1204 4027; x_wconf 84' lang='lat' dir='ltr'><strong>dolore</strong></span> <span class='ocrx_word' id='word_1_543' title='bbox 1247 3972 1580 4036; x_wconf 87' lang='lat' dir='ltr'><strong>miscebitur,</strong></span> <span class='ocrx_word' id='word_1_544' title='bbox 1614 3981 1667 4026; x_wconf 86' lang='lat' dir='ltr'><strong>et</strong></span> <span class='ocrx_word' id='word_1_545' title='bbox 1717 3981 1950 4027; x_wconf 71' lang='lat' dir='ltr'><strong>extrema</strong></span> 
     </span>
    </p>
   </div>
   <div class='ocr_carea' id='block_1_72' title="bbox 356 4060 1949 4139">
    <p class='ocr_par' dir='ltr' id='par_1_72' title="bbox 356 4060 1949 4139">
     <span class='ocr_line' id='line_1_73' title="bbox 356 4060 1949 4139; baseline -0.004 -19"><span class='ocrx_word' id='word_1_546' title='bbox 356 4067 538 4139; x_wconf 74' lang='lat' dir='ltr'><strong>gaudii</strong></span> <span class='ocrx_word' id='word_1_547' title='bbox 562 4063 732 4120; x_wconf 88' lang='lat' dir='ltr'><strong>luctus</strong></span> <span class='ocrx_word' id='word_1_548' title='bbox 763 4073 981 4136; x_wconf 81' lang='lat' dir='ltr'><strong>occupat</strong></span> <span class='ocrx_word' id='word_1_549' title='bbox 1006 4060 1188 4136; x_wconf 74' lang='lat' dir='ltr'><strong>(Prov.</strong></span> <span class='ocrx_word' id='word_1_550' title='bbox 1213 4063 1384 4134; x_wconf 78' lang='lat' dir='ltr'><strong>xxrv).</strong></span> <span class='ocrx_word' id='word_1_551' title='bbox 1428 4061 1487 4116; x_wconf 91' lang='lat' dir='ltr'><strong>In</strong></span> <span class='ocrx_word' id='word_1_552' title='bbox 1521 4060 1819 4132; x_wconf 84' lang='lat' dir='ltr'><strong>Evangelio</strong></span> <span class='ocrx_word' id='word_1_553' title='bbox 1848 4075 1949 4114; x_wconf 86' lang='lat' dir='ltr'><strong>au-</strong></span> 
     </span>
    </p>
   </div>
   <div class='ocr_carea' id='block_1_73' title="bbox 358 4151 1950 4226">
    <p class='ocr_par' dir='ltr' id='par_1_73' title="bbox 358 4151 1950 4226">
     <span class='ocr_line' id='line_1_74' title="bbox 358 4151 1950 4226; baseline -0.005 -14"><span class='ocrx_word' id='word_1_554' title='bbox 358 4169 468 4212; x_wconf 88' lang='lat' dir='ltr'><strong>tem</strong></span> <span class='ocrx_word' id='word_1_555' title='bbox 495 4158 756 4213; x_wconf 87' lang='lat' dir='ltr'><strong>Dominus</strong></span> <span class='ocrx_word' id='word_1_556' title='bbox 780 4158 900 4212; x_wconf 88' lang='lat' dir='ltr'><strong>ait:</strong></span> <span class='ocrx_word' id='word_1_557' title='bbox 947 4155 1100 4210; x_wconf 85' lang='lat' dir='ltr'><strong>Beati</strong></span> <span class='ocrx_word' id='word_1_558' title='bbox 1140 4155 1232 4226; x_wconf 86' lang='lat' dir='ltr'><strong>qui</strong></span> <span class='ocrx_word' id='word_1_559' title='bbox 1274 4153 1495 4225; x_wconf 82' lang='lat' dir='ltr'><strong>lugent,</strong></span> <span class='ocrx_word' id='word_1_560' title='bbox 1541 4153 1790 4223; x_wconf 82' lang='lat' dir='ltr'><strong>quoniam</strong></span> <span class='ocrx_word' id='word_1_561' title='bbox 1847 4151 1950 4222; x_wconf 86' lang='lat' dir='ltr'><strong>ipsi</strong></span> 
     </span>
    </p>
   </div>
   <div class='ocr_carea' id='block_1_74' title="bbox 354 4244 1946 4320">
    <p class='ocr_par' dir='ltr' id='par_1_74' title="bbox 354 4244 1946 4320">
     <span class='ocr_line' id='line_1_75' title="bbox 354 4244 1946 4320; baseline -0.004 -16"><span class='ocrx_word' id='word_1_562' title='bbox 354 4249 768 4305; x_wconf 78' lang='lat' dir='ltr'><strong>consolabuntur</strong></span> <span class='ocrx_word' id='word_1_563' title='bbox 803 4247 1021 4320; x_wconf 75' lang='lat' dir='ltr'><strong>(Matth.</strong></span> <span class='ocrx_word' id='word_1_564' title='bbox 1045 4247 1122 4320; x_wconf 88' lang='lat' dir='ltr'><strong>v).</strong></span> <span class='ocrx_word' id='word_1_565' title='bbox 1147 4246 1205 4302; x_wconf 91' lang='lat' dir='ltr'><strong>ln</strong></span> <span class='ocrx_word' id='word_1_566' title='bbox 1227 4245 1365 4301; x_wconf 88' lang='lat' dir='ltr'><strong>valle</strong></span> <span class='ocrx_word' id='word_1_567' title='bbox 1389 4245 1534 4300; x_wconf 88' lang='lat' dir='ltr'><strong>enim</strong></span> <span class='ocrx_word' id='word_1_568' title='bbox 1584 4244 1946 4315; x_wconf 83' lang='lat' dir='ltr'><strong>lacrymarum</strong></span> 
     </span>
    </p>
   </div>
   <div class='ocr_carea' id='block_1_75' title="bbox 355 4333 1949 4407">
    <p class='ocr_par' dir='ltr' id='par_1_75' title="bbox 355 4333 1949 4407">
     <span class='ocr_line' id='line_1_76' title="bbox 355 4333 1949 4407; baseline -0.006 -11"><span class='ocrx_word' id='word_1_569' title='bbox 355 4357 564 4407; x_wconf 74' lang='lat' dir='ltr'><strong>sumus,</strong></span> <span class='ocrx_word' id='word_1_570' title='bbox 590 4350 646 4397; x_wconf 92' lang='lat' dir='ltr'><strong>et</strong></span> <span class='ocrx_word' id='word_1_571' title='bbox 675 4341 796 4396; x_wconf 90' lang='lat' dir='ltr'><strong>ideo</strong></span> <span class='ocrx_word' id='word_1_572' title='bbox 823 4355 931 4396; x_wconf 91' lang='lat' dir='ltr'><strong>non</strong></span> <span class='ocrx_word' id='word_1_573' title='bbox 977 4339 1178 4405; x_wconf 89' lang='lat' dir='ltr'><strong>ridere,</strong></span> <span class='ocrx_word' id='word_1_574' title='bbox 1200 4336 1295 4393; x_wconf 88' lang='lat' dir='ltr'><strong>sed</strong></span> <span class='ocrx_word' id='word_1_575' title='bbox 1324 4335 1509 4406; x_wconf 86' lang='lat' dir='ltr'><strong>lugere</strong></span> <span class='ocrx_word' id='word_1_576' title='bbox 1533 4335 1812 4390; x_wconf 87' lang='lat' dir='ltr'><strong>debemus.</strong></span> <span class='ocrx_word' id='word_1_577' title='bbox 1843 4333 1949 4388; x_wconf 82' lang='lat' dir='ltr'><strong>La-</strong></span> 
     </span>
    </p>
   </div>
   <div class='ocr_carea' id='block_1_76' title="bbox 355 4423 1944 4502">
    <p class='ocr_par' dir='ltr' id='par_1_76' title="bbox 355 4423 1944 4502">
     <span class='ocr_line' id='line_1_77' title="bbox 355 4423 1944 4502; baseline -0.005 -16"><span class='ocrx_word' id='word_1_578' title='bbox 355 4446 572 4502; x_wconf 83' lang='lat' dir='ltr'><strong>crymas</strong></span> <span class='ocrx_word' id='word_1_579' title='bbox 602 4432 744 4486; x_wconf 89' lang='lat' dir='ltr'><strong>enim</strong></span> <span class='ocrx_word' id='word_1_580' title='bbox 775 4445 876 4502; x_wconf 90' lang='lat' dir='ltr'><strong>pro</strong></span> <span class='ocrx_word' id='word_1_581' title='bbox 907 4429 1148 4500; x_wconf 88' lang='lat' dir='ltr'><strong>peccatis</strong></span> <span class='ocrx_word' id='word_1_582' title='bbox 1172 4427 1398 4493; x_wconf 84' lang='lat' dir='ltr'><strong>nostris,</strong></span> <span class='ocrx_word' id='word_1_583' title='bbox 1415 4425 1684 4496; x_wconf 83' lang='lat' dir='ltr'><strong>lacrymas</strong></span> <span class='ocrx_word' id='word_1_584' title='bbox 1705 4439 1807 4494; x_wconf 90' lang='lat' dir='ltr'><strong>pro</strong></span> <span class='ocrx_word' id='word_1_585' title='bbox 1834 4423 1944 4478; x_wconf 90' lang='lat' dir='ltr'><strong>dis-</strong></span> 
     </span>
    </p>
   </div>
   <div class='ocr_carea' id='block_1_77' title="bbox 353 4513 1940 4590">
    <p class='ocr_par' dir='ltr' id='par_1_77' title="bbox 353 4513 1940 4590">
     <span class='ocr_line' id='line_1_78' title="bbox 353 4513 1940 4590; baseline -0.004 -16"><span class='ocrx_word' id='word_1_586' title='bbox 353 4519 621 4576; x_wconf 84' lang='lat' dir='ltr'><strong>solutione</strong></span> <span class='ocrx_word' id='word_1_587' title='bbox 665 4520 943 4590; x_wconf 90' lang='lat' dir='ltr'><strong>corporis,</strong></span> <span class='ocrx_word' id='word_1_588' title='bbox 988 4519 1259 4590; x_wconf 80' lang='lat' dir='ltr'><strong>lacrymas</strong></span> <span class='ocrx_word' id='word_1_589' title='bbox 1293 4531 1395 4586; x_wconf 90' lang='lat' dir='ltr'><strong>pro</strong></span> <span class='ocrx_word' id='word_1_590' title='bbox 1443 4514 1713 4570; x_wconf 89' lang='lat' dir='ltr'><strong>desiderio</strong></span> <span class='ocrx_word' id='word_1_591' title='bbox 1765 4513 1940 4569; x_wconf 86' lang='lat' dir='ltr'><strong>nostri</strong></span> 
     </span>
    </p>
   </div>
   <div class='ocr_carea' id='block_1_78' title="bbox 354 4605 1944 4681">
    <p class='ocr_par' dir='ltr' id='par_1_78' title="bbox 354 4605 1944 4681">
     <span class='ocr_line' id='line_1_79' title="bbox 354 4605 1944 4681; baseline -0.004 -16"><span class='ocrx_word' id='word_1_592' title='bbox 354 4610 770 4681; x_wconf 80' lang='lat' dir='ltr'><strong>Redemptoris,</strong></span> <span class='ocrx_word' id='word_1_593' title='bbox 812 4619 869 4666; x_wconf 85' lang='lat' dir='ltr'><strong>et</strong></span> <span class='ocrx_word' id='word_1_594' title='bbox 908 4609 1169 4665; x_wconf 87' lang='lat' dir='ltr'><strong>societate</strong></span> <span class='ocrx_word' id='word_1_595' title='bbox 1216 4607 1458 4663; x_wconf 89' lang='lat' dir='ltr'><strong>omnium</strong></span> <span class='ocrx_word' id='word_1_596' title='bbox 1503 4605 1846 4675; x_wconf 86' lang='lat' dir='ltr'><strong>angelorum,</strong></span> <span class='ocrx_word' id='word_1_597' title='bbox 1887 4612 1944 4659; x_wconf 92' lang='lat' dir='ltr'><strong>et</strong></span> 
     </span>
    </p>
   </div>
   <div class='ocr_carea' id='block_1_79' title="bbox 351 4693 1940 4764">
    <p class='ocr_par' dir='ltr' id='par_1_79' title="bbox 351 4693 1940 4764">
     <span class='ocr_line' id='line_1_80' title="bbox 351 4693 1940 4764; baseline -0.007 -5"><span class='ocrx_word' id='word_1_598' title='bbox 351 4703 596 4759; x_wconf 90' lang='lat' dir='ltr'><strong>omnium</strong></span> <span class='ocrx_word' id='word_1_599' title='bbox 626 4702 828 4756; x_wconf 88' lang='lat' dir='ltr'><strong>habere</strong></span> <span class='ocrx_word' id='word_1_600' title='bbox 857 4699 1116 4755; x_wconf 88' lang='lat' dir='ltr'><strong>debemus</strong></span> <span class='ocrx_word' id='word_1_601' title='bbox 1167 4703 1504 4759; x_wconf 82' lang='lat' dir='ltr'><strong>sanctorum,</strong></span> <span class='ocrx_word' id='word_1_602' title='bbox 1530 4693 1798 4764; x_wconf 82' lang='lat' dir='ltr'><strong>lacrymas</strong></span> <span class='ocrx_word' id='word_1_603' title='bbox 1824 4701 1940 4748; x_wconf 87' lang='lat' dir='ltr'><strong>uta</strong></span> 
     </span>
    </p>
   </div>
   <div class='ocr_carea' id='block_1_80' title="bbox 351 4782 1943 4862">
    <p class='ocr_par' dir='ltr' id='par_1_80' title="bbox 351 4782 1943 4862">
     <span class='ocr_line' id='line_1_81' title="bbox 351 4782 1943 4862; baseline -0.006 -16"><span class='ocrx_word' id='word_1_604' title='bbox 351 4790 531 4862; x_wconf 69' lang='lat' dir='ltr'><strong>pinnis</strong></span> <span class='ocrx_word' id='word_1_605' title='bbox 579 4790 776 4845; x_wconf 84' lang='lat' dir='ltr'><strong>inferni</strong></span> <span class='ocrx_word' id='word_1_606' title='bbox 825 4798 882 4845; x_wconf 91' lang='lat' dir='ltr'><strong>et</strong></span> <span class='ocrx_word' id='word_1_607' title='bbox 923 4804 956 4843; x_wconf 91' lang='lat' dir='ltr'><strong>a</strong></span> <span class='ocrx_word' id='word_1_608' title='bbox 1001 4787 1212 4858; x_wconf 87' lang='lat' dir='ltr'><strong>laqueis</strong></span> <span class='ocrx_word' id='word_1_609' title='bbox 1249 4785 1547 4842; x_wconf 87' lang='lat' dir='ltr'><strong>liberemur</strong></span> <span class='ocrx_word' id='word_1_610' title='bbox 1576 4782 1794 4839; x_wconf 88' lang='lat' dir='ltr'><strong>diaboli.</strong></span> <span class='ocrx_word' id='word_1_611' title='bbox 1837 4782 1943 4848; x_wconf 80' lang='lat' dir='ltr'><strong>Qui</strong></span> 
     </span>
    </p>
   </div>
   <div class='ocr_carea' id='block_1_81' title="bbox 352 4875 1944 4948">
    <p class='ocr_par' dir='ltr' id='par_1_81' title="bbox 352 4875 1944 4948">
     <span class='ocr_line' id='line_1_82' title="bbox 352 4875 1944 4948; baseline -0.006 -11"><span class='ocrx_word' id='word_1_612' title='bbox 352 4883 518 4946; x_wconf 85' lang='lat' dir='ltr'><strong>enim,</strong></span> <span class='ocrx_word' id='word_1_613' title='bbox 551 4883 628 4936; x_wconf 87' lang='lat' dir='ltr'><strong>ait</strong></span> <span class='ocrx_word' id='word_1_614' title='bbox 649 4881 956 4945; x_wconf 86' lang='lat' dir='ltr'><strong>Psalmista,</strong></span> <span class='ocrx_word' id='word_1_615' title='bbox 983 4881 1039 4934; x_wconf 85' lang='lat' dir='ltr'><strong>in</strong></span> <span class='ocrx_word' id='word_1_616' title='bbox 1067 4879 1315 4948; x_wconf 78' lang='lat' dir='ltr'><strong>lacrymis</strong></span> <span class='ocrx_word' id='word_1_617' title='bbox 1356 4877 1639 4942; x_wconf 77' lang='lat' dir='ltr'><strong>seminam,</strong></span> <span class='ocrx_word' id='word_1_618' title='bbox 1673 4876 1729 4929; x_wconf 83' lang='lat' dir='ltr'><strong>in</strong></span> <span class='ocrx_word' id='word_1_619' title='bbox 1749 4875 1944 4946; x_wconf 87' lang='lat' dir='ltr'><strong>gaudio</strong></span> 
     </span>
    </p>
   </div>
   <div class='ocr_carea' id='block_1_82' title="bbox 352 4964 1940 5041">
    <p class='ocr_par' dir='ltr' id='par_1_82' title="bbox 352 4964 1940 5041">
     <span class='ocr_line' id='line_1_83' title="bbox 352 4964 1940 5041; baseline -0.003 -18"><span class='ocrx_word' id='word_1_620' title='bbox 352 4979 542 5024; x_wconf 84' lang='lat' dir='ltr'><strong>metent</strong></span> <span class='ocrx_word' id='word_1_621' title='bbox 564 4967 740 5041; x_wconf 88' lang='lat' dir='ltr'><strong>(Psal.</strong></span> <span class='ocrx_word' id='word_1_622' title='bbox 775 4967 961 5040; x_wconf 80' lang='lat' dir='ltr'><strong>cxxv),</strong></span> <span class='ocrx_word' id='word_1_623' title='bbox 990 4967 1043 5023; x_wconf 91' lang='lat' dir='ltr'><strong>id</strong></span> <span class='ocrx_word' id='word_1_624' title='bbox 1068 4975 1174 5033; x_wconf 90' lang='lat' dir='ltr'><strong>est,</strong></span> <span class='ocrx_word' id='word_1_625' title='bbox 1201 4967 1292 5037; x_wconf 91' lang='lat' dir='ltr'><strong>qui</strong></span> <span class='ocrx_word' id='word_1_626' title='bbox 1319 4966 1594 5022; x_wconf 89' lang='lat' dir='ltr'><strong>orationes</strong></span> <span class='ocrx_word' id='word_1_627' title='bbox 1613 4981 1736 5021; x_wconf 88' lang='lat' dir='ltr'><strong>cum</strong></span> <span class='ocrx_word' id='word_1_628' title='bbox 1767 4964 1940 5036; x_wconf 82' lang='lat' dir='ltr'><strong>lacry-</strong></span> 
     </span>
    </p>
   </div>
   <div class='ocr_carea' id='block_1_83' title="bbox 315 5056 1941 5131">
    <p class='ocr_par' dir='ltr' id='par_1_83' title="bbox 315 5056 1941 5131">
     <span class='ocr_line' id='line_1_84' title="bbox 315 5056 1941 5131; baseline -0.005 -14"><span class='ocrx_word' id='word_1_629' title='bbox 355 5060 457 5114; x_wconf 80' lang='lat' dir='ltr'><strong>niis</strong></span> <span class='ocrx_word' id='word_1_630' title='bbox 481 5069 535 5114; x_wconf 90' lang='lat' dir='ltr'><strong>et</strong></span> <span class='ocrx_word' id='word_1_631' title='bbox 560 5059 788 5131; x_wconf 82' lang='lat' dir='ltr'><strong>gemitu,</strong></span> <span class='ocrx_word' id='word_1_632' title='bbox 814 5060 940 5114; x_wconf 90' lang='lat' dir='ltr'><strong>dum</strong></span> <span class='ocrx_word' id='word_1_633' title='bbox 979 5059 1034 5113; x_wconf 93' lang='lat' dir='ltr'><strong>in</strong></span> <span class='ocrx_word' id='word_1_634' title='bbox 1059 5059 1275 5114; x_wconf 86' lang='lat' dir='ltr'><strong>mortali</strong></span> <span class='ocrx_word' id='word_1_635' title='bbox 1300 5073 1527 5129; x_wconf 88' lang='lat' dir='ltr'><strong>corpore</strong></span> <span class='ocrx_word' id='word_1_636' title='bbox 1568 5058 1771 5122; x_wconf 90' lang='lat' dir='ltr'><strong>vivunt,</strong></span> <span class='ocrx_word' id='word_1_637' title='bbox 1819 5056 1941 5110; x_wconf 89' lang='lat' dir='ltr'><strong>fun-</strong></span> 
     </span>
    </p>
   </div>
   <div class='ocr_carea' id='block_1_84' title="bbox 351 5148 1939 5222">
    <p class='ocr_par' dir='ltr' id='par_1_84' title="bbox 351 5148 1939 5222">
     <span class='ocr_line' id='line_1_85' title="bbox 351 5148 1939 5222; baseline -0.001 -19"><span class='ocrx_word' id='word_1_638' title='bbox 351 5151 486 5204; x_wconf 80' lang='lat' dir='ltr'><strong>dunt</strong></span> <span class='ocrx_word' id='word_1_639' title='bbox 502 5151 572 5205; x_wconf 89' lang='lat' dir='ltr'><strong>ad</strong></span> <span class='ocrx_word' id='word_1_640' title='bbox 593 5149 898 5217; x_wconf 89' lang='lat' dir='ltr'><strong>Dominum,</strong></span> <span class='ocrx_word' id='word_1_641' title='bbox 927 5159 1054 5222; x_wconf 89' lang='lat' dir='ltr'><strong>post</strong></span> <span class='ocrx_word' id='word_1_642' title='bbox 1080 5150 1287 5206; x_wconf 90' lang='lat' dir='ltr'><strong>obitum</strong></span> <span class='ocrx_word' id='word_1_643' title='bbox 1315 5150 1519 5206; x_wconf 88' lang='lat' dir='ltr'><strong>laboris</strong></span> <span class='ocrx_word' id='word_1_644' title='bbox 1539 5150 1621 5204; x_wconf 89' lang='lat' dir='ltr'><strong>sui</strong></span> <span class='ocrx_word' id='word_1_645' title='bbox 1654 5148 1939 5220; x_wconf 66' lang='lat' dir='ltr'><strong>praemium</strong></span> 
     </span>
    </p>
   </div>
   <div class='ocr_carea' id='block_1_85' title="bbox 353 5241 1941 5314">
    <p class='ocr_par' dir='ltr' id='par_1_85' title="bbox 353 5241 1941 5314">
     <span class='ocr_line' id='line_1_86' title="bbox 353 5241 1941 5314; baseline 0.001 -19"><span class='ocrx_word' id='word_1_646' title='bbox 353 5243 405 5295; x_wconf 87' lang='lat' dir='ltr'><strong>in</strong></span> <span class='ocrx_word' id='word_1_647' title='bbox 429 5243 626 5314; x_wconf 88' lang='lat' dir='ltr'><strong>gaudio</strong></span> <span class='ocrx_word' id='word_1_648' title='bbox 654 5251 858 5298; x_wconf 90' lang='lat' dir='ltr'><strong>metent</strong></span> <span class='ocrx_word' id='word_1_649' title='bbox 885 5252 1124 5300; x_wconf 61' lang='lat' dir='ltr'><strong>aeterno:</strong></span> <span class='ocrx_word' id='word_1_650' title='bbox 1153 5245 1206 5299; x_wconf 92' lang='lat' dir='ltr'><strong>in</strong></span> <span class='ocrx_word' id='word_1_651' title='bbox 1239 5245 1435 5314; x_wconf 87' lang='lat' dir='ltr'><strong>gaudio</strong></span> <span class='ocrx_word' id='word_1_652' title='bbox 1465 5243 1715 5299; x_wconf 83' lang='lat' dir='ltr'><strong>videlicet</strong></span> <span class='ocrx_word' id='word_1_653' title='bbox 1736 5242 1848 5308; x_wconf 92' lang='lat' dir='ltr'><strong>illo,</strong></span> <span class='ocrx_word' id='word_1_654' title='bbox 1871 5241 1941 5297; x_wconf 93' lang='lat' dir='ltr'><strong>de</strong></span> 
     </span>
    </p>
   </div>
   <div class='ocr_carea' id='block_1_86' title="bbox 351 5335 1936 5406">
    <p class='ocr_par' dir='ltr' id='par_1_86' title="bbox 351 5335 1936 5406">
     <span class='ocr_line' id='line_1_87' title="bbox 351 5335 1936 5406; baseline 0.001 -19"><span class='ocrx_word' id='word_1_655' title='bbox 351 5351 459 5405; x_wconf 89' lang='lat' dir='ltr'><strong>quo</strong></span> <span class='ocrx_word' id='word_1_656' title='bbox 488 5335 765 5406; x_wconf 81' lang='lat' dir='ltr'><strong>discipulis</strong></span> <span class='ocrx_word' id='word_1_657' title='bbox 791 5336 903 5392; x_wconf 89' lang='lat' dir='ltr'><strong>suis</strong></span> <span class='ocrx_word' id='word_1_658' title='bbox 928 5336 1188 5394; x_wconf 87' lang='lat' dir='ltr'><strong>Dominus</strong></span> <span class='ocrx_word' id='word_1_659' title='bbox 1227 5338 1304 5392; x_wconf 92' lang='lat' dir='ltr'><strong>ait</strong></span> <span class='ocrx_word' id='word_1_660' title='bbox 1333 5356 1346 5392; x_wconf 93' lang='lat'>:</span> <span class='ocrx_word' id='word_1_661' title='bbox 1388 5335 1590 5392; x_wconf 87' lang='lat' dir='ltr'><strong>Iterum</strong></span> <span class='ocrx_word' id='word_1_662' title='bbox 1617 5337 1798 5390; x_wconf 82' lang='lat' dir='ltr'><strong>uidebo</strong></span> <span class='ocrx_word' id='word_1_663' title='bbox 1831 5353 1936 5400; x_wconf 83' lang='lat' dir='ltr'><strong>ros,</strong></span> 
     </span>
    </p>
   </div>
   <div class='ocr_carea' id='block_1_87' title="bbox 350 5425 1939 5499">
    <p class='ocr_par' dir='ltr' id='par_1_87' title="bbox 350 5425 1939 5499">
     <span class='ocr_line' id='line_1_88' title="bbox 350 5425 1939 5499; baseline -0.001 -20"><span class='ocrx_word' id='word_1_664' title='bbox 350 5437 399 5480; x_wconf 87' lang='lat' dir='ltr'><strong>et</strong></span> <span class='ocrx_word' id='word_1_665' title='bbox 426 5425 670 5498; x_wconf 77' lang='lat' dir='ltr'><strong>gaudebit</strong></span> <span class='ocrx_word' id='word_1_666' title='bbox 724 5442 816 5481; x_wconf 89' lang='lat' dir='ltr'><strong>cor</strong></span> <span class='ocrx_word' id='word_1_667' title='bbox 854 5437 1100 5494; x_wconf 80' lang='lat' dir='ltr'><strong>vestrum,</strong></span> <span class='ocrx_word' id='word_1_668' title='bbox 1129 5437 1178 5482; x_wconf 91' lang='lat' dir='ltr'><strong>ct</strong></span> <span class='ocrx_word' id='word_1_669' title='bbox 1225 5428 1478 5499; x_wconf 81' lang='lat' dir='ltr'><strong>gaudium</strong></span> <span class='ocrx_word' id='word_1_670' title='bbox 1534 5436 1755 5482; x_wconf 81' lang='lat' dir='ltr'><strong>vestrum</strong></span> <span class='ocrx_word' id='word_1_671' title='bbox 1790 5443 1939 5480; x_wconf 85' lang='lat' dir='ltr'><strong>nemo</strong></span> 
     </span>
    </p>
   </div>
   <div class='ocr_carea' id='block_1_88' title="bbox 351 5518 1939 5592">
    <p class='ocr_par' dir='ltr' id='par_1_88' title="bbox 351 5518 1939 5592">
     <span class='ocr_line' id='line_1_89' title="bbox 351 5518 1939 5592; baseline 0.003 -23"><span class='ocrx_word' id='word_1_672' title='bbox 351 5518 492 5572; x_wconf 85' lang='lat' dir='ltr'><strong>tollet</strong></span> <span class='ocrx_word' id='word_1_673' title='bbox 514 5537 546 5573; x_wconf 91' lang='lat' dir='ltr'><strong>a</strong></span> <span class='ocrx_word' id='word_1_674' title='bbox 573 5521 712 5573; x_wconf 74' lang='lat' dir='ltr'><strong>vobis</strong></span> <span class='ocrx_word' id='word_1_675' title='bbox 735 5519 916 5590; x_wconf 81' lang='lat' dir='ltr'><strong>(Joan.</strong></span> <span class='ocrx_word' id='word_1_676' title='bbox 956 5521 1088 5592; x_wconf 73' lang='lat' dir='ltr'><strong>xw).</strong></span> <span class='ocrx_word' id='word_1_677' title='bbox 1121 5520 1249 5575; x_wconf 78' lang='lat' dir='ltr'><strong>Plus</strong></span> <span class='ocrx_word' id='word_1_678' title='bbox 1278 5536 1409 5591; x_wconf 81' lang='lat' dir='ltr'><strong>ergo</strong></span> <span class='ocrx_word' id='word_1_679' title='bbox 1437 5519 1706 5574; x_wconf 89' lang='lat' dir='ltr'><strong>monacho</strong></span> <span class='ocrx_word' id='word_1_680' title='bbox 1735 5519 1939 5574; x_wconf 41' lang='lat' dir='ltr'><strong>saluta;</strong></span> 
     </span>
    </p>
   </div>
   <div class='ocr_carea' id='block_1_89' title="bbox 355 5597 1933 5680">
    <p class='ocr_par' dir='ltr' id='par_1_89' title="bbox 355 5597 1933 5680">
     <span class='ocr_line' id='line_1_90' title="bbox 355 5597 1933 5680; baseline 0.001 -20"><span class='ocrx_word' id='word_1_681' title='bbox 355 5623 466 5660; x_wconf 84' lang='lat' dir='ltr'><strong>rem</strong></span> <span class='ocrx_word' id='word_1_682' title='bbox 483 5609 754 5664; x_wconf 89' lang='lat' dir='ltr'><strong>tristitiam</strong></span> <span class='ocrx_word' id='word_1_683' title='bbox 782 5626 944 5680; x_wconf 90' lang='lat' dir='ltr'><strong>quam</strong></span> <span class='ocrx_word' id='word_1_684' title='bbox 970 5625 1165 5664; x_wconf 82' lang='lat' dir='ltr'><strong>vanam</strong></span> <span class='ocrx_word' id='word_1_685' title='bbox 1179 5611 1432 5664; x_wconf 79' lang='lat' dir='ltr'><strong>convenit</strong></span> <span class='ocrx_word' id='word_1_686' title='bbox 1448 5609 1646 5663; x_wconf 84' lang='lat' dir='ltr'><strong>habere</strong></span> <span class='ocrx_word' id='word_1_687' title='bbox 1668 5597 1933 5662; x_wconf 45' lang='lat' dir='ltr'><strong>laetitiam;</strong></span> 
     </span>
    </p>
   </div>
   <div class='ocr_carea' id='block_1_90' title="bbox 355 5698 1936 5770">
    <p class='ocr_par' dir='ltr' id='par_1_90' title="bbox 355 5698 1936 5770">
     <span class='ocr_line' id='line_1_91' title="bbox 355 5698 1936 5770; baseline 0.002 -18"><span class='ocrx_word' id='word_1_688' title='bbox 355 5698 627 5770; x_wconf 76' lang='lat' dir='ltr'><strong>Scriptum</strong></span> <span class='ocrx_word' id='word_1_689' title='bbox 652 5710 735 5755; x_wconf 89' lang='lat' dir='ltr'><strong>est</strong></span> <span class='ocrx_word' id='word_1_690' title='bbox 753 5703 900 5756; x_wconf 90' lang='lat' dir='ltr'><strong>enim</strong></span> <span class='ocrx_word' id='word_1_691' title='bbox 927 5722 938 5757; x_wconf 94' lang='lat'>:</span> <span class='ocrx_word' id='word_1_692' title='bbox 971 5701 1072 5756; x_wconf 90' lang='lat' dir='ltr'><strong>Cor</strong></span> <span class='ocrx_word' id='word_1_693' title='bbox 1099 5700 1412 5770; x_wconf 83' lang='lat' dir='ltr'><strong>sapientium</strong></span> <span class='ocrx_word' id='word_1_694' title='bbox 1459 5700 1545 5754; x_wconf 88' lang='lat' dir='ltr'><strong>ubi</strong></span> <span class='ocrx_word' id='word_1_695' title='bbox 1589 5701 1802 5756; x_wconf 77' lang='lat' dir='ltr'><strong>tristitia</strong></span> <span class='ocrx_word' id='word_1_696' title='bbox 1823 5741 1840 5768; x_wconf 92' lang='lat'><strong>,</strong></span> <span class='ocrx_word' id='word_1_697' title='bbox 1885 5711 1936 5755; x_wconf 86' lang='lat' dir='ltr'><strong>et</strong></span> 
     </span>
    </p>
   </div>
   <div class='ocr_carea' id='block_1_91' title="bbox 1965 4475 2020 4536">
    <p class='ocr_par' dir='ltr' id='par_1_91' title="bbox 1965 4475 2020 4536">
     <span class='ocr_line' id='line_1_92' title="bbox 1965 4475 2020 4536; baseline 0 0"><span class='ocrx_word' id='word_1_698' title='bbox 1965 4475 2020 4536; x_wconf 91' lang='lat' dir='ltr'><strong><em>D</em></strong></span> 
     </span>
    </p>
   </div>
   <div class='ocr_carea' id='block_1_92' title="bbox 2053 3239 3651 3312">
    <p class='ocr_par' dir='ltr' id='par_1_92' title="bbox 2053 3239 3651 3312">
     <span class='ocr_line' id='line_1_93' title="bbox 2053 3239 3651 3312; baseline 0.006 -19"><span class='ocrx_word' id='word_1_699' title='bbox 2053 3253 2180 3294; x_wconf 87' lang='lat' dir='ltr'><strong>cum</strong></span> <span class='ocrx_word' id='word_1_700' title='bbox 2207 3239 2320 3295; x_wconf 89' lang='lat' dir='ltr'><strong>Deo</strong></span> <span class='ocrx_word' id='word_1_701' title='bbox 2341 3255 2558 3311; x_wconf 87' lang='lat' dir='ltr'><strong>semper</strong></span> <span class='ocrx_word' id='word_1_702' title='bbox 2578 3256 2722 3308; x_wconf 87' lang='lat' dir='ltr'><strong>esse,</strong></span> <span class='ocrx_word' id='word_1_703' title='bbox 2750 3240 3066 3312; x_wconf 86' lang='lat' dir='ltr'><strong>frequenter</strong></span> <span class='ocrx_word' id='word_1_704' title='bbox 3097 3243 3259 3300; x_wconf 89' lang='lat' dir='ltr'><strong>debet</strong></span> <span class='ocrx_word' id='word_1_705' title='bbox 3283 3260 3440 3302; x_wconf 89' lang='lat' dir='ltr'><strong>orare</strong></span> <span class='ocrx_word' id='word_1_706' title='bbox 3463 3255 3520 3302; x_wconf 91' lang='lat' dir='ltr'><strong>et</strong></span> <span class='ocrx_word' id='word_1_707' title='bbox 3541 3247 3651 3303; x_wconf 83' lang='lat' dir='ltr'><strong>fre-</strong></span> 
     </span>
    </p>
   </div>
   <div class='ocr_carea' id='block_1_93' title="bbox 2048 3328 3648 3403">
    <p class='ocr_par' dir='ltr' id='par_1_93' title="bbox 2048 3328 3648 3403">
     <span class='ocr_line' id='line_1_94' title="bbox 2048 3328 3648 3403; baseline 0.005 -19"><span class='ocrx_word' id='word_1_708' title='bbox 2048 3339 2285 3399; x_wconf 81' lang='lat' dir='ltr'><strong>quenter</strong></span> <span class='ocrx_word' id='word_1_709' title='bbox 2313 3331 2515 3403; x_wconf 84' lang='lat' dir='ltr'><strong>legere.</strong></span> <span class='ocrx_word' id='word_1_710' title='bbox 2544 3330 2682 3386; x_wconf 81' lang='lat' dir='ltr'><strong>Nam</strong></span> <span class='ocrx_word' id='word_1_711' title='bbox 2725 3347 2848 3388; x_wconf 86' lang='lat' dir='ltr'><strong>cum</strong></span> <span class='ocrx_word' id='word_1_712' title='bbox 2870 3346 3092 3388; x_wconf 86' lang='lat' dir='ltr'><strong>oramus</strong></span> <span class='ocrx_word' id='word_1_713' title='bbox 3118 3332 3237 3403; x_wconf 88' lang='lat' dir='ltr'><strong>ipsi,</strong></span> <span class='ocrx_word' id='word_1_714' title='bbox 3265 3349 3385 3390; x_wconf 90' lang='lat' dir='ltr'><strong>cum</strong></span> <span class='ocrx_word' id='word_1_715' title='bbox 3429 3328 3474 3390; x_wconf 75' lang='grc' dir='ltr'><strong>Ι)</strong></span> <span class='ocrx_word' id='word_1_716' title='bbox 3494 3351 3540 3391; x_wconf 54' lang='lat' dir='ltr'><strong>‘o</strong></span> <span class='ocrx_word' id='word_1_717' title='bbox 3575 3337 3648 3392; x_wconf 87' lang='lat' dir='ltr'><strong>lo-</strong></span> 
     </span>
    </p>
   </div>
   <div class='ocr_carea' id='block_1_94' title="bbox 2052 3419 3643 3496">
    <p class='ocr_par' dir='ltr' id='par_1_94' title="bbox 2052 3419 3643 3496">
     <span class='ocr_line' id='line_1_95' title="bbox 2052 3419 3643 3496; baseline 0.002 -19"><span class='ocrx_word' id='word_1_718' title='bbox 2052 3419 2304 3492; x_wconf 86' lang='lat' dir='ltr'><strong>quimur;</strong></span> <span class='ocrx_word' id='word_1_719' title='bbox 2333 3437 2458 3478; x_wconf 91' lang='lat' dir='ltr'><strong>cum</strong></span> <span class='ocrx_word' id='word_1_720' title='bbox 2487 3437 2618 3478; x_wconf 91' lang='lat' dir='ltr'><strong>vero</strong></span> <span class='ocrx_word' id='word_1_721' title='bbox 2640 3422 2890 3494; x_wconf 82' lang='lat' dir='ltr'><strong>legimus,</strong></span> <span class='ocrx_word' id='word_1_722' title='bbox 2909 3423 3052 3478; x_wconf 80' lang='lat' dir='ltr'><strong>Deus</strong></span> <span class='ocrx_word' id='word_1_723' title='bbox 3072 3423 3356 3479; x_wconf 85' lang='lat' dir='ltr'><strong>nobiscum</strong></span> <span class='ocrx_word' id='word_1_724' title='bbox 3383 3425 3643 3496; x_wconf 85' lang='lat' dir='ltr'><strong>loquitur.</strong></span> 
     </span>
    </p>
   </div>
   <div class='ocr_carea' id='block_1_95' title="bbox 2052 3514 3647 3586">
    <p class='ocr_par' dir='ltr' id='par_1_95' title="bbox 2052 3514 3647 3586">
     <span class='ocr_line' id='line_1_96' title="bbox 2052 3514 3647 3586; baseline 0.004 -16"><span class='ocrx_word' id='word_1_725' title='bbox 2052 3514 2244 3571; x_wconf 87' lang='lat' dir='ltr'><strong>Omnis</strong></span> <span class='ocrx_word' id='word_1_726' title='bbox 2278 3515 2422 3570; x_wconf 91' lang='lat' dir='ltr'><strong>enim</strong></span> <span class='ocrx_word' id='word_1_727' title='bbox 2448 3514 2726 3586; x_wconf 89' lang='lat' dir='ltr'><strong>perfectus</strong></span> <span class='ocrx_word' id='word_1_728' title='bbox 2744 3516 2798 3571; x_wconf 91' lang='lat' dir='ltr'><strong>in</strong></span> <span class='ocrx_word' id='word_1_729' title='bbox 2828 3516 3094 3584; x_wconf 88' lang='lat' dir='ltr'><strong>lectione,</strong></span> <span class='ocrx_word' id='word_1_730' title='bbox 3129 3519 3377 3574; x_wconf 88' lang='lat' dir='ltr'><strong>oratione</strong></span> <span class='ocrx_word' id='word_1_731' title='bbox 3397 3529 3454 3575; x_wconf 92' lang='lat' dir='ltr'><strong>et</strong></span> <span class='ocrx_word' id='word_1_732' title='bbox 3473 3521 3647 3576; x_wconf 89' lang='lat' dir='ltr'><strong>medi-</strong></span> 
     </span>
    </p>
   </div>
   <div class='ocr_carea' id='block_1_96' title="bbox 2052 3605 3644 3676">
    <p class='ocr_par' dir='ltr' id='par_1_96' title="bbox 2052 3605 3644 3676">
     <span class='ocr_line' id='line_1_97' title="bbox 2052 3605 3644 3676; baseline 0.004 -17"><span class='ocrx_word' id='word_1_733' title='bbox 2052 3605 2261 3661; x_wconf 81' lang='lat' dir='ltr'><strong>latione</strong></span> <span class='ocrx_word' id='word_1_734' title='bbox 2289 3605 2552 3676; x_wconf 86' lang='lat' dir='ltr'><strong>procedit.</strong></span> <span class='ocrx_word' id='word_1_735' title='bbox 2584 3605 2716 3673; x_wconf 68' lang='lat' dir='ltr'><strong>Quae</strong></span> <span class='ocrx_word' id='word_1_736' title='bbox 2741 3607 2884 3662; x_wconf 89' lang='lat' dir='ltr'><strong>enim</strong></span> <span class='ocrx_word' id='word_1_737' title='bbox 2903 3607 3198 3675; x_wconf 87' lang='lat' dir='ltr'><strong>nescimus,</strong></span> <span class='ocrx_word' id='word_1_738' title='bbox 3225 3608 3455 3664; x_wconf 89' lang='lat' dir='ltr'><strong>lectione</strong></span> <span class='ocrx_word' id='word_1_739' title='bbox 3482 3610 3644 3666; x_wconf 87' lang='lat' dir='ltr'><strong>disci-</strong></span> 
     </span>
    </p>
   </div>
   <div class='ocr_carea' id='block_1_97' title="bbox 2051 3695 3643 3764">
    <p class='ocr_par' dir='ltr' id='par_1_97' title="bbox 2051 3695 3643 3764">
     <span class='ocr_line' id='line_1_98' title="bbox 2051 3695 3643 3764; baseline 0.004 -14"><span class='ocrx_word' id='word_1_740' title='bbox 2051 3708 2203 3762; x_wconf 85' lang='lat' dir='ltr'><strong>mus;</strong></span> <span class='ocrx_word' id='word_1_741' title='bbox 2243 3710 2365 3764; x_wconf 71' lang='lat' dir='ltr'><strong>quai</strong></span> <span class='ocrx_word' id='word_1_742' title='bbox 2406 3703 2586 3750; x_wconf 87' lang='lat' dir='ltr'><strong>autem</strong></span> <span class='ocrx_word' id='word_1_743' title='bbox 2617 3695 2991 3764; x_wconf 87' lang='lat' dir='ltr'><strong>didicerimus,</strong></span> <span class='ocrx_word' id='word_1_744' title='bbox 3034 3699 3480 3756; x_wconf 85' lang='lat' dir='ltr'><strong>meditationibus</strong></span> <span class='ocrx_word' id='word_1_745' title='bbox 3511 3710 3643 3757; x_wconf 87' lang='lat' dir='ltr'><strong>con&#39;-</strong></span> 
     </span>
    </p>
   </div>
   <div class='ocr_carea' id='block_1_98' title="bbox 2048 3788 3642 3860">
    <p class='ocr_par' dir='ltr' id='par_1_98' title="bbox 2048 3788 3642 3860">
     <span class='ocr_line' id='line_1_99' title="bbox 2048 3788 3642 3860; baseline 0.004 -19"><span class='ocrx_word' id='word_1_746' title='bbox 2048 3797 2349 3852; x_wconf 83' lang='lat' dir='ltr'><strong>servamus,</strong></span> <span class='ocrx_word' id='word_1_747' title='bbox 2377 3795 2433 3842; x_wconf 93' lang='lat' dir='ltr'><strong>et</strong></span> <span class='ocrx_word' id='word_1_748' title='bbox 2461 3795 2520 3841; x_wconf 89' lang='lat' dir='ltr'><strong>ut</strong></span> <span class='ocrx_word' id='word_1_749' title='bbox 2539 3797 2858 3843; x_wconf 85' lang='lat' dir='ltr'><strong>conservata</strong></span> <span class='ocrx_word' id='word_1_750' title='bbox 2884 3804 2915 3843; x_wconf 87' lang='lat' dir='ltr'><strong>a</strong></span> <span class='ocrx_word' id='word_1_751' title='bbox 2944 3788 3102 3846; x_wconf 89' lang='lat' dir='ltr'><strong>nobis</strong></span> <span class='ocrx_word' id='word_1_752' title='bbox 3138 3789 3491 3860; x_wconf 88' lang='lat' dir='ltr'><strong>impleantur,</strong></span> <span class='ocrx_word' id='word_1_753' title='bbox 3515 3808 3642 3847; x_wconf 88' lang='lat' dir='ltr'><strong>ora-</strong></span> 
     </span>
    </p>
   </div>
   <div class='ocr_carea' id='block_1_99' title="bbox 2051 3874 3641 3947">
    <p class='ocr_par' dir='ltr' id='par_1_99' title="bbox 2051 3874 3641 3947">
     <span class='ocr_line' id='line_1_100' title="bbox 2051 3874 3641 3947; baseline 0.006 -18"><span class='ocrx_word' id='word_1_754' title='bbox 2051 3874 2199 3930; x_wconf 89' lang='lat' dir='ltr'><strong>tione</strong></span> <span class='ocrx_word' id='word_1_755' title='bbox 2223 3876 2595 3947; x_wconf 88' lang='lat' dir='ltr'><strong>adipiscimur.</strong></span> <span class='ocrx_word' id='word_1_756' title='bbox 2650 3876 2942 3934; x_wconf 80' lang='lat' dir='ltr'><strong>Geminum</strong></span> <span class='ocrx_word' id='word_1_757' title='bbox 2978 3880 3127 3935; x_wconf 85' lang='lat' dir='ltr'><strong>enim</strong></span> <span class='ocrx_word' id='word_1_758' title='bbox 3181 3881 3395 3936; x_wconf 89' lang='lat' dir='ltr'><strong>confert</strong></span> <span class='ocrx_word' id='word_1_759' title='bbox 3439 3883 3641 3938; x_wconf 87' lang='lat' dir='ltr'><strong>donum</strong></span> 
     </span>
    </p>
   </div>
   <div class='ocr_carea' id='block_1_100' title="bbox 2049 3967 3640 4041">
    <p class='ocr_par' dir='ltr' id='par_1_100' title="bbox 2049 3967 3640 4041">
     <span class='ocr_line' id='line_1_101' title="bbox 2049 3967 3640 4041; baseline 0.004 -20"><span class='ocrx_word' id='word_1_760' title='bbox 2049 3976 2364 4022; x_wconf 88' lang='lat' dir='ltr'><strong>sanctarum</strong></span> <span class='ocrx_word' id='word_1_761' title='bbox 2389 3967 2549 4024; x_wconf 91' lang='lat' dir='ltr'><strong>lectio</strong></span> <span class='ocrx_word' id='word_1_762' title='bbox 2570 3967 2996 4039; x_wconf 88' lang='lat' dir='ltr'><strong>Scripturarum,</strong></span> <span class='ocrx_word' id='word_1_763' title='bbox 3017 3971 3133 4026; x_wconf 89' lang='lat' dir='ltr'><strong>sive</strong></span> <span class='ocrx_word' id='word_1_764' title='bbox 3158 3972 3286 4041; x_wconf 85' lang='lat' dir='ltr'><strong>quia</strong></span> <span class='ocrx_word' id='word_1_765' title='bbox 3311 3971 3640 4028; x_wconf 90' lang='lat' dir='ltr'><strong>intellectum</strong></span> 
     </span>
    </p>
   </div>
   <div class='ocr_carea' id='block_1_101' title="bbox 2049 4055 3642 4127">
    <p class='ocr_par' dir='ltr' id='par_1_101' title="bbox 2049 4055 3642 4127">
     <span class='ocr_line' id='line_1_102' title="bbox 2049 4055 3642 4127; baseline 0.004 -17"><span class='ocrx_word' id='word_1_766' title='bbox 2049 4055 2250 4111; x_wconf 90' lang='lat' dir='ltr'><strong>mentis</strong></span> <span class='ocrx_word' id='word_1_767' title='bbox 2273 4057 2473 4123; x_wconf 91' lang='lat' dir='ltr'><strong>erudit,</strong></span> <span class='ocrx_word' id='word_1_768' title='bbox 2501 4071 2596 4112; x_wconf 87' lang='lat' dir='ltr'><strong>seu</strong></span> <span class='ocrx_word' id='word_1_769' title='bbox 2637 4057 2780 4127; x_wconf 90' lang='lat' dir='ltr'><strong>quod</strong></span> <span class='ocrx_word' id='word_1_770' title='bbox 2809 4074 2841 4113; x_wconf 89' lang='lat' dir='ltr'><strong>a</strong></span> <span class='ocrx_word' id='word_1_771' title='bbox 2867 4059 3054 4115; x_wconf 85' lang='lat' dir='ltr'><strong>mundi</strong></span> <span class='ocrx_word' id='word_1_772' title='bbox 3076 4060 3406 4116; x_wconf 86' lang='lat' dir='ltr'><strong>vanitatibus</strong></span> <span class='ocrx_word' id='word_1_773' title='bbox 3430 4063 3642 4118; x_wconf 84' lang='lat' dir='ltr'><strong>abstra-</strong></span> 
     </span>
    </p>
   </div>
   <div class='ocr_carea' id='block_1_102' title="bbox 2050 4147 3641 4221">
    <p class='ocr_par' dir='ltr' id='par_1_102' title="bbox 2050 4147 3641 4221">
     <span class='ocr_line' id='line_1_103' title="bbox 2050 4147 3641 4221; baseline 0.004 -20"><span class='ocrx_word' id='word_1_774' title='bbox 2050 4154 2198 4201; x_wconf 91' lang='lat' dir='ltr'><strong>ctum</strong></span> <span class='ocrx_word' id='word_1_775' title='bbox 2224 4147 2499 4203; x_wconf 88' lang='lat' dir='ltr'><strong>hominem</strong></span> <span class='ocrx_word' id='word_1_776' title='bbox 2544 4147 2614 4202; x_wconf 89' lang='lat' dir='ltr'><strong>ad</strong></span> <span class='ocrx_word' id='word_1_777' title='bbox 2655 4162 2897 4204; x_wconf 87' lang='lat' dir='ltr'><strong>amorem</strong></span> <span class='ocrx_word' id='word_1_778' title='bbox 2921 4148 3020 4204; x_wconf 88' lang='lat' dir='ltr'><strong>Dei</strong></span> <span class='ocrx_word' id='word_1_779' title='bbox 3046 4150 3314 4221; x_wconf 89' lang='lat' dir='ltr'><strong>perducit.</strong></span> <span class='ocrx_word' id='word_1_780' title='bbox 3342 4150 3481 4208; x_wconf 82' lang='lat' dir='ltr'><strong>Hinc</strong></span> <span class='ocrx_word' id='word_1_781' title='bbox 3503 4149 3641 4208; x_wconf 82' lang='lat' dir='ltr'><strong>Pau-</strong></span> 
     </span>
    </p>
   </div>
   <div class='ocr_carea' id='block_1_103' title="bbox 2048 4237 3640 4310">
    <p class='ocr_par' dir='ltr' id='par_1_103' title="bbox 2048 4237 3640 4310">
     <span class='ocr_line' id='line_1_104' title="bbox 2048 4237 3640 4310; baseline 0.005 -18"><span class='ocrx_word' id='word_1_782' title='bbox 2048 4237 2134 4293; x_wconf 89' lang='lat' dir='ltr'><strong>lus</strong></span> <span class='ocrx_word' id='word_1_783' title='bbox 2159 4237 2504 4294; x_wconf 78' lang='lat' dir='ltr'><strong>Timotheum</strong></span> <span class='ocrx_word' id='word_1_784' title='bbox 2533 4240 2790 4296; x_wconf 88' lang='lat' dir='ltr'><strong>admonet</strong></span> <span class='ocrx_word' id='word_1_785' title='bbox 2815 4241 3000 4297; x_wconf 81' lang='lat' dir='ltr'><strong>dicens</strong></span> <span class='ocrx_word' id='word_1_786' title='bbox 3029 4263 3042 4296; x_wconf 87' lang='lat'><strong>:</strong></span> <span class='ocrx_word' id='word_1_787' title='bbox 3084 4241 3220 4297; x_wconf 77' lang='lat' dir='ltr'><strong>Dum</strong></span> <span class='ocrx_word' id='word_1_788' title='bbox 3251 4244 3640 4310; x_wconf 70' lang='lat' dir='ltr'><strong>venio,atteade</strong></span> 
     </span>
    </p>
   </div>
   <div class='ocr_carea' id='block_1_104' title="bbox 2046 4328 3638 4402">
    <p class='ocr_par' dir='ltr' id='par_1_104' title="bbox 2046 4328 3638 4402">
     <span class='ocr_line' id='line_1_105' title="bbox 2046 4328 3638 4402; baseline 0.005 -18"><span class='ocrx_word' id='word_1_789' title='bbox 2046 4329 2258 4385; x_wconf 77' lang='lat' dir='ltr'><strong>lectioni</strong></span> <span class='ocrx_word' id='word_1_790' title='bbox 2290 4328 2571 4399; x_wconf 63' lang='lat' dir='ltr'><strong>doctrina,</strong></span> <span class='ocrx_word' id='word_1_791' title='bbox 2604 4333 2717 4387; x_wconf 66' lang='lat' dir='ltr'><strong>lucc</strong></span> <span class='ocrx_word' id='word_1_792' title='bbox 2744 4332 3000 4386; x_wconf 82' lang='lat' dir='ltr'><strong>meditare</strong></span> <span class='ocrx_word' id='word_1_793' title='bbox 3019 4373 3034 4400; x_wconf 93' lang='lat'><strong>,</strong></span> <span class='ocrx_word' id='word_1_794' title='bbox 3091 4343 3142 4388; x_wconf 87' lang='lat' dir='ltr'><strong>et</strong></span> <span class='ocrx_word' id='word_1_795' title='bbox 3191 4335 3246 4388; x_wconf 87' lang='lat' dir='ltr'><strong>in</strong></span> <span class='ocrx_word' id='word_1_796' title='bbox 3268 4335 3349 4389; x_wconf 78' lang='lat' dir='ltr'><strong>his</strong></span> <span class='ocrx_word' id='word_1_797' title='bbox 3375 4345 3484 4390; x_wconf 86' lang='lat' dir='ltr'><strong>esto</strong></span> <span class='ocrx_word' id='word_1_798' title='bbox 3510 4377 3526 4402; x_wconf 92' lang='lat'><strong>,</strong></span> <span class='ocrx_word' id='word_1_799' title='bbox 3580 4347 3638 4392; x_wconf 85' lang='lat' dir='ltr'><strong>ut</strong></span> 
     </span>
    </p>
   </div>
   <div class='ocr_carea' id='block_1_105' title="bbox 2046 4424 3632 4507">
    <p class='ocr_par' dir='ltr' id='par_1_105' title="bbox 2046 4424 3632 4507">
     <span class='ocr_line' id='line_1_106' title="bbox 2046 4424 3632 4507; baseline 0.008 -30"><span class='ocrx_word' id='word_1_800' title='bbox 2046 4424 2311 4494; x_wconf 75' lang='lat' dir='ltr'><strong>profectus</strong></span> <span class='ocrx_word' id='word_1_801' title='bbox 2354 4435 2477 4480; x_wconf 86' lang='lat' dir='ltr'><strong>tuus</strong></span> <span class='ocrx_word' id='word_1_802' title='bbox 2508 4425 2818 4497; x_wconf 75' lang='lat' dir='ltr'><strong>manifestus</strong></span> <span class='ocrx_word' id='word_1_803' title='bbox 2848 4429 2914 4483; x_wconf 90' lang='lat' dir='ltr'><strong>sit</strong></span> <span class='ocrx_word' id='word_1_804' title='bbox 2967 4429 3208 4484; x_wconf 81' lang='lat' dir='ltr'><strong>omnibus</strong></span> <span class='ocrx_word' id='word_1_805' title='bbox 3249 4429 3304 4502; x_wconf 88' lang='grc'><strong>(1</strong></span> <span class='ocrx_word' id='word_1_806' title='bbox 3353 4429 3488 4488; x_wconf 83' lang='lat' dir='ltr'><strong>Tim.</strong></span> <span class='ocrx_word' id='word_1_807' title='bbox 3537 4435 3632 4507; x_wconf 84' lang='lat' dir='ltr'><strong>tv).</strong></span> 
     </span>
    </p>
   </div>
   <div class='ocr_carea' id='block_1_106' title="bbox 2045 4517 3634 4598">
    <p class='ocr_par' dir='ltr' id='par_1_106' title="bbox 2045 4517 3634 4598">
     <span class='ocr_line' id='line_1_107' title="bbox 2045 4517 3634 4598; baseline 0.008 -26"><span class='ocrx_word' id='word_1_808' title='bbox 2045 4517 2213 4574; x_wconf 81' lang='lat' dir='ltr'><strong>Nemo</strong></span> <span class='ocrx_word' id='word_1_809' title='bbox 2243 4519 2391 4574; x_wconf 85' lang='lat' dir='ltr'><strong>enim</strong></span> <span class='ocrx_word' id='word_1_810' title='bbox 2412 4535 2635 4576; x_wconf 90' lang='lat' dir='ltr'><strong>sensum</strong></span> <span class='ocrx_word' id='word_1_811' title='bbox 2660 4520 2958 4593; x_wconf 64' lang='lat' dir='ltr'><strong>Scriptura:</strong></span> <span class='ocrx_word' id='word_1_812' title='bbox 2982 4538 3152 4579; x_wconf 64' lang='lat' dir='ltr'><strong>sacra:</strong></span> <span class='ocrx_word' id='word_1_813' title='bbox 3180 4523 3414 4596; x_wconf 89' lang='lat' dir='ltr'><strong>pleniter</strong></span> <span class='ocrx_word' id='word_1_814' title='bbox 3445 4542 3634 4598; x_wconf 87' lang='lat' dir='ltr'><strong>cogno-</strong></span> 
     </span>
    </p>
   </div>
   <div class='ocr_carea' id='block_1_107' title="bbox 2046 4609 3635 4688">
    <p class='ocr_par' dir='ltr' id='par_1_107' title="bbox 2046 4609 3635 4688">
     <span class='ocr_line' id='line_1_108' title="bbox 2046 4609 3635 4688; baseline 0.008 -25"><span class='ocrx_word' id='word_1_815' title='bbox 2046 4623 2200 4664; x_wconf 83' lang='lat' dir='ltr'><strong>scere</strong></span> <span class='ocrx_word' id='word_1_816' title='bbox 2223 4609 2444 4680; x_wconf 89' lang='lat' dir='ltr'><strong>poterit,</strong></span> <span class='ocrx_word' id='word_1_817' title='bbox 2460 4611 2564 4666; x_wconf 89' lang='lat' dir='ltr'><strong>nisi</strong></span> <span class='ocrx_word' id='word_1_818' title='bbox 2585 4612 2801 4668; x_wconf 85' lang='lat' dir='ltr'><strong>assidue</strong></span> <span class='ocrx_word' id='word_1_819' title='bbox 2826 4613 3076 4685; x_wconf 73' lang='lat' dir='ltr'><strong>legendo,</strong></span> <span class='ocrx_word' id='word_1_820' title='bbox 3095 4623 3190 4671; x_wconf 87' lang='lat' dir='ltr'><strong>aut</strong></span> <span class='ocrx_word' id='word_1_821' title='bbox 3212 4617 3500 4685; x_wconf 87' lang='lat' dir='ltr'><strong>audiendo,</strong></span> <span class='ocrx_word' id='word_1_822' title='bbox 3519 4619 3635 4688; x_wconf 80' lang='lat' dir='ltr'><strong>ejus</strong></span> 
     </span>
    </p>
   </div>
   <div class='ocr_carea' id='block_1_108' title="bbox 2046 4698 3634 4779">
    <p class='ocr_par' dir='ltr' id='par_1_108' title="bbox 2046 4698 3634 4779">
     <span class='ocr_line' id='line_1_109' title="bbox 2046 4698 3634 4779; baseline 0.009 -28"><span class='ocrx_word' id='word_1_823' title='bbox 2046 4698 2468 4779; x_wconf 83' lang='lat' dir='ltr'><strong>familiaritatem</strong></span> <span class='ocrx_word' id='word_1_824' title='bbox 2529 4702 2808 4769; x_wconf 84' lang='lat' dir='ltr'><strong>habuerit,</strong></span> <span class='ocrx_word' id='word_1_825' title='bbox 2864 4705 3006 4762; x_wconf 90' lang='lat' dir='ltr'><strong>sicut</strong></span> <span class='ocrx_word' id='word_1_826' title='bbox 3051 4705 3312 4779; x_wconf 89' lang='lat' dir='ltr'><strong>scriptum</strong></span> <span class='ocrx_word' id='word_1_827' title='bbox 3338 4717 3423 4764; x_wconf 89' lang='lat' dir='ltr'><strong>est</strong></span> <span class='ocrx_word' id='word_1_828' title='bbox 3457 4728 3470 4764; x_wconf 91' lang='lat'><strong>:</strong></span> <span class='ocrx_word' id='word_1_829' title='bbox 3501 4711 3634 4765; x_wconf 79' lang='lat' dir='ltr'><strong>Ama</strong></span> 
     </span>
    </p>
   </div>
   <div class='ocr_carea' id='block_1_109' title="bbox 2045 4791 3630 4866">
    <p class='ocr_par' dir='ltr' id='par_1_109' title="bbox 2045 4791 3630 4866">
     <span class='ocr_line' id='line_1_110' title="bbox 2045 4791 3630 4866; baseline 0.007 -20"><span class='ocrx_word' id='word_1_830' title='bbox 2045 4791 2217 4856; x_wconf 79' lang='lat' dir='ltr'><strong>illaut,</strong></span> <span class='ocrx_word' id='word_1_831' title='bbox 2238 4803 2286 4846; x_wconf 88' lang='lat' dir='ltr'><strong>et</strong></span> <span class='ocrx_word' id='word_1_832' title='bbox 2315 4793 2567 4848; x_wconf 72' lang='lat' dir='ltr'><strong>exaltabit</strong></span> <span class='ocrx_word' id='word_1_833' title='bbox 2609 4805 2680 4859; x_wconf 86' lang='lat' dir='ltr'><strong>te,</strong></span> <span class='ocrx_word' id='word_1_834' title='bbox 2701 4796 3081 4866; x_wconf 85' lang='lat' dir='ltr'><strong>glori/icaberis</strong></span> <span class='ocrx_word' id='word_1_835' title='bbox 3126 4799 3194 4854; x_wconf 87' lang='lat' dir='ltr'><strong>ab</strong></span> <span class='ocrx_word' id='word_1_836' title='bbox 3220 4816 3284 4855; x_wconf 86' lang='lat' dir='ltr'><strong>ea</strong></span> <span class='ocrx_word' id='word_1_837' title='bbox 3307 4841 3322 4866; x_wconf 96' lang='lat'><strong>,</strong></span> <span class='ocrx_word' id='word_1_838' title='bbox 3375 4817 3493 4856; x_wconf 88' lang='lat' dir='ltr'><strong>cum</strong></span> <span class='ocrx_word' id='word_1_839' title='bbox 3517 4819 3630 4857; x_wconf 87' lang='lat' dir='ltr'><strong>eam</strong></span> 
     </span>
    </p>
   </div>
   <div class='ocr_carea' id='block_1_110' title="bbox 2048 4883 2906 4959">
    <p class='ocr_par' dir='ltr' id='par_1_110' title="bbox 2048 4883 2906 4959">
     <span class='ocr_line' id='line_1_111' title="bbox 2048 4883 2906 4959; baseline 0.008 -24"><span class='ocrx_word' id='word_1_840' title='bbox 2048 4883 2211 4952; x_wconf 76' lang='lat' dir='ltr'><strong>fueris</strong></span> <span class='ocrx_word' id='word_1_841' title='bbox 2240 4883 2569 4954; x_wconf 73' lang='lat' dir='ltr'><strong>amplexatus</strong></span> <span class='ocrx_word' id='word_1_842' title='bbox 2596 4884 2778 4958; x_wconf 80' lang='lat' dir='ltr'><strong>(Prov.</strong></span> <span class='ocrx_word' id='word_1_843' title='bbox 2811 4888 2906 4959; x_wconf 86' lang='lat' dir='ltr'><strong>tv).</strong></span> 
     </span>
    </p>
   </div>
   <div class='ocr_carea' id='block_1_111' title="bbox 2113 4975 3628 5056">
    <p class='ocr_par' dir='ltr' id='par_1_111' title="bbox 2113 4975 3628 5056">
     <span class='ocr_line' id='line_1_112' title="bbox 2113 4975 3628 5056; baseline 0.007 -26"><span class='ocrx_word' id='word_1_844' title='bbox 2113 4975 2202 5030; x_wconf 85' lang='lat'><strong>57.</strong></span> <span class='ocrx_word' id='word_1_845' title='bbox 2244 4976 2487 5031; x_wconf 82' lang='lat' dir='ltr'><strong>Orationi</strong></span> <span class='ocrx_word' id='word_1_846' title='bbox 2510 4979 3116 5049; x_wconf 75' lang='lat' dir='ltr'><strong>frequenterincumbere</strong></span> <span class='ocrx_word' id='word_1_847' title='bbox 3138 4983 3354 5056; x_wconf 74' lang='lat' dir='ltr'><strong>(Matth.</strong></span> <span class='ocrx_word' id='word_1_848' title='bbox 3383 5001 3470 5048; x_wconf 76' lang='lat' dir='ltr'><strong>v1;</strong></span> <span class='ocrx_word' id='word_1_849' title='bbox 3499 4985 3628 5042; x_wconf 86' lang='lat' dir='ltr'><strong>Luc.</strong></span> 
     </span>
    </p>
   </div>
   <div class='ocr_carea' id='block_1_112' title="bbox 2045 5064 3635 5136">
    <p class='ocr_par' dir='ltr' id='par_1_112' title="bbox 2045 5064 3635 5136">
     <span class='ocr_line' id='line_1_113' title="bbox 2045 5064 3635 5136; baseline 0.008 -17"><span class='ocrx_word' id='word_1_850' title='bbox 2045 5064 2144 5134; x_wconf 74' lang='lat' dir='ltr'><strong>XI).</strong></span> <span class='ocrx_word' id='word_1_851' title='bbox 2173 5064 2487 5122; x_wconf 79' lang='lat' dir='ltr'><strong>incumbere</strong></span> <span class='ocrx_word' id='word_1_852' title='bbox 2515 5069 2672 5135; x_wconf 90' lang='lat' dir='ltr'><strong>dicit,</strong></span> <span class='ocrx_word' id='word_1_853' title='bbox 2705 5070 2927 5136; x_wconf 89' lang='lat' dir='ltr'><strong>instare,</strong></span> <span class='ocrx_word' id='word_1_854' title='bbox 2960 5072 3045 5126; x_wconf 85' lang='lat' dir='ltr'><strong>vel</strong></span> <span class='ocrx_word' id='word_1_855' title='bbox 3084 5074 3358 5130; x_wconf 88' lang='lat' dir='ltr'><strong>incubare.</strong></span> <span class='ocrx_word' id='word_1_856' title='bbox 3413 5075 3479 5130; x_wconf 89' lang='lat' dir='ltr'><strong>Et</strong></span> <span class='ocrx_word' id='word_1_857' title='bbox 3507 5091 3635 5133; x_wconf 84' lang='lat' dir='ltr'><strong>con-</strong></span> 
     </span>
    </p>
   </div>
   <div class='ocr_carea' id='block_1_113' title="bbox 2046 5161 3636 5237">
    <p class='ocr_par' dir='ltr' id='par_1_113' title="bbox 2046 5161 3636 5237">
     <span class='ocr_line' id='line_1_114' title="bbox 2046 5161 3636 5237; baseline 0.009 -28"><span class='ocrx_word' id='word_1_858' title='bbox 2046 5171 2178 5228; x_wconf 89' lang='lat' dir='ltr'><strong>grue</strong></span> <span class='ocrx_word' id='word_1_859' title='bbox 2224 5173 2323 5213; x_wconf 92' lang='lat' dir='ltr'><strong>nos</strong></span> <span class='ocrx_word' id='word_1_860' title='bbox 2379 5169 2500 5230; x_wconf 92' lang='lat' dir='ltr'><strong>post</strong></span> <span class='ocrx_word' id='word_1_861' title='bbox 2539 5161 2784 5218; x_wconf 85' lang='lat' dir='ltr'><strong>lectionis</strong></span> <span class='ocrx_word' id='word_1_862' title='bbox 2817 5164 3147 5228; x_wconf 86' lang='lat' dir='ltr'><strong>auditionem</strong></span> <span class='ocrx_word' id='word_1_863' title='bbox 3195 5167 3427 5223; x_wconf 89' lang='lat' dir='ltr'><strong>orationi</strong></span> <span class='ocrx_word' id='word_1_864' title='bbox 3474 5167 3636 5237; x_wconf 79' lang='lat' dir='ltr'><strong>jussit</strong></span> 
     </span>
    </p>
   </div>
   <div class='ocr_carea' id='block_1_114' title="bbox 2046 5246 3633 5316">
    <p class='ocr_par' dir='ltr' id='par_1_114' title="bbox 2046 5246 3633 5316">
     <span class='ocr_line' id='line_1_115' title="bbox 2046 5246 3633 5316; baseline 0.008 -15"><span class='ocrx_word' id='word_1_865' title='bbox 2046 5246 2359 5316; x_wconf 88' lang='lat' dir='ltr'><strong>frequenter</strong></span> <span class='ocrx_word' id='word_1_866' title='bbox 2384 5251 2716 5307; x_wconf 88' lang='lat' dir='ltr'><strong>incumbere.</strong></span> <span class='ocrx_word' id='word_1_867' title='bbox 2747 5253 2862 5308; x_wconf 88' lang='lat' dir='ltr'><strong>Non</strong></span> <span class='ocrx_word' id='word_1_868' title='bbox 2884 5255 3029 5310; x_wconf 84' lang='lat' dir='ltr'><strong>enim</strong></span> <span class='ocrx_word' id='word_1_869' title='bbox 3068 5271 3098 5311; x_wconf 89' lang='lat' dir='ltr'><strong>a</strong></span> <span class='ocrx_word' id='word_1_870' title='bbox 3119 5257 3350 5313; x_wconf 89' lang='lat' dir='ltr'><strong>lectione</strong></span> <span class='ocrx_word' id='word_1_871' title='bbox 3381 5258 3633 5313; x_wconf 89' lang='lat' dir='ltr'><strong>dissentit</strong></span> 
     </span>
    </p>
   </div>
   <div class='ocr_carea' id='block_1_115' title="bbox 2047 5339 3635 5418">
    <p class='ocr_par' dir='ltr' id='par_1_115' title="bbox 2047 5339 3635 5418">
     <span class='ocr_line' id='line_1_116' title="bbox 2047 5339 3635 5418; baseline 0.007 -26"><span class='ocrx_word' id='word_1_872' title='bbox 2047 5339 2244 5405; x_wconf 87' lang='lat' dir='ltr'><strong>oratio,</strong></span> <span class='ocrx_word' id='word_1_873' title='bbox 2272 5355 2375 5395; x_wconf 89' lang='lat' dir='ltr'><strong>nec</strong></span> <span class='ocrx_word' id='word_1_874' title='bbox 2401 5341 2469 5396; x_wconf 90' lang='lat' dir='ltr'><strong>ab</strong></span> <span class='ocrx_word' id='word_1_875' title='bbox 2513 5343 2760 5398; x_wconf 88' lang='lat' dir='ltr'><strong>oratione</strong></span> <span class='ocrx_word' id='word_1_876' title='bbox 2791 5343 2963 5399; x_wconf 88' lang='lat' dir='ltr'><strong>aliena</strong></span> <span class='ocrx_word' id='word_1_877' title='bbox 2989 5355 3074 5401; x_wconf 90' lang='lat' dir='ltr'><strong>est</strong></span> <span class='ocrx_word' id='word_1_878' title='bbox 3111 5346 3292 5402; x_wconf 89' lang='lat' dir='ltr'><strong>lectio.</strong></span> <span class='ocrx_word' id='word_1_879' title='bbox 3333 5347 3635 5418; x_wconf 83' lang='lat' dir='ltr'><strong>Aliquoties</strong></span> 
     </span>
    </p>
   </div>
   <div class='ocr_carea' id='block_1_116' title="bbox 2046 5429 3636 5503">
    <p class='ocr_par' dir='ltr' id='par_1_116' title="bbox 2046 5429 3636 5503">
     <span class='ocr_line' id='line_1_117' title="bbox 2046 5429 3636 5503; baseline 0.007 -22"><span class='ocrx_word' id='word_1_880' title='bbox 2046 5437 2224 5483; x_wconf 82' lang='lat' dir='ltr'><strong>autem</strong></span> <span class='ocrx_word' id='word_1_881' title='bbox 2247 5429 2526 5500; x_wconf 81' lang='lat' dir='ltr'><strong>proferunt</strong></span> <span class='ocrx_word' id='word_1_882' title='bbox 2553 5448 2740 5498; x_wconf 90' lang='lat' dir='ltr'><strong>unum,</strong></span> <span class='ocrx_word' id='word_1_883' title='bbox 2762 5432 3049 5503; x_wconf 87' lang='lat' dir='ltr'><strong>aliquoties</strong></span> <span class='ocrx_word' id='word_1_884' title='bbox 3065 5451 3194 5492; x_wconf 87' lang='lat' dir='ltr'><strong>vero</strong></span> <span class='ocrx_word' id='word_1_885' title='bbox 3216 5437 3510 5492; x_wconf 89' lang='lat' dir='ltr'><strong>diversum.</strong></span> <span class='ocrx_word' id='word_1_886' title='bbox 3527 5435 3636 5492; x_wconf 88' lang='lat' dir='ltr'><strong>Sed</strong></span> 
     </span>
    </p>
   </div>
   <div class='ocr_carea' id='block_1_117' title="bbox 2045 5519 3638 5589">
    <p class='ocr_par' dir='ltr' id='par_1_117' title="bbox 2045 5519 3638 5589">
     <span class='ocr_line' id='line_1_118' title="bbox 2045 5519 3638 5589; baseline 0.008 -19"><span class='ocrx_word' id='word_1_887' title='bbox 2045 5519 2170 5588; x_wconf 88' lang='lat' dir='ltr'><strong>quia</strong></span> <span class='ocrx_word' id='word_1_888' title='bbox 2196 5519 2372 5574; x_wconf 88' lang='lat' dir='ltr'><strong>oratio</strong></span> <span class='ocrx_word' id='word_1_889' title='bbox 2395 5520 2593 5575; x_wconf 87' lang='lat' dir='ltr'><strong>dicitur</strong></span> <span class='ocrx_word' id='word_1_890' title='bbox 2607 5523 2721 5578; x_wconf 90' lang='lat' dir='ltr'><strong>oris</strong></span> <span class='ocrx_word' id='word_1_891' title='bbox 2751 5524 2913 5589; x_wconf 89' lang='lat' dir='ltr'><strong>ratio,</strong></span> <span class='ocrx_word' id='word_1_892' title='bbox 2939 5535 3129 5580; x_wconf 85' lang='lat' dir='ltr'><strong>neutra</strong></span> <span class='ocrx_word' id='word_1_893' title='bbox 3149 5527 3359 5582; x_wconf 86' lang='lat' dir='ltr'><strong>illarum</strong></span> <span class='ocrx_word' id='word_1_894' title='bbox 3372 5527 3638 5583; x_wconf 85' lang='lat' dir='ltr'><strong>orationis</strong></span> 
     </span>
    </p>
   </div>
   <div class='ocr_carea' id='block_1_118' title="bbox 2045 5611 3639 5689">
    <p class='ocr_par' dir='ltr' id='par_1_118' title="bbox 2045 5611 3639 5689">
     <span class='ocr_line' id='line_1_119' title="bbox 2045 5611 3639 5689; baseline 0.006 -27"><span class='ocrx_word' id='word_1_895' title='bbox 2045 5611 2262 5664; x_wconf 90' lang='lat' dir='ltr'><strong>nomine</strong></span> <span class='ocrx_word' id='word_1_896' title='bbox 2297 5619 2464 5671; x_wconf 86' lang='lat' dir='ltr'><strong>caret,</strong></span> <span class='ocrx_word' id='word_1_897' title='bbox 2491 5619 2725 5683; x_wconf 85' lang='lat' dir='ltr'><strong>utroque</strong></span> <span class='ocrx_word' id='word_1_898' title='bbox 2755 5613 3148 5671; x_wconf 87' lang='lat' dir='ltr'><strong>rationabiliter</strong></span> <span class='ocrx_word' id='word_1_899' title='bbox 3189 5627 3381 5683; x_wconf 56' lang='lat' dir='ltr'><strong>canta»,</strong></span> <span class='ocrx_word' id='word_1_900' title='bbox 3407 5626 3639 5689; x_wconf 87' lang='lat' dir='ltr'><strong>utroque</strong></span> 
     </span>
    </p>
   </div>
   <div class='ocr_carea' id='block_1_119' title="bbox 2015 5699 3642 5787">
    <p class='ocr_par' dir='ltr' id='par_1_119' title="bbox 2015 5699 3642 5787">
     <span class='ocr_line' id='line_1_120' title="bbox 2015 5699 3642 5787; baseline 0.009 -37"><span class='ocrx_word' id='word_1_901' title='bbox 2015 5714 2174 5753; x_wconf 75' lang='lat' dir='ltr'><strong>.vero</strong></span> <span class='ocrx_word' id='word_1_902' title='bbox 2203 5699 2596 5757; x_wconf 88' lang='lat' dir='ltr'><strong>rationabiliter</strong></span> <span class='ocrx_word' id='word_1_903' title='bbox 2635 5705 3022 5787; x_wconf 20' lang='lat' dir='ltr'><strong>sunt-dictam.</strong></span> <span class='ocrx_word' id='word_1_904' title='bbox 3050 5708 3274 5764; x_wconf 77' lang='lat' dir='ltr'><strong>Multum</strong></span> <span class='ocrx_word' id='word_1_905' title='bbox 3301 5711 3446 5765; x_wconf 86' lang='lat' dir='ltr'><strong>enim</strong></span> <span class='ocrx_word' id='word_1_906' title='bbox 3495 5706 3642 5780; x_wconf 80' lang='lat' dir='ltr'><strong>apud</strong></span> 
     </span>
    </p>
   </div>
  </div>
