3944 6484
248 400 348 461 785
1275 381 1630 448 ΕΟΜΜΕΝἸ.
1670 384 1738 440 IN
1780 383 1886 437 “Et

1992 381 2038 437 5.
2079 373 2455 436 BENEDICTL
3409 364 3522 417 735

249 521 532 577 Dominum
559 522 791 584 utraque
815 509 918 567 sibi
949 521 1258 564 necessario
1278 500 1724 578 commendatur,
1775 504 1833 548 ut
1861 495 1912 553 Α
1935 491 2084 544 dari:
2111 489 2334 543 Domino
2361 485 2598 555 conﬁteri
2624 489 2837 584 peccata
2863 488 2954 534 tua
2983 476 3288 584 (Eccltiﬂ).

251 567 785 675 orat-ionebperatjio,
808 610 864 656 et
897 615 1061 671 opere
1088 596 1342 650 fulciatur
1361 592 1559 647 cratio.
1592 567 1744 645 Unde
1784 593 1840 675 et
1916 582 2311 675 unusquisque
2341 583 2586 675 nostrum
2637 573 2964 675 confiteatur
3005 577 3229 641 peccata
3255 567 3518 675 suauDo:

252 663 513 754 leremias
544 663 662 747 ait:
697 663 948 745 Leuemus
975 685 1338 740 cordanostra
1362 697 1480 735 cum
1505 676 1745 732 trionibus
1771 674 1840 727 ad
1941 673 2088 728 mino
2126 711 2143 737 ,
2201 671 2329 741 quia
2381 669 2427 723 si
2486 668 2541 721 in
2594 663 2914 760 pmnitenti-a
2975 663 3406 760 perseveraverit
3468 667 3524 712 et

255 749 534 844 Dominum
560 782 777 856 (Thren.
800 778 906 852 nt).
937 778 1046 834 Cor
1069 775 1214 831 enim
1253 789 1378 831 eum
1409 769 1656 826 manibus
1675 767 1842 830 levat,
1942 761 2223 816 confessus
2261 756 2471 812 fruetus
2509 755 2700 854 dignos
2747 750 3091 856 penitentia:
3115 749 3355 852 fecerit,
3414 762 3522 801 non

254 841 345 950 qui
389 841 694 932 orationem
748 841 875 926 cum
917 881 1082 938 opere
1135 863 1400 920 sublevat.
1466 860 1544 914 De
1585 855 1846 913 instantia
1943 850 2119 906 solum
2153 855 2536 950 peccatorum"
2553 841 2764 950 veniam
2787 881 2802 906 ,
3023 841 3186 939 etiam
3209 841 3380 950 .civis
3433 853 3523 934 su-

256 930 682 1022 ;nimrorationis
707 974 807 1014 nos
843 930 1042 1012 Paulus
1069 955 1325 1011 admonet
1344 951 1531 1006 dicens
1557 962 1574 1002 :
1604 944 1849 1002 Orationi
1945 953 2128 1010 pernae
2163 935 2403 994 civitatis
2457 930 2685 988 eﬂ‘ectus
2709 969 2727 997 ,
2780 930 3009 1000 praemia
3058 930 3283 996 recipiet
3334 930 3532 995 sempi-

258 1055 537 1117 instantu,
555 1037 605 1105 et
623 1058 837 1104 orantes
855 1046 1001 1103 omni
1019 1055 1248 1116 tempore
1264 1044 1318 1098 in
1335 1042 1524 1110 spiritu
1546 1037 1728 1110 (Rom.
1745 1051 1860 1124 xu,
1949 1038 2135 1086 terna.

264 1144 574 1217 Epheswu).
594 1142 891 1211 Quiaenim
906 1143 1055 1198 omni
1077 1130 1856 1209 tetnporeoﬂ‘cndimus,sicut
2022 1138 2092 1195 Et
2145 1138 2211 1193 άε
2259 1139 2386 1209 qui;
2415 1135 2573 1191 ηιαιξε
2625 1135 2690 1190 de
2715 1146 2904 1189 mpero
2938 1133 3236 1188 εηιεηάαη,
3287 1131 3380 1186 me
3407 1145 3540 1202 ergo

260 1241 530 1308 scriptum
543 1245 657 1293 est:
681 1235 748 1290 In
767 1234 949 1289 multis
968 1233 1285 1302 oﬁ'enzlimtts
1301 1244 1479 1284 omnes
1497 1224 1710 1308 (Iacob.
1735 1221 1858 1308 Ill);
1952 1228 2332 1300 paenitentiam
2352 1226 2514 1298 digne
2539 1225 2686 1294 agit,
2717 1223 2811 1294 qui
2843 1223 2924 1278 sic
2965 1221 3241 1292 praeterita
3272 1218 3413 1274 mala
3442 1219 3538 1295 de-

262 1307 407 1378 omni
437 1329 684 1389 tempore
708 1331 810 1386 pro
833 1314 1058 1372 oﬂ'ensis
1077 1327 1238 1368 orare
1262 1311 1541 1366 debemus.
1580 1307 1720 1362 Hine
1752 1307 1855 1362 ite-
1953 1319 2164 1389 νισι-ει,
2225 1325 2286 1374 ιιι
2339 1315 2519 1372 futura
2550 1317 2746 1370 iterum
2773 1329 2881 1370 non
2907 1311 3233 1369 committat.
3265 1310 3401 1365 Nam
3445 1309 3542 1381 qui

263 1429 382 1470 rum
413 1411 611 1466 Paulus
639 1410 752 1464 ait:
785 1403 1311 1464 Sineintermiss'ione
1336 1412 1482 1458 orate
1505 1400 1557 1472 (1
1578 1397 1852 1471 Thess.v).
1956 1408 2162 1478 plangit
2201 1415 2486 1478 peccatum
2505 1447 2521 1472 ,
2552 1415 2608 1461 οι
2667 1404 2865 1458 iterum
2920 1402 3159 1458 admittit
3221 1409 3540 1471 peccatum,

252 1502 404 1556 .llinc
428 1499 624 1555 Petrus
651 1498 820 1554 dicit:
851 1495 1035 1550 Estote
1061 1495 1238 1564 itaque
1259 1491 1542 1564 prudentes
1569 1498 1616 1545 et
1639 1487 1856 1559 vigilate
1957 1500 2114 1571 quasi
2150 1501 2195 1555 si
2231 1499 2354 1569 quis
2399 1497 2543 1554 lavet
2586 1497 2814 1554 laterem
2862 1494 3113 1559 crudum,
3143 1507 3303 1563 quem
3334 1501 3539 1563 quanto

265 1593 322 1646 in
354 1588 682 1645 orationibus
710 1585 766 1660 (Ι
799 1584 944 1640 Petr.
976 1582 1073 1655 Iv).
1113 1581 1339 1649 Quoties
1363 1579 1508 1635 enim
1533 1591 1750 1646 cunque
1777 1576 1858 1629 vi-

1992 1591 2134 1664 nagis
2173 1590 2412 1656 laverit,
2451 1579 2604 1644 tanto
2634 1587 2868 1658 amplius
2905 1585 3077 1640 lutum
3097 1583 3248 1640 facit.
3286 1583 3381 1639 Ille
3406 1599 3539 1654 ergo

269 1682 346 1736 tio
366 1678 610 1750 quolibet
640 1676 912 1746 tangimur
927 1713 944 1740 ,
972 1673 1040 1729 ad
1069 1672 1374 1730 orationem
1395 1683 1496 1724 nos
1519 1666 1752 1722 subdere
1772 1665 1861 1720 de-

1992 1680 2337 1736 mnitentiam
2371 1679 2530 1750 digne
2566 1678 2712 1749 agit,
2750 1677 2874 1746 qui,
2916 1691 3040 1746 qua:
3074 1674 3392 1741 commisit,
3423 1674 3538 1745 jam

268 1773 481 1836 bemus,
506 1769 632 1839 quia
662 1767 918 1837 frequens
945 1764 1122 1822 oratio
1165 1761 1424 1817 vitiorum
1463 1757 1548 1815 est
1578 1759 1860 1828 impugna-
1884 1836 1886 1839 ι

1992 1786 2069 1827 ιοιι
2107 1770 2424 1835 committit,
2465 1768 2561 1824 sed
2597 1783 2721 1823 cum
2759 1766 3138 1822 satisfactione
3181 1765 3250 1819 de
3295 1763 3381 1819 bis
3422 1779 3544 1833 qua:

271 1862 366 1918 tio.
397 1835 585 1918 οώιῖο
609 1835 791 1915 autem
817 1871 925 1912 non
970 1856 1236 1910 labiorum
1271 1850 1650 1907 tantummodo
1698 1847 1860 1902 debet
1884 1835 1932 1894 Β
1959 1861 2127 1934 gessit
2147 1901 2163 1927 ,
2201 1859 2638 1916 emendationem
2697 1857 2989 1928 promittit.
3054 1855 3338 1911 Festinate
3399 1854 3545 1910 enim

267 1967 410 2018 08.80.
440 1952 536 2008 θεά
581 1959 636 2006 οι
661 1949 926 2006 οοτάίυῐηο
986 1946 1103 2002 Non
1131 1945 1281 2000 enim
1328 1941 1646 2011 ωυηίριίοίδ
1690 1938 1857 1994 verba
1960 1952 2120 2009 debet
2164 1952 2234 2006 ad
2281 1949 2569 2006 Dominum
2635 1947 2949 2019 ptenitendo
2991 1945 3366 2016 unusquisque
3420 1946 3546 2000 dum

271 2044 414 2100 Deus
439 2041 689 2107 attendit,
729 2037 824 2094 sed
858 2037 1066 2093 orantis
1093 2050 1190 2091 cor
1225 2033 1444 2104 aspicit.
1467 2031 1752 2100 Nunquam
1777 2035 1862 2083 est
1960 2048 2142 2110 potest
2167 2079 2183 2104 ,
2249 2053 2321 2094 ne
2377 2038 2423 2093 si
2451 2077 2468 2104 ,
2504 2037 2635 2091 dum
2679 2043 2860 2107 potest
2886 2075 2902 2098 ,
2940 2034 3204 2100 noluerit,
3242 2049 3365 2089 cum
3390 2034 3548 2088 tarde

270 2132 394 2190 sine
420 2132 622 2204 gemitu
669 2131 955 2194 orandum,
984 2142 1109 2182 nam
1152 2131 1500 2196 peccatorum
1556 2120 1862 2177 recordatio

1992 2130 2214 2195 'oluerit,
2265 2129 2488 2184 omnino
2519 2142 2628 2182 non
2683 2125 2878 2198 possit.
2914 2125 3055 2183 Hinc
3093 2125 3370 2196 propheta
3425 2125 3504 2178 ait
3536 2142 3548 2176 :

272 2237 564 2280 maerorem
595 2221 783 2293 gignit.
810 2221 950 2275 Dum
976 2218 1120 2275 enim
1157 2230 1398 2280 oramus,
1424 2214 1494 2268 ad
1543 2211 1862 2267 memoriam

1992 2222 2200 2288 juwrite
2251 2220 2559 2284 Dominum,
2604 2218 2732 2271 dum
2777 2217 3002 2272 inveniri
3050 2226 3253 2288 potest;
3315 2217 3552 2269 invocata

275 2313 586 2370 reducimus
609 2311 845 2381 culpam,
877 2317 934 2365 et
962 2309 1136 2380 magis
1192 2321 1316 2362 reos
1349 2313 1478 2360 tunc
1504 2318 1605 2360 nos
1628 2315 1750 2358 esse
1773 2315 1865 2357 co-
1965 2327 2104 2376 eum,
2130 2310 2260 2363 dum
2287 2325 2446 2380 prope
2469 2306 2697 2376 estUsa.
2715 2304 2824 2377 LV).
2841 2303 2960 2360 Non
2983 2304 3130 2360 enim
3151 2311 3362 2375 oportet
3379 2303 3554 2372 poeni-

276 2404 606 2474 gnoscimus.
637 2402 872 2472 Ideoque
893 2415 1017 2456 cum
1044 2399 1157 2454 Deo
1201 2397 1528 2462 assistimus,
1553 2409 1770 2467 gemere
1811 2399 1869 2447 et

1992 2409 2170 2455 entem
2191 2400 2256 2484 de
2275 2398 2514 2470 peccatis
2539 2397 2652 2453 suis
2674 2397 2876 2452 habere
2897 2395 3266 2452 securitatem.
3289 2394 3425 2448 Nam
3456 2409 3543 2449 se—

277 2496 410 2549 flere
441 2492 716 2557 debemus,
740 2489 1152 2546 reminiscentes
1170 2502 1332 2557 quam
1367 2485 1555 2558 gravia
1599 2492 1724 2540 sunt
1748 2498 1864 2538 sce-

281 2586 393 2640 lera
445 2599 566 2654 qum
611 2581 1004 2645 commisimus,
1041 2592 1312 2650 quamque
1342 2577 1460 2632 dira
1489 2573 1691 2630 inferni
1740 2589 1866 2644 sup-

280 2673 442 2743 plicia
471 2687 592 2741 qua:
615 2669 888 2725 timemus.
919 2667 1069 2723 Mens
1105 2665 1318 2736 qualem
1363 2679 1422 2720 se
1449 2664 1504 2719 in
1528 2663 1776 2720 oratione
1795 2661 1870 2716 of-

282 2763 412 2827 fert,
440 2761 602 2817 talem
627 2775 686 2816 se
727 2767 848 2830 post
876 2757 1178 2814 orationem
1203 2761 1509 2812 conservet.
1559 2753 1697 2808 Nam
1737 2750 1871 2807 nihil

286 2851 501 2923 proficit
525 2850 721 2915 oratio,
773 2849 820 2904 si
857 2849 1034 2904 denuo
1076 2844 1434 2902 cnmmittitur
1476 2843 1623 2898 unde
1659 2841 1774 2911 jam
1815 2841 1871 2896 in

288 2945 444 2999 venia
473 2944 794 3014 postulatur.
826 2943 917 3002 Ille
955 2943 1102 3004 enim
1140 2940 1193 2995 in
1229 2939 1484 3010 precibus
1509 2937 1873 2993 desideratum

287 3035 540 3091 effectum
561 3036 682 3091 sine
709 3035 872 3090 dubio
899 3033 1152 3105 percipit,
1180 3031 1326 3103 quod
1351 3029 1560 3087 orando
1587 3028 1732 3084 ablui
1778 3042 1874 3098 po-

289 3126 476 3191 stulat,
503 3126 866 3196 delinquendo
886 3141 994 3181 non
1019 3125 1199 3180 iterat.

361 3216 450 3272 58.
491 3215 639 3272 Mala
674 3233 772 3272 sua
807 3233 927 3272 cum
964 3215 1210 3285 lacrymis
1237 3213 1314 3270 vel
1337 3218 1533 3284 gemitu
1551 3213 1787 3284 quotidie
1816 3212 1876 3266 in

294 3308 532 3364 oratione
565 3307 676 3363 Deo
704 3307 942 3376 conﬁteri
967 3304 1148 3378 (Psal.
1189 3291 1289 3378 vi).
1333 3305 1618 3362 Confessio
1665 3306 1876 3362 duobus

297 3397 476 3456 modis
530 3397 850 3470 intelligitur
885 3415 898 3452 :
931 3405 1026 3452 aut
1055 3397 1109 3452 in
1153 3398 1330 3464 laude,
1358 3405 1418 3452 ut
1440 3397 1589 3470 Patri
1620 3397 1880 3452 Dominus

295 3489 380 3544 ait
405 3490 592 3546 dicens
618 3507 632 3545 :
661 3488 928 3559 Conﬁteor
956 3490 1074 3556 tibi,
1093 3488 1255 3544 Pater
1277 3488 1392 3544 cwli
1417 3499 1464 3544 et
1489 3488 1876 3561 terrteUIattlt.

299 3595 387 3646 x1;
433 3578 563 3634 Lac.
592 3580 648 3649 ι)
667 3621 682 3646 ,
714 3587 808 3635 aut
834 3580 960 3635 dum
987 3579 1111 3650 quis
1136 3579 1427 3636 confitetur
1443 3595 1540 3635 sua
1563 3587 1789 3650 peccata
1813 3580 1882 3634 ab

299 3683 368 3724 co
398 3668 754 3738 indulgenda,
810 3669 964 3740 cujus
1007 3678 1092 3726 est
1139 3669 1454 3725 indeﬁciens
1487 3668 1880 3725 misericordia.

299 3764 494 3819 Adhuc
543 3762 690 3817 enim
730 3764 834 3817 hoc
881 3763 1078 3816 saeculo
1135 3764 1327 3831 positis
1377 3764 1762 3819 confitentibus
1789 3763 1884 3819 Dei

302 3837 679 3908 misericordia
728 3850 1018 3914 subvenit;
1059 3860 1184 3919 post
1217 3861 1448 3905 mortem
1487 3861 1670 3907 autem
1714 3855 1888 3923 patui-

305 3944 475 4000 tentia
501 3985 516 4008 ,
572 3943 726 4000 dolor
775 3953 830 3999 et
861 3945 1093 4016 gemitus
1121 3945 1330 4000 animas
1375 3946 1654 4010 cruciant,
1719 3947 1813 4001 sed
1854 3963 1887 4001 a

303 4034 512 4105 peccati
559 4035 822 4105 supplicio
848 4052 952 4090 non
979 4036 1230 4090 liberant.
1255 4035 1371 4090 Non
1387 4037 1529 4092 enim
1556 4037 1779 4093 celanda
1806 4045 1890 4092 est

305 4123 486 4193 culpa,
514 4140 634 4194 qua:
656 4125 850 4180 anima:
871 4132 993 4194 post
1017 4133 1246 4181 mortem
1268 4135 1527 4180 mternam
1555 4126 1752 4196 ingerit
1777 4139 1890 4195 po:-

307 4231 454 4270 nam.
485 4215 643 4282 Nam,
676 4215 817 4270 sicut
845 4216 1136 4271 Cassianus
1164 4217 1260 4281 ait,
1285 4232 1392 4271 non
1419 4217 1619 4287 poterit
1647 4217 1892 4272 diabolus

309 4309 702 4364 circumvenire
727 4309 806 4363 vel
840 4308 1076 4378 dejicere
1111 4306 1365 4376 juvenem
1397 4311 1745 4375 monachum,
1787 4309 1891 4364 nisi

308 4418 432 4458 eum
456 4418 618 4472 quem
646 4402 841 4458 viderit
865 4410 958 4455 aut
983 4417 1078 4471 per
1107 4403 1416 4472 superbiam
1444 4443 1458 4467 ,
1499 4411 1593 4456 attt
1621 4418 1718 4472 per
1738 4417 1892 4457 verc-

1963 2493 2174 2550 curitas
2193 2491 2578 2563 negligentiam
2603 2489 2768 2560 parit,
2784 2488 3116 2560 negligentia
3135 2496 3318 2543 autem
3337 2487 3406 2541 ad
3421 2487 3551 2543 vitia

1969 2583 2202 2654 pristina
2227 2582 2502 2638 hominem
2527 2580 2712 2634 trahit.
2730 2578 2838 2635 Sed
2855 2579 3129 2650 pmnitens
3147 2579 3446 2650 praevidere
3465 2579 3557 2634 de-

1969 2675 2062 2730 bet
2083 2673 2308 2728 callidas
2325 2680 2515 2727 contra
2535 2687 2596 2726 se
2621 2671 2798 2726 hostis
2820 2671 3072 2736 insidias,
3086 2679 3146 2725 ut
3167 2686 3268 2726 nec
3290 2672 3359 2727 ad
3381 2678 3560 2726 trans-

1972 2770 2093 2817 acta
2113 2761 2245 2816 vitia
2270 2761 2495 2827 reverti,
2524 2775 2628 2816 nec
2646 2760 2882 2830 amplius
2907 2761 3050 2832 quod
3078 2761 3280 2816 malum
3307 2770 3393 2818 est
3413 2762 3556 2816 ulte-

1973 2857 2089 2911 rius
2114 2854 2309 2910 debeat
2328 2868 2512 2923 agere.

2045 2969 2134 3024 59.
2171 2966 2448 3022 Desideria
2471 2966 2645 3021 carnis
2676 2981 2779 3020 non
2799 2965 3051 3036 perﬁcere
3075 2962 3279 3036 (Galat.
3313 2963 3391 3037 ν).
3447 2963 3545 3020 De-

1975 3059 2176 3116 sideria
2203 3058 2390 3115 carnis
2412 3057 2546 3113 dicit
2579 3056 2887 3126 voluptates
2916 3056 3001 3110 vel
3028 3056 3351 3127 cupiditates
3377 3071 3542 3126 corpo

1900 3178 1946 3241 C
1979 3154 2076 3210 ris.
2108 3151 2232 3208 Non
2257 3151 2505 3224 perﬁcere
2537 3149 2671 3206 dicit
2703 3148 2770 3241 ad
2793 3149 3043 3241 effectum
3070 3163 3196 3241 _non
3224 3147 3558 3241 perducere,

1976 3247 2030 3303 id
2061 3253 2164 3310 est,
2209 3242 2466 3315 operibus
2502 3257 2609 3297 non
2634 3240 2878 3310 implere.
2907 3237 3046 3294 Hinc
3069 3238 3267 3292 Paulus
3297 3239 3411 3292 ait:
3443 3238 3564 3307 Spi-

1980 3337 2086 3392 ritu
2140 3332 2441 3399 ambulate,
2497 3337 2547 3388 et
2602 3331 2866 3385 desideria
2904 3331 3081 3385 carnis
3133 3347 3238 3384 non
3287 3330 3567 3399 perﬁcietts

1981 3426 2192 3502 (Ibid.).
2233 3425 2510 3481 Desideria
2556 3426 2739 3479 carnis
2781 3421 3047 3494 perlicere
3094 3428 3179 3479 est
3213 3421 3394 3476 carnis
3437 3437 3567 3476 con-

1980 3516 2345 3590 cupiscentias
2374 3523 2430 3572 et
2461 3526 2641 3571 motus
2685 3514 2934 3583 corporis
2988 3512 3310 3584 temporales
3349 3511 3414 3565 ad
3443 3510 3572 3565 effe-

1983 3618 2130 3668 ctum
2159 3607 2340 3678 operis
2353 3606 2670 3677 perducere.
2701 3603 2840 3658 Hinc
2868 3602 3062 3658 Petrus
3084 3603 3160 3657 ait
3190 3619 3202 3654 :
3237 3601 3566 3666 Chnrissimi,

1986 3703 2196 3758 obsecro
2227 3715 2336 3764 vos,
2361 3707 2613 3769 tanquam
2635 3696 2865 3752 advenas
2894 3704 2941 3750 et
2967 3695 3290 3766 peregrinos,
3317 3692 3573 3748 abstinere

1986 3809 2073 3847 vos
2111 3809 2146 3844 a
2192 3789 2493 3844 carnalibus
2531 3787 2808 3842 desideriis
2833 3829 2848 3854 ,
2908 3803 3026 3857 qua:
3067 3785 3294 3841 militant
3325 3784 3573 3839 adversus

1988 3879 2219 3932 animam
2245 3876 2299 3946 (Ι
2321 3877 2468 3929 Petr.
2497 3877 2579 3946 ιι).
2606 3876 2745 3929 Dum
2774 3875 2918 3929 enim
2946 3874 3402 3944 concupiscentiis
3425 3873 3576 3929 blan-

1989 3967 2260 4022 dientibus
2281 3980 2408 4019 caro
2436 3964 2712 4018 cnerviler
2746 3963 3088 4033 objurgatur,
3136 3963 3392 4016 vitiorum
3421 3979 3578 4016 excr—

1990 4058 2130 4113 citus
2152 4055 2382 4110 firmiter
2412 4056 2676 4109 adversus
2711 4053 2946 4107 animam
2974 4060 3240 4106 armatur.
3301 4052 3578 4106 Desideria

1990 4147 2135 4202 enim
2163 4144 2405 4200 carnalia
2432 4151 2560 4199 sunt
2600 4142 2828 4198 effectus
2854 4141 3086 4196 sordida
3125 4139 3496 4195 delectationis
3525 4149 3582 4195 et

1994 4237 2262 4294 illecebra:
2289 4236 2588 4292 carnalium
2637 4235 2927 4300 vitiorum,
2981 4234 3177 4303 quibus
3221 4233 3429 4288 illectus
3459 4249 3577 4290 mo—

1994 4331 2203 4386 nachus
2221 4371 2236 4396 ,
2286 4329 2442 4384 vanis
2471 4327 2668 4384 fabulis
2691 4337 2747 4383 et
2770 4307 2955 4382 verbis
2995 4326 3295 4381 delectatur
3325 4342 3578 4396 superva-

1997 4420 2148 4486 cuis,
2189 4430 2247 4476 et
2273 4419 2598 4490 spectaculis
2643 4435 2827 4473 rerum
2879 4417 3223 4473 terrestrium
3261 4425 3317 4471 ct
3346 4411 3582 4471 terrenis

310 4495 564 4584 eundi?!“
610 4510 736 4550 suas
787 4492 1143 4584 cogitationfs
1193 4493 1388 4548 celare.
1443 4493 2210 4584 Νειιηίενίάεηιθνυεεωάίίε
2258 4511 2604 4577 delectatur;
2645 4509 2879 4581 ingluvie
2925 4508 3137 4564 ventris
3189 4516 3246 4563 et
3307 4506 3579 4561 desiderio

311 4583 632 4639 diabolicam
661 4583 1041 4654 cogitationem
1081 4581 1274 4637 Patres
1296 4597 1413 4635 eam
1437 4583 1698 4649 dixerint,
1731 4599 1894 4652 quam

307 4673 492 4745 junior
520 4675 721 4730 seniori
749 4673 1099 4730 confunditur
1127 4674 1360 4743 aperire.
1413 4674 1604 4730 Melius
1641 4683 1726 4730 est
1748 4665 1906 4729 enim’

313 4766 542 4821 Domino
596 4766 840 4824 conﬁteri
893 4774 1134 4836 peccata,
1165 4774 1221 4820 et
1263 4766 1330 4820 de
1381 4767 1752 4822 misericordia
1781 4765 1898 4836 ejus

315 4858 639 4913 ﬁducialiter
674 4873 892 4928 sperare
924 4858 1136 4912 veniam
1170 4897 1184 4922 ,
1224 4873 1384 4926 quam
1417 4858 1472 4912 in
1521 4858 1729 4913 modico
1758 4866 1897 4913 tem-

312 4949 463 5021 poris
487 4949 666 5004 celare
695 4949 972 5013 delictum,
1005 4958 1062 5003 et
1105 4959 1367 5004 internum
1421 4951 1616 5005 animte
1651 4951 1895 5020 recipere

314 5039 722 5095 detrimentum.
756 5037 893 5094 Hinc
922 5039 1181 5095 Salomon
1210 5040 1284 5094 ait
1310 5061 1322 5093 :
1350 5039 1453 5106 Qui
1478 5041 1746 5095 abscondit
1786 5059 1896 5096 sce-

316 5130 429 5187 lera
457 5149 580 5199 sua,
614 5148 715 5186 non
742 5133 1040 5203 dirigetur:
1072 5132 1162 5203 qui
1207 5142 1382 5185 autem
1427 5133 1694 5201 confessus
1739 5132 1896 5200 fuerit

317 5235 366 5279 et
403 5223 666 5294 reliquerit
715 5241 800 5286 ea,
839 5222 1256 5278 misericordiam
1312 5233 1654 5293 consequetur
1699 5221 1891 5293 (Prov.

319 5316 536 5389 xxvm).
566 5315 798 5372 Facilius
826 5317 969 5372 enim
1023 5315 1126 5370 sibi
1178 5315 1345 5369 Deum
1393 5314 1614 5383 placat,
1663 5313 1756 5383 qui
1787 5329 1893 5368 non

318 5411 560 5465 humano
588 5417 672 5465 est
701 5409 874 5464 victus
894 5409 1132 5479 judicio,
1164 5409 1258 5463 scd
1298 5407 1439 5462 ultro
1470 5407 1674 5462 crimen
1704 5420 1900 5475 cogno-

322 5501 427 5557 scit
467 5499 784 5566 admissutn,
813 5508 868 5556 et
906 5499 1082 5555 factus
1116 5499 1437 5569 sibimetipsi
1478 5499 1641 5570 judex
1674 5507 1729 5553 et
1759 5499 1902 5554 ultor

320 5599 476 5670 punit
501 5599 755 5669 lacrymis
777 5599 918 5669 quod
942 5599 1091 5668 prius
1119 5599 1391 5654 commisit
1420 5598 1697 5668 operibus,
1714 5607 1898 5652 etnon

316 5686 596 5745 erubescit
621 5689 833 5744 ﬂetibus
855 5691 991 5746 bene
1007 5689 1195 5758 punire
1222 5691 1364 5760 quod
1393 5705 1499 5745 non
1524 5691 1740 5746 erubuit
1764 5691 1902 5746 male

321 5780 680 5837 committere.
711 5780 844 5838 Hinc
875 5781 1068 5848 iterum
1097 5781 1357 5852 scriptum
1388 5792 1502 5839 est:
1532 5781 1652 5837 Non
1678 5783 1901 5855 t'onl'tmv

2000 4603 2237 4674 gutturis
2261 4609 2550 4668 exaestuat,
2603 4599 2898 4656 ambitione
2950 4599 3220 4654 honorum
3275 4595 3581 4659 coniicitur,

2001 4703 2056 4748 et
2082 4693 2333 4749 humanis
2357 4692 2607 4748 laudibus
2633 4691 2717 4747 vel
2747 4690 3017 4746 illecebris
3058 4704 3210 4744 vanm
3239 4687 3424 4760 gloria:
3450 4686 3582 4741 deli-

2000 4787 2180 4853 nitur;
2221 4801 2318 4842 cor
2356 4786 2616 4842 miserum
2644 4785 2698 4840 in
2746 4784 2995 4854 superbia
3025 4783 3236 4850 elevat,
3275 4792 3329 4838 et
3365 4782 3418 4836 in
3468 4798 3582 4836 om-

2001 4877 2151 4931 nium
2191 4877 2446 4932 vitiorum
2503 4876 2904 4931 multitudinem
2954 4875 3286 4930 malesannm
3337 4873 3584 4944 principi—

2003 4973 2102 5020 tat.
2144 4964 2215 5019 At
2263 4975 2454 5021 contra
2508 4965 2805 5020 monachus
2837 5005 2851 5030 ,
2916 4964 3003 5020 cui
3069 4963 3340 5019 desideria
3405 4964 3585 5019 carnis

2001 5055 2225 5125 implere
2264 5055 2490 5110 minime
2528 5055 2795 5120 delectat,
2840 5056 3134 5112 virtutibus
3189 5056 3362 5111 sacris
3401 5071 3582 5109 arma-

2001 5155 2122 5210 tus,
2163 5154 2353 5200 contra
2401 5145 2674 5202 desideria
2711 5146 2796 5200 vel
2835 5147 2968 5203 vitia
3008 5149 3189 5203 carnis
3237 5147 3448 5202 fortiter
3486 5163 3580 5216 ptt-

2001 5246 2160 5308 gnat,
2200 5245 2256 5291 et
2293 5237 2554 5291 adversus
2586 5238 2818 5307 impetus
2843 5239 3100 5293 vitiorum
3145 5239 3437 5295 contrariis
3475 5239 3584 5291 vir-

2001 5328 2206 5382 tutibus
2246 5326 2488 5380 dimicat.
2515 5326 2713 5382 Contra
2739 5329 3006 5383 luxuriam
3036 5330 3184 5384 enim
3211 5330 3430 5384 adhibet
3454 5343 3582 5382 cor-

2007 5418 2090 5472 dis
2130 5417 2482 5481 munditiam,
2521 5416 2801 5473 libidinem
2833 5420 3162 5475 abstinentia
3210 5421 3410 5475 domat.
3443 5418 3584 5473 Con-

2007 5519 2090 5565 tra
2128 5511 2308 5567 odium
2341 5510 2682 5566 dilectionem
2727 5521 3013 5583 prteparat,
3078 5522 3263 5567 contra
3308 5513 3443 5566 iram
3488 5527 3585 5581 ope

2006 5601 2158 5670 ponit
2186 5600 2498 5670 patientiam
2525 5641 2540 5665 ,
2583 5608 2770 5656 contra
2803 5603 3051 5657 timorem
3081 5601 3352 5668 fiduciam,
3419 5599 3582 5671 largi-

2008 5703 2172 5748 tatem
2199 5701 2384 5747 contra
2412 5693 2696 5746 avaritiam
2722 5734 2735 5757 ,
2779 5693 3136 5747 humilitatem
3178 5702 3365 5747 contra
3395 5706 3584 5763 supcr-

2008 5785 2172 5843 biam.
2199 5785 2265 5840 Et
2290 5785 2366 5840 sic
2392 5784 2616 5854 singulis
2641 5783 2784 5839 vitiis
2817 5784 3054 5856 singulas
3081 5784 3306 5855 opponit
3331 5785 3580 5851 virtutes,
