3944 6410
403 354 502 412 τθῖ

405 480 468 524 ιιι
494 482 602 523 non
628 464 709 522 eis
734 468 1020 533 superatus
1043 454 1381 516 succumbat,
1409 451 1525 516 sed,
1551 447 1656 502 illis
1682 439 1974 514 superatis,

409 561 585 614 victor
611 555 826 611 existat.

486 649 819 704 Voluntatem
858 643 1127 714 propriam
1169 639 1337 694 odire.
1386 633 1671 704 Propriam
1725 628 1892 692 dicit,
1927 624 1981 680 id

409 750 494 798 est
533 738 802 810 privatam
831 777 846 803 ,
883 735 967 790 vel
1017 731 1362 804 singulariter
1389 742 1574 790 suam,
1612 737 1776 794 quam
1803 718 1982 774 nullus

409 835 549 890 alius
579 832 870 903 approbat,
923 826 1323 896 nullusjustam
1353 835 1474 876 esse
1500 817 1824 890 proclamat,
1853 812 1983 903 quia

409 923 514 979 etsi
543 901 684 976 bona
707 920 782 977 illi
809 919 1020 974 videtur
1045 916 1138 985 qui
1169 929 1287 970 eam
1331 918 1560 967 conatur
1591 903 1833 974 implere,
1861 901 1983 958 ideo

411 1031 520 1070 non
544 1022 628 1070 est
654 1016 794 1070 bona
817 1054 832 1078 ,
872 1010 998 1080 quia
1024 1008 1240 1078 propria
1261 1046 1276 1070 ,
1317 1012 1368 1058 et
1419 1002 1544 1071 quia
1573 998 1773 1054 nullius
1803 991 1981 1048 Patris

413 1103 639 1168 consilio
664 1101 976 1173 approbata.
1007 1097 1145 1154 Hinc
1180 1095 1323 1156 enim
1369 1091 1630 1158 scriptum
1665 1094 1752 1141 est
1790 1101 1803 1138 :
1853 1081 1985 1136 Post

413 1191 858 1263 concupiscentia
905 1195 1026 1240 tuas
1069 1199 1176 1237 non
1233 1197 1357 1246 eas,
1404 1188 1453 1232 et
1499 1193 1534 1230 a
1587 1173 1852 1234 voluntate
1893 1176 1986 1223 tua

412 1257 642 1337 avertere
663 1275 1041 1350 (Ecrliavtn).
1075 1272 1214 1328 Hinc
1242 1268 1502 1325 Dominus
1531 1264 1608 1320 ait
1645 1280 1658 1316 :
1723 1260 1848 1315 Non
1871 1257 1986 1313 ueni

306 1425 311 1430 .
416 1369 588 1438 facere
650 1347 964 1424 uoluntatem
1021 1379 1188 1418 meant
1220 1401 1235 1428 ,
1295 1359 1388 1414 sed
1427 1357 1542 1428 ejus
1590 1353 1679 1426 qui
1719 1367 1802 1405 me
1847 1347 1988 1403 misit

416 1461 601 1534 (Joan.
633 1459 731 1531 vi).
757 1456 943 1513 Sancti
985 1455 1089 1510 viri
1113 1495 1128 1520 ,
1167 1451 1416 1524 proprias
1461 1446 1768 1505 voluntates
1794 1453 1991 1496 renun-

419 1531 656 1618 tiantes,
711 1550 794 1606 sic
843 1549 972 1606 huic
1025 1546 1225 1602 mudo
1272 1541 1598 1604 moriuntur,
1639 1543 1700 1592 ut
1741 1531 1992 1589 solti

421 1655 606 1709 vivere
632 1652 984 1708 delectentur.
1020 1648 1087 1702 Et
1115 1653 1320 1717 quanto
1345 1656 1404 1698 se
1431 1641 1500 1696 ab
1516 1635 1678 1705 huius
1702 1632 1993 1705 voluptati-

1683 324 2034 384 SMARAGDI
2070 324 2246 378 ABBA
2255 321 2364 380 TIS

2004 440 2057 503 Α
2081 432 2388 493 sanctitatis
2416 430 2599 497 volunt
2627 428 2827 484 habere
2853 467 2866 491 ,
2908 423 3002 482 scd
3043 418 3350 478 sanctitatis
3385 432 3520 490 opus
3547 433 3656 476 non

3551 304 3659 364 788

2081 525 2309 595 cupiunt
2358 535 2634 576 exercere.
2691 518 2831 587 Ergo
2855 514 2949 585 qui
2995 511 3301 569 sanctitatis
3332 525 3526 566 nomen
3562 509 3664 564 ha-

2080 617 2212 670 bere
2235 611 2545 674 desiderat,
2583 621 2806 664 necesse
2829 613 2994 660 estut
3016 603 3168 672 prius
3193 600 3502 657 sanctitatis
3525 614 3663 670 opus

2083 720 2245 775 agere
2281 718 2388 760 non
2417 702 2663 758 desistat.
2704 697 2968 752 Dominus
3001 700 3182 752 autem
3213 690 3337 746 filiis
3359 690 3526 746 Israel
3553 707 3661 746 non

2081 794 2222 853 dixit
2255 810 2267 846 :
2295 790 2552 852 Dicimini
2596 787 2791 851 sancti,
2846 786 2975 855 quia
3006 791 3062 840 et
3109 797 3211 852 ego
3237 789 3459 838 sanctus
3487 780 3663 845 dicor,

2083 883 2178 944 sed
2197 923 2212 950 ,
2245 882 2442 944 Estote.
2473 879 2651 949 inquit
2669 918 2689 945 .
2721 876 2889 936 sancti
2911 915 2930 941 ,
2965 873 3093 945 quia
3113 882 3164 927 et
3192 887 3285 942 ego
3313 880 3526 928 sanctus
3547 886 3665 928 sum

2085 974 2341 1032 Dominus
2382 970 2526 1028 Deus
2552 978 2718 1028 vester
2765 965 2956 1040 (Lat-it.
2984 979 3064 1028 ΣΙ,
3108 978 3201 1021 ιιι
3243 969 3301 1017 et
3327 959 3446 1032 xx).
3507 959 3662 1019 Unde

2086 1077 2308 1122 necesse
2333 1069 2500 1118 estut
2518 1059 2611 1130 qui
2635 1058 2752 1114 vult
2783 1056 2890 1112 dici
2924 1063 3164 1122 sanctus,
3190 1051 3497 1110 sanctitatis
3509 1050 3662 1121 prius

2087 1154 2309 1211 festinet
2359 1165 2521 1226 agere
2543 1145 2698 1220 opus,
2732 1155 2788 1203 et
2814 1145 3090 1218 spiritales
3135 1144 3403 1212 sagaciter
3428 1153 3674 1213 quaerere

2086 1243 2334 1308 fruetus,
2381 1242 2580 1310 quibus
2621 1239 2854 1295 refertus
2901 1235 3050 1306 iuste
3096 1235 3270 1305 possit
3313 1234 3420 1290 dici
3470 1241 3675 1288 etesse

2090 1343 2332 1392 sanctus.
2373 1332 2545 1388 Nemo
2572 1331 2678 1387 rite
2715 1329 2918 1400 poterit
2976 1328 3082 1387 diei
3113 1334 3337 1385 sanctus
3363 1365 3379 1391 .
3430 1325 3536 1382 nisi
3579 1323 3673 1393 qui

2093 1425 2330 1497 Spiritus
2357 1422 2536 1480 sancti
2575 1419 2841 1479 meruerit
2880 1419 3128 1487 accipere
3173 1415 3408 1473 fructus.
3440 1413 3674 1470 Fructus

2093 1527 2268 1576 autem
2312 1515 2531 1586 spiritus
2556 1521 2658 1577 est,
2701 1519 2764 1570 ut
2789 1511 2867 1567 ait
2892 1508 3182 1580 Apostolus
3207 1547 3222 1574 ,
3253 1507 3516 1569 .charitas,
3546 1522 3678 1576 gata-

2094 1608 2276 1674 dium,
2314 1623 2452 1677 pax,
2483 1604 2880 1676 longanimitas,
2929 1602 3158 1667 bonitas,
3187 1601 3500 1672 benignitas,
3521 1598 3677 1668 ﬁdes,

417 1746 520 1800 bus
536 1742 876 1805 subtrahunt,
906 1747 1056 1795 tanto
1070 1693 1416 1808 piiesentiam
1435 1731 1530 1786 Dei
1551 1737 1606 1784 et
1623 1725 1883 1798 angelica
1903 1737 1994 1779 so-

2112 1700 2374 1765 nodestia,
2404 1697 2754 1754 mansuetudo
2786 1693 2988 1768 (Galat.
3022 1694 3099 1766 ν),
3135 1703 3190 1749 et
3217 1700 3548 1749 ceterarum
3563 1706 3682 1746 om-

2135 1793 2146 1806 .
2206 1807 2211 1808 κ
2286 1807 2292 1808 ,
2985 1787 3172 1808 ηιμ,
3203 1785 3451 1808 -__,L___
3504 1794 3565 1808 ,η
3604 1783 3654 1808 ,η

417 1835 632 1891 cietatis
653 1831 1015 1902 frequentiam
1041 1827 1241 1884 mentis

421 1919 722 1992 perfectum
746 1920 912 1984 enim,
943 1915 1153 1987 negatis
1176 1912 1428 1970 omnibus
1456 1924 1576 1979 quae
1597 1906 1860 1978 possidet,
1887 1916 1994 1960 non

422 2019 606 2082 potest
629 2010 937 2080 pervenire,
959 2007 1065 2064 nisi
1086 2013 1140 2061 et
1164 2001 1414 2074 proprias
1437 1995 1789 2068 abnegaverit
1805 1992 1997 2050 volun-
2045 2021 2048 2024 -

421 2112 588 2162 tates.
611 2101 750 2171 Quid
773 2109 859 2157 est
877 2099 1023 2156 enim
1049 2097 1321 2167 abnegare
1341 2091 1716 2160 semetipsum,
1744 2085 1848 2142 nisi
1871 2097 1998 2154 pro-

420 2197 571 2268 prias
597 2194 904 2252 voluntates
931 2186 1278 2258 relinquere?

498 2285 586 2341 60.
618 2280 902 2352 Praceptis
940 2277 1142 2335 abbatis
1164 2276 1220 2332 in
1251 2273 1495 2330 omnibus
1549 2269 1757 2326 obedire
1804 2264 1994 2352 (Hebr.

426 2378 570 2449 xm).
593 2351 819 2432 Abbatis
841 2377 1110 2442 praecepta
1137 2381 1362 2437 semper
1383 2363 1581 2420 debent
1609 2375 1730 2416 esse
1946 2363 2003 2411 et

426 2447 638 2526 sancta.
675 2465 746 2520 Et
769 2463 893 2521 ideo
922 2476 955 2516 a
997 2456 1276 2528 discipulis
1304 2469 1521 2523 semper
1545 2460 1602 2507 et
1653 2450 1708 2504 in
1744 2447 2000 2503 omnibus

429 2560 592 2617 debet
611 2557 693 2613 eis
717 2553 950 2611 obediri.
989 2551 1125 2608 Nam
1153 2549 1199 2606 si
1243 2549 1402 2603 aliter
1431 2558 1591 2615 quam
1615 2547 1830 2611 oportet
1864 2552 2003 2609 prat-

429 2647 576 2718 cepit
627 2642 905 2712 discipulis
927 2681 944 2706 ,
998 2636 1439 2710 respondendum
1475 2639 1559 2688 est
1612 2629 1689 2686 illi
1724 2626 1869 2698 quod
1901 2639 2005 2718 _re-

431 2715 765 2808 sponderent
790 2739 844 2792 et
867 2729 1100 2801 apostoli
1125 2742 1141 2784 :
1169 2726 1385 2798 Oportet
1416 2721 1626 2778 obedire
1674 2719 1844 2789 magis
1897 2715 2004 2770 Deo

430 2845 590 2901 quam
616 2826 914 2882 hominibus
944 2821 1083 2895 (Act.
1111 2819 1188 2893 v).
1244 2816 1473 2874 Abhatis
1512 2828 1642 2884 ergo
1672 2815 2005 2882 praeceptum

435 2933 712 2990 antiquam
742 2933 773 2972 a
800 2914 1016 2972 Domini
1039 2913 1200 2970 debet
1227 2908 1540 2968 discordare
1575 2904 1854 2967 mandato,
1901 2915 2003 2964 ne,

434 2989 854 3081 dumprtecepto
883 3005 1094 3062 abbatis
1119 3002 1396 3066 obeditur,
1425 3015 1456 3054 a
1484 2993 1769 3070 prmeeptis
1790 2989 2007 3050 Domini

429 3103 790 3158 discordetur.
814 3099 1108 3156 Obediatur
1129 3109 1259 3165 ergo
1291 3105 1514 3150 necesse
1549 3097 1635 3146 est
1679 3084 1894 3149 abbati,
1943 3089 2004 3137 ut

432 3191 573 3247 idem
600 3191 673 3247 sit
709 3197 766 3246 et
792 3186 1094 3245 obedientia
1118 3183 1340 3242 Christi.
1378 3181 1498 3251 Ipse
1543 3178 1687 3234 enim
1716 3170 2006 3245 discipulis

430 3282 550 3336 ait:
578 3277 682 3346 Qui
702 3295 788 3335 vos
815 3279 987 3342 audit,
1025 3293 1107 3331 me
1130 3274 1313 3340 audit,
1348 3281 1396 3327 et
1420 3271 1509 3342 qui
1555 3285 1641 3325 vos
1665 3265 1887 3338 spernit,
1927 3279 2009 3319 me

430 3369 630 3441 spernit
655 3367 807 3440 (Luc.
839 3367 917 3439 ι).
949 3366 1089 3421 Hinc
1112 3363 1313 3419 Paulus
1334 3359 1612 3432 apostolus
1641 3358 1718 3414 ait
1745 3377 1758 3411 :
1793 3352 2011 3413 Obedite

433 3457 726 3530 praepositis
750 3457 954 3520 vestris,
993 3463 1040 3509 et
1079 3452 1342 3522 subjacete
1381 3450 1475 3506 eis.
1508 3447 1622 3520 Ipsi
1665 3447 1802 3502 enim
1841 3441 2013 3515 pervi—

434 3547 603 3620 gilant
627 3547 777 3620 quasi
808 3547 1064 3600 rationem
1085 3559 1179 3614 pro
1209 3541 1485 3597 animabus
1514 3538 1695 3595 vestris
1724 3535 2008 3600 reddituri,

430 3651 491 3694 ut
522 3656 639 3695 cum
671 3637 864 3710 gaudio
896 3635 993 3689 hoc
1034 3633 1253 3704 faciant,
1303 3641 1352 3686 et
1379 3648 1482 3686 non
1522 3637 1784 3702 gementes
1821 3625 2008 3699 (Hebr.

435 3730 581 3803 xm).
612 3729 752 3786 Hine
777 3726 1034 3784 Salomon
1057 3725 1134 3779 ait
1163 3743 1176 3778 :
1212 3723 1403 3781 Melior
1439 3731 1515 3778 est
1543 3719 1836 3778 obedientia
1853 3734 2012 3791 quam

380 3849 383 3852 ·
435 3822 648 3880 victima
675 3817 983 3894 (Eccle.tv).
1039 3815 1180 3874 Hinc
1220 3815 1418 3872 Paulus
1462 3814 1658 3870 iterum
1687 3811 1862 3869 dicit:
1904 3809 2016 3865 Ro-

436 3930 623 3985 gamus
660 3927 750 3967 cos
779 3949 796 3978 ,
832 3908 1024 3981 fratres
1051 3947 1066 3975 ,
1104 3916 1162 3964 ut
1209 3904 1457 3963 noveritis
1500 3920 1588 3960 eos
1635 3902 1723 3975 qui
1769 3901 2014 3956 laborant

437 4004 579 4056 inter
616 4015 703 4054 vos
733 4039 750 4066 ,
799 4007 847 4054 et
887 4006 1117 4069 pra’sunt
1184 3995 1328 4053 vobis
1369 3995 1425 4048 in
1485 3992 1712 4048 Domino
1736 4032 1752 4058 ,
1818 3999 1867 4046 et
1905 4004 2018 4051 mae

437 4099 562 4146 nent
611 4106 698 4145 vos
723 4129 739 4158 ,
797 4097 855 4144 ut
901 4086 1136 4142 habeatis
1172 4085 1295 4142 illos
1353 4083 1708 4142 abundantius
1747 4083 1802 4137 in
1845 4081 2019 4136 citari-

438 4190 547 4238 tale
568 4222 584 4249 ,
620 4190 669 4236 et
705 4187 916 4253 propter
951 4194 1080 4250 opus
1109 4176 1324 4232 illorum
1360 4191 1540 4248 pacem
1568 4173 1757 4228 habere
1784 4188 1903 4227 cum
1942 4171 2017 4225 eis

441 4273 495 4345 (Ι
521 4272 699 4327 Thess.
735 4269 814 4342 v).
854 4268 1055 4325 Christi
1079 4267 1223 4323 enim
1247 4267 1393 4322 vices
1421 4266 1636 4320 videtur
1663 4263 1829 4318 abbas
1862 4275 2020 4331 agere

440 4367 496 4420 in
537 4363 897 4427 monasterio,
953 4371 1006 4417 ct
1058 4361 1180 4416 ideo
1215 4359 1582 4416 exhibendum
1633 4364 1718 4413 est
1765 4355 1842 4411 illi
1889 4355 2020 4412 obe-

443 4455 663 4511 dientize
689 4453 911 4510 bonum.
955 4450 1014 4508 Si
1058 4452 1203 4507 enim
1229 4490 1245 4517 ,
1284 4458 1345 4505 ut
1367 4449 1546 4514 decet,
1585 4463 1721 4518 Opus
1758 4446 1868 4517 agit
1897 4461 2022 4518 pere

444 4549 664 4615 fectum,
713 4562 942 4604 necesse
973 4554 1058 4604 est
1102 4554 1162 4602 ut
1200 4561 1232 4601 a
1279 4543 1508 4601 subditis
1554 4543 1818 4598 imitetur.
1872 4541 2023 4594 Atta-

442 4639 665 4704 mensi,
707 4655 804 4710 pro
842 4637 1131 4710 fragilitate
1174 4634 1421 4706 corporis
1461 4641 1554 4688 aut
1583 4632 1750 4688 animi
1779 4629 2020 4687 imbecil-

443 4729 628 4797 litate,
666 4729 808 4807 quod
841 4729 1020 4785 verbis
1053 4727 1315 4799 prmdicat
1338 4767 1352 4790 ,
1393 4725 1648 4795 operibus
1684 4721 1907 4794 implere
1935 4736 2021 4778 re-

444 4827 622 4889 cusat,
660 4821 861 4878 subditi
895 4820 1038 4890 quod
1065 4817 1311 4888 sequitur
1337 4815 1580 4880 audiant,
1609 4823 1665 4870 et
1689 4822 2020 4886 prmceptum

447 4913 660 4970 Domini
687 4912 857 4968 nostri
905 4910 1031 4966 Jesu
1076 4908 1278 4965 Christi
1327 4906 1490 4962 factis
1545 4905 1912 4976 adimpleant,
1967 4906 2021 4962 id

447 5013 529 5060 est
560 5021 574 5057 :

518 5092 605 5148 (il.
650 5090 876 5146 Etiamsi
911 5090 1017 5161 ipse
1049 5088 1203 5144 aliter
1223 5088 1383 5162 (quod
1409 5089 1564 5161 absit)
1589 5099 1734 5160 agat,
1766 5106 2020 5146 memores

442 5184 590 5237 illius
616 5179 874 5236 Dominici
897 5179 1144 5252 ιιι-αναξριὶ
1160 5197 1176 5236 ;
1197 5179 1327 5247 Qua:
1351 5181 1530 5235 dicunt
1558 5182 1739 5252 facite,
1785 5199 1901 5254 qua:
1928 5199 2024 5236 au—

444 5283 547 5326 tem
594 5269 836 5342 faciunt,
876 5270 1048 5339 facere
1102 5269 1260 5325 nolite
1291 5268 1843 5344 (Matth.xxnt).Non
1897 5269 2025 5324 velle

446 5363 551 5418 dici
585 5369 822 5417 sanctum
852 5370 1128 5432 antequam
1153 5362 1244 5427 sit,
1273 5362 1364 5417 sed
1398 5361 1544 5434 prius
1571 5379 1701 5427 esse,
1723 5378 1823 5432 quo
1855 5361 2021 5416 verius

451 5453 696 5507 dicatur:
719 5451 854 5508 Cum
882 5453 1071 5509 beatus
1104 5453 1310 5512 diceret
1354 5454 1677 5511 Benedictus
1708 5471 1775 5509 ne
1809 5453 2020 5523 jactan-

453 5544 540 5598 tiae
571 5545 702 5599 vitio
723 5558 783 5600 se
813 5545 1132 5601 succumbat
1155 5546 1477 5610 monachus,
1504 5546 1797 5614 prudenter
1821 5561 1943 5601 eum
1972 5555 2025 5602 et

454 5633 690 5691 breviter
718 5635 947 5710 castigat
985 5645 1040 5692 et
1064 5637 1336 5692 admonet.
1373 5635 1513 5689 Sunt
1539 5635 1683 5689 enim
1711 5636 1876 5705 aliqui
1911 5652 2026 5691 mo-

457 5727 612 5782 nachi
640 5727 728 5797 qui
754 5744 861 5786 non
899 5741 1054 5794 esse,
1092 5727 1186 5783 sed
1214 5726 1319 5781 dici
1345 5725 1564 5791 cupiunt
1592 5727 1782 5782 sancti.
1818 5727 2020 5783 Nomen

2031 3135 2078 3198 C

1282 1783 1877 1888 gggc‘ogmmpfgmr,
1910 1813 1991 1869 Ad
2021 1786 2068 1846 B
2095 1793 2241 1848 nium
2271 1791 2930 1888 congregatiqvirtutu‘m,
2978 1787 3176 1888 quibo:
3199 1785 3472 1882 omnibus,
3504 1794 3568 1878 ut
3601 1783 3678 1838 di-

2100 1885 2249 1934 ctum
2292 1885 2398 1941 est.
2429 1874 2728 1932 monachus
2749 1872 3009 1942 repletus,
3033 1879 3093 1928 et
3125 1870 3233 1927 dici
3261 1869 3366 1926 rite
3391 1867 3591 1940 poterit
3625 1873 3686 1922 et

2101 1989 2225 2032 esse
2257 1982 2500 2030 anuus.

2173 2080 2263 2137 6‘2.
2306 2080 2578 2150 Praecepta
2617 2077 2714 2133 Dei
2755 2077 2910 2148 factis
2947 2074 3179 2147 quotidie
3204 2071 3508 2143 adimplere.
3537 2070 3678 2125 Hinc

2102 2173 2335 2229 Iacobus
2354 2171 2468 2225 ait:
2502 2169 2682 2225 Estote
2710 2178 2882 2223 autem
2915 2167 3138 2236 factores
3165 2164 3326 2230 uerbi,
3369 2172 3418 2218 et
3451 2179 3556 2218 non
3580 2179 3682 2216 au-

2105 2267 2298 2320 ditores
2326 2271 2532 2319 tantum
2559 2261 2769 2335 (Iacob.
2801 2260 2865 2332 ι).
2899 2258 3039 2314 Hinc
3061 2256 3262 2312 Paulus
3287 2255 3364 2310 ait
3393 2273 3407 2309 :
3441 2253 3565 2310 Non
3591 2269 3688 2308 an-

2103 2360 2298 2413 ditores
2326 2357 2452 2428 legis
2491 2355 2628 2426 justi
2674 2363 2798 2409 sunt
2855 2351 2998 2423 apud
3054 2350 3255 2415 Deum,
3314 2346 3407 2403 sed
3463 2346 3686 2417 factores

2104 2449 2232 2519 legis
2263 2445 2700 2518 justiﬁcabuntur
2743 2442 2922 2517 (Rom.
2951 2441 3038 2515 rt).
3070 2441 3128 2496 ln
3157 2437 3476 2510 Apocalypsi
3501 2444 3684 2493 autem

2106 2555 2204 2596 sua
2235 2553 2358 2594 cum
2384 2537 2612 2592 dixisset
2634 2535 2870 2592 Joannes
2896 2548 2912 2588 :
2941 2533 3135 2588 Beatus
3154 2531 3244 2603 qui
3267 2529 3389 2600 legit
3413 2535 3462 2583 et
3481 2526 3573 2601 qui
3593 2542 3691 2581 au-
3757 2558 3759 2565 λ

2107 2632 2237 2687 divit
2270 2631 2427 2686 verba
2466 2628 2752 2702 praphetia:
2794 2626 2954 2698 hujus
2991 2625 3114 2680 libri
3163 2623 3345 2697 (Apoc.
3377 2637 3396 2676 ι
3432 2628 3488 2676 et
3525 2618 3686 2692 xm),

2105 2721 2354 2792 pretinus
2382 2717 2629 2789 adiunxit
2665 2733 2678 2771 :
2717 2725 2763 2770 et
2796 2723 2969 2771 servat
3017 2731 3079 2768 ea
3112 2729 3228 2785 qum
3264 2710 3322 2765 in
3358 2709 3455 2764 illa
3494 2709 3691 2780 scripta

2108 2821 2231 2868 sunt
2263 2809 2476 2881 (Ibid).
2511 2807 2652 2863 Hinc
2691 2807 2747 2862 in
2795 2804 3088 2877 Evangelio
3128 2802 3388 2859 Dominus
3427 2799 3598 2857 dicit:
3631 2797 3692 2855 Si

2109 2900 2329 2972 diligitis
2350 2895 2450 2966 me,
2481 2897 2737 2952 mandata
2765 2913 2881 2951 mea
2917 2903 3118 2950 servate
3153 2891 3336 2967 (Joan.
3385 2889 3521 2960 xxv).
3554 2887 3694 2945 Hinc

2109 2996 2307 3051 iterum
2353 2992 2434 3048 ait
2464 3009 2477 3045 :
2519 2991 2624 3058 Qui
2657 2991 2810 3045 habet
2857 2987 3110 3043 mandata
3137 3003 3254 3041 mea
3276 3025 3291 3051 ,
3330 2987 3379 3039 ἐι
3412 2993 3581 3038 servat
3609 2999 3692 3047 ea,

2113 3084 2203 3139 ille
2249 3089 2325 3138 est
2351 3083 2440 3154 qui
2485 3081 2658 3152 diligit
2694 3097 2775 3136 me
2815 3078 3047 3152 (Ibid);
3103 3077 3160 3132 id
3190 3084 3294 3142 est,
3327 3074 3418 3147 qui
3447 3073 3610 3130 habet
3639 3073 3696 3127 in

2112 3175 2375 3230 memoria
2395 3181 2451 3229 et
2477 3180 2660 3228 servat
2680 3172 2734 3227 in
2757 3172 2866 3227 vita
2884 3213 2899 3236 ,
2934 3169 3026 3241 qui
3064 3169 3228 3224 habet
3274 3167 3328 3222 in
3353 3164 3692 3223 sermonibus

2110 3276 2167 3323 et
2193 3275 2376 3322 servat
2400 3266 2453 3320 in
2477 3264 2720 3320 moribus
2742 3305 2756 3329 ,
2789 3263 2881 3333 qui
2921 3262 3086 3317 habet
3115 3258 3383 3314 audiendo
3408 3265 3465 3314 et
3512 3263 3696 3312 servat

2113 3358 2362 3416 faciendo
2389 3398 2403 3423 ,
2445 3365 2540 3411 aut
2575 3357 2667 3426 qui
2706 3354 2873 3410 habet
2914 3351 3164 3408 faciendo
3198 3359 3252 3406 et
3297 3354 3481 3404 servat
3516 3359 3699 3417 perse-

2112 3451 2370 3508 verando.
2408 3449 2548 3504 Hinc
2572 3448 2767 3502 iterum
2800 3445 3062 3501 Dominus
3088 3443 3161 3498 ait
3192 3461 3206 3494 :
3241 3440 3346 3508 Qui
3367 3438 3515 3495 audit
3541 3436 3697 3494 verba

2113 3561 2267 3609 mea,
2314 3553 2364 3620 et
2403 3541 2529 3612 facit
2570 3555 2653 3605 ea,
2699 3535 3083 3593 assimilabitur
3138 3536 3248 3590 viro
3303 3531 3566 3605 sapienti,
3610 3530 3700 3602 qui

2116 3637 2345 3707 tediﬁcat
2385 3635 2599 3689 domum
2654 3647 2805 3686 suam
2862 3647 3024 3701 supra
3074 3638 3307 3700 petram,
3336 3632 3444 3681 etc.
3479 3621 3698 3695 (Matth.

2114 3727 2237 3800 vn).
2274 3725 2416 3781 Hinc
2441 3724 2636 3779 iterum
2661 3731 2716 3778 et
2741 3723 2855 3793 ipse
2881 3720 3142 3776 Dominus
3170 3719 3302 3775 dicit
3337 3734 3351 3771 :
3382 3713 3506 3770 Non
3534 3715 3704 3769 omnis

2116 3820 2207 3892 qui
2233 3818 2360 3872 dicit
2389 3816 2539 3881 mihi,
2574 3814 2819 3880 Domine,
2851 3811 3093 3878 Domine,
3119 3810 3337 3864 intrabit
3381 3808 3438 3862 in
3489 3821 3704 3877 regnum

2116 3909 2384 3971 caelorum,
2415 3906 2507 3962 sed
2531 3907 2620 3978 qui
2655 3905 2780 3975 facit
2805 3904 3126 3960 voluntatem
3159 3898 3339 3954 Patris
3378 3897 3502 3964 mei,
3531 3897 3621 3966 qui
3649 3896 3699 3949 in

2118 3998 2260 4054 ctclis
2297 4005 2396 4063 est,
2423 3997 2530 4066 ipse
2558 3994 2777 4049 intrabit
2821 3995 2877 4048 in
2917 4007 3132 4064 regnum
3183 3989 3432 4044 calorum
3491 3983 3699 4058 (Ibid).

2119 4087 2188 4143 Et
2221 4105 2235 4141 :
2275 4085 2444 4141 Amen
2466 4085 2582 4140 dico
2612 4083 2784 4151 vobis,
2835 4083 2882 4138 si
2907 4083 3022 4154 quis
3057 4095 3346 4137 sermonem
3374 4093 3547 4132 meum
3596 4092 3698 4130 ser-

2119 4180 2313 4235 uaverit
2334 4218 2349 4244 ,
2376 4185 2592 4232 mortem
2620 4193 2724 4231 non
2754 4176 2940 4230 videbit
2978 4158 3032 4228 in
3071 4181 3322 4228 trternum
3346 4168 3528 4243 (Joan.
3559 4165 3702 4239 vm).

2121 4269 2259 4325 Hinc
2283 4285 2381 4326 nos
2406 4284 2506 4341 per
2527 4268 2870 4325 Salomonem
2899 4265 3159 4324 Dominus
3185 4263 3439 4319 admonet
3463 4259 3653 4315 dicens
3687 4277 3701 4314 :

2124 4358 2233 4414 Fili
2256 4361 2349 4427 mi,
2380 4359 2794 4415 ne=obliuiscaris
2842 4356 2970 4428 legis
3004 4372 3156 4422 meat,
3186 4363 3235 4408 et
3280 4360 3539 4423 pracepta
3590 4366 3705 4404 mea

2124 4450 2385 4506 custodiat
2433 4466 2525 4504 cor
2579 4457 2746 4502 tuum.
2783 4445 3188 4518 Longitudinem
3226 4443 3363 4498 enim
3393 4440 3619 4504 dierum,
3657 4446 3706 4492 et

2122 4558 2288 4598 annos
2315 4541 2431 4595 vitae
2453 4581 2469 4605 ,
2518 4549 2567 4594 et
2592 4555 2771 4610 pacem
2799 4546 3058 4609 opponent
3095 4535 3188 4590 tibi
3214 4533 3400 4606 (Prov.
3428 4530 3535 4604 ιιι).
3567 4531 3706 4586 Hinc

2122 4635 2320 4690 iterum
2349 4634 2492 4688 idem
2518 4631 2774 4687 Salomon
2795 4631 2871 4686 ait
2905 4647 2918 4684 :
2950 4628 3060 4683 Fili
3081 4628 3174 4694 mi,
3211 4625 3418 4682 custodi
3442 4640 3706 4680 sermones

2121 4741 2286 4790 meos,
2337 4727 2386 4777 et
2415 4731 2676 4792 pracepta
2728 4738 2845 4776 mea
2875 4719 3096 4776 reconde
3145 4718 3240 4772 tibi
3287 4733 3433 4772 serva
3456 4714 3706 4770 mandata

2123 4831 2240 4868 mea
2265 4854 2279 4879 ,
2307 4823 2354 4867 et
2381 4812 2514 4867 vives
2545 4809 2729 4883 (Prov.
2756 4811 2880 4883 vn).

2201 4923 2289 4977 65.
2332 4919 2635 4975 Castitatem
2663 4937 2842 4975 amare
2868 4919 2922 4988 (Ι
2954 4919 3091 4974 Tim.
3125 4917 3201 4988 v).
3230 4917 3466 4975 Castitas
3510 4915 3708 4972 dicitur

2131 5009 2374 5078 corporis
2404 5014 2459 5060 et
2488 5007 2672 5063 cordis
2694 5007 3052 5077 incorruptio.
3097 5005 3324 5074 Quidam
3355 5013 3536 5060 autem
3559 5004 3708 5060 dixe-

2131 5105 2265 5154 runt
2288 5097 2594 5152 castitatem
2622 5111 2742 5152 esse
2785 5096 2838 5150 in
2874 5105 3078 5163 mente,
3119 5095 3486 5166 virginitatem
3513 5093 3566 5149 in
3589 5108 3708 5148 cor-

2129 5205 2293 5262 pore,
2340 5189 2434 5244 sed
2481 5189 2570 5243 illa
2609 5197 2695 5243 est
2737 5203 2866 5243 vera
2901 5197 2956 5243 et
2982 5189 3250 5244 veraciter
3277 5187 3529 5251 castitas,
3588 5201 3706 5256 quae

2130 5295 2231 5335 nec
2257 5288 2493 5334 mentem
2538 5278 2668 5333 sinit
2687 5277 2944 5332 maculari
2965 5318 2978 5340 ,
3011 5292 3113 5332 nec
3141 5292 3338 5347 corpus
3366 5276 3547 5347 pollui.
3579 5275 3707 5343 Quae

2133 5385 2240 5424 non
2289 5368 2464 5424 solum
2521 5367 2573 5421 in
2604 5365 2904 5436 virginibus
2928 5405 2945 5432 ,
2975 5366 3069 5420 sed
3113 5376 3170 5421 et
3221 5366 3276 5421 in
3307 5364 3708 5420 continentibus

2130 5459 2339 5531 fulget,
2381 5469 2436 5514 et
2473 5455 2892 5526 pulchritudinis
2933 5470 3044 5512 sua:
3084 5457 3318 5512 candore
3340 5455 3574 5511 nitescit.
3603 5453 3709 5512 Cu-

2122 5548 2212 5619 jus
2259 5545 2715 5621 pulchritudinem
2764 5545 3042 5601 admirans
3095 5546 3375 5620 Scriptura
3429 5546 3561 5629 dicit
3608 5564 3621 5600 :
3662 5545 3706 5600 0

2128 5658 2287 5712 quam
2318 5639 2541 5710 pulchra
2591 5647 2666 5691 est
2697 5647 2843 5720 casta
2895 5640 3160 5708 generatio
3222 5637 3372 5710 (Sap.
3421 5636 3527 5710 tv)!
3571 5636 3705 5693 Nam

2130 5729 2366 5798 virgines
2389 5728 2657 5784 feliciores
2684 5723 2800 5779 fore
2828 5726 2882 5780 in
2904 5727 3011 5783 vita
3047 5737 3252 5785 tetcrna
3281 5729 3451 5786 lsaias
3476 5736 3707 5786 testatur
