3944 6410
489 313 585 375 791

1763 307 2116 370 SMARAGDI
2146 307 2435 369 ABBA'I'IS

3623 318 3730 376 792

559 430 646 486 67.
684 427 977 484 litationem
1005 423 1067 480 ‘et
1088 427 1406 498 iactantiam
1437 427 1616 499 fugere
1658 425 1832 501 (Psal.
1861 422 2046 495 cxxx).
2075 426 2128 484 A
2153 427 2266 478 tum
2287 407 2592 493 possumus,
2620 423 2819 480 imitari
2845 440 2968 482 eum
2997 413 3275 485 debemus.
3309 427 3428 500 Ipse
3457 432 3603 486 enim
3629 447 3730 502 pro

489 519 667 574 Elatia
687 518 885 573 dicitur
908 516 1168 588 iactantia
1211 518 1409 573 mentis
1433 558 1455 584 ,1
1497 525 1574 590 ει¹
1599 517 1821 573 audacia
1849 518 2052 586 cordis,

2151 515 2589 583 persecutoribus
2612 514 2724 571 suis
2750 517 2927 571 oravit
2964 517 3149 573 dicens
3173 536 3186 572 :
3215 516 3400 587 Pater,
3429 521 3636 592 ignosce
3661 522 3730 576 il.

471 608 817 665 'conlidentia
831 607 1215 673 virtutum,vel
1238 600 1516 689 temaita's
1537 617 1593 664 ει
1612 607 1774 664 timor
1787 607 2050 663 cordium.
2144 603 2237 672 lis,
2263 607 2387 676 quia
2409 607 2643 661 nesciunt
2666 607 2794 678 quid
2825 606 3026 677 faciunt
3059 608 3210 681 (Luc.
3238 610 3422 684 xxiii).
3461 611 3528 668 Ut
3555 615 3728 669 simus

488 696 602 754 Nisi
631 697 776 758 enim
801 697 1168 767 prmeesserit,
1198 704 1259 750 ut
1291 697 1484 752 beatus
1533 697 1611 750 ait
1651 696 1888 752 Isidorus
1908 736 1924 761 ,
1967 710 2057 752 oc-

486 787 631 844 culta
653 788 818 844 elatio
870 786 1109 851 mentis,
1153 802 1260 840 non
1297 787 1543 857 sequitur
1572 794 1756 857 aperta
1796 785 2058 855 iactantia

489 881 682 936 laudis.
732 879 927 936 Utilius
970 886 1089 943 est,
1146 877 1356 946 inquit,
1410 877 1690 932 ruentibus
1731 889 2054 946 quocunque

486 971 624 1025 vitio
673 969 815 1034 labi,
867 976 924 1023 et
950 967 1181 1022 humiles
1224 975 1345 1036 post
1373 981 1558 1020 casum
1586 967 1696 1021 Deo
1723 965 1862 1032 ﬁeri,
1891 981 2054 1036 quam

487 1075 588 1129 per
615 1060 904 1114 elationem
933 1057 1219 1127 superbiri.
1257 1056 1652 1125 Nonnunquam
1679 1055 1893 1125 gemino
1920 1052 2054 1110 vitio

487 1151 877 1205 Christianusa
903 1147 1116 1202 diabolo
1145 1146 1416 1216 appetitur
1433 1184 1449 1210 ,
1477 1154 1532 1200 et
1568 1145 1782 1200 occulto
1823 1160 1922 1214 per
1947 1145 2056 1200 ela-

491 1243 711 1307 tionem,
736 1247 788 1296 et
814 1240 1032 1309 publica
1055 1254 1152 1308 per
1176 1237 1472 1292 libidinem.
1501 1235 1606 1290 Sed
1628 1236 1754 1290 dum
1774 1235 1911 1290 vitat
1935 1235 2056 1305 quis

487 1331 797 1394 libidinem,
852 1327 997 1384 cadit
1045 1328 1103 1382 in
1149 1326 1456 1382 elationem.
1511 1325 1644 1379 Item
1687 1325 1814 1380 dum
1843 1324 2056 1380 incaute

362 1405 374 1416 ‘
488 1421 722 1476 declinat
747 1418 1077 1484 eiatianem,
1129 1417 1275 1478 cadit
1318 1416 1373 1470 in
1421 1415 1718 1470 libidinem.
1761 1414 1960 1484 Sicque
1987 1429 2056 1470 ex

487 1509 702 1564 occulta
727 1508 976 1564 elationis
1007 1507 1142 1561 vitio
1185 1507 1296 1560 itur
1333 1505 1387 1559 in
1415 1512 1662 1574 apertum
1691 1503 1931 1559 libidinis
1955 1543 1971 1569 ,
2000 1512 2058 1559 et

489 1600 557 1655 de
583 1608 772 1670 aperto
796 1597 1036 1654 libidinis
1080 1597 1190 1651 itur
1234 1597 1291 1650 in
1333 1595 1602 1650 occultum
1631 1593 1898 1650 elationis.
1950 1593 2058 1650 Sed

487 1689 588 1743 Dei
631 1704 864 1754 servus,
915 1687 1148 1742 discrete
1195 1693 1483 1754 utrumque
1531 1698 1799 1754 pensans,
1844 1684 1925 1739 sic
1969 1699 2060 1740 ca-

2151 709 2282 765 ergo
2309 695 2401 750 lilii
2433 695 2548 766 eius
2575 696 2908 763 imitatione,
2940 697 3081 752 sicut
3099 697 3214 768 iam
3251 701 3426 771 gratia
3457 701 3603 758 illius
3634 718 3728 758 su-

2150 799 2272 840 mus
2297 786 2614 855 adoptione,
2646 789 2940 843 secundum
2969 787 3089 857 ejus
3121 789 3408 860 imperium
3435 792 3727 863 diligamus

2152 873 2400 929 inimicos
2421 875 2583 930 etiam
2607 883 2663 930 et
2685 891 2902 933 oremus
2935 893 3034 948 pro
3061 878 3189 935 illis.
3215 879 3336 950 Ipse
3369 883 3514 937 en‘im
3549 884 3726 953 impe-

2152 970 2306 1018 rator
2332 964 2488 1021 nobis
2513 965 2785 1036 imperans
2809 965 2886 1020 ait
2914 985 2929 1021 :
2960 966 3177 1038 Diligile
3219 969 3461 1024 inimicos
3494 982 3722 1036 vestros,

2153 1053 2436 1124 benefacite
2459 1055 2541 1109 his
2565 1055 2657 1126 qui
2677 1056 2896 1111 oderunt
2917 1073 3026 1123 uos,
3051 1067 3099 1112 et
3128 1068 3273 1114 orate
3294 1077 3387 1131 pro
3415 1079 3726 1134 persequen-

2151 1144 2291 1199 tibus
2309 1155 2358 1199 et
2377 1145 2816 1202 calumniantibus
2839 1148 3002 1213 vobis,
3015 1157 3074 1202 ut
3093 1149 3207 1204 sitis
3223 1150 3322 1220 filii
3345 1150 3526 1207 Patris
3545 1156 3722 1220 uestri,

2151 1235 2242 1306 qui
2253 1235 2308 1288 in
2325 1235 2465 1292 caelis
2484 1245 2595 1303 est;
2616 1238 2706 1307 qui
2727 1236 2889 1292 solem
2907 1255 3060 1293 suum
3086 1240 3215 1294 oriri
3236 1241 3362 1310 facit
3380 1259 3537 1312 super
3560 1244 3724 1299 bonos

2151 1335 2204 1380 et
2229 1325 2416 1394 malos,
2445 1336 2495 1383 et
2522 1327 2656 1398 pluit
2697 1343 2853 1399 super
2884 1329 3052 1396 iustos
3079 1337 3129 1384 et
3153 1330 3378 1400 injustas
3400 1331 3615 1402 (Matth.
3643 1333 3720 1406 v).

2153 1418 2286 1476 Cum
2308 1419 2451 1474 enim
2486 1419 2745 1475 dixisset:
2774 1416 2848 1474 Ut
2867 1419 2980 1474 sitis
3005 1419 3106 1488 filii
3144 1419 3324 1476 Patris
3357 1424 3512 1477 uestri
3538 1425 3628 1495 qui
3667 1425 3723 1479 in

2154 1509 2294 1566 cclis
2321 1519 2415 1576 est,
2448 1509 2687 1565 addidit:
2716 1511 2807 1581 qui
2843 1509 3002 1564 solem
3039 1527 3192 1565 suum
3226 1512 3354 1582 facit
3392 1514 3523 1567 oriri
3567 1530 3727 1584 super

2155 1600 2314 1654 bonos
2360 1609 2411 1654 et
2447 1600 2646 1665 malos,
2671 1608 2804 1668 etc.,
2826 1609 2887 1657 ut
2923 1615 3023 1656 nos
3061 1601 3420 1673 intelligentes
3463 1602 3726 1658 faciamus

2156 1692 2390 1747 inimicis
2417 1692 2614 1747 nostris
2639 1693 2794 1758 bene,
2816 1700 2872 1747 et
2895 1699 3139 1748 nostram
3161 1692 3347 1750 ad-eos
3367 1694 3726 1750 extendamus

487 1786 577 1833 νει
601 1777 887 1833 libidinem
927 1783 988 1830 ιιι
1035 1791 1144 1831 non
1193 1774 1432 1829 ίηοιιιτειῐ
1481 1773 1536 1827 in
1591 1771 1881 1827 elalionem
1905 1812 1922 1839 ν
1977 1772 2058 1828 δίε
2083 1759 2132 1819 Β
2159 1783 2524 1850 dilectionem,
2551 1792 2607 1839 et
2635 1799 2733 1854 pro
2761 1783 2976 1838 illorum
3003 1783 3174 1839 salute
3205 1783 3493 1840 fundamus
3516 1784 3725 1840 oratio-

441 1943 446 1946 _
487 1869 625 1924 vitat
667 1866 959 1924 elationem
982 1872 1042 1920 ut
1094 1880 1200 1920 non
1251 1862 1486 1918 resolvat
1522 1861 1762 1916 animum
1814 1861 1882 1916 ad
1936 1859 2056 1916 libi-

488 1961 686 2015 dinem.
1621 2024 1634 2030 κ

558 2051 647 2106 68.
688 2048 931 2106 Seniores
970 2047 1208 2102 uenerari
1237 2044 1421 2118 (Leuit.
1453 2060 1580 2108 xxx;
1608 2043 1639 2098 1
1667 2043 1803 2099 Tim.
1832 2043 1911 2115 v).
1941 2043 2054 2098 Ilu-

487 2141 690 2198 militas
709 2141 854 2196 enim
880 2139 1146 2195 bonorum
1168 2139 1505 2194 subditorum
1533 2137 1812 2192 veneratio
1832 2143 1918 2192 est
1949 2134 2057 2190 fra-

487 2241 630 2287 trum
654 2230 948 2286 seniorum.
974 2227 1158 2298 Neque
1175 2227 1320 2282 enim
1345 2227 1557 2282 sincere
1586 2226 1788 2297 poterit
1805 2225 2056 2281 venerari

485 2320 776 2386 seniorem,
801 2318 902 2374 nisi
926 2318 1015 2389 qui
1043 2316 1324 2383 humilem,
1357 2331 1464 2370 non
1493 2316 1753 2371 tumidam
1774 2323 1830 2371 et
1857 2315 2054 2370 elatam

485 2410 740 2466 habuerit
764 2416 1020 2466 mentem.
1046 2406 1336 2464 Veneratio
1374 2405 1518 2462 enim
1559 2405 1834 2461 seniorum
1861 2404 1916 2459 in
1936 2419 2055 2458 ver-

485 2501 572 2558 bis
601 2499 762 2556 debet
790 2514 910 2557 esse
935 2498 1072 2554 etin
1099 2495 1256 2552 factis
1284 2515 1298 2550 :
1327 2495 1378 2550 in
1409 2495 1614 2562 verbis,
1639 2503 1700 2550 ut
1726 2493 1776 2550 ei
1808 2509 1977 2565 pauca
1999 2501 2055 2548 et

484 2590 833 2650 rationabilia
860 2589 1022 2644 verba
1049 2587 1328 2644 humiliter
1360 2587 1613 2656 loquatur
1652 2594 1709 2642 et
1746 2600 1870 2640 cum
1896 2598 2053 2639 reve-

485 2684 698 2750 rentia;
732 2682 787 2738 in
815 2681 974 2737 factis
1013 2687 1225 2744 autem,
1275 2686 1336 2733 ut
1384 2676 1477 2733 illo
1526 2683 1839 2733 transeunte
1871 2674 2057 2744 iunior

411 2835 420 2842 ο
485 2773 816 2847 surgat,.illo
844 2773 1040 2829 iterum
1062 2769 1287 2839 iubente
1314 2768 1529 2832 sedeat,
1563 2766 1654 2822 illo
1681 2765 2056 2834 loquenteau-

427 2926 429 2928 .
484 2871 651 2926 diens-
671 2876 868 2934 taceat,
895 2865 1246 2937 interroganti
1285 2863 1561 2919 humiliter
1590 2861 1944 2931 respondeat,
1967 2856 2056 2926 iu-

481 2959 632 3016 benti
658 2957 893 3022 obediat,
925 2954 1222 3010 transeunti
1252 2951 1507 3008 inclinato
1533 2950 1710 3021 capite
1728 2947 2057 3004 beneth'etio-

483 3065 609 3106 nem
637 3048 914 3105 humiliter
941 3053 1110 3118 petat,
1135 3054 1192 3100 et
1216 3044 1272 3099 in
1294 3042 1547 3098 omnibus
1566 3081 1582 3108 ,
1605 3039 1696 3095 ubi
1722 3038 2056 3094 rationabili-

482 3151 569 3197 ter
608 3155 697 3196 res
725 3137 995 3210 postulat,
1030 3137 1216 3207 iunior
1255 3133 1552 3189 monachus
1585 3129 1786 3187 seniori
1811 3127 2050 3185 obediat.

482 3232 626 3289 Hine
651 3230 850 3290 Paulus
877 3228 1160 3284 Timotheo
1184 3226 1264 3281 ait
1298 3227 1522 3282 dicens:
1556 3221 1828 3278 Seniorem
1871 3236 1939 3274 ne
1977 3221 2059 3274 iu-

481 3321 794 3394 crepaueris,
815 3320 906 3376 sed
929 3320 1137 3374 obsecra
1160 3327 1216 3371 ut
1236 3313 1450 3369 Patrem
1470 3312 1524 3384 (Ι
1538 3311 1676 3366 Tim.
1690 3311 1767 3382 v).
1785 3310 1884 3366 Et:
1903 3308 2055 3375 Filii,

483 3411 684 3466 abedite
699 3408 997 3480 parentibus
1018 3406 1198 3462 vestris
1218 3403 1274 3458 in
1298 3402 1520 3457 Domino
1544 3398 1765 3472 (Coloss.
1796 3399 1902 3471 ιιι).
1921 3397 2057 3454 Nam

481 3509 542 3556 et
567 3499 838 3554 Dominus
855 3495 1139 3553 descendit
1173 3494 1240 3548 de
1278 3491 1618 3547 Hierusalem
1655 3505 1780 3545 cum
1817 3489 2059 3559 parenti-

480 3591 585 3648 bus
611 3588 726 3644 suis
755 3587 811 3642 in
837 3585 1106 3642 Nazareth
1125 3623 1140 3648 ,
1169 3592 1217 3638 et
1241 3590 1351 3636 erat
1382 3580 1622 3634 subditus
1648 3578 1753 3634 illis
1792 3576 1943 3650 (Luc.
1968 3580 2053 3650 ιι).

482 3665 627 3735 Ηίιιε
650 3694 748 3749 per
771 3675 1057 3746 quemdam
1089 3673 1388 3742 sapientem
1418 3670 1619 3726 dicitur
1644 3688 1658 3724 :
1688 3668 1758 3724 In
1793 3677 1905 3724 tota
1939 3669 2058 3723 ani-

482 3788 576 3824 ma
633 3778 727 3822 tua
775 3767 899 3819 time
945 3763 1111 3816 Deum
1157 3770 1206 3816 et
1252 3759 1544 3815 sacerdotes
1592 3757 1734 3813 illius
1782 3757 2057 3826 sanctiﬁca

485 3857 678 3934 (Eccli.
711 3855 828 3926 vn).
859 3853 978 3926 Ipse
1021 3853 1220 3909 iterum
1253 3851 1382 3905 dicit
1411 3869 1425 3905 :
1457 3849 1526 3905 In
1557 3850 1698 3904 omni
1738 3850 1928 3903 virtute
1963 3857 2056 3902 tua

483 3953 648 4024 dilige
668 3968 792 4006 eum
809 3951 902 4022 qui
930 3959 977 4002 te
971 3947 1148 4018 Jecit,
1181 3955 1229 4001 et
1256 3947 1523 4000 ministros
1543 3945 1660 4015 ejus
1693 3960 1798 3998 non
1825 3941 2057 3996 derelin-

481 4061 624 4118 quas
642 4042 852 4116 (Ibid).
883 4039 989 4096 Sed
1029 4047 1084 4094 et
1121 4040 1226 4093 hoc
1273 4037 1619 4100 intuendum,
1669 4049 1738 4090 ne
1769 4041 1988 4102 accepta
2024 4046 2057 4084 a

479 4134 694 4207 iuniore
721 4131 900 4187 senior
921 4127 1226 4184 reverentia
1243 4167 1259 4192 ,
1287 4127 1343 4181 in
1374 4134 1584 4180 tumore
1622 4137 1681 4179 se
1708 4121 1963 4186 extollat,
2003 4127 2059 4175 et

484 4227 566 4283 sic
589 4224 904 4282 scandalum
938 4222 1182 4286 nutriat,
1213 4220 1309 4275 sed
1347 4217 1518 4290 magis
1563 4216 1844 4286 magisque
1872 4229 1932 4269 se
1959 4214 2060 4268 hu-

484 4313 702 4370 milians
723 4320 825 4378 ,.ut
851 4310 990 4365 filios
1019 4325 1204 4364 amore
1242 4316 1472 4378 paterno
1517 4305 1736 4374 diligat,
1765 4315 1822 4358 et
1851 4303 1926 4358 ita
1963 4317 2058 4358 eos

2151 1889 2301 1941 nem,
2338 1882 2399 1929 ut
2425 1875 2517 1944 qui
2547 1874 2643 1930 filii
2672 1874 2768 1930 Dei
2797 1874 2912 1944 iam
2939 1872 3069 1930 facti
3115 1889 3303 1930 sumus
3335 1890 3435 1944 per
3479 1875 3726 1944 adoptio-

2156 1979 2298 2027 nem,
2325 1961 2619 2019 elﬁciamur
2637 1972 2692 2019 et
2709 1965 2822 2018 nati
2843 1977 2940 2033 per
2964 1964 3341 2019 imitationem.
3368 1962 3609 2019 Christus
3629 1982 3725 2035 pro

2153 2055 2304 2110 nobis
2343 2071 2528 2124 passus
2573 2062 2679 2120 est,
2718 2054 2793 2108 ait
2821 2053 3093 2123 apostolus
3115 2054 3338 2119 Petrus,
3369 2055 3517 2109 nobis
3558 2056 3724 2111 relin-

2153 2162 2313 2218 quens
2344 2144 2654 2216 exemplum,
2699 2154 2757 2199 ut
2797 2161 3076 2215 sequamur
3109 2146 3322 2215 uestigia
3357 2146 3473 2215 ejus
3501 2145 3552 2217 (1
3575 2145 3721 2200 Petr.

2155 2237 2240 2307 ιι).
2272 2234 2426 2302 Quod
2453 2250 2559 2290 non
2591 2234 2763 2290 solum
2792 2238 2860 2288 de
2897 2234 3150 2305 passione
3170 2274 3186 2299 ,
3213 2235 3307 2290 sed
3331 2241 3386 2289 et
3423 2235 3488 2288 de
3519 2234 3723 2289 inimici

2153 2325 2463 2392 dilectione,
2490 2333 2546 2382 et
2567 2338 2670 2395 pro
2693 2323 2772 2380 eis
2805 2323 2945 2378 facta
2971 2323 3230 2380 debemus
3266 2323 3568 2395 intelligere
3594 2340 3722 2380 ora-

2154 2417 2321 2473 tione.

2225 2507 2314 2561 7l.
2348 2505 2479 2562 Cunt
2504 2506 2928 2562 discordantibus
2949 2514 3070 2560 ante
3096 2503 3222 2560 solis
3260 2520 3500 2560 occasum
3533 2505 3590 2557 in
3631 2520 3725 2573 pa-

2155 2614 2265 2652 cem
2304 2597 2477 2652 redire
2517 2595 2734 2667 (Ephes.
2763 2595 2861 2668 tv).
2892 2595 3044 2651 Sicut
3066 2596 3154 2666 pia
3183 2602 3356 2650 mater
3385 2593 3626 2650 Ecclesia
3655 2593 3724 2647 ab

2154 2686 2406 2743 munibus
2438 2685 2579 2741 male
2611 2686 2918 2742 viventibus
2963 2686 3078 2742 sive
3125 2685 3393 2741 haereticis
3436 2685 3720 2756 premitur,

2155 2777 2252 2832 sed
2295 2785 2481 2832 tamen
2523 2790 2621 2832 eos
2651 2776 2721 2831 ad
2767 2790 2828 2831 se
2853 2776 3134 2832 venientes
3176 2775 3407 2846 benigna
3451 2775 3723 2830 charitate

2157 2868 2531 2939 amplectitur;
2561 2867 2636 2921 ita
2663 2874 2721 2921 et
2753 2881 2853 2921 nos
2876 2879 3226 2935 quoscunque
3265 2863 3515 2920 inimicos
3555 2865 3722 2919 susti-

2157 2973 2370 3024 nemus,
2401 2964 2741 3013 revertentes
2767 2957 2836 3012 ad
2859 2971 2960 3012 nos
2987 2963 3232 3012 materna
3273 2956 3571 3011 imitatione
3608 2971 3724 3011 am-

2155 3047 2364 3119 plexari
2402 3046 2583 3102 statim
2617 3047 2904 3110 debemus,
2947 3045 3072 3116 quia
3119 3045 3212 3115 qui
3254 3043 3477 3100 fratrem
3518 3045 3725 3100 tardius

2159 3139 2266 3195 sibi
2293 3137 2628 3202 reconciliat,
2647 3137 2817 3193 Deum
2846 3137 2947 3192 sibi
2976 3136 3186 3191 tardius
3206 3135 3404 3206 placat.
3421 3135 3558 3192 iiinc
3577 3137 3722 3191 enim

2157 3228 2418 3285 Dominus
2439 3227 2516 3282 ait
2540 3246 2554 3282 :
2583 3225 2641 3282 Si
2663 3228 2822 3296 offers
2843 3243 3034 3281 munus
3062 3235 3210 3279 tuum
3250 3227 3320 3279 ad
3345 3224 3543 3290 altare,
3573 3236 3622 3280 et
3651 3227 3724 3280 ibi

2157 3319 2461 3375 recordatus
2493 3319 2656 3388 fueris
2682 3319 2809 3389 quia
2837 3323 3003 3387 frater
3027 3327 3147 3370 tuus
3193 3316 3346 3370 habet
3393 3315 3596 3386 aliquid
3621 3315 3722 3370 ad-

2157 3426 2359 3466 uersum
2383 3419 2463 3475 te,
2495 3408 2726 3480 relinque
2762 3408 2835 3462 ibi
2875 3424 3064 3463 munus
3111 3416 3262 3461 tuum
3289 3416 3408 3461 ante
3447 3406 3647 3473 altare,
3675 3415 3722 3461 et

2155 3501 2285 3556 uade
2304 3500 2450 3571 prius
2478 3497 2807 3554 reconciliari
2831 3497 2986 3566 fratri
3013 3507 3123 3562 tuo,
3143 3505 3192 3550 et
3208 3506 3332 3550 tunc
3352 3497 3560 3552 ueniens
3597 3498 3725 3567 offe-

2157 3609 2241 3648 res
2268 3607 2457 3647 munus
2495 3600 2642 3644 tuum
2678 3587 2895 3662 (Matth.
2923 3589 3000 3660 v).
3033 3587 3172 3644 Hinc
3212 3587 3412 3644 Paulus
3451 3590 3724 3658 apostolus

2156 3681 2271 3736 ait:
2299 3679 2621 3744 Irascintini,
2647 3688 2697 3732 et
2726 3678 2886 3732 nolite
2910 3694 3146 3749 peccare.
3165 3676 3260 3733 Sol
3282 3693 3385 3732 non
3411 3678 3612 3733 occidat
3640 3697 3727 3734 su-

2155 3787 2249 3843 per
2275 3769 2607 3824 iracundiam
2647 3777 2872 3823 mtram
2907 3767 3125 3840 (Ephes.
3169 3765 3264 3839 tv).
3310 3767 3447 3823 llinc
3483 3770 3725 3832 ostendit

2156 3861 2281 3931 quia
2300 3868 2426 3914 ante
2449 3858 2578 3915 salis
2597 3873 2849 3914 occasum
2873 3867 2928 3914 et
2954 3858 3200 3927 culpatus
3225 3859 3459 3928 petendo
3482 3859 3725 3928 recipere

2157 3951 2391 4016 veniam,
2422 3959 2477 4005 et
2506 3949 2666 4005 laisus
2693 3949 2908 4004 lmdenti
2936 3948 3255 4004 dimittenda
3269 3947 3432 4005 debet
3451 3948 3725 4020 indulgere

2158 4043 2373 4100 delicta.
2403 4042 2524 4098 Cito
2557 4043 2704 4097 enim
2737 4048 2825 4096 est
2867 4041 3250 4112 ignoscendum
3288 4042 3538 4110 cuiquam
3558 4082 3572 4106 ,
3600 4043 3723 4097 dum

2155 4135 2371 4190 veniam
2398 4132 2655 4204 postulat,
2684 4131 2813 4204 quia
2839 4131 2974 4187 nihil
3008 4131 3223 4202 proﬁcit
3258 4145 3380 4186 esse
3414 4131 3725 4186 immacula-

2157 4232 2270 4280 tum
2299 4239 2336 4278 a
2359 4223 2536 4294 culpa,
2560 4222 2654 4293 qui
2668 4237 2788 4281 non
2811 4228 2896 4277 est
2914 4227 3136 4290 paratus
3158 4219 3226 4275 ad
3257 4220 3490 4276 veniam.
3517 4219 3726 4277 Crescit

2156 4315 2302 4370 enim
2330 4321 2387 4369 et
2421 4321 2650 4384 augetur
2685 4310 2861 4382 culpa.
2906 4311 3122 4383 quando
3163 4309 3369 4366 tardius
3414 4309 3728 4365 relaxantur
3759 4317 3763 4322 ‘

485 4405 554 4458 ad
594 4400 912 4457 humilitatis
941 4397 1307 4454 obedientiam
1347 4393 1654 4466 compellat.
1689 4392 1840 4449 Unde
1878 4399 1934 4447 et
1965 4405 2053 4446 se-
2080 4441 2134 4501 Β
2159 4405 2398 4462 fratem;
2419 4405 2638 4461 delicta,

487 4494 672 4566 quitur
698 4512 710 4547 :

557 4605 646 4662 69.
676 4603 926 4660 Iuniores
953 4602 1186 4673 diligere.
1209 4600 1495 4658 Geminam
1532 4598 1678 4653 enim
1716 4594 2059 4652 dilectionem

486 4711 528 4750 a.
546 4695 859 4751 senioribus-
889 4693 1086 4747 debent
1122 4690 1372 4758 accipere
1401 4686 1668 4755 iuniores.
1695 4686 1868 4742 Unam
1889 4677 2059 4755 {quia

485 4785 683 4841 fratres
719 4792 864 4838 sunt.
909 4781 1182 4850 Scriptum
1229 4785 1314 4833 est
1354 4776 1500 4830 enim
1531 4794 1544 4828 :
1579 4774 1697 4829 Hoc
1743 4775 2054 4830 mandatum

485 4859 800 4946 accepimus
829 4891 862 4928 a
881 4873 1018 4936 Deo,
1041 4880 1096 4924 ut
1117 4870 1206 4941 qui
1236 4867 1406 4937 diligit
1429 4867 1630 4931 Deum,
1657 4865 1842 4936 diligat
1869 4865 1919 4920 et
1945 4867 2058 4936 fra-

487 4976 622 5020 trem
646 4979 802 5017 suuns
843 4961 894 5032 (.l
928 4960 1090 5014 Joan.
1119 4957 1214 5031 iv).
1256 4957 1528 5021 Alteram,
1573 4957 1699 5026 quia
1743 4956 2057 5012 obedientes

487 5053 793 5110 senioribus
832 5048 1109 5105 humiliter
1150 5049 1413 5104 serviunt.
1451 5047 1590 5103 Hinc
1619 5048 1764 5103 enim
1795 5047 2057 5117 scriptum

486 5151 573 5198 est
597 5159 611 5195 :
641 5139 831 5196 Servus
860 5147 1104 5193 sensatus
1125 5137 1190 5192 sit
1220 5138 1312 5192 tibi
1340 5136 1558 5191 dilectus
1581 5137 1733 5208 quasi
1761 5137 1938 5190 anima
1965 5143 2058 5188 tua

488 5233 681 5305 (Eccli.
707 5229 830 5303 vn),
851 5230 1004 5300 quasi
1037 5229 1258 5284 fratrem
1297 5230 1376 5285 sic
1403 5244 1525 5283 eum
1557 5235 1745 5283 tracta.
1781 5225 1838 5281 Si
1865 5226 1967 5280 hoc
1991 5225 2059 5280 de

487 5338 673 5388 servo,
693 5328 895 5392 quanto
916 5318 1086 5389 magis
1112 5318 1515 5391 intelligendum
1542 5325 1626 5372 est
1649 5316 1717 5371 de
1743 5314 1854 5369 lilio
1872 5323 1929 5369 et
1944 5312 2056 5367 fra-

491 5421 574 5468 tre
603 5410 833 5466 dilecta!

559 5501 648 5555 70.
686 5499 755 5554 In
799 5497 995 5554 Christi
1043 5515 1218 5554 amore
1261 5513 1355 5567 pro
1399 5494 1627 5547 inimicis
1672 5507 1842 5544 orare.
1887 5489 2053 5546 Amor

489 5591 632 5644 cnim
655 5589 853 5645 Christi
885 5588 1013 5643 facit
1035 5603 1134 5642 nos
1157 5586 1382 5655 diligere
1408 5582 1703 5642 inimicum,
1736 5579 1866 5635 facit
1891 5581 2053 5635 etiam

491 5691 546 5736 ct
570 5695 725 5737 orare
752 5697 850 5752 pro
880 5681 1001 5744 illo,
1033 5679 1158 5746 quia
1198 5678 1242 5733 si
1274 5676 1368 5730 lilii
1395 5674 1512 5745 eius
1539 5673 1843 5738 sumus,jn
1885 5689 2054 5742 quan-

2231 4497 2320 4552 72.
2370 4497 2440 4551 Et
2484 4495 2549 4551 de
2589 4493 2689 4550 Dei
2730 4492 3094 4549 misericordia
3143 4509 3408 4563 nunquam
3451 4492 3726 4562 desperare

2161 4587 2378 4660 (Ezecb.
2408 4585 2587 4655 xvm).
2617 4584 2732 4640 Etsi
2761 4584 2906 4639 mille
2943 4583 3054 4639 sint
3089 4589 3309 4652 peccata
3327 4621 3342 4648 ,
3374 4597 3482 4636 non
3521 4588 3606 4636 est
3634 4581 3726 4635 de-

2161 4679 2485 4750 sperandum
2511 4677 2578 4732 de
2603 4676 2779 4732 venia.
2811 4675 2954 4732 Deus
2978 4676 3124 4731 enim
3143 4683 3210 4730 et‘
3223 4675 3346 4744 pius
3365 4682 3452 4730 est
3477 4675 3544 4729 ad
3573 4675 3723 4745 igno-

2159 4771 2436 4832 scendum,
2462 4777 2518 4824 et
2539 4769 2880 4838 omnipotens
2913 4767 2982 4823 ad
3010 4767 3345 4824 salvandum.
3372 4765 3602 4821 Tantum
3639 4771 3726 4818 est

2159 4869 2221 4917 ut
2243 4859 2610 4928 unusquisque
2646 4865 2900 4927 peccator
2937 4857 3169 4912 declinet
3212 4872 3244 4912 a
3277 4855 3421 4911 malo
3466 4861 3523 4908 et
3561 4851 3728 4908 faciat

2157 4953 2358 5008 bonum
2385 4946 2560 5020 (Psal.
2604 4947 2814 5018 xxxvr).
2842 4946 3178 5004 Conﬁtentur
3206 4946 3434 5002 Domino
3468 4959 3566 4999 sua
3606 4957 3726 5012 pec-

2157 5047 2300 5105 cata,
2321 5045 2377 5093 et
2402 5036 2696 5093 secundum
2717 5036 2933 5092 modum
2953 5035 3124 5106 culpae
3144 5033 3308 5090 faciat
3330 5032 3723 5104 paenitentiam,

2159 5131 2284 5202 quia
2312 5128 2488 5184 omnis
2515 5135 2768 5198 peccator
2794 5127 2888 5196 qui
2912 5127 2980 5182 ad
2999 5127 3284 5181 Deminum
3311 5140 3379 5180 ex
3410 5131 3526 5179 toto
3562 5122 3729 5178 corde

2159 5235 2453 5276 conversus
2481 5217 2662 5287 fuerit,
2682 5219 2862 5275 salvus
2887 5218 3011 5284 erit,
3041 5218 3160 5288 ipso
3181 5217 3395 5272 dicente
3414 5215 3507 5286 qui
3531 5229 3724 5284 pecca-

2150 5311 2358 5368 toribus
2385 5311 2500 5365 ait:
2532 5308 2904 5364 Convertimini
2929 5308 2999 5362 ad
3021 5324 3130 5373 me,
3167 5316 3216 5362 et
3242 5306 3375 5362 salvi
3404 5305 3551 5359 eritis
3582 5303 3717 5375 (Isa.

2150 5401 2301 5474 xcv).
2327 5403 2448 5473 Ipse
2474 5402 2668 5458 iterum
2694 5401 2825 5456 dicit
2849 5418 2862 5454 :
2893 5399 3032 5454 Nolo
3057 5410 3273 5455 mortem
3300 5395 3609 5469 peccatoris,
3635 5396 3724 5450 sed

2153 5505 2210 5548 ut
2233 5502 2567 5548 convertatur
2589 5501 2637 5546 et
2662 5493 2794 5547 vivat
2826 5492 3042 5563 (Ezech.
3075 5508 3206 5547 xvm
3240 5499 3296 5546 ct
3327 5489 3548 5556 xsxni).
3582 5487 3724 5558 Erga

2155 5599 2277 5640 cum
2297 5583 2417 5652 pius
2437 5581 2696 5636 Dominus
2719 5598 2824 5639 non
2849 5582 3118 5636 desideret
3146 5588 3377 5636 mortem
3398 5577 3723 5648 peccatoris,

2153 5675 2248 5728 sed
2273 5673 2470 5735 vitam,
2509 5669 2623 5739 ipse
2665 5671 2773 5727 sibi
2811 5669 3194 5728 misericordia:
3240 5670 3442 5726 claudit
3472 5669 3728 5740 ianuam,
