3944 6412
300 311 402 368 793

1333 308 1689 368 COMMENT.
1732 309 1798 366 IN
1839 307 1998 364 REG.
2042 309 2100 363 Β.
2140 307 2518 368 ΒΕΝΕΒΙΟἩ.

3441 317 3545 374 794

297 421 390 491 qui
448 419 518 474 ab
569 432 637 473 eo
678 427 1026 488 peccatorum
1072 420 1285 476 veniam
1312 434 1554 491 recipere
1598 422 1869 490 desperat.
1898 423 1951 483 Α
1974 415 2206 474 refertus
2240 435 2347 476 non
2379 421 2685 477 inﬁrmatur
2713 422 2767 478 in
2795 438 2980 496 pejus,
3013 427 3106 482 sed
3140 427 3356 498 prolicit
3382 446 3547 490 sanus

297 509 434 564 liinc
467 509 660 562 iterum
691 524 792 580 per
815 511 1135 581 prophetam
1166 509 1331 566 dicit:
1365 509 1618 565 Peccator
1655 511 1711 564 in
1738 526 1873 582 qua-

295 615 498 668 cunque
535 597 622 651 die
655 615 932 653 conversus
963 599 1121 668 fuerit
1155 615 1222 653 ea:
1244 608 1353 654 toto
1390 599 1546 654 corde
1574 599 1644 652 ad
1683 598 1867 653 Domi-

297 707 442 753 num,
467 689 659 743 desinit
683 706 794 744 esse
808 700 1055 760 peccator
1080 690 1295 762 (Ezech.
1325 689 1543 762 χχχιιι).
1578 689 1714 743 llinc
1745 688 1873 744 Hie-

295 795 555 850 ronymus
581 779 658 834 ait
683 798 696 834 :
722 779 892 835 Nemo
923 781 989 835 de
1016 781 1226 836 Domini
1259 780 1590 852 indulgentia
1627 779 1869 846 dubitet,

247 937 250 940 g
295 883 456 924 nemo
485 871 753 939 desperet.
781 870 862 924 Ad
886 872 988 926 hoc
1008 871 1151 926 enim
1179 871 1377 926 missus
1406 870 1624 926 advenit
1646 877 1706 924 ut
1739 884 1870 939 pec-

293 969 512 1016 catores
539 959 858 1015 conﬁtentes
879 976 984 1016 non
1005 961 1278 1030 perderet,
1309 960 1403 1016 sed
1432 959 1684 1015 salvaret.
1700 957 1871 1014 Nemo

294 1051 362 1106 de
386 1051 734 1106 multitudine
756 1067 976 1106 suorum
997 1052 1247 1121 desperet
1272 1051 1578 1114 criminum,
1603 1049 1727 1120 quia
1748 1048 1871 1118 pius

292 1147 350 1194 et
375 1141 691 1195 misericors
720 1141 981 1196 Dominus
1007 1149 1231 1211 paratus
1251 1150 1335 1196 est
1361 1142 1428 1196 ad
1457 1140 1866 1212 ignoscendum.

295 1225 356 1284 Si
387 1229 653 1298 discipulo
680 1245 780 1284 suo
804 1229 965 1285 Petro
995 1245 1166 1299 usque
1194 1229 1499 1300 septuagies
1525 1228 1725 1297 septies
1753 1226 1869 1296 jus-

293 1325 367 1380 sit
402 1326 557 1378 fratri
583 1324 858 1379 dimittere
881 1331 1184 1395 peccatum,
1215 1322 1386 1379 multo
1426 1323 1598 1393 magis
1630 1321 1722 1376 ille
1747 1321 1868 1376 fons

292 1417 513 1490 pietatis
551 1424 607 1472 et
643 1416 988 1485 indulgentiae
1010 1428 1182 1484 usque
1210 1414 1360 1469 mille
1398 1413 1597 1468 millies
1633 1411 1781 1466 mille
1807 1411 1864 1466 in

293 1510 726 1582 sepeccantibus
765 1517 822 1564 et
857 1509 1075 1564 veniam
1118 1508 1430 1578 petentibus
1469 1506 1691 1562 dimittit
1729 1505 1865 1562 deli-

292 1610 460 1656 ctum.
488 1601 606 1670 lpse
627 1601 773 1656 enim
795 1601 964 1656 totius
987 1601 1172 1656 mundi
1197 1600 1328 1655 lavit
1357 1600 1585 1654 crimina
1608 1637 1626 1664 ,
1659 1605 1868 1668 quanto

291 1691 467 1762 magis
491 1690 653 1744 unius
689 1689 924 1745 hominis
952 1689 1155 1745 lavabit
1191 1689 1410 1744 delicta.
1440 1687 1670 1742 Tantum
1696 1696 1783 1744 est
1806 1695 1867 1742 ut

1971 523 2186 579 semper
2207 509 2263 565 in
2291 511 2502 567 melius.

2043 596 2174 662 Qua
2193 614 2313 651 cum
2338 599 2533 668 fuerim
2559 618 2592 654 a
2622 603 2768 657 nobis
2800 604 2886 658 die
2927 615 3184 678 noctuque
3223 609 3546 665 incessabili-

1968 696 2051 741 ter
2088 687 2402 758 adimpleta,
2455 698 2504 744 et
2546 692 2603 745 in
2637 693 2721 747 die
2762 694 2957 763 iudicii
3003 697 3388 769 reconsign'ata.
3416 701 3544 756 Haec

1968 778 2112 833 enim
2139 779 2507 835 sacratissima
2535 785 2846 851 supradicta
2877 785 3090 842 Domini
3135 798 3404 859 praecepta
3435 808 3534 847 no-

1968 869 2053 924 bis
2075 869 2330 938 prtesenti
2351 871 2741 940 consignantur
2764 875 2816 929 in
2837 876 2969 940 vita,
2994 885 3054 931 ut
3075 893 3360 947 Operemur
3381 882 3435 936 in
3459 883 3542 937 eis

1967 965 2024 1014 et
2050 966 2338 1027 operantes
2366 961 2737 1018 custodiamus
2777 962 2889 1017 illa.
2921 964 3121 1020 lterum
3162 969 3319 1023 nobis
3346 970 3401 1023 in
3429 971 3544 1025 vita

1968 1048 2488 1119 reconsignabuntur
2514 1061 2738 1119 aeterna,
2768 1062 2830 1108 ut
2855 1054 3058 1111 laboris
3080 1060 3249 1113 nostri
3271 1059 3432 1130 digna
3460 1075 3543 1114 re-

1967 1137 2148 1207 cipere
2169 1154 2476 1195 mereamur
2502 1144 2746 1212 praemia,
2770 1144 2859 1200 illa
2885 1147 3130 1203 videlicet
3153 1165 3273 1218 quae
3301 1149 3414 1220 ipse
3442 1151 3547 1206 Do-

1967 1229 2146 1285 minus
2175 1232 2441 1300 operariis
2469 1233 2584 1288 suis
2607 1235 2860 1304 promisit
2881 1237 3067 1293 dicens
3091 1257 3104 1292 :
3147 1237 3326 1294 Venite
3347 1241 3418 1294 ad
3440 1257 3545 1306 nte,

1967 1337 2146 1376 omnes
2174 1323 2265 1392 qui
2293 1322 2546 1378 laboratis
2590 1335 2640 1379 et
2673 1326 2877 1380 onerati
2913 1329 3068 1393 estis,
3106 1337 3154 1381 et
3184 1345 3276 1398 ego
3314 1329 3545 1397 reﬁciam

1965 1432 2055 1470 vos
2084 1414 2300 1487 (Matth.
2326 1416 2426 1488 ιιι).
2452 1417 2542 1484 Ει,
2573 1415 2772 1483 Venite,
2805 1417 3060 1472 benedicti
3081 1417 3258 1473 Patris
3281 1421 3402 1486 mei,
3431 1437 3544 1490 per-

1966 1505 2120 1576 cipite
2159 1521 2406 1576 regnum,
2448 1506 2588 1578 quod
2633 1507 2777 1562 vobis
2829 1517 3073 1577 paratum
3113 1517 3188 1562 est
3233 1510 3298 1563 ab
3345 1510 3544 1579 origine

1965 1596 2152 1650 mundi
2175 1596 2392 1669 (Matth.
2421 1598 2570 1670 xxv).
2595 1598 2662 1652 Et
2685 1599 2751 1654 de
2776 1614 2883 1668 quo
2905 1599 3194 1669 Apostolus
3219 1601 3468 1656 diccbat:

2036 1684 2142 1740 Illa
2162 1702 2355 1741 merces
2380 1686 2529 1742 nobis
2549 1703 2582 1741 a
2604 1675 2830 1742 Domino
2857 1688 3353 1758 recompensabitur,
3380 1707 3540 1760 quam

291 1755 664 1849 unusquisque
693 1787 1044 1834 convertatur
1071 1780 1141 1835 ab
1169 1779 1445 1849 impietate
1472 1793 1589 1839 sua.
1622 1785 1678 1833 et
1706 1777 1864 1834 lactis
1891 1755 1939 1813 Β
1963 1775 2074 1845 ipse
2100 1776 2356 1846 promisit,
2383 1777 2523 1848 quod
2550 1777 2733 1832 oculus
2763 1795 2866 1832 non
2889 1755 3037 1846 vidit,
3070 1795 3162 1833 nec
3199 1755 3345 1834 auris
3391 1755 3540 1836 audi-

289 1869 471 1941 dignis
497 1871 829 1940 pestilentia:
857 1869 1120 1926 fructibus
1137 1870 1286 1924 vivat
1308 1870 1362 1926 in
1383 1877 1668 1932 atomum,
1695 1868 1867 1923 hono-

291 1977 414 2017 rum
441 1962 682 2018 omnium
705 1963 906 2018 virtute
933 1961 1201 2018 refertus.

365 2139 505 2194 Ecce
531 2140 643 2195 haec
663 2149 784 2194 sunt
813 2139 1164 2194 instrumenta
1196 2137 1327 2191 artis
1369 2134 1686 2206 spiritualis.
1716 2133 1860 2189 Ecce

290 2232 408 2286 haec
435 2239 582 2298 sunt,
612 2231 762 2297 dicit,
795 2233 848 2287 id
873 2239 979 2299 est,
1004 2232 1121 2288 hinc
1153 2232 1462 2303 supradicta
1495 2231 1676 2287 divina
1711 2245 1864 2284 man-

288 2321 419 2376 data
449 2337 570 2392 qua:
613 2330 741 2378 sunt
768 2323 982 2394 singula
1023 2323 1138 2392 jam
1188 2339 1287 2394 per
1330 2323 1578 2378 ordinem
1616 2321 1865 2390 superius

289 2413 557 2481 exposita.
601 2411 726 2467 Haec
766 2423 895 2468 sunt
931 2414 1119 2484 itaque
1145 2414 1504 2469 instrumenta
1546 2413 1680 2466 artis
1707 2412 1864 2481 spiri-

289 2501 435 2557 talis.
463 2502 566 2558 Ars
584 2504 729 2559 dicta
757 2512 860 2570 est,
891 2519 958 2560 eo
983 2505 1126 2574 quod
1153 2505 1290 2560 artis
1313 2505 1600 2575 praceptis
1635 2503 1864 2574 regulis-

289 2610 396 2666 que
439 2595 728 2650 constricta
774 2596 912 2652 bene
932 2607 990 2651 et
1011 2594 1160 2665 juste
1199 2598 1384 2651 ducat.
1417 2595 1573 2650 Sicut
1607 2597 1754 2649 enim
1779 2603 1864 2652 est

289 2701 382 2740 ars
423 2683 758 2754 corporalis,
805 2693 892 2741 est
934 2693 992 2741 et
1033 2701 1124 2741 ars
1163 2685 1442 2756 spiritalis.
1478 2684 1586 2740 Sed
1619 2684 1763 2740 sicut
1781 2691 1866 2740 est

289 2776 555 2846 corporali
582 2777 693 2832 vita
722 2777 984 2846 spiritalis
1031 2778 1247 2843 melior,
1274 2778 1349 2832 ita
1379 2784 1465 2832 est
1499 2783 1556 2831 et
1591 2790 1683 2830 ars
1711 2775 1856 2845 ejus-

210 2896 220 2903 —
289 2867 414 2922 dem
448 2868 568 2923 vitae
602 2869 866 2924 subtilior.
900 2869 1055 2926 Unde
1080 2877 1136 2924 et
1169 2869 1258 2923 illa
1298 2869 1519 2938 paucis,
1569 2868 1685 2924 haec
1731 2882 1864 2923 vero

292 2957 662 3012 instrumentis
697 2957 902 3028 indiget
936 2957 1202 3028 plurimis.
1250 2957 1405 3012 Sicut
1451 2957 1600 3013 enim
1649 2956 1861 3011 instru-

291 3051 468 3099 menta
499 3053 625 3100 sunt
650 3043 926 3100 labrorum
945 3085 960 3111 ,
987 3046 1314 3116 scriptorum
1346 3045 1430 3100 vel
1469 3043 1698 3099 aliorum
1730 3043 1864 3098 arti-

291 3134 471 3200 ticum,
497 3135 693 3205 quibus
723 3151 861 3206 opus
886 3150 1076 3192 eorum
1105 3135 1406 3206 perﬁcitur,
1439 3135 1513 3188 ita
1539 3141 1667 3188 sunt
1698 3140 1755 3189 et
1779 3133 1864 3187 in-

288 3235 590 3282 strumenta
616 3228 902 3294 virtutum,
930 3228 1127 3299 quibus
1150 3227 1410 3298 spiritalis
1433 3228 1548 3282 vita
1582 3227 1860 3298 componi-

293 3325 398 3371 tur.
427 3317 538 3372 Nisi
562 3319 918 3389 regendarum
942 3334 1161 3374 suarum
1201 3326 1257 3374 et
1284 3318 1514 3374 aliorum
1556 3317 1862 3374 animarum

288 3421 380 3461 ars
408 3423 514 3462 non
544 3416 690 3463 esset
710 3407 1004 3477 spiritalis,
1034 3407 1330 3480 Gregorius
1365 3425 1474 3463 non
1502 3409 1711 3465 diceret
1740 3426 1752 3462 :
1779 3407 1864 3463 Ab

290 3497 554 3567 imperitis
582 3513 712 3572 ergo
734 3501 1002 3571 pastorale
1027 3504 1400 3574 magisterium
1422 3519 1529 3574 qua
1554 3503 1864 3560 temeritate

288 3590 602 3657 suscipitur,
631 3593 848 3660 quando
886 3608 978 3648 ars
1003 3601 1089 3649 est
1116 3595 1318 3649 artium
1361 3595 1603 3664 regimen
1653 3594 1861 3650 anima-

287 3692 434 3730 rum.
465 3678 602 3732 illnc
624 3678 822 3734 Paulus
840 3682 1113 3750 apostolus
1137 3684 1217 3736 ait
1241 3701 1256 3737 :
1282 3681 1408 3740 Seio
1425 3695 1476 3739 et
1498 3685 1791 3750 humiliari,
1813 3693 1864 3740 et

288 3764 582 3828 abundare,
625 3774 675 3819 et
716 3768 924 3832 satiari,
969 3777 1019 3821 et
1063 3771 1296 3834 esurire,
1346 3781 1396 3824 et
1435 3775 1710 3841 penuriam
1752 3767 1865 3844 pati

271 3850 458 3924 ’(Phil.
497 3853 593 3926 ιν).
636 3853 762 3911 Haec
787 3856 931 3910 enim
969 3856 1151 3912 omnia
1181 3858 1360 3914 minus
1387 3859 1728 3915 intuentibus
1750 3877 1863 3918 non

290 3946 538 4000 videntur
565 3961 656 4000 ars
689 3961 808 4002 esse
839 3948 1118 4017 spiritalis,
1147 3950 1241 4004 sed
1277 3949 1598 4019 simpliciter
1626 3953 1863 4008 necessi-

292 4047 374 4092 tas
403 4036 650 4094 actionis.
687 4035 794 4092 Sed
841 4039 888 4094 si
934 4054 1026 4096 ars
1069 4055 1178 4096 non
1215 4048 1379 4107 esset,
1407 4041 1539 4107 scio,
1569 4040 1861 4112 Apostolus

290 4145 401 4184 non
431 4130 688 4195 dixisset;
719 4131 813 4186 sed
839 4143 984 4195 cum,
1015 4132 1142 4197 scio,
1175 4132 1334 4198 dixit,
1374 4133 1430 4186 in
1476 4133 1637 4202 hujus
1681 4133 1863 4202 operis

291 4219 533 4274 actionis
550 4229 724 4275 artem
754 4221 931 4276 inesse
957 4221 1368 4278 demonstravit.
1393 4221 1564 4290 Quem
1593 4223 1739 4280 enim
1769 4238 1863 4292 pe-

291 4311 444 4365 nuria
476 4327 574 4366 sua
601 4327 709 4367 non
734 4310 954 4382 frangit,
980 4329 1010 4367 a
1040 4314 1337 4384 gratiarum
1367 4315 1581 4370 actione
1626 4330 1735 4372 non
1776 4331 1862 4372 re-

1963 1864 2051 1930 rit,
2075 1882 2168 1920 nec
2194 1867 2250 1919 in
2269 1883 2364 1920 cor
2383 1867 2607 1941 hominis
2630 1869 2884 1933 ascendit,
2909 1886 3027 1940 quia
3054 1872 3370 1941 prteparavit
3401 1871 3540 1925 Deus

1959 1955 2043 2008 bis
2068 1955 2408 2034 qui‘diligunt
2435 1940 2555 2010 eum
2583 1955 2634 2026 (1
2663 1955 2788 2014 Cor.
2819 1957 2904 2028 ιι).
2930 1956 3150 2028 Oﬂicina
3167 1940 3294 2013 ivero
3319 1960 3408 2013 ubi
3426 1960 3540 2014 lure

1961 2047 2139 2101 omnia
2163 2046 2442 2118 diligenter
2478 2065 2771 2121 operemur,
2799 2049 3033 2104 claustra
3073 2060 3194 2104 sunt
3231 2052 3539 2106 monasterii

1960 2147 2011 2192 et
2039 2137 2293 2193 stabilitas
2329 2140 2384 2194 in
2420 2142 2834 2211 congregatione.
2871 2141 2916 2194 A
2953 2139 3202 2196 faciendo
3239 2142 3382 2196 enim
3416 2140 3530 2195 olli-

1962 2230 2128 2295 cium,
2159 2238 2215 2286 et
2236 2232 2304 2286 ab
2329 2231 2505 2287 oilicio
2525 2231 2734 2288 oﬂicina
2762 2232 3059 2287 derivatur.
3086 2233 3225 2288 Sunt
3249 2234 3390 2288 enim
3418 2249 3539 2304 ope-

1962 2321 2199 2375 rantium
2245 2321 2549 2388 domicilia,
2597 2330 2653 2378 et
2703 2321 2944 2378 omnium
2992 2322 3381 2376 monachorum
3430 2322 3533 2376 ibi-

1963 2413 2088 2467 dem
2118 2413 2482 2469 habitantium
2509 2414 2765 2469 claustra.
2800 2413 2858 2468 In
2897 2414 3094 2483 quibus
3119 2413 3211 2482 qui
3238 2413 3355 2467 vult
3379 2414 3535 2467 habi-

1964 2510 2112 2569 tare,
2162 2503 2476 2564 ﬁrmitatem
2527 2506 2582 2560 in
2631 2512 2811 2561 mente
2860 2513 2919 2562 et
2975 2506 3324 2560 stabilitatem
3376 2506 3536 2561 debet

1964 2595 2167 2650 habere
2197 2596 2250 2650 in
2282 2595 2729 2667 congregatione,
2759 2610 2828 2650 ne
2855 2595 3044 2665 vagari
3075 2594 3297 2665 incipiat
3329 2609 3426 2664 per
3451 2595 3534 2650 di-

1963 2699 2122 2740 versa
2153 2693 2420 2740 terrarum
2447 2687 2642 2755 spatia,
2670 2695 2764 2740 aut
2791 2687 3179 2757 transmigrare
3205 2687 3272 2741 de
3299 2685 3433 2740 cella
3462 2687 3529 2740 ad

1963 2773 2210 2839 alteram,
2235 2782 2290 2828 et
2316 2775 2384 2830 de
2407 2776 2642 2845 propriis
2670 2776 2738 2829 ad
2761 2791 2867 2830 non
2889 2777 3109 2847 propria
3135 2777 3274 2842 loca,
3304 2785 3361 2831 et
3391 2775 3540 2831 dica-

1964 2871 2056 2917 tur
2079 2863 2146 2918 de
2175 2863 2270 2918 illo
2295 2865 2441 2932 quod
2471 2865 2528 2918 in
2559 2864 2866 2920 Salomonis
2893 2867 3032 2922 libro
3058 2867 3316 2937 scriptum
3338 2866 3541 2920 inveni-

1967 2959 2054 3006 tur
2077 2969 2092 3006 :
2118 2949 2265 3006 Sicut
2291 2953 2423 3017 avis,
2449 2953 2644 3022 inquit,
2663 2955 3059 3026 transmigrans
3083 2956 3149 3010 de
3177 2956 3300 3009 nido
3319 2973 3438 3020 suo,
3462 2957 3538 3009 sic

1964 3042 2043 3096 vir
2066 3041 2360 3114 relinquens
2393 3042 2565 3097 locum
2593 3060 2748 3097 suum
2779 3043 2963 3116 (Prov.
2985 3044 3182 3116 xxvii).
3213 3045 3352 3112 Quid
3387 3045 3530 3099 enim

1963 3147 2063 3202 per
2086 3148 2238 3188 avem
2265 3133 2533 3204 signatur,
2562 3149 2682 3203 quae
2709 3134 2962 3204 relinquit
2989 3135 3172 3192 nidum
3201 3149 3357 3189 suum
3377 3175 3392 3199 ,
3432 3135 3537 3190 nisi

1963 3225 2264 3280 monachus
2301 3225 2396 3296 qui
2438 3225 2697 3295 relinquit
2726 3225 2902 3280 locum
2937 3241 3094 3281 suum
3122 3232 3178 3280 et
3207 3225 3537 3296 propositum

1963 3331 2142 3372 suum.
2165 3315 2354 3371 Melius
2376 3315 2523 3372 enim
2550 3316 2822 3385 relinquat
2841 3315 3041 3370 mentis
3064 3314 3454 3386 vagacitatem,
3483 3325 3540 3369 et

1937 3407 2144 3462 .cordis
2179 3405 2411 3461 ﬁrmiter
2453 3405 2668 3476 locique
2707 3413 2892 3461 teneat
2936 3405 3314 3470 stabilitatem,
3365 3412 3422 3459 et
3471 3405 3540 3458 ad

1963 3494 2261 3565 perlectum
2284 3495 2444 3551 ducat
2467 3495 2669 3551 bonum
2690 3495 2834 3565 quod
2859 3495 3024 3564 coepit
3049 3509 3233 3565 agere,
3259 3494 3385 3565 quia
3406 3496 3539 3550 scri-

1963 3597 2116 3660 ptum
2141 3595 2262 3645 est:
2294 3588 2418 3644 Non
2447 3591 2538 3659 qui
2566 3589 2904 3654 inchoaverit,
2936 3589 3027 3644 sed
3049 3590 3140 3660 qui
3177 3606 3538 3660 perseverare-

1964 3681 2055 3746 rit,
2077 3678 2253 3736 ulcus
2277 3681 2376 3736 erit
2402 3677 2621 3746 (Matth.
2663 3695 2697 3735 ι
2730 3688 2788 3736 et
2813 3680 2988 3738 nivi.
3014 3679 3271 3750 Sequitur
3305 3679 3374 3735 de
3411 3679 3540 3736 ohec

1963 3769 2190 3826 dientia.

2577 3840 2808 3897 CAPUT
2854 3841 2920 3897 γ.

2535 3927 2609 3982 De
2660 3928 2972 3984 obedientia.

2036 4035 2252 4091 Primus
2266 4035 2577 4092 humilitatis
2601 4038 2797 4107 gradus
2820 4047 2894 4092 est
2916 4039 3206 4093 obedientia
3231 4040 3342 4093 sine
3366 4056 3536 4093 mora.

1963 4124 2238 4192 Quaeritur
2275 4142 2308 4180 a
2335 4127 2586 4195 plurimis
2614 4142 2711 4182 cur
2751 4127 2948 4182 beatus
2989 4127 3310 4182 Benedictus
3350 4129 3405 4182 in
3431 4129 3538 4184 hac

1963 4218 2168 4289 Regula
2196 4218 2332 4274 duos
2357 4218 2682 4274 humilitatis
2705 4218 2905 4289 gradus
2935 4219 3133 4274 dixerit
3157 4235 3278 4275 esse
3299 4219 3504 4289 primos
3521 4235 3548 4274 ε’

1961 4325 2164 4374 unum,
2193 4309 2359 4364 istum
2401 4323 2562 4378 quem
2596 4309 2650 4364 in
2698 4309 2948 4364 manibus
2993 4318 3269 4375 tenemus,
3307 4309 3549 4364 alterum

291 4398 478 4497 trahit,
502 4399 556 4453 in
585 4415 766 4455 rerum
793 4401 1169 4470 temporalium
1193 4403 1518 4460 desiderium
1539 4420 1648 4460 non
1672 4417 1864 4462 accen-
1884 4437 1940 4497 Β
1961 4416 2113 4468 vero,
2146 4401 2239 4471 qui
2267 4401 2322 4456 in
2350 4399 2683 4456 duodecimis
2719 4399 2976 4472 gradibus
3015 4399 3168 4471 (Cap.
3193 4399 3291 4472 vn)
3321 4401 3544 4497 ponitur

289 4489 388 4554 dit,
413 4491 515 4545 scit
545 4491 838 4546 humiliari.
869 4491 974 4559 Qui
993 4494 1138 4549 enim
1170 4496 1412 4565 acceptis
1444 4495 1608 4552 rebus
1632 4512 1738 4552 non
1762 4511 1862 4551 ex-

292 4579 516 4646 tollitur,
539 4589 595 4636 et
621 4596 715 4638 eas
739 4583 808 4638 ad
836 4599 994 4638 usum
1013 4600 1166 4640 vana:
1197 4585 1385 4656 gloria;
1409 4603 1518 4643 non
1548 4588 1862 4659 intorquet,

289 4685 390 4725 nec
415 4671 562 4726 solus
587 4672 847 4742 possidet,
871 4672 967 4728 sed
996 4689 1121 4729 cum
1159 4675 1510 4746 diligentibus
1547 4679 1861 4735 misericor-

289 4761 429 4816 diter
451 4757 662 4828 dividit,
691 4763 795 4817 scit
823 4762 1118 4819 abundare.
1161 4764 1266 4831 Qui
1309 4768 1548 4838 acceptis
1587 4769 1859 4827 alimentis

287 4865 392 4906 non
422 4851 490 4906 ad
516 4851 996 4924 ingurgitationem
1018 4855 1224 4910 ventris
1249 4856 1439 4921 utitur,
1469 4858 1564 4914 sed
1593 4858 1663 4914 ad
1700 4875 1856 4930 repa-

289 4940 550 4998 rationem
579 4943 818 5010 virtutis,
844 4944 946 5000 scit
973 4945 1180 5000 satiari.
1222 4945 1323 5013 Qui
1369 4947 1750 5004 alimentorum
1777 4951 1859 5006 in-

286 5035 462 5104 opiam
482 5037 598 5090 sine
619 5037 1045 5093 murmuratione
1064 5021 1394 5104 tolerat,ncc
1415 5056 1513 5111 pro
1535 5043 1859 5100 necessitate

287 5124 462 5181 victus
483 5127 594 5198 agit
619 5124 823 5196 aliquid
857 5127 999 5182 unde
1027 5127 1206 5182 anima
1247 5130 1459 5198 peccati.
1481 5130 1736 5201 laqueum
1777 5132 1858 5188 in-

286 5223 488 5281 currat,
520 5216 628 5271 scit
664 5217 896 5273 esurire.
930 5215 1102 5284 Quem
1133 5231 1262 5287 ergo
1290 5232 1390 5274 nec
1429 5219 1486 5274 in
1526 5221 1856 5276 abundantia

285 5308 534 5377 superbia
556 5307 750 5375 elevat,
778 5323 881 5364 nec
905 5308 960 5363 in
989 5309 1310 5364 necessitate
1333 5309 1603 5379 cupiditas
1632 5311 1852 5379 irritat,

284 5398 436 5452 novit
460 5399 752 5465 abundare,
777 5408 926 5455 novit
952 5407 1007 5456 et
1035 5401 1314 5472 penuriam
1345 5401 1478 5472 pati.
1515 5401 1617 5468 Qui
1645 5418 1774 5474 ergo
1802 5404 1856 5460 in

283 5489 644 5558 prosperitate
677 5505 785 5545 non
813 5489 1073 5554 elevatur,
1101 5491 1156 5544 in
1183 5491 1512 5546 adversitatc
1552 5507 1659 5546 non
1708 5491 1856 5548 fran-

285 5577 446 5648 gitur,
477 5579 823 5637 suasionibus
845 5581 914 5637 ad
944 5581 1145 5636 malum
1171 5597 1278 5636 non
1301 5582 1558 5648 trahitur,
1582 5583 1854 5655 vitupera-

286 5671 518 5730 tiouibus
547 5689 578 5729 a
605 5673 747 5730 bono
787 5689 949 5744 opere
979 5691 1088 5732 non
1118 5685 1424 5744 revocatur,
1455 5674 1685 5747 spiritali
1735 5687 1854 5732 arte

1962 4495 2195 4566 primus.
2228 4491 2338 4548 Sed
2382 4491 2664 4552 sciendum
2707 4500 2793 4547 est
2839 4492 2965 4562 quia
3010 4491 3098 4546 ille
3132 4499 3215 4546 est
3253 4492 3459 4561 primus
3483 4491 3553 4549 in

1963 4584 2150 4649 corde,
2174 4591 2232 4638 et
2264 4582 2367 4638 iste
2394 4581 2604 4651 primus
2629 4581 2682 4635 in
2713 4580 2945 4636 actione.
2974 4580 3126 4636 Sicut
3154 4581 3297 4636 enim
3331 4580 3422 4636 ille
3454 4589 3550 4635 est!

1961 4676 2171 4746 primus
2197 4676 2252 4730 in
2279 4675 2502 4738 ordine,
2550 4673 2628 4728 ita
2661 4673 2930 4728 secundus
2963 4673 3018 4727 in
3057 4671 3414 4743 cogitatione,
3446 4687 3539 4727 vo-

1961 4766 2188 4830 luntate,
2217 4765 2486 4822 desiderio
2501 4772 2555 4819 ct
2577 4764 2950 4819 conversione.
2974 4764 3080 4819 lste
3105 4772 3302 4827 tamen,
3331 4763 3423 4833 qui
3449 4765 3539 4819 hic

1959 4858 2179 4928 ponitur
2209 4857 2442 4928 primus,
2467 4855 2576 4912 illic
2602 4855 2876 4912 invenitur
2901 4856 2955 4910 in
2979 4857 3168 4912 ordine
3195 4871 3313 4911 esse
3347 4871 3539 4911 secun-

1961 4948 2085 5003 dus.
2118 4947 2212 5003 Sic
2248 4947 2395 5003 enim
2438 4946 2572 5002 dicit
2615 4946 2670 5001 in
2715 4946 2856 5000 isto:
2892 4945 2957 5000 lli
3001 4945 3136 5001 tales
3177 4946 3544 5016 relinquentes

1959 5039 2147 5096 statim
2180 5054 2303 5108 qua:
2326 5054 2422 5094 sua
2453 5045 2602 5104 sunt,
2625 5045 2682 5092 et
2708 5037 3038 5096 voluntatem
3066 5039 3340 5108 propriam
3380 5038 3536 5093 dese-

1961 5138 2164 5195 rentes,
2191 5130 2337 5184 illam
2360 5129 2570 5184 Domini
2594 5129 2878 5185 imitantur
2899 5130 3220 5185 sententiam
3243 5145 3347 5200 qua
3373 5131 3532 5185 dicit:

1962 5219 2086 5274 Non
2111 5219 2222 5273 ueni
2253 5219 2427 5288 facere
2455 5217 2771 5273 voluntatem
2793 5235 2984 5284 meam,
3003 5219 3094 5273 sed
3117 5219 3231 5289 ejus
3261 5220 3351 5290 qui
3392 5221 3534 5273 misit

1961 5325 2042 5364 me
2065 5309 2244 5382 (Joaa.
2275 5324 2310 5362 v
2341 5317 2387 5364 et
2420 5309 2516 5380 Vl).
2555 5309 2614 5364 ln
2642 5309 2732 5363 illo
2761 5325 2890 5366 vero
2927 5310 3093 5366 dicit:
3126 5311 3407 5366 Secundus
3433 5312 3537 5370 Ιιιιο

1961 5400 2213 5456 utilitatis
2231 5400 2431 5470 gradus
2453 5408 2555 5466 est,
2584 5400 2628 5456 si
2657 5401 2930 5472 propriam
2949 5403 3071 5472 quis
3092 5419 3198 5458 non
3223 5417 3418 5466 amans
3442 5427 3538 5468 vo-

1959 5488 2219 5547 luntatem
2236 5490 2501 5546 desideria
2524 5505 2620 5544 sua
2643 5505 2750 5545 non
2775 5491 3070 5547 delectetur
3088 5497 3328 5568 implere,
3347 5515 3534 5558 vocem

1959 5585 2105 5640 illam
2133 5585 2344 5642 Domini
2370 5585 2530 5640 lactis
2553 5584 2793 5640 imitetur
2821 5584 3053 5646 dicentis
3082 5613 3094 5646 :
3133 5592 3256 5646 Non
3297 5595 3409 5647 veni
3448 5595 3532 5664 fa-

1960 5697 2072 5737 cere
2103 5679 2412 5760 voluntatem
2440 5695 2627 5748 meam,
2657 5678 2746 5736 sed
2789 5688 2907 5752 ejus
2941 5684 3032 5752 qui
3073 5685 3210 5740 misit
3254 5702 3353 5740 nte.
3394 5686 3531 5743 Ecce
