3944 6410
262 288 359 345 797

1293 294 1648 352 COMMENT.
1689 299 1752 349 IN
1793 293 1951 351 ΠΕΟ.
1985 294 2044 350 S.
2085 295 2463 355 BENEDICTI.

3401 301 3504 360 798

261 407 487 464 Domino
533 410 942 476 commendare,
993 410 1216 465 audiant
1258 409 1542 464 Dominum
1571 407 1839 464 dicentem
1867 407 2021 472 Λεία
2062 410 2356 480 composita
2383 427 2401 465 :
2431 419 2492 466 ut
2518 424 2613 481 per
2663 411 2801 468 viam
2852 419 3161 483 angustam,
3208 421 3266 470 et
3293 420 3504 472 arctam

259 497 401 569 quod
434 501 680 569 sequitur
703 519 718 556 :

330 589 400 642 Et
425 590 615 642 iterum
637 591 764 644 dicit
789 592 1129 647 doctoribus:
1150 591 1252 657 Qui
1274 608 1359 646 eos
1380 591 1549 655 audit,
1576 607 1656 645 me
1686 591 1835 645 audit

255 680 407 755 (Luc.
438 680 516 752 χ).
548 682 834 736 Dominum
865 683 1007 738 enim
1034 683 1330 753 probantur
1353 683 1564 743 audire,
1608 682 1701 751 qui
1735 682 1832 736 do-

255 775 501 829 ctoribus
531 775 598 829 ad
642 773 998 830 obediendum
1025 775 1204 830 cordis
1235 774 1495 829 inclinant
1531 789 1746 838 aurem,
1777 781 1834 828 et

252 865 575 920 obedientia:
613 881 723 920 sua:
763 879 792 918 a
837 865 1065 919 Domino
1093 865 1358 935 recipient
1399 865 1705 918 mercedem
1739 862 1832 933 qui

251 957 556 1013 senioribus
588 972 694 1010 non
733 957 950 1011 tardant
975 955 1254 1010 humiliter
1281 955 1524 1011 obedire.
1563 953 1665 1021 Qui
1700 969 1832 1024 ergo

247 1049 414 1104 talem
443 1058 723 1103 merentur
751 1049 950 1103 habere
972 1049 1150 1117 operis
1177 1048 1259 1103 sui
1303 1047 1707 1111 retributorem,
1735 1060 1832 1101 ne-

247 1156 401 1195 resse
424 1147 509 1195 est
537 1147 595 1193 ut
623 1153 836 1209 semper
860 1139 1112 1193 obediant
1137 1152 1259 1194 cum
1287 1151 1482 1208 magna
1506 1137 1689 1193 cordis
1715 1137 1830 1194 ala-

245 1233 462 1287 critate.
495 1231 570 1285 De
599 1231 793 1300 quibus
817 1237 870 1285 et
899 1229 1188 1284 subditur:

317 1323 458 1392 Ergo
491 1321 568 1374 illi
592 1320 720 1374 tales
753 1320 1098 1390 relinquentes
1125 1322 1305 1374 statim
1331 1336 1454 1392 qui:
1477 1337 1575 1376 sua
1603 1329 1748 1388 sunt,
1778 1331 1828 1376 et

243 1413 561 1467 voluntatem
588 1413 853 1483 propriam
875 1411 1186 1476 deserentes,
1214 1427 1336 1465 mox
1361 1415 1691 1485 excecupatis
1713 1429 1826 1468 ma-

243 1501 421 1566 nibus,
452 1511 499 1554 et
521 1494 660 1571 q'uod
687 1501 910 1571 agebant
937 1499 1294 1571 imperfectum
1332 1501 1710 1572 relinquentes,
1750 1503 1825 1557 vi-

240 1595 360 1647 cino
389 1593 694 1647 ebedientia:
720 1591 849 1662 pede
865 1589 1100 1660 jubentis
1124 1607 1300 1645 uocem
1328 1591 1482 1660 {actis
1513 1601 1818 1663 sequuntur.

239 1684 306 1738 lli
353 1682 610 1737 nimirum
651 1695 770 1750 qua:
808 1695 905 1735 sua
935 1686 1062 1735 sunt
1103 1679 1429 1750 relinquunt,
1474 1680 1566 1750 qui
1601 1682 1822 1752 propter

1935 499 2228 553 ascendant
2254 499 2414 555 electi
2445 501 2512 556 ad
2539 502 2660 558 caeli
2691 503 3011 558 latissimam
3033 504 3282 572 patriam.
3315 512 3370 560 et
3404 518 3504 573 per

1935 585 2079 639 viam
2107 587 2338 656 amplam
2366 595 2530 657 atque
2570 589 2887 648 latissimam
2925 592 3255 649 descendant
3289 591 3501 662 reprobi

1935 676 2004 728 ad
2033 674 2235 728 Averni
2273 677 2657 746 angustissima
2681 679 2944 743 claustra;
2975 696 3071 750 per
3095 682 3198 738 iter
3223 684 3368 738 enim
3399 700 3499 738 an-

1933 764 2302 834 gustissimum
2322 767 2542 823 veniunt
2554 771 2724 825 sancti
2750 771 2818 828 ad
2835 772 3227 840 amplissimum
3250 790 3498 846 regnum,

1933 861 1989 908 et
2011 867 2108 922 per
2128 855 2232 908 iter
2272 855 2509 924 amplum
2531 858 2604 912 ad
2638 859 3076 928 angustissimum
3106 863 3272 932 iniqui
3300 880 3498 933 perve-

1931 943 2088 998 niunt
2119 944 2456 1002 barathrum.
2486 947 2725 1004 Mutatur
2741 950 2888 1006 enim
2917 959 3129 1021 tempus
3151 954 3397 1023 malignis
3418 954 3500 1009 di-

1928 1035 2164 1102 vitibus,
2202 1045 2442 1094 mutatur
2487 1047 2543 1094 et
2581 1041 2783 1098 sanctis
2817 1042 3160 1111 pauperibus.
3195 1043 3303 1097 Illis
3334 1053 3393 1098 ut
3429 1045 3498 1100 de

1929 1127 2166 1196 spatiosa
2190 1127 2482 1198 voluptatis
2507 1130 2593 1184 via
2619 1132 2688 1186 ad
2726 1141 2982 1202 angustas
3004 1133 3196 1188 inferni
3219 1142 3499 1190 transeant

1925 1231 2148 1287 pinnas;
2195 1218 2284 1273 isti
2318 1227 2377 1273 ut
2401 1219 2467 1275 de
2498 1222 2752 1291 praesenti
2780 1223 2961 1277 saawli
2987 1225 3240 1294 angustia
3262 1225 3331 1279 ad
3373 1225 3496 1281 cmli

1926 1304 2248 1361 latissimam
2272 1315 2434 1378 atque
2455 1310 2810 1366 clarissimam
2842 1321 3116 1368 transeant
3141 1314 3386 1384 gloriam.
3415 1315 3494 1374 Illi

1925 1400 1987 1447 ut
2013 1394 2080 1448 de
2104 1395 2250 1450 molli
2275 1404 2331 1450 et
2355 1397 2613 1454 dissoluta
2637 1399 2724 1454 via
2747 1401 2816 1455 ad
2834 1410 3118 1471 angustum
3135 1403 3496 1460 immittuntur

1925 1490 2225 1551 tartarum;
2281 1485 2371 1540 isti
2421 1495 2481 1542 ut
2515 1487 2586 1542 de
2624 1499 2851 1560 angusto
2885 1499 2942 1546 et
2969 1491 3202 1548 violento
3247 1494 3493 1563 corporis

1921 1584 2046 1630 actu
2071 1578 2140 1632 ad
2191 1579 2426 1648 amplum
2451 1576 2577 1635 celi
2606 1589 2886 1638 transeant
2930 1597 3175 1651 regnum.
3215 1583 3354 1639 llinc
3380 1585 3492 1640 Do-

1922 1668 2100 1724 minus
2125 1669 2202 1724 ait
2237 1687 2251 1723 :
2281 1669 2518 1740 Regnum
2562 1670 2808 1726 calorum
2834 1673 2936 1727 vim
2963 1673 3183 1744 patitur,
3206 1683 3253 1728 et
3283 1673 3492 1729 violenti

239 1774 468 1828 aliorum
498 1771 806 1836 utilitatem,
839 1785 992 1825 suam
1022 1769 1406 1838 imperfectam:
1419 1769 1698 1825 dimittunt
1719 1811 1733 1836 ,
1763 1779 1820 1827 et
1847 1775 1893 1837 Β
1924 1759 2134 1828 rapiunt
2159 1759 2294 1813 illud
2321 1759 2540 1830 (Matth.
2565 1765 2668 1833 xl).
2696 1761 2816 1818 Non
2867 1763 3008 1820 enim
3063 1763 3155 1833 qui
3183 1763 3414 1820 molliter
3435 1772 3492 1820 et

233 1864 359 1935 plus
390 1861 652 1932 proximis
673 1875 834 1930 quam
863 1860 963 1915 sibi
998 1859 1216 1928 placere
1239 1861 1590 1915 contendunt.
1624 1861 1692 1915 Et
1711 1875 1819 1916 non

231 1952 509 2024 propriam
535 1950 881 2013 voluntatem,
906 1949 1001 2005 sed
1015 1950 1188 2020 magis
1207 1949 1576 2020 proximorum
1599 1951 1822 2021 implere

233 2048 517 2097 conantur.
565 2039 633 2093 Et
673 2053 798 2092 mox
831 2039 1177 2108 exoccupatis
1216 2039 1496 2104 manibus,
1541 2040 1594 2095 id
1637 2049 1758 2105 est,
1786 2057 1819 2096 a

233 2130 445 2185 cunctis
471 2127 729 2198 Operibus
760 2125 955 2197 quibus
979 2126 1366 2196 operabantur,
1410 2126 1726 2197 disiunctis,
1762 2135 1820 2186 et

231 2222 302 2277 ab
325 2221 577 2276 omnibus
600 2219 904 2276 actionibus
932 2220 1218 2290 separatis,
1243 2219 1328 2275 vel
1355 2221 1646 2290 expeditis,
1672 2224 1817 2292 quod

229 2315 460 2385 agebanI
487 2313 864 2382 imperfectum
887 2312 1288 2383 derelinquunt.
1313 2312 1542 2382 Propter
1560 2314 1816 2372 obedien-

231 2405 322 2461 tite
345 2405 490 2460 enim
507 2404 901 2474 perfectionem
933 2403 1174 2460 omnium
1209 2403 1438 2459 aliorum
1467 2405 1609 2460 actio
1651 2407 1814 2462 relin-

229 2494 443 2564 quenda
467 2503 548 2549 est
569 2509 818 2565 cperunt,
833 2494 959 2563 quia
975 2493 1148 2564 magis
1169 2493 1348 2562 placet
1369 2495 1482 2550 Deo
1499 2497 1811 2553 obedientlu

229 2600 394 2654 quam
417 2584 656 2639 victima.
694 2584 1011 2641 Obedientia
1043 2583 1244 2654 quippe
1282 2584 1518 2639 victimis
1546 2587 1812 2655 praeponi-

228 2685 338 2740 tur,
369 2675 494 2745 quia
519 2691 617 2745 per
640 2677 892 2732 victimas
919 2676 1094 2732 aliena
1126 2692 1284 2741 caro,
1324 2690 1423 2745 per
1447 2677 1808 2734 obedientiam

226 2779 358 2822 νεα)
384 2767 637 2822 voluntas
670 2767 891 2837 propria
929 2774 1219 2822 mactatur.
1267 2767 1454 2822 Vicino
1485 2767 1809 2825 obedientite

225 2857 364 2928 pede
382 2857 625 2926 iubentis
651 2875 839 2914 vocem
863 2859 1020 2914 factis
1041 2867 1361 2929 sequuntur.
1389 2859 1685 2930 Propterea
1711 2876 1808 2930 ap-

224 2949 548 3019 propinquat
579 2964 675 3018 pes
699 2949 1044 3014 obedientiae,
1090 2957 1148 3004 ut
1196 2947 1518 3006 lestinanter
1546 2966 1805 3017 currere.

226 3048 284 3095 et
305 3040 447 3109 quod
483 3041 533 3095 ei
573 3039 870 3111 iniungitur
899 3040 1160 3098 velociter
1180 3050 1236 3099 et
1265 3042 1383 3098 sine
1411 3043 1665 3101 tarditate
1685 3060 1805 3114 pos-

1917 1848 2176 1904 dissolute
2220 1850 2426 1915 vivunt,
2479 1851 2576 1907 sed
2622 1867 2850 1922 regnum
2899 1853 2993 1908 Dei
3030 1853 3347 1922 possidetis
3395 1853 3489 1925 qui

1918 1955 2018 2010 pro
2047 1941 2140 1996 illo
2180 1942 2412 1997 viriliter
2435 1943 2566 2014 agit.
2607 1942 2748 2000 Hinc
2771 1945 2964 2002 beatus
2983 1945 3342 2026 Hieronymus
3365 1946 3444 2002 ait
3469 1962 3486 2004 :

1916 2029 2054 2087 Lata
2080 2032 2164 2088 via
2203 2042 2290 2090 est
2319 2035 2502 2091 saeculi
2538 2035 2804 2106 voluptas,
2838 2052 3001 2108 quam
3027 2048 3287 2108 appetunt
3314 2039 3490 2095 homive

1916 2138 2051 2190 nes;
2096 2134 2323 2196 angusta
2349 2142 2472 2197 qua:
2495 2142 2595 2198 per
2619 2128 2834 2185 labores
2877 2137 2939 2184 et
2975 2129 3181 2200 ieiunia
3209 2131 3487 2200 panditur.

1917 2213 2025 2271 Sed
2073 2231 2173 2286 per
2225 2217 2391 2274 latam
2435 2219 2587 2275 multi
2639 2221 2936 2290 ambulant,
2983 2231 3269 2294 angustam
3307 2231 3488 2278 autem

1913 2308 2070 2375 pauci
2100 2307 2402 2363 inveniunt.

1987 2395 2054 2451 Ut
2081 2413 2184 2452 non
2207 2416 2304 2454 suo
2337 2401 2554 2456 arbitrio
2577 2401 2818 2458 viantes.
2850 2402 3213 2460 Periculosum
3237 2413 3323 2458 cst
3339 2404 3484 2460 enim

1912 2490 2179 2544 monacho
2209 2505 2308 2547 suo
2355 2493 2574 2563 preprio
2603 2494 2786 2550 vivere
2805 2495 3054 2560 arbitrio,
3095 2511 3162 2550 ne
3183 2494 3320 2550 forte
3344 2495 3490 2549 dicat

1907 2593 2040 2634 esse
2055 2580 2255 2635 bonum
2284 2582 2428 2651 quod
2453 2584 2522 2639 ab
2549 2585 2673 2640 aliis
2716 2601 2823 2640 non
2849 2586 3070 2649 bonum,
3097 2585 3190 2641 sed
3211 2584 3488 2654 iudicatur

1909 2676 2073 2724 etest
2097 2670 2321 2725 malum.
2367 2672 2438 2726 Et
2475 2673 2602 2728 dum
2641 2689 2704 2730 se
2735 2684 2890 2744 putat
2936 2691 3030 2744 per
3059 2684 3265 2732 rectam
3303 2675 3490 2732 videns

1907 2775 2131 2817 canere
2170 2762 2336 2827 viam,
2363 2761 2418 2816 in
2455 2763 2770 2819 damnosam
2799 2781 2976 2820 caecus
3004 2766 3210 2821 incidat
3255 2765 3486 2830 foveam,

1907 2848 2053 2905 sicut
2101 2850 2366 2920 scriptum
2405 2860 2491 2906 est
2517 2870 2529 2906 :
2560 2852 2656 2907 Est
2685 2855 2770 2908 via
2814 2871 2931 2924 qua:
2957 2856 3160 2909 videtur
3193 2855 3488 2912 [conﬁnibus

1907 2950 2070 3006 recta,
2099 2941 2188 2996 sed
2214 2943 2497 2998 novissima
2537 2943 2652 3012 ejus
2677 2943 2942 2999 deducunt
2980 2945 3051 2999 ad
3071 2955 3275 3002 tartara
3302 2944 3483 3015 (Prov.

1908 3031 2047 3104 xiv).
2078 3033 2150 3087 Et
2186 3041 2471 3103 propterea
2506 3049 2613 3088 non
2643 3052 2656 3088 :
2694 3034 2785 3088 Vel
2811 3035 3084 3090 desideriis
3118 3036 3229 3090 suis
3254 3035 3491 3101 servire,
3537 3085 3548 3100 ,

227 3132 299 3187 sit
323 3132 564 3202 implere.
595 3133 762 3202 Cuius
793 3149 898 3190 non
928 3133 1102 3189 solum
1137 3149 1382 3205 corpore,
1407 3135 1501 3190 sed
1545 3143 1602 3189 et
1641 3133 1877 3198 corch
1907 3125 2002 3180 50d
2050 3125 2338 3196 chepﬁs
2396 3125 2608 3180 Domini
2668 3126 2866 3182 debent
2911 3126 3162 3182 monachi
3209 3127 3487 3184 humiliter!

226 3228 311 3276 est
329 3222 615 3292 imperanti
639 3223 942 3279 exhibenda
964 3224 1242 3288 velocitas,
1265 3233 1325 3280 ut
1343 3237 1442 3280 nec
1459 3226 1673 3294 corpori
1697 3234 1807 3282 tar-

225 3310 382 3373 ditas,
410 3327 510 3367 nec
536 3312 686 3368 cordi
730 3311 908 3384 tepida
936 3313 1156 3370 resistat
1181 3313 1449 3370 voluntas.
1475 3314 1583 3372 Sed
1610 3314 1805 3384 juben-

226 3400 296 3455 tis
319 3416 506 3456 vocem
533 3399 687 3458 velox
717 3403 930 3458 auditor
978 3403 1142 3474 digno
1185 3405 1457 3476 compleat
1499 3422 1665 3477 opere
1711 3416 1800 3474 ut,

220 3505 347 3547 cmn
375 3500 587 3563 tempus
615 3493 988 3549 retributionis
1015 3495 1320 3561 advenerit,
1341 3497 1560 3568 dignam
1574 3515 1603 3552 a
1622 3499 1805 3554 Domi-

222 3597 294 3636 no
321 3583 622 3638 mercedem
667 3584 838 3652 possit
883 3586 1151 3656 accipere.
1202 3586 1308 3644 Pro
1339 3587 1493 3656 cuius
1535 3589 1802 3646 mercedis

220 3672 491 3728 desiderio
519 3670 809 3728 eﬂicaciter
845 3675 990 3743 quod
1032 3677 1280 3746 sequitur
1317 3687 1404 3734 est
1451 3680 1798 3750 implendum.

221 3763 366 3817 Dicit
389 3763 536 3817 enim
561 3780 576 3816 :

289 3853 360 3908 Et
391 3853 546 3906 veluti
576 3869 680 3908 uno
713 3865 974 3910 momento
1015 3857 1269 3926 prwdictu
1317 3860 1556 3928 magistri
1599 3863 1799 3930 iussio,

218 3955 265 4000 et
293 3943 522 4014 perfecta
552 3943 796 4015 discipuli
825 3961 1006 4016 opera,
1044 3948 1101 4001 in
1147 3947 1414 4003 velocitate
1464 3949 1667 4005 timoris
1703 3951 1802 4006 Dei

195 4037 386 4090 amba:
411 4053 493 4090 res
515 4037 859 4091 communiter
894 4036 1047 4093 citius
1078 4037 1427 4110 explicantur.
1469 4039 1799 4097 Momentum

220 4142 250 4180 a
279 4125 560 4181 brevitatis
597 4133 842 4195 tempore
879 4135 962 4182 est
997 4128 1223 4193 dictum,
1259 4144 1326 4184 eo
1359 4131 1504 4198 quod
1554 4130 1608 4185 in
1649 4131 1797 4187 brevi

218 4215 553 4284 compleatur
597 4217 918 4272 obedientia:
957 4210 1095 4288 opus
1132 4218 1452 4288 iniunctum.
1493 4221 1625 4278 Cum
1654 4223 1799 4279 enim

219 4307 498 4362 eharitatis
532 4322 696 4364 causa
724 4306 853 4363 boni
891 4310 1134 4379 magistri
1155 4310 1350 4380 iussio,
1393 4322 1452 4368 et
1500 4314 1799 4371 obedientis

219 4397 464 4468 discipuli
485 4399 732 4468 operatio
759 4399 1087 4456 unanimiter
1107 4401 1472 4473 coniungitur,
1495 4404 1612 4460 sine
1634 4405 1797 4460 dubio

1907 3219 2305 3287 obtemperate,
2333 3216 2403 3272 Et
2440 3217 2785 3289 voluptatibus
2808 3219 3096 3276 obedientes
3127 3220 3333 3275 servire
3359 3235 3485 3290 pro?

1904 3310 2059 3380 priis,
2091 3311 2188 3366 sed
2211 3324 2334 3365 cum
2361 3310 2555 3366 timore
2582 3311 2793 3366 Domini
2821 3311 3100 3368 humiliter
3121 3311 3240 3382 eius
3286 3311 3497 3382 subiici

1905 3403 2104 3460 debent
2127 3402 2417 3467 mandatis,
2447 3411 2504 3457 ut
2529 3418 2652 3458 cum
2685 3404 2850 3460 David
2868 3403 3050 3459 dicere
3071 3402 3316 3473 possint:
3343 3399 3482 3455 Par-

1903 3492 2064 3563 tieeps
2107 3509 2205 3563 ego
2231 3509 2348 3548 sum
2376 3494 2610 3548 omnium
2649 3494 2943 3548 timentium
2975 3504 3028 3548 te
3077 3502 3126 3548 et
3177 3490 3476 3548 custodich

1903 3584 2034 3640 tium
2071 3583 2325 3640 mandata
2351 3593 2445 3639 tua
2465 3583 2640 3656 (Psal.
2663 3582 2876 3652 cxvm).

1973 3673 2078 3732 Sed
2103 3675 2430 3732 ambulantes
2449 3676 2622 3731 alieno
2635 3676 2843 3746 judicio
2866 3685 2915 3730 et
2943 3674 3178 3745 imperio.
3207 3675 3306 3731 llic
3323 3672 3473 3744 iudi-

1903 3765 2047 3822 cium
2073 3782 2174 3837 pro
2195 3767 2526 3824 discretione
2571 3767 2655 3823 vel
2669 3767 2894 3822 arbitrio
2911 3765 3113 3836 posuit.
3137 3765 3308 3821 Aliter
3329 3765 3472 3819 enim

1901 3856 2062 3912 debet
2106 3857 2414 3912 discernere
2461 3872 2616 3926 opus,
2643 3857 2790 3925 quod
2820 3858 2994 3913 bonus
3021 3865 3076 3912 et
3118 3855 3487 3917 mortiﬁeatns

1900 3960 2000 4015 pro
2030 3945 2250 3999 Christo
2278 3945 2471 3999 debeat
2513 3960 2674 4014 agere
2712 3945 3035 4010 monachus,
3084 3953 3143 3999 ut
3179 3944 3360 4014 operis
3388 3943 3488 3998 sui.

1900 4034 2208 4090 inerccdem
2247 4043 2610 4102 consequatur
2638 4049 2671 4087 a
2721 4033 2969 4098 Domino,
3009 4033 3231 4088 alterius
3257 4034 3490 4090 obedire

1899 4125 2060 4181 debet
2112 4125 2364 4196 imperio.
2425 4125 2658 4181 Suavius
2703 4125 3048 4181 etumeurrit
3098 4125 3480 4180 mandatorum

1901 4217 2115 4274 Domini
2141 4217 2307 4284 viam,
2343 4219 2498 4288 cuius
2522 4233 2662 4288 opus
2690 4219 2827 4272 alter
2855 4218 3135 4283 discernit,
3172 4226 3228 4273 et
3245 4218 3474 4289 iudicat.

1970 4309 2037 4364 In
2060 4309 2304 4366 coenobiis
2333 4309 2572 4380 degentes
2606 4309 2844 4363 abbatem
2873 4308 2970 4363 sibi
3006 4325 3227 4379 privasse
3269 4308 3484 4363 deside!

1900 4411 2038 4456 rant.
2084 4400 2343 4456 Canobia
2381 4399 2526 4455 enim
2560 4398 2874 4465 multorum,
2895 4407 2955 4454 et
3003 4397 3059 4452 in
3085 4412 3370 4462 commune
3398 4397 3478 4452 vi-

217 4487 419 4541 bonum
451 4486 686 4542 fructum
708 4488 1038 4556 parturiunt,
1069 4490 1197 4560 quia
1223 4507 1328 4546 non
1351 4501 1436 4547 est
1463 4493 1795 4550 infructuosa
1823 4492 1875 4552 D
1902 4493 2141 4547 ventium
2173 4499 2437 4546 vocantur
2466 4489 2797 4545 monasteria
2826 4489 3232 4553 monachorum,
3263 4504 3380 4558 qum
3404 4503 3478 4544 ex

217 4574 456 4644 Spiritus
508 4578 679 4634 sancti
733 4580 1068 4650 coniunctio,
1099 4581 1192 4638 ubi
1221 4597 1326 4637 non
1361 4592 1447 4640 est
1489 4585 1793 4643 animarum

217 4667 407 4722 nociva
435 4666 741 4737 disiunctio.
778 4669 955 4725 Corda
996 4670 1143 4726 enim
1173 4671 1368 4727 timore
1396 4673 1608 4729 Domini
1631 4689 1796 4745 copu-

217 4757 326 4813 lata
387 4759 646 4815 velociter
687 4760 997 4831 parturiunt
1052 4761 1456 4824 inﬁrmantibus
1508 4764 1796 4822 animabus

217 4851 408 4906 salutis
447 4853 732 4909 medelam.
1689 4904 1698 4913 .

288 4941 489 5010 Quibus
511 4944 581 4998 ad
602 4947 760 5001 vitam
785 4955 1038 5002 (sternam
1061 4949 1338 5018 gradiendi
1357 4968 1506 5006 amor
1519 4953 1794 5018 incumbit,

213 5034 333 5088 ideo
377 5045 650 5104 augustam
679 5036 817 5091 uiam
843 5038 1127 5107 arripiunt,
1167 5039 1305 5094 unde
1335 5040 1590 5097 Dominus
1617 5043 1743 5098 dicit
1770 5060 1790 5099 :

214 5127 451 5193 Angusta
482 5126 586 5182 alia
619 5135 695 5180 est
737 5143 856 5196 qua:
897 5127 1041 5181 ducit
1083 5128 1159 5182 ad‘
1202 5130 1362 5184 vitam
1399 5129 1615 5201 (Matth.
1666 5131 1786 5195 vn).

215 5213 329 5270 lloc
379 5214 433 5270 iu
477 5215 596 5270 loco
618 5216 810 5271 beatus
834 5215 1150 5272 benedictus
1176 5217 1230 5271 hi
1254 5233 1548 5288 pronomen
1580 5219 1636 5275 in
1661 5220 1789 5276 sub-

217 5305 492 5361 auditione
513 5307 750 5376 reliquit.
776 5307 930 5376 Quod
955 5307 1000 5364 si
1020 5307 1312 5375 addideris,
1340 5309 1540 5366 clarius
1574 5326 1639 5366 ea
1671 5327 1790 5382 qua:

213 5400 468 5457 dicuntur
499 5401 760 5469 advertis,
808 5403 860 5458 id
893 5412 996 5468 est,
1050 5405 1098 5459 si
1142 5403 1382 5458 dixeris:
1411 5401 1474 5458 lli
1501 5403 1697 5473 quibus
1723 5405 1789 5458 ad

214 5492 380 5546 vitam
430 5503 691 5550 aeternam
731 5494 1006 5565 gradiendi
1050 5511 1202 5550 arnor
1231 5495 1509 5561 incumbit,
1554 5495 1674 5551 ideo
1694 5511 1789 5550 an-

215 5595 426 5654 gustam
455 5587 594 5642 viam
617 5586 901 5656 arripiunt,
925 5595 985 5640 ut
1008 5601 1116 5640 non
1150 5601 1253 5640 suo
1269 5586 1494 5641 arbitrio
1523 5587 1783 5649 viventes,

216 5686 266 5730 et
312 5688 506 5732 cetera
538 5693 657 5750 qum
706 5685 1022 5748 sequuntur.
1073 5675 1207 5732 Miro
1231 5676 1389 5732 modo
1424 5685 1474 5733 et
1503 5694 1530 5731 ιι
1559 5677 1784 5732 Domino

1900 4583 2090 4642 Graeco
2100 4581 2362 4640 vocabulo
2383 4597 2580 4637 nomen
2605 4581 2852 4635 videntur
2874 4579 3074 4636 habere
3093 4579 3474 4648 compositum.

1899 4677 2104 4734 Coenon
2124 4676 2313 4731 Grzece
2341 4661 2539 4730 dicitur
2582 4674 2728 4743 quod
2757 4688 2856 4728 nos
2881 4686 3166 4728 comunt:
3195 4686 3470 4726 vocamus.

1897 4767 1957 4823 In
1984 4766 2248 4823 emnobiis
2289 4781 2421 4837 ergo
2448 4765 2725 4836 degentes,
2768 4764 2822 4818 id
2845 4773 2931 4819 cst
2957 4763 3319 4818 iucomnmuc
3347 4778 3470 4818 cum

1896 4859 2143 4929 pluribus
2171 4857 2500 4923 habitantes,
2524 4857 2644 4913 ideo
2672 4856 2918 4914 abbatem
2941 4856 3046 4912 sibi
3070 4870 3302 4926 prmessc
3328 4853 3475 4911 desi-

1899 4949 2110 5014 derant,
2128 4957 2188 5003 ut
2210 4947 2300 5004 illo
2325 4949 2658 5020 gubernante
2683 4948 2828 5004 viam
2857 4947 3232 5003 mandatorum
3257 4946 3474 5002 Domini

1893 5038 2067 5096 levius
2115 5048 2359 5103 currant,
2399 5039 2598 5110 illoque
2651 5047 2872 5110 regente
2922 5038 3094 5095 levius
3141 5039 3351 5104 vivant,
3409 5046 3468 5093 ct

1892 5129 2136 5200 pratmia,
2179 5144 2300 5199 qua:
2341 5129 2447 5185 illis
2489 5129 2542 5184 in
2571 5130 2754 5184 futuro
2797 5129 3066 5200 promissa
3095 5138 3226 5185 sunt
3249 5130 3468 5186 suavius

1893 5216 2319 5287 appreliendant,
2365 5217 2599 5273 scientes
2643 5219 2769 5288 quia
2811 5226 3014 5288 quanto
3035 5231 3095 5273 se
3120 5217 3342 5273 alterius
3365 5232 3465 5290 po—

1892 5309 2081 5365 testati
2099 5323 2199 5378 pro
2228 5307 2426 5363 Christi
2453 5323 2636 5365 amore
2660 5309 2812 5365 subdi
2839 5311 3202 5372 consentiunt,
3235 5317 3385 5364 tanto
3410 5311 3463 5363 in

1893 5402 2078 5458 futuro
2121 5401 2317 5459 smculo
2344 5417 2468 5457 cum
2499 5403 2616 5473 ipso
2673 5404 2900 5461 Domino
2929 5404 3160 5462 feliciter
3196 5405 3465 5460 exsultare

1892 5496 2216 5565 gaudebunt.
2257 5495 2326 5550 Et
2352 5495 2477 5565 quia
2516 5496 2628 5549 sine
2663 5496 2823 5550 dubio
2851 5497 2905 5551 hi
2928 5497 3060 5551 tales
3087 5495 3235 5550 illam
3285 5495 3464 5550 Domi-

1890 5586 1946 5640 ni
1971 5588 2301 5651 sententiam,
2327 5603 2430 5658 qua
2457 5587 2583 5641 dicit
2606 5603 2624 5642 :
2649 5587 2771 5643 Non
2795 5590 2910 5644 veni
2947 5589 3118 5658 facere
3146 5587 3460 5642 roluntutcm

1888 5693 2079 5742 utram,
2108 5677 2198 5732 sed
2231 5677 2344 5746 ejus
2376 5679 2462 5750 qui
2495 5679 2630 5732 misit
2655 5695 2733 5733 me
2759 5677 2941 5751 (Joan.
2968 5677 3040 5745 vi)
3065 5679 3220 5734 lactis
3243 5679 3458 5733 imitan-
