3944 6476
449 326 556 386 199

1602 350 1615 357 -
1737 317 2096 374 SMMGDI
2132 319 2426 377 ABBATlS

3618 310 3743 367 800

448 451 557 510 m,
580 457 704 498 cum
726 440 819 498 illo
835 441 956 496 sine
972 440 1136 497 dubio
1155 438 1687 497 lelicesimetemum
1702 432 2024 506 reguabunt.
2054 433 2108 494 Α
2131 408 2383 491 lectionis
2408 433 2707 497 advenerit,
2739 434 2889 491 dicet
2912 451 2926 488 ε
2970 431 3152 488 Vetti“
3177 432 3248 486 ad
3295 447 3394 496 nte,
3420 445 3603 485 omnes
3633 436 3740 501 qui

523 531 634 589 Sed
678 531 792 585 Itth
837 530 954 601 ipsa
977 529 1269 585 obedieutia
1291 538 1416 583 tunc
1443 524 1779 597 acceptabilis
1797 522 2030 577 erit.Deo

449 629 501 676 et
521 620 692 674 dulcis
711 620 1033 685 hominibus,
1054 621 1100 674 si
1123 618 1264 691 quod
1282 616 1519 689 iubetur,
1547 630 1655 669 non
1674 611 1896 683 trepide,
1920 609 2032 664 noti

451 710 622 776 tarde,
646 725 752 764 non
770 709 964 780 tepide,
986 717 1081 763 aut
1105 724 1226 763 cunt
1249 722 1539 769 murmure,
1565 702 1643 760 uel
1662 718 1783 757 cunt
1817 715 2032 771 respou-

449 801 597 856 sione
636 800 860 856 nolentis
897 801 1172 871 eﬁciatur.
1203 796 1568 869 Acceptabilis
1610 800 1698 850 est
1723 789 2031 847 obedientis

450 889 584 953 Deo,
614 891 661 946 si
680 890 845 946 corde
867 904 1007 961 puro
1027 889 1288 946 velociter
1330 887 1393 943 fit
1413 895 1468 943 et
1498 886 1617 942 sine
1642 897 1942 946 murmure,
1976 887 2034 934 et

450 982 627 1039 dulcis
674 983 1002 1048 hominibus,
1038 983 1087 1039 si
1135 982 1252 1038 sine
1291 979 1571 1052 pigredine
1602 991 1725 1032 cum
1751 972 2035 1029 alacritate

449 1076 541 1131 vel
573 1074 912 1145 iucunditate
959 1074 1020 1128 lit
1047 1072 1264 1129 mentis.
1298 1071 1452 1128 Unde
1492 1078 1549 1125 et
1575 1067 1824 1123 subditur
1853 1079 1869 1118 ι
1910 1061 2034 1116 Non

453 1166 675 1237 trepide.
705 1164 1002 1236 Trepidare
1034 1164 1235 1219 dicitur
1260 1162 1471 1225 timere,
1504 1158 1591 1214 vel
1637 1156 1910 1213 dubitare.
1939 1152 2035 1208 Ille

450 1254 600 1312 enim
638 1253 1000 1310 obedientiam
1049 1251 1230 1307 facere
1281 1249 1536 1319 trepidat,
1588 1246 1682 1316 qui
1732 1244 1786 1299 in
1821 1242 2036 1299 Domini

452 1341 725 1414 adiutorio
766 1341 997 1396 ﬁrmiter
1045 1355 1153 1396 non
1208 1345 1413 1410 sperat.
1445 1336 1548 1405 Qui
1587 1335 1809 1391 verode
1830 1332 2032 1389 Christi

452 1433 658 1489 auxilio
694 1432 932 1490 conlisus
976 1431 1163 1498 fuerit,
1183 1430 1545 1487 obedientiam
1589 1441 1689 1498 pro
1710 1425 1931 1482 Christo
1955 1423 2037 1479 fa-

451 1540 579 1581 cere
617 1540 725 1580 non
774 1523 1086 1594 trepidabit,
1122 1523 1249 1594 quia
1275 1521 1534 1591 scriptum
1565 1525 1687 1575 est:
1714 1516 1818 1584 Qui
1855 1516 2036 1571 timent

451 1605 738 1671 Dominum
785 1622 1121 1687 speraverant
1138 1614 1195 1667 in
1230 1611 1494 1673 Domino;
1523 1609 1740 1679 adiutor
1778 1612 1961 1661 eorum
1985 1613 2036 1659 et

451 1715 715 1777 protector
760 1723 943 1763 eorum
983 1714 1059 1761 est
1118 1703 1292 1778 (Psal.
1338 1702 1519 1773 cxiii).
1573 1700 1699 1755 Non
1720 1698 1889 1754 tarde.
1939 1696 2036 1753 Ille

2133 523 2387 579 laboratis
2407 534 2457 580 et
2479 526 2683 580 onerati
2710 525 2855 591 estis,
2896 535 2947 580 et
2974 518 3068 594 iga
3096 525 3332 594 reﬁciant
3362 540 3451 579 vos
3494 522 3732 596 (Matth.

2132 614 2233 685 xi).
2266 614 2410 685 Ergo
2430 630 2555 670 cum
2596 630 2791 687 magna
2818 614 3306 670 cordisalacritate
3344 614 3512 670 debet
3536 630 3739 670 mona-

2131 704 2269 759 chus
2310 704 2675 760 obedientiam
2701 704 2907 770 facere,
2954 705 3047 774 qui
3094 703 3258 758 talem
3295 711 3481 773 sperat
3508 720 3578 760 ex
3631 704 3734 759 illa

2133 793 2338 851 habere
2374 795 2809 852 retributionem.
2840 796 2995 852 Unde
3012 802 3071 851 et
3103 795 3352 865 sequitur
3378 813 3393 849 :

2207 882 2276 938 Et
2315 901 2435 939 cunt
2464 885 2596 940 bono
2623 887 2801 940 auiuto
2842 904 2877 940 a
2904 885 3178 957 discipulis
3222 885 3444 956 prazberi
3490 895 3730 957 oportet,

2131 975 2257 1046 quia
2283 974 2507 1030 hilarent
2532 975 2769 1030 datorem
2805 975 2975 1046 diligit
3011 975 3157 1032 Deus
3188 974 3273 1047 (Il
3302 974 3427 1030 Cor.
3448 975 3550 1047 ix).
3591 970 3732 1032 ﬂare

2134 1064 2282 1122 enim
2331 1066 2601 1122 sententia
2649 1081 2758 1123 non
2783 1066 2958 1123 solum
2995 1066 3061 1123 de
3090 1066 3200 1133 illa,
3249 1082 3372 1137 qua:
3411 1067 3734 1137 specialiter

2133 1157 2461 1228 pauperibus
2486 1158 2766 1224 tribuitur,
2788 1159 3152 1230 eleemosyua,
3180 1160 3276 1215 sed
3294 1161 3457 1216 etiam
3493 1176 3730 1232 genera-

2134 1246 2262 1303 liter
2295 1247 2364 1303 de
2410 1249 2559 1304 omni
2594 1249 2980 1304 monachorum
3031 1249 3350 1321 intelligitur
3384 1250 3725 1306 obedientia.
3764 1240 3773 1245 ⁷

2136 1338 2274 1406 Quia
2297 1339 2557 1410 quidquid
2581 1339 2882 1397 obedieodo
2902 1340 3203 1396 monachus
3237 1341 3370 1412 agit,
3400 1348 3577 1396 totum
3606 1339 3730 1397 Deo

2138 1431 2350 1498 tribuit,
2383 1432 2474 1487 cui
2501 1446 2563 1488 se
2590 1440 2763 1488 totum
2786 1432 2953 1487 vovit.
2977 1430 3250 1501 Jejunium
3280 1432 3448 1495 enim,
3482 1433 3731 1505 vigilias,

2136 1523 2543 1591 abstinentiam,
2585 1524 3062 1596 superimpositum
3120 1541 3360 1591 cursum,
3385 1532 3464 1580 'et
3499 1540 3729 1581 omnem

2136 1614 2358 1669 omnino
2388 1614 2571 1671 cordis
2597 1622 2655 1670 et
2670 1615 2916 1686 corporis
2939 1623 3122 1671 actum
3164 1615 3278 1672 Deo
3304 1615 3494 1671 tribuit
3520 1625 3730 1682 totum,

2139 1718 2172 1757 a
2190 1719 2300 1775 quo
2322 1704 2526 1761 laboris
2550 1705 2635 1761 sui
2655 1706 2968 1775 centuplum
2984 1715 3168 1777 sperat
3194 1708 3439 1778 recipere
3457 1705 3727 1775 fructum,

451 1798 749 1853 monachus
770 1795 900 1853 facit
935 1795 1323 1861 obedientiam,
1353 1793 1447 1864 qui
1476 1807 1585 1847 non
1610 1805 1678 1847 ex
1699 1788 1790 1844 illa
1822 1787 2037 1845 deside-
2062 1792 2111 1853 B
2136 1793 2280 1865 Ergo
2328 1795 2422 1864 qui
2473 1810 2599 1853 cum
2639 1795 2919 1852 hilaritate
2960 1805 3019 1853 et
3058 1797 3504 1869 multiplicatione
3545 1798 3668 1854 vult
3695 1814 3730 1855 a

453 1900 538 1946 rat
558 1898 759 1947 aeterna
788 1890 1034 1961 recipere
1058 1889 1301 1961 przemia.
1327 1888 1498 1956 Quem
1518 1885 1667 1941 enim
1687 1885 1755 1940 ad
1780 1882 2036 1939 obedien-

452 1982 583 2036 dum
609 1982 705 2037 Dei
731 1996 887 2037 amor
910 1997 1018 2037 non
1051 1980 1278 2045 excitat,
1307 1977 1555 2048 corporis
1581 1975 1695 2032 otio
1737 1973 2037 2030 delectatus

450 2074 673 2130 obedire
713 2074 1020 2130 senioribus
1064 2071 1267 2128 tardat.
1295 2072 1558 2142 Ignorans
1583 2067 1709 2137 quia
1752 2067 1843 2136 qui
1871 2079 2036 2136 parce

455 2163 692 2220 seminat
750 2152 929 2234 parce
962 2172 1152 2230 metet,
1187 2170 1244 2218 et
1290 2161 1385 2233 qui
1433 2159 1666 2216 seminat
1711 2157 1767 2212 in
1820 2156 2040 2211 benedi-

454 2253 657 2319 ctione,
684 2253 738 2309 id
764 2254 931 2309 estin
961 2252 1290 2309 abundantia
1310 2248 1724 2314 benedictionis,
1762 2247 2039 2302 abundan-

455 2351 541 2399 ter
573 2344 712 2399 etin
742 2343 1123 2401 benedictione
1165 2351 1336 2398 metet
1376 2342 1546 2396 vitam
1597 2347 1878 2395 aeternam.
1914 2336 2039 2392 Non

452 2434 645 2505 tepide.
673 2433 875 2505 Tepido
898 2434 1034 2492 dicit
1061 2434 1316 2498 molliter,
1348 2430 1613 2505 segniter,
1637 2429 1725 2486 vel
1754 2427 2035 2486 dissolute.

453 2524 550 2581 ille
583 2525 730 2585 enim
777 2526 1078 2582 monachus
1124 2524 1491 2581 obedientiam
1542 2521 1722 2592 tepide
1762 2520 1909 2585 facit,
1944 2519 2039 2590 qui

456 2631 565 2671 non
586 2615 742 2672 timet
764 2617 906 2687 quod
935 2616 1197 2672 Dominus
1235 2616 1303 2671 de
1326 2614 1522 2685 tepidis
1548 2612 1701 2677 dicit,
1744 2610 1821 2666 ait
1847 2610 1992 2666 enim
2012 2627 2036 2664 γε

458 2705 603 2775 Quia
631 2707 836 2779 tepidus
855 2722 911 2764 es
930 2717 979 2763 et
1006 2723 1260 2763 nauseant
1283 2706 1438 2777 facis,
1464 2704 1716 2775 incipiant
1743 2712 1792 2757 te
1806 2717 2041 2758 evomere

454 2800 523 2855 de
573 2816 663 2856 ore
690 2816 803 2855 meo
833 2799 1017 2871 (Apoc.
1062 2798 1168 2870 ιιι).
1199 2797 1310 2854 Nec
1353 2796 1524 2853 Paulo
1546 2795 1924 2852 accommodat
1944 2808 2041 2848 au-

455 2899 567 2948 tem
597 2891 799 2949 dicenti
835 2911 850 2946 :
893 2890 1096 2963 Spiritu
1150 2891 1422 2961 ferventes,
1484 2888 1711 2944 Domino
1759 2887 2041 2944 seruientes

454 2981 636 3054 (Rom.
663 2981 784 3055 xu).
803 2982 1097 3039 Ferventes
1123 2981 1269 3038 enim
1288 2989 1346 3037 et
1376 2996 1484 3038 non
1506 2980 1718 3052 tepidos
1739 2981 1897 3037 decet
1920 2992 2043 3035 esse

452 3073 512 3128 in
550 3073 750 3130 Christi
781 3073 1005 3131 servitio
1049 3074 1368 3141 monachos,
1397 3082 1459 3129 ut
1491 3074 1618 3146 igne
1644 3073 1929 3130 cbaritatis
1954 3087 2042 3129 ae-

455 3170 624 3240 censi,
656 3182 777 3240 qua:
816 3168 1022 3225 faciunt
1049 3183 1157 3225 non
1185 3139 1367 3240 tepide
1397 3139 1624 3233 faciant,
1655 3166 1753 3222 sed
1780 3164 2041 3222 velociter
2066 3139 2114 3204 (ἶ

454 3268 515 3315 et
553 3260 821 3332 expedite.
861 3259 957 3317 ille
980 3260 1126 3316 enim
1168 3260 1307 3331 ignis
1327 3259 1568 3323 divinus,
1593 3273 1756 3330 quem
1780 3258 2041 3315 Dominus

456 3350 648 3405 volens
696 3358 762 3405 ut
798 3349 1017 3406 arderet
1039 3348 1192 3404 misit
1234 3347 1291 3403 in
1334 3355 1560 3412 terram,
1586 3347 1655 3403 ad
1679 3345 2041 3403 obediendum

457 3441 849 3497 monachorum
889 3440 1160 3498 bonorum
1211 3438 1471 3495 velociter
1515 3439 1720 3495 excitat
1765 3439 1953 3505 corda,
1981 3447 2044 3495 ut

457 3539 611 3587 tanto
634 3531 711 3587 illi
735 3531 1037 3589 obediendo
1065 3529 1227 3585 citius
1252 3529 1528 3600 placeant,
1567 3536 1775 3600 quanto
1801 3544 1928 3586 cum
1946 3530 2043 3587 illo

457 3625 623 3680 citius
663 3638 897 3696 regnare
941 3621 1266 3680 desiderant.
1294 3622 1400 3675 Aut
1423 3636 1543 3675 cunt
1568 3621 1862 3677 utut-iunio
1892 3621 2042 3691 facit.

457 3714 561 3782 Qui
585 3714 733 3770 enim
769 3727 895 3769 cum
923 3712 1227 3769 murmurio
1271 3710 1403 3768 facit
1430 3712 1816 3777 obedientiam,
1847 3725 1949 3769 nec
1975 3713 2045 3769 ab

456 3804 762 3874 imperante
789 3802 1026 3868 laudem,
1055 3816 1156 3858 nec
1177 3817 1207 3857 a
1233 3802 1464 3858 Domino
1487 3801 1683 3872 recipit
1708 3802 2040 3869 mercedem,

457 3895 559 3951 sed
595 3894 774 3965 potius
801 3894 870 3949 ab
895 3894 1092 3950 abbate
1131 3895 1378 3966 corporis
1415 3895 1773 3966 disciplinam,
1806 3903 1863 3952 et
1886 3910 1917 3950 a
1939 3894 2046 3950 Do—

460 3986 612 4042 mino
634 3999 776 4052 eam,
803 4001 924 4057 qua:
969 3987 1432 4042 murmurantibus
1471 3987 1716 4052 debetur,
1732 3985 1937 4056 justam
1960 4001 2046 4043 re-

467 4078 599 4148 cipit
642 4092 881 4148 pmnam.
920 4076 1220 4134 lni'eliciter
1245 4078 1390 4135 enim
1417 4079 1597 4148 perdit
1640 4087 1953 4150 utrumque,
1991 4085 2049 4134 et

460 4167 752 4239 poenaliter
786 4168 1063 4241 conquirit
1099 4176 1414 4240 utrumque.
1463 4167 1649 4224 Perdit
1684 4168 1859 4224 laudis
1883 4177 2048 4240 atque

461 4259 730 4316 mercedis
784 4262 1039 4332 gratiam,
1081 4268 1137 4318 et
1185 4263 1460 4333 conquirit
1512 4262 1759 4333 corporis
1805 4262 1965 4317 simul
1991 4269 2048 4318 et

464 4352 660 4408 anima:
680 4367 917 4423 penam.
959 4351 1051 4409 Vel
1075 4370 1193 4408 cum
1223 4370 1470 4425 responso
1510 4353 1732 4409 nolentis
1770 4355 2044 4425 eﬂiciatur.

462 4440 560 4498 ille
588 4442 735 4498 enim
763 4445 1064 4500 monachus
1112 4444 1205 4516 qui
1254 4460 1378 4500 cum
1415 4444 1651 4501 nolentis
1678 4460 1939 4516 responso
1964 4446 2048 4500 in-

2072 4490 2127 4553 D

2126 1884 2365 1942 Domino
2399 1887 2722 1944 obedientize
2746 1904 2860 1945 sua:
2898 1892 3143 1961 recipere
3181 1890 3439 1958 fructum,
3479 1906 3606 1947 cum
3636 1892 3729 1946 hi-

2136 1975 2354 2034 laritate
2374 1978 2536 2035 debet
2556 1977 2859 2048 maioribus
2876 1981 3101 2037 obedire
3124 1998 3139 2036 :
3163 1981 3290 2051 quia
3310 1982 3402 2051 qui
3423 1980 3733 2050 majoribus

2135 2072 2360 2132 obedire
2404 2072 2720 2139 contemnit,
2769 2074 2887 2130 sine
2909 2073 3075 2129 dubio
3099 2064 3313 2130 Domini
3349 2075 3581 2146 imperio
3601 2091 3731 2131 con-

2137 2163 2380 2231 tradicit,
2402 2163 2498 2236 qui
2535 2164 2815 2236 discipulis
2837 2174 2896 2221 et
2916 2166 3172 2223 omnibus
3209 2166 3524 2223 doctoribus
3547 2168 3684 2224 dicit
3711 2183 3729 2223 :

2139 2257 2245 2325 Qui
2263 2274 2353 2315 vos
2373 2258 2544 2325 audit,
2569 2275 2653 2313 me
2692 2258 2864 2325 audit,
2886 2268 2937 2314 et
2956 2260 3049 2331 qui
3068 2275 3157 2314 vos
3179 2260 3397 2330 spernit,
3417 2276 3503 2314 me
3526 2260 3732 2331 spernit

2137 2349 2291 2423 (Luc.
2319 2350 2397 2423 ιε).
2437 2351 2556 2407 Non
2603 2359 2689 2407 est
2713 2365 2845 2422 ergo
2866 2350 3171 2407 obedientia
3199 2365 3321 2420 qua:
3362 2364 3397 2405 a
3427 2349 3733 2419 majoribus

2138 2440 2442 2514 iniungitur
2485 2443 2810 2513 spernenda,
2837 2442 2932 2498 sed
2953 2441 3137 2513 potius
3161 2441 3391 2497 amanda
3416 2448 3475 2494 et
3499 2440 3729 2512 diligen-

2135 2533 2228 2601 da,
2252 2542 2327 2602 et,
2349 2532 2406 2590 in
2426 2542 2689 2605 quanmm
2709 2534 2858 2589 vires
2875 2540 3187 2604 suppetunt,
3206 2546 3332 2589 cum
3351 2530 3627 2587 hilaritate
3638 2540 3729 2587 est

2137 2626 2395 2696 operibus
2428 2626 2794 2696 exsequenda.
2824 2624 3098 2694 Scriptum
3132 2630 3220 2681 est
3262 2623 3410 2679 enim
3447 2640 3462 2676 :
3490 2623 3560 2678 lu
3581 2623 3727 2678 omni

2138 2717 2265 2771 dato
2293 2716 2517 2771 hilarem
2545 2716 2632 2787 fac
2654 2715 2856 2771 vultum
2879 2725 3029 2770 tuutn
3055 2713 3247 2786 (Eccli.
3272 2713 3461 2785 xxxv).
3487 2713 3546 2768 In
3575 2713 3727 2768 omni

2138 2822 2272 2880 ergo
2292 2808 2418 2864 dato
2437 2805 2666 2863 hilarem
2698 2805 2831 2862 facit
2849 2804 3075 2872 vultum,
3103 2805 3196 2875 qui
3217 2820 3324 2859 non
3344 2819 3469 2859 cum
3497 2803 3726 2858 tristitia

2140 2907 2235 2954 aut
2256 2912 2507 2966 rancore,
2529 2899 2627 2954 sed
2661 2912 2856 2954 sereno
2877 2895 3029 2953 vultu
3055 2896 3345 2966 animoque
3369 2893 3493 2950 lteto
3518 2893 3730 2965 praebet

2134 2990 2480 3047 auditoribus
2499 3002 2829 3053 sermonem,
2849 2987 3178 3059 pauperibus
3195 3001 3413 3056 panem,
3432 2982 3730 3054 utajoribus

2145 3093 2327 3139 autem
2348 3098 2447 3139 cor
2466 3080 2670 3139 humile
2688 3088 2744 3136 et
2763 3080 3040 3136 obediens.
3070 3078 3177 3135 lste
3196 3078 3251 3134 in
3270 3078 3420 3134 omni
3442 3078 3570 3134 dato
3597 3077 3729 3133 hila-

2144 3188 2258 3230 rem
2286 3173 2418 3229 facit
2438 3172 2667 3238 vultum,
2693 3179 2751 3227 et
2766 3170 2894 3249 ideo
2913 3185 3077 3226 omne
3093 3185 3253 3226 suum
3274 3169 3463 3225 datum
3488 3185 3522 3224 a
3547 3167 3728 3224 Domi-

2141 3279 2214 3320 no
2237 3263 2471 3320 credidit
2491 3278 2616 3319 esse
2637 3270 2915 3332 receptum
2944 3268 3000 3316 et
3031 3269 3239 3332 aptum.
3263 3258 3367 3329 Qui
3386 3267 3572 3316 autem
3588 3258 3728 3329 jeju-

2141 3364 2298 3423 nant,
2325 3356 2419 3412 sed
2448 3371 2559 3412 non
2588 3371 2713 3412 cum
2746 3352 3017 3410 hilaritate
3056 3352 3298 3425 vigilant,
3331 3351 3425 3407 sed
3468 3366 3576 3406 non
3603 3364 3747 3405 mima

2143 3450 2417 3506 hilaritate
2443 3449 2740 3515 abstinent,
2772 3447 2866 3504 sed
2899 3463 3008 3503 non
3049 3462 3175 3502 cum
3201 3444 3478 3500 hilaritate
3530 3451 3726 3499 caetera

2143 3539 2313 3595 multa
2360 3540 2501 3595 bona
2554 3537 2781 3605 faciunt,
2829 3536 2925 3594 sed
2962 3551 3067 3592 non
3093 3551 3216 3591 cum
3241 3536 3384 3591 bono
3410 3533 3593 3590 animo
3628 3549 3729 3589 nec

2143 3644 2267 3686 cum
2297 3628 2594 3695 hilaritate,
2618 3644 2728 3685 non
2770 3628 3046 3698 accipiunt
3077 3642 3109 3682 a
3138 3625 3367 3682 Domino
3410 3624 3612 3680 laboris
3646 3625 3726 3680 sui

2144 3720 2473 3786 mercedem,
2513 3720 2609 3776 sed
2660 3734 2692 3774 a
2732 3719 2969 3790 maligno
2999 3717 3447 3775 murmurationis
3477 3714 3728 3772 condem-

2146 3813 2438 3869 nationem.
2471 3811 2627 3869 Unde
2667 3820 2725 3868 et
2760 3811 3051 3867 subditur:
3356 3825 3361 3853 τ

2220 3902 2361 3959 Nam
2391 3919 2509 3958 cum
2536 3902 2678 3957 ιιιαό
2706 3903 2884 3957 animo
2910 3903 2957 3958 si
2982 3901 3157 3956 obedit
3202 3899 3518 3972 discipulus,
3547 3910 3596 3956 et
3623 3918 3726 3957 non

2144 3993 2315 4048 solum
2347 4009 2457 4059 ore,
2484 4008 2659 4048 verum
2686 3993 2843 4048 etiam
2869 3993 2928 4048 in
2967 3993 3125 4047 corde
3146 3992 3193 4047 si
3215 3993 3645 4059 murmuraoerit,
3675 4002 3726 4048 et

2145 4089 2192 4141 si
2227 4084 2439 4156 impleat
2475 4085 2789 4156 jussionem,
2825 4094 2999 4140 tamen
3046 4094 3314 4155 acceptum
3356 4084 3477 4154 jam
3506 4101 3609 4139 non
3631 4085 3725 4139 erit

2146 4172 2281 4240 Deo,
2313 4174 2404 4245 qui
2438 4190 2532 4228 cor
2556 4174 2765 4245 respicit
2789 4174 3190 4228 murmurantis.
3226 4172 3294 4227 Et
3341 4190 3437 4243 pro
3471 4170 3568 4228 tali
3592 4174 3725 4244 facto

2148 4261 2349 4317 nullam
2388 4264 2725 4334 consequitur
2748 4263 2998 4333 gratiam,
3030 4261 3136 4315 into
3163 4278 3367 4331 pinnam
3396 4278 3725 4316 murmuran-

2148 4354 2278 4407 tium
2306 4354 2552 4419 incurrit,
2590 4353 2646 4407 si
2679 4368 2784 4407 non
2814 4368 2933 4406 cum
2957 4350 3321 4420 satisfactione
3359 4352 3720 4406 emendauerit.

2150 4444 2286 4500 Cum
2306 4445 2447 4501 bono
2476 4444 2622 4500 enim
2644 4443 2847 4507 animo,
2875 4450 2933 4497 et
2962 4443 3126 4498 corde
3146 4457 3303 4513 puro,
3328 4448 3386 4496 et
3408 4440 3597 4496 humili
3623 4440 3724 4509 spi-

460 4544 619 4591 cusat
634 4535 1022 4604 obedientiam,
1061 4545 1157 4592 aut
1178 4537 1433 4593 emendat
1463 4537 1573 4592 cito
1609 4537 1940 4592 voluntatem
1962 4551 2050 4608 pa-
2072 4529 2126 4553 ν
2152 4535 2258 4590 ritu
2281 4535 2443 4590 debet
2458 4533 2681 4590 obedire
2706 4531 3002 4602 discipulus
3022 4531 3307 4603 magistro,
3332 4538 3393 4586 ut
3412 4529 3723 4586 obedientize

464 4628 601 4683 riter
626 4636 683 4682 et
729 4642 1070 4700 responsum,
1128 4640 1224 4684 aut
1248 4627 1478 4683 festinus
1507 4628 1561 4682 iu
1599 4628 2051 4691 murmurationis

464 4718 664 4775 labitur
715 4728 1020 4791 peccatum.
1069 4718 1141 4773 At
1162 4734 1295 4774 vero
1329 4718 1375 4774 si
1401 4718 1512 4774 cito
1546 4714 1921 4774 emendaverit
1964 4735 2051 4777 re-

461 4826 722 4881 sponsum
752 4811 963 4883 pariter
982 4819 1040 4868 et
1063 4810 1417 4874 voluntatem,
1446 4809 1771 4865 obedientiae
1796 4824 1909 4865 suae
1935 4826 2046 4867 non

464 4904 654 4974 perdet
681 4904 1015 4969 mercedem;
1043 4901 1171 4972 quia
1192 4900 1505 4956 misericors
1530 4906 1589 4955 et
1628 4898 1915 4956 miseratur
1944 4901 2048 4958 Do-

466 4994 648 5050 minus
674 4992 1061 5064 pmnitentibus
1109 4991 1221 5047 cito
1244 4991 1471 5047 dimittit

457 5086 465 5135 l
539 5082 680 5149 Quia
704 5082 996 5138 obedientia
1020 5099 1138 5155 qua:
1179 5084 1471 5155 majoribus
1505 5085 1787 5156 prtrbetur,
1822 5086 2049 5141 Domino

465 5173 757 5230 exhibetur.
805 5172 928 5245 Ipse
947 5174 1085 5229 enim
1110 5173 1239 5228 dicit
1266 5193 1286 5231 :
1316 5174 1421 5241 Qui
1453 5192 1543 5230 vos
1585 5175 1757 5241 audit,
1787 5192 1870 5231 nte
1899 5177 2050 5230 audit

465 5265 490 5333 (
522 5260 653 5320 an.
713 5260 792 5334 x).
818 5261 952 5319 Cum
986 5278 1185 5336 magno
1206 5264 1350 5320 enim
1373 5267 1553 5323 cordis
1576 5280 1763 5322 amore
1782 5267 2051 5337 corporis-

467 5372 573 5430 que
596 5357 890 5417 velocitate
919 5357 1036 5415 ﬁeri
1057 5358 1219 5415 debet
1238 5360 1571 5425 obedientia,
1602 5374 1765 5429 quam
1793 5360 1909 5428 ipse
1939 5358 2048 5414 Do-

466 5452 648 5508 minus
663 5460 911 5508 sanctam
941 5452 995 5507 in
1023 5466 1177 5508 suam
1198 5452 1392 5523 recipit
1431 5466 1746 5523 personam,
1769 5459 1830 5505 ut
1851 5450 2051 5507 faciem

466 5543 617 5601 tibus
660 5559 803 5609 eam,
840 5559 962 5599 cum
1021 5544 1392 5600 retributionis
1467 5550 1681 5611 tempus
1749 5542 2049 5609 advenerit,

467 5635 779 5704 plenissima
825 5637 1042 5697 tribuat.
1068 5635 1311 5708 praemia.
1350 5635 1472 5705 ipse
1512 5634 1657 5689 enim
1696 5635 1948 5689 omnibus
1999 5636 2050 5691 in

473 5722 676 5785 laboris
703 5728 1007 5786 obedientia
1048 5725 1264 5799 positis,
1301 5741 1423 5782 cum
1471 5733 1682 5795 tempus
1728 5732 1942 5781 acterna:
1972 5742 2055 5784 rc-

2150 4641 2263 4683 sua:
2289 4626 2519 4697 gratiam
2545 4623 2782 4694 accipiat
2807 4623 2947 4694 apud
2967 4622 3159 4679 Deum.
3188 4622 3326 4677 Nam
3354 4620 3569 4691 quando
3607 4636 3721 4677 cum

2149 4718 2295 4774 malo
2317 4717 2501 4773 obedit
2538 4715 2738 4780 animo,
2770 4722 2827 4771 et
2855 4716 3141 4785 superbus,
3183 4722 3241 4770 et
3276 4727 3641 4779 murmurans,
3670 4722 3724 4768 et

2150 4808 2466 4865 inobediens
2509 4815 2727 4864 tenetur
2754 4821 2787 4860 a
2836 4806 2967 4863 Deo.
3004 4806 3149 4862 Deus
3174 4815 3379 4871 autem,
3424 4805 3511 4860 cui
3550 4806 3721 4861 omnia

2149 4898 2293 4955 nuda
2323 4904 2450 4953 sunt
2489 4904 2546 4951 et
2571 4903 2776 4966 aperta,
2815 4894 3293 4962 murmurantium,
3335 4893 3502 4949 etiam
3545 4900 3722 4949 taeeuv

2154 4989 2287 5045 tium
2349 4988 2515 5043 corda
2572 4988 2915 5045 condemnat.
2988 4988 3281 5058 Propterea
3329 4985 3590 5056 quidquid
3650 4983 3723 5040 fa-

2150 5079 2304 5135 ciunt
2338 5079 2612 5146 monachi,
2665 5080 2873 5151 absque
2919 5080 3350 5135 murmuratione
3384 5077 3607 5144 faciant,
3637 5093 3720 5143 ne,

2149 5171 2295 5241 quod
2324 5170 2484 5238 absit,
2515 5172 2906 5229 murmurando
2939 5186 3003 5228 ea
3054 5173 3323 5228 sententia
3365 5181 3593 5242 pereant
3624 5186 3721 5241 qua
3844 5232 3853 5237 ,

2150 5264 2226 5321 illi
2248 5264 2525 5336 perierunt
2566 5265 2659 5336 qui
2708 5265 2764 5321 in
2790 5264 3009 5325 deserto
3039 5273 3227 5321 contra
3273 5264 3559 5319 Dominum
3584 5278 3723 5318 mur-

2151 5366 2534 5426 muraverunt;
2582 5368 2637 5415 et
2670 5359 2949 5429 perierunt
3003 5373 3199 5414 manna
3248 5357 3640 5421 manducando,
3671 5364 3723 5413 et

2151 5452 2241 5507 isti
2270 5451 2325 5506 in
2360 5450 2695 5506 monasterio
2740 5447 3054 5520 Scripturas
3104 5450 3388 5506 recitando
3415 5458 3472 5504 ct
3515 5449 3724 5518 insuper

2154 5540 2562 5597 murmurando.
2590 5540 2671 5606 Illi
2697 5554 2895 5595 manna
2928 5540 3304 5596 manducando
3334 5539 3530 5596 mortui
3559 5547 3680 5594 sunt
3707 5556 3719 5591 :

2153 5643 2210 5688 ct
2235 5634 2322 5687 isti
2361 5632 2672 5701 Scripturas
2702 5631 2931 5702 legendo
2955 5639 3010 5687 et
3048 5629 3315 5687 audiendo
3334 5629 3562 5702 spiritali
3591 5628 3723 5684 fama

2157 5725 2396 5797 quotidie
2423 5723 2749 5779 moriuntur.
2790 5720 2870 5778 Illi
2898 5722 3286 5780 murmurando
3314 5730 3518 5778 terram
3557 5736 3724 5787 repro-
