3944 6408
158 274 252 332 801

1193 272 1548 329 COMMENT.
1591 271 1658 326 IN
1699 271 1858 328 RBG.
1901 271 1960 328 S.
2003 270 2382 327 BEN-EDICTI.

3319 271 3427 323 802

161 385 440 445 missionis
483 399 592 439 non
627 383 972 449 introierunt,
1019 392 1074 438 et
1117 383 1205 438 isti
1238 383 1625 438 murmurando
1651 397 1748 453 pa-
1777 392 1824 450 Α
1851 383 1932 439 ori
1984 390 2195 450 nostro,
2233 397 2302 436 ne
2329 379 2591 437 etfreuate
2619 380 2900 452 loquentes
2944 389 3038 436 aut
3076 396 3173 452 per
3217 381 3425 438 malilo-

161 482 404 537 radisum
443 478 694 549 perdent,
743 485 800 532 et
844 477 1222 546 promissionis
1263 484 1492 540 terram,
1553 475 1608 529 id
1661 484 1747 530 est

162 581 422 628 aeternam
457 570 582 624 cmli
603 569 860 638 patriam,
885 582 994 622 non
1024 567 1415 636 ingredientur.
1439 563 1580 632 Quid
1595 565 1744 622 enim

165 661 388 733 prodest
421 657 912 714 murmuratoribus
936 657 1176 711 exterius
1198 670 1359 727 agere
1395 669 1534 724 opus
1570 654 1748 725 injun-

163 761 334 816 ctum,
375 760 431 804 et
470 747 697 802 interius
723 761 754 800 a
785 744 1052 800 mercedis
1089 745 1314 815 praemio
1342 757 1627 798 remanere
1652 757 1748 797 va-

163 855 314 896 cuos.
353 837 544 893 Melius
571 844 656 892 est
701 850 831 907 ergo
860 833 1162 903 majoribus
1201 833 1426 889 obedire
1466 848 1588 888 cum
1617 847 1748 902 gau-

163 928 274 993 dio,
300 937 356 983 et
376 926 660 998 praemium
688 925 928 993 recipere
952 923 1368 992 sempiternum,
1402 937 1565 992 quam
1604 922 1746 978 tristi

164 1020 350 1074 animo
392 1017 616 1096 obedire
641 1025 697 1070 et
726 1014 928 1069 laboris
954 1014 1037 1070 sui
1071 1014 1293 1085 praemia
1333 1013 1579 1084 perdere.
1631 1013 1746 1068 Etsi

163 1107 325 1164 factis
361 1109 628 1178 compleat
660 1104 958 1174 iussionem
1006 1104 1277 1175 magistri,
1317 1103 1616 1174 jussionem
1669 1112 1748 1158 ta-

163 1213 288 1252 men
337 1210 445 1250 non
485 1195 672 1265 implet
718 1193 986 1264 Apostoli,
1035 1194 1128 1262 qui
1157 1193 1336 1248 dixit:
1373 1190 1562 1247 Omnia
1589 1192 1748 1262 facite

161 1291 276 1344 sine
305 1286 808 1342 murmurationibus
845 1295 895 1339 et
928 1284 1346 1340 Itwsitationibus
1371 1282 1538 1357 (Phil.
1573 1285 1656 1354 ιι).

778 1398 1006 1455 CAPUT
1025 1399 1132 1454 .VI.

698 1471 772 1525 De
831 1471 1186 1524 taciturnitate

232 1563 606 1620 Taciturnitas
650 1563 826 1617 virtus
869 1572 954 1617 est
1001 1561 1324 1616 humilitatis
1377 1569 1434 1617 et
1490 1559 1745 1615 indicium

161 1655 464 1727 gravitatis,
505 1652 688 1706 nutrix
736 1652 1018 1715 virtutum,
1064 1658 1121 1706 et
1149 1661 1335 1705 custos
1376 1656 1460 1705 est
1508 1663 1743 1703 morum.

1844 477 2053 546 quium,
2081 483 2175 531 aut
2204 491 2302 546 per
2336 474 2722 544 vaniloquium,
2764 481 2858 529 aut
2898 487 2996 544 per
3025 474 3423 544 multiloquium

1843 567 2180 624 olfendamus
2232 568 2521 626 Dominum
2549 566 2720 621 Deum
2747 574 3013 620 nostrum.
3046 563 3152 619 Per
3189 564 3426 620 effrena-

1845 661 2048 716 tionem
2092 659 2238 716 enim
2277 660 2496 730 linguae,
2542 658 2685 713 sicut
2710 657 2902 712 beatus
2945 657 3280 728 Augustinus
3315 658 3427 722 ait,

1845 750 2184 806 seminantur
2203 748 2429 813 stimuli,
2451 744 2703 802 oriuntur
2725 745 2878 811 rixaa,
2893 745 3262 800 accenduntur
3280 744 3429 800 faces

1844 839 2119 907 odiorum,
2164 855 2270 910 pax
2317 836 2681 908 exstinguitur
2724 836 2990 902 cordium,
3026 845 3083 892 et
3109 845 3432 896 cacterorum

1846 929 2140 985 multorum
2164 929 2431 985 redundat
2459 926 2614 997 c0pia
2655 925 2932 980 vitiorum.

1915 1019 2192 1086 Obmutui,
2215 1030 2264 1075 et
2287 1019 2596 1075 humiliatus
2632 1034 2772 1085 sum,
2800 1027 2848 1073 et
2875 1016 2998 1072 silui
3022 1034 3054 1071 a
3076 1017 3222 1073 bonis
3252 1017 3428 1090 (Psal.

1845 1111 2101 1184 xxxvm).
2128 1112 2283 1168 Hanc
2305 1111 2632 1168 sententiam
2654 1110 2848 1166 beatus
2868 1108 3193 1164 Benedictus
3214 1109 3269 1164 in
3299 1111 3436 1164 taci-

1847 1205 2125 1259 turnitatis
2139 1204 2387 1274 exposuit
2401 1203 2560 1258 laude
2573 1203 2760 1258 dicens
2788 1220 2800 1255 :
2827 1200 2930 1255 Hic
2951 1202 3175 1256 ostendit
3198 1200 3435 1273 Prophe—
3491 1251 3494 1255 .

1847 1305 1923 1362 ta,
1949 1297 2050 1351 sia
2079 1296 2227 1350 bonis
2247 1295 2466 1367 eloquiis
2490 1295 2755 1350 interdum
2774 1302 2986 1364 propter
3017 1295 3436 1349 taciturnitatem

1847 1387 1995 1443 debet
2017 1388 2201 1453 taceri,
2231 1396 2427 1459 quanto
2469 1386 2637 1456 magis
2661 1403 2695 1440 a
2718 1383 2873 1440 malis
2893 1384 3062 1440 verbis
3104 1394 3314 1456 prapter
3334 1402 3438 1457 pa:-

1849 1495 1973 1533 nam
1994 1479 2194 1549 peccati
2213 1478 2362 1533 debet
2389 1479 2623 1533 cessari?
2643 1477 2737 1533 Sic
2763 1477 2910 1532 enim
2937 1477 3160 1546 quidam
3185 1477 3264 1532 ait
3293 1496 3305 1532 :
3334 1492 3441 1548 pro

1846 1572 2024 1628 otioso
2043 1572 2208 1627 verbo
2229 1571 2372 1627 ratio
2391 1571 2636 1640 ponitur.
2659 1570 2766 1626 Pro
2787 1583 3039 1626 sermone
3055 1567 3256 1638 injusto
3274 1583 3438 1639 ptena

1846 1665 2164 1720 exsolvitur.
2182 1662 2453 1730 Obmutui,
2469 1651 2626 1729 dixit,
2643 1663 2814 1728 idest,
2835 1661 3110 1718 silentium
3128 1663 3282 1728 mibi,
3297 1677 3366 1716 ne
3380 1663 3432 1715 in

164 1746 302 1802 Hinc
340 1744 593 1800 Salomon
616 1742 692 1797 ait
721 1760 734 1795 :
766 1741 877 1807 Qui
891 1741 1117 1795 custodit
1146 1758 1204 1795 os
1242 1757 1396 1795 suum
1420 1749 1469 1794 et
1507 1737 1742 1808 linguam
1772 1734 1819 1794 B
1847 1755 2174 1826 loquacitate
2215 1769 2526 1826 peccat-em,
2555 1755 2918 1810 voluntarium
2972 1756 3227 1827 imposui.
3278 1755 3430 1810 scri_

163 1855 338 1904 suam,
364 1835 588 1890 custodit
603 1835 666 1888 ab
683 1834 939 1904 angustiis
962 1835 1196 1889 animam
1224 1849 1376 1888 suam
1397 1829 1582 1904 (Prov.
1603 1830 1746 1899 xm).

161 1931 244 1984 Ab
271 1927 534 1999 angustiis
560 1925 812 1981 videlicet
843 1935 1062 1980 aeterna:
1088 1940 1263 1995 pinna:
1286 1922 1482 1978 liberat
1509 1921 1750 1975 animam

163 2037 340 2086 suam,
387 2020 478 2089 qui
513 2015 940 2072 taciturnitatem
968 2030 1178 2076 amans,
1232 2029 1264 2068 a
1294 2012 1438 2067 malo
1467 2019 1525 2066 et
1555 2025 1747 2080 pravo,

164 2112 244 2167 vel
270 2111 490 2166 omnino
512 2106 848 2176 stultiloquio
869 2105 1131 2172 custodit,
1158 2113 1216 2160 et
1242 2102 1482 2159 refrenat
1511 2101 1750 2173 linguam

163 2218 318 2258 suam
342 2203 561 2257 dicens:

239 2295 524 2352 Faciamus
574 2295 717 2366 quod
747 2293 820 2347 ait
865 2290 1131 2362 PrOpheta
1187 2303 1206 2342 :
1259 2288 1406 2350 Dixi,
1441 2284 1750 2341 Custodiam

162 2387 272 2442 vias
301 2401 463 2453 meas,
497 2393 552 2439 ut
598 2401 703 2438 non
747 2382 1050 2454 delinquam
1097 2380 1153 2434 in
1199 2378 1382 2450 lingua
1431 2393 1546 2430 mea
1572 2373 1746 2448 (Psal.

164 2477 418 2549 xxxvm).
475 2476 569 2531 llle
617 2475 756 2531 bene
813 2473 948 2538 vias,
997 2473 1052 2528 id
1088 2479 1207 2537 est,
1258 2479 1411 2525 actus
1465 2468 1592 2522 vita:
1637 2480 1751 2521 suae

160 2568 417 2630 custodit,
463 2567 555 2636 qui
596 2567 648 2621 in
698 2565 879 2636 lingua
927 2562 1149 2618 minime
1199 2560 1442 2616 oﬂ'endit.
1482 2557 1751 2613 Modicum

162 2659 307 2713 enim
339 2659 641 2713 membrum
664 2665 749 2711 est
770 2655 975 2725 lingua,
1000 2653 1096 2708 sed
1128 2651 1328 2706 multas
1353 2649 1504 2704 rixas
1531 2656 1588 2702 et
1612 2644 1752 2700 mul-

1846 1843 2025 1918 ptum'
2061 1854 2146 1902 est
2193 1845 2339 1900 enim
2369 1863 2383 1901 :
2419 1845 2522 1911 Qui
2566 1847 2677 1900 odit
2711 1846 3106 1918 loquacitatem,
3149 1848 3434 1918 exstinguit

1847 1938 2107 1993 malitiam
2134 1936 2471 2009 (Eccli.xtx).
2503 1937 2642 1992 Hinc
2661 1937 2830 1993 Isaias
2855 1939 2934 1993 ait
2958 1957 2972 1992 :
3004 1937 3193 1993 Cultus
3206 1939 3436 2008 iustitio:
3471 1995 3477 2002 _

1848 2028 2112 2083 silentium
2141 2027 2298 2099 (Isai.
2329 2027 2532 2099 xxxii),
2559 2028 2810 2084 videlicet
2854 2030 3101 2085 indicans
3127 2029 3254 2098 quia
3286 2044 3438 2083 men-

1850 2118 1924 2173 tis
1939 2118 2154 2188 justitia
2201 2117 2495 2185 desolatur,
2526 2119 2742 2188 quando
2785 2120 2854 2174 ab
2899 2121 3254 2177 immoderata
3288 2120 3438 2176 locu-

1852 2206 1998 2262 tione
2025 2207 2206 2278 lingua
2233 2222 2339 2263 non
2381 2209 2765 2276 compescitur.
2798 2208 3190 2277 Tacituruitas,
3243 2218 3305 2264 ut
3356 2210 3439 2265 di-

1849 2309 1998 2353 ctum
2019 2306 2126 2363 cst,
2151 2299 2324 2354 virtus
2350 2308 2436 2354 est
2463 2299 2804 2365 humilitatis,
2830 2300 2956 2369 quia
2977 2308 3182 2369 quanto
3213 2301 3438 2354 tacitur-

1849 2391 2038 2446 nitatis
2061 2390 2214 2448 freno
2233 2392 2624 2463 constringitur
2659 2391 2866 2462 lingua,
2895 2400 3053 2447 tanto
3075 2407 3230 2447 mens
3254 2391 3434 2447 humi-

1850 2481 1980 2538 liata
2023 2483 2254 2554 erigitur
2301 2483 2368 2538 ad
2405 2498 2639 2539 summa.
2671 2483 2739 2538 Et
2771 2492 2976 2554 quanto
3001 2499 3060 2540 se
3097 2485 3195 2539 sub
3220 2483 3440 2539 silentio

1850 2572 2128 2642 deprimit,
2155 2581 2308 2628 tanto
2333 2574 2770 2643 compunctionis
2785 2574 2962 2630 aciem
2985 2574 3042 2629 in
3071 2573 3267 2629 caelum
3299 2572 3452 2645 figit.,

1849 2662 1919 2717 Et
1944 2671 2211 2734 quantum
2237 2679 2297 2719 se
2325 2665 2392 2719 ad
2413 2666 2849 2735 compunctionis
2866 2666 3094 2737 gratiam
3124 2665 3457 2723 humiliatus.

165 2759 217 2804 Ia
242 2765 382 2820 saepe
413 2748 706 2803 committit
732 2745 1006 2802 scandala.
1042 2745 1119 2799 De
1141 2758 1248 2813 qua
1274 2741 1508 2796 Jacobus
1535 2745 1749 2808 aposto-

1855 2756 2066 2812 animus
2098 2755 2293 2821 elevat,
2340 2764 2549 2810 tantum
2585 2771 2645 2811 se
2677 2757 2872 2811 iterum
2913 2757 2982 2811 ad
3025 2757 3257 2827 gratiam
3291 2771 3445 2828 com-5

163 2840 250 2894 lus
268 2841 346 2894 ait
372 2855 388 2893 :
413 2838 669 2909 Linguam
696 2837 874 2892 nullus
895 2837 1163 2891 hominum
1191 2833 1406 2888 domare
1451 2839 1640 2900 potest;
1667 2829 1750 2881 ius

159 2931 395 2998 quietum
429 2928 649 2994 malum,
687 2927 840 2999 plena
881 2943 1075 2981 veneno
1115 2922 1404 2992 mortifero,
1451 2927 1508 2975 et
1541 2918 1749 2989 reliqua

163 3021 372 3095 (Iacob.
404 3019 508 3081 ιιι).
540 3020 642 3087 Qui
663 3034 796 3091 ergo
819 3019 874 3073 in
913 3017 1094 3087 lingua
1121 3030 1230 3070 non
1267 3011 1384 3067 vult
1409 3009 1746 3078 delinquere,

161 3085 314 3184 prius
340 3111 457 3166 vias
482 3085 630 3175 suas,
658 3085 816 3166 idest
842 3085 1141 3181 actusﬁvita:
1167 3119 1300 3169 suae,
1327 3102 1491 3160 debet
1516 3099 1750 3156 sollicite
1778 3085 1823 3148 C

161 3203 468 3274 providere,
498 3217 566 3257 ne
597 3200 778 3256 subito
807 3199 1023 3254 labatur
1050 3197 1106 3252 in
1132 3195 1334 3266 lingua,
1359 3192 1453 3262 qui
1474 3199 1602 3246 ante
1621 3203 1750 3245 suas

161 3298 448 3370 providere
468 3295 707 3369 neglexit
743 3294 881 3350 vias.
919 3291 1216 3362 Sequitur:

236 3386 400 3441 Posui
430 3388 510 3440 ori
539 3401 652 3440 meo
676 3383 972 3439 custodiam
993 3377 1170 3454 (Psal.
1200 3375 1452 3449 xxxvm).
1480 3375 1574 3432 llle
1611 3375 1750 3432 bene

161 3481 462 3538 custodiam
493 3480 575 3536 ori
605 3494 706 3536 suo
731 3477 906 3550 ponit,
953 3475 1109 3548 cujus
1142 3474 1324 3546 lingua
1361 3487 1463 3526 nec
1493 3471 1548 3525 in
1587 3467 1748 3524 mali-

163 3575 422 3644 loquium,
453 3587 556 3628 nec
595 3572 650 3626 in
691 3569 1084 3640 vaniloquium,
1113 3582 1216 3621 nec
1246 3566 1300 3620 in
1349 3561 1750 3632 multiloquium

163 3664 471 3735 procaciter
515 3660 650 3723 fluit,
684 3661 780 3714 sed
815 3660 1110 3714 secundum
1141 3656 1508 3720 Salomonem,
1539 3664 1751 3723 tempus

164 3755 403 3818 tacendi,
434 3761 491 3808 et
528 3761 742 3820 tempus
781 3757 1059 3818 exspectat
1103 3748 1355 3816 loquendi
1409 3746 1614 3812 (Eccle.
1638 3743 1748 3815 ιιι).

164 3850 296 3903 ltem
321 3845 586 3914 scriptum
615 3852 701 3897 est
731 3855 746 3894 :
779 3839 952 3894 Homo
999 3838 1205 3908 sapiens
1245 3837 1436 3892 tacebit
1467 3851 1634 3903 usque
1679 3833 1749 3887 ad

164 3951 390 4010 tempus,
423 3935 648 3990 lascivus
679 3942 850 3988 autem
879 3940 926 3985 et
950 3929 1252 4001 imprudens
1281 3944 1385 3982 non
1417 3936 1588 3981 servat
1616 3934 1751 3977 tem-

164 4048 261 4100 pus
288 4025 604 4102 (Eccti.xx).
631 4025 739 4081 Sed
759 4035 816 4080 et
846 4024 935 4078 ille
962 4022 1268 4079 custodiam
1317 4020 1402 4076 ori
1439 4035 1537 4075 suo
1579 4017 1750 4088 ponit,

165 4123 258 4193 qui
285 4137 343 4177 se
371 4136 478 4176 non
499 4117 728 4189 justum,
760 4117 875 4182 sed,
901 4115 1045 4186 quod
1087 4113 1260 4184 magis
1277 4125 1467 4168 verum
1495 4118 1598 4176 est,
1627 4124 1755 4178 pec-

167 4219 406 4268 catorem
432 4209 652 4265 fatetur.
678 4207 756 4263 Ne
781 4222 912 4278 ergo
935 4207 990 4260 in
1022 4203 1393 4273 maliloquium
1417 4201 1631 4258 labatur
1653 4200 1756 4254 liu-

168 4322 296 4379 gua,
324 4313 489 4377 ponat
523 4301 892 4372 unusquisque
915 4287 1165 4354 nostrum
1187 4297 1268 4351 ori
1296 4310 1396 4351 suo
1429 4292 1752 4358 custodiam,

1848 2845 2160 2915 punctionis
2188 2845 2458 2900 humiliat.
2489 2844 2646 2901 Unde
2681 2853 2737 2900 et
2770 2846 3058 2914 sequitur:
3107 2845 3438 2900 Humiliatus

1850 2955 1990 3003 sum,
2017 2946 2064 2991 et
2088 2936 2212 2991 silui
2236 2953 2269 2990 a
2298 2936 2446 2991 bonis
2473 2935 2647 3007 (Psal.
2683 2935 2942 3005 xxxvm).
2965 2933 3081 2990 Nisi
3115 2935 3262 2990 enim
3288 2936 3439 3004 prius

1855 3027 2174 3083 humiliatus
2204 3033 2370 3090 esset,
2418 3041 2449 3080 a
2496 3025 2654 3080 bonis
2705 3025 2970 3094 malisque
3019 3039 3128 3079 non
3176 3023 3436 3080 siluisset.

1855 3118 2179 3173 Humiliatus
2215 3118 2363 3172 enim
2405 3116 2744 3188 intelligitur,
2785 3115 2936 3170 humi
2962 3122 3287 3185 prostratus.
3336 3114 3440 3181 Qui

1853 3223 1984 3280 ergo
2031 3205 2429 3262 taciturnitatis
2497 3205 2754 3260 virtutem
2804 3203 3074 3258 veraciter
3125 3209 3294 3266 amat,
3339 3217 3440 3256 ne-

1853 3313 2008 3356 cesse
2056 3307 2142 3355 est
2181 3307 2242 3354 ut
2284 3297 2353 3352 ad
2392 3307 2604 3367 tempus
2633 3296 2856 3359 etiama
2883 3294 3041 3350 bonis
3082 3293 3443 3349 locutionibus

1855 3401 2036 3449 tacent
2057 3433 2076 3459 ,
2103 3402 2166 3448 ut
2196 3394 2429 3448 virtutes
2475 3400 2704 3447 caeteras
2726 3390 2796 3445 ad
2833 3397 3048 3459 tempus
3073 3388 3303 3444 tacendo
3343 3403 3443 3442 nu-

1855 3487 2010 3551 triat,
2042 3501 2179 3556 quas
2214 3484 2457 3539 nutritas
2480 3483 2677 3537 iterum
2703 3491 2945 3551 tempore
2962 3494 3204 3551 congruo
3225 3478 3444 3548 sapien-

1855 3586 1943 3632 ter
1962 3575 2221 3648 proferat.
2254 3573 2394 3630 Hinc
2418 3587 2515 3644 per
2540 3572 2840 3642 quemdam
2873 3571 3172 3640 sapientem
3197 3568 3396 3623 dicitur
3423 3585 3438 3622 :

1857 3667 1953 3722 Est
1987 3677 2163 3722 tacens
2196 3667 2287 3738 qui
2327 3665 2593 3720 inuenitur
2635 3663 2874 3733 sapiens;
2917 3671 2965 3716 et
3007 3669 3081 3716 est
3109 3659 3316 3714 odibilis
3353 3661 3443 3730 qui

1855 3773 2054 3828 procax
2079 3766 2157 3811 est
2199 3756 2269 3810 ad
2297 3755 2615 3826 loquendum
2645 3751 2816 3825 (Eccl.
2859 3750 2974 3826 xx).
3002 3751 3082 3806 Ac
3108 3749 3156 3806 si
3184 3750 3390 3816 diceret
3425 3763 3442 3803 :

1855 3847 1950 3901 ille
1985 3861 2048 3901 se
2083 3844 2314 3900 tacendo
2352 3846 2652 3914 sapientem
2699 3857 3030 3912 componens
3061 3841 3306 3906 nutrivit,
3339 3839 3444 3894 iste

1855 3953 1915 3993 se
1941 3937 2246 4008 procaciter
2267 3935 2537 4005 loquendo
2575 3934 2829 3990 odibilem
2856 3934 3003 3988 fecit.
3034 3934 3126 3987 Ille
3153 3935 3244 4003 qui
3271 3933 3444 3988 tacuit

1857 4029 2109 4084 inventus
2136 4034 2222 4082 est
2265 4025 2516 4095 sapiens;
2575 4023 2679 4078 iste
2721 4023 2850 4092 quia
2896 4023 3164 4093 loquendo
3209 4025 3446 4079 excessit

1856 4119 2074 4178 modum
2111 4119 2366 4173 inventus
2388 4123 2474 4171 est
2503 4129 2725 4184 procax.

1929 4210 2071 4282 Ergo
2093 4209 2328 4283 quamvis
2353 4208 2418 4262 de
2457 4207 2609 4261 bonis
2633 4215 2683 4259 et
2711 4206 2909 4260 sanctis
2935 4205 3006 4258 ad
3033 4204 3440 4274 ardiﬁcationent

1855 4299 2090 4370 eloquiis,
2116 4297 2357 4369 perfectis
2379 4293 2650 4364 discipulis
2677 4303 2888 4364 propter
2907 4291 3284 4347 taciturnitatis
3317 4308 3441 4361 gra-

168 4407 223 4453 et
278 4397 564 4468 diligenter
613 4393 862 4448 allendal
903 4391 1033 4462 quid
1083 4390 1151 4446 de
1210 4388 1352 4444 male
1405 4385 1754 4458 loquentibus
1781 4432 1832 4491 Β
1858 4393 2065 4446 nitatem
2112 4405 2236 4442 rara
2278 4385 2523 4458 loquendi
2565 4383 2885 4438 concedatur
2935 4381 3167 4436 licentia.
3207 4380 3354 4436 Bona
3381 4391 3441 4436 et

165 4489 458 4562 Apostolus
493 4488 657 4552 dicat.
717 4486 808 4539 Ait
843 4485 990 4540 enim
1045 4483 1188 4538 inter
1238 4490 1436 4537 caetera
1501 4477 1753 4550 superius

168 4582 253 4637 rel
283 4580 556 4636 subterius
602 4577 880 4633 nominata
926 4575 1066 4630 mala
1102 4593 1114 4628 :
1143 4571 1324 4646 Neque
1345 4571 1555 4638 ebriosi,
1588 4586 1754 4642 neque

170 4673 432 4738 maledici,
482 4687 646 4742 neque
702 4685 916 4740 rapaces
971 4682 1190 4738 regnum
1257 4665 1360 4718 Dei
1416 4662 1752 4735 possidebunt

171 4767 220 4838 (l
248 4766 371 4820 Cor.
402 4766 501 4837 vi).
543 4764 650 4819 Sed
677 4763 732 4818 in
765 4762 881 4834 lege
917 4759 1178 4816 Dominus
1203 4757 1327 4812 liliis
1355 4756 1519 4812 lsrael
1551 4769 1754 4826 praece-

170 4860 250 4930 pit
274 4859 460 4914 dicens
483 4877 496 4911 :
524 4855 810 4910 Maledicos
832 4871 936 4909 non
960 4855 1102 4907 sinas
1125 4853 1290 4907 vivere
1309 4852 1363 4906 in
1384 4861 1524 4905 terra
1552 4849 1751 4920 (Exod.

171 4951 335 5024 χχιι).
366 4949 444 5018 Ne
462 4964 591 5020 ergo
619 4949 673 5002 in
699 4945 1066 5015 vaniloquium
1109 4941 1309 4999 defluat
1335 4942 1534 5014 lingua,
1569 4941 1757 4995 audia-

170 5061 292 5101 mus
314 5043 446 5114 quid
474 5040 759 5097 Psalmista
787 5038 855 5093 de
879 5035 1190 5106 vaniloquio
1229 5034 1394 5089 dicat.
1435 5033 1526 5086 Ait
1559 5033 1703 5086 enim
1739 5047 1753 5084 :

181 5135 332 5192 Vana
381 5135 542 5189 locuti
589 5141 709 5188 sunt
735 5129 1090 5201 unusquisque
1130 5126 1199 5180 ad
1228 5125 1526 5196 proximum
1555 5138 1709 5177 suum
1736 5135 1756 5174 :

171 5235 314 5292 labia
339 5231 544 5298 dolosa,
573 5232 627 5285 in
651 5229 807 5285 corde
846 5237 892 5282 et
922 5225 1078 5280 corde
1104 5222 1265 5276 locuti
1295 5228 1438 5274 sunt.
1474 5218 1758 5289 Disperdat

173 5326 431 5381 Dominus
463 5323 703 5377 universa
727 5318 868 5373 labia
898 5314 1105 5379 dolosa,
1136 5321 1242 5368 etc.
1275 5308 1448 5383 (Psal.
1472 5306 1572 5380 χι).
1601 5306 1680 5362 Ne
1702 5309 1757 5361 in

175 5415 578 5486 multiloquium
607 5411 1005 5468 inconsiderato
1052 5406 1232 5478 lingua
1260 5403 1436 5467 cadat,
1473 5400 1759 5455 audiamus

177 5513 306 5585 quid
329 5509 586 5566 Salomon
616 5508 777 5569 dicat,
812 5504 944 5560 dicit
968 5502 1113 5557 enim
1151 5517 1164 5554 :
1201 5499 1269 5553 In
1298 5495 1629 5568 multiloquio
1655 5511 1761 5549 nan

178 5601 392 5672 effugies
436 5606 727 5670 peccatum,
765 5594 933 5666 ethui
963 5591 1141 5646 multis
1171 5590 1338 5644 utitur
1378 5587 1568 5653 verbis,
1616 5585 1761 5641 la'dit

175 5693 412 5747 animant
461 5704 610 5744 suam
643 5686 822 5762 (Prov.
859 5683 934 5758 ιι).
969 5682 1221 5740 Ponenda
1245 5687 1329 5738 est
1357 5695 1488 5753 ergo
1515 5677 1760 5736 custoiia

1859 4481 2064 4539 sancta
2087 4489 2142 4537 et
2195 4480 2263 4534 ad
2293 4479 2598 4533 animarum
2623 4474 3035 4530 aedificationem
3063 4481 3186 4543 apta
3228 4473 3444 4528 Domini

1860 4578 1992 4635 dicit
2032 4575 2268 4645 eloquia,
2311 4573 2438 4643 quia
2483 4570 2586 4625 nisi
2635 4569 2817 4624 anima
2847 4567 2954 4622 illis
3001 4566 3320 4637 composita,
3376 4566 3445 4621 ad

1859 4662 2118 4725 basiorum
2162 4666 2388 4721 minimc
2413 4661 2616 4733 poterit
2652 4658 3021 4717 conscendere
3057 4658 3310 4728 patriam,
3349 4665 3446 4712 aut

1859 4777 1982 4818 cum
2009 4759 2214 4816 sanctis
2239 4757 2484 4828 recipere
2534 4754 2774 4826 praemia.
2806 4751 2884 4808 De
2908 4752 2995 4807 his
3021 4750 3166 4805 enim
3215 4749 3445 4820 eloquiis

1859 4851 1991 4908 dicit
2044 4849 2327 4905 Psalmista
2379 4867 2392 4903 :
2440 4845 2669 4918 Eloquia
2735 4843 2950 4899 Domini
3001 4841 3207 4914 eloquia
3260 4852 3444 4896 casta:

1858 4952 2133 5015 argentum
2161 4942 2282 5012 igne
2302 4939 2680 5001 examinatum,
2702 4943 2808 4991 etc.
2845 4934 3018 5007 (Psal.
3048 4933 3147 5006 xl).
3179 4932 3316 4989 llinc
3345 4934 3448 4989 ite-

1860 5051 1978 5090 rum
2005 5035 2118 5104 ipse
2147 5050 2161 5085 :
2188 5031 2406 5086 Iudicia
2433 5029 2532 5082 Dei
2550 5027 2849 5097 justi/icata
2878 5027 2932 5080 in
2963 5027 3274 5097 semetipsa;
3310 5025 3448 5078 desis-

1859 5123 2117 5178 derabilia
2143 5135 2301 5190 super
2322 5134 2512 5172 aurum
2543 5117 2785 5183 multum,
2820 5125 2870 5170 et
2889 5115 3117 5188 lapidem
3138 5117 3444 5185 pretiosum,

1862 5225 1910 5270 et
1941 5214 2181 5269 dulciora
2221 5227 2378 5269 super
2399 5210 2500 5265 mel
2525 5220 2574 5264 et
2605 5207 2783 5279 favum
2814 5197 2988 5280 (Psal.
3020 5207 3200 5277 xvln).
3235 5205 3446 5261 Etenim

1862 5322 2052 5363 servus
2083 5313 2208 5360 tuus
2245 5302 2480 5358 custodit
2514 5316 2580 5356 ea
2611 5319 2624 5353 :
2656 5300 2710 5354 in
2759 5297 3131 5354 custodiendis
3155 5297 3266 5351 illis
3287 5294 3451 5352 retri-

1860 5397 2012 5453 butio
2032 5395 2221 5451 multa.
2252 5393 2392 5448 Hinc
2417 5390 2619 5446 Paulus
2643 5390 2722 5444 ait
2754 5407 2769 5443 :
2795 5387 3001 5443 Scimus
3034 5387 3158 5457 quia
3182 5385 3265 5440 lea:
3285 5385 3446 5448 bona,

1861 5499 1910 5544 et
1951 5498 2158 5555 sancta,
2194 5497 2242 5542 et
2280 5487 2430 5557 justa
2459 5493 2533 5539 est
2565 5482 2616 5556 (1
2653 5481 2789 5536 Tim.
2824 5481 2888 5552 l).
2919 5480 3046 5536 Hice
3071 5487 3199 5534 sunt
3232 5476 3448 5545 eloquia

1864 5580 2103 5636 Domini.
2123 5595 2242 5650 qua:
2270 5576 2624 5635 credentibus
2651 5583 2707 5628 et
2734 5571 3058 5629 facientibus
3097 5584 3162 5624 ea
3187 5576 3449 5622 retentam

1863 5678 2169 5744 praeparant
2207 5669 2395 5727 vitam.
2424 5667 2554 5737 Quae
2583 5673 2805 5738 propter
2840 5661 3228 5719 taciturnitatis
3263 5656 3448 5732 gravi-
