3944 6418
459 304 559 362 807

1725 279 2005 338 SMARAG
2015 278 2078 335 Dl
2117 273 2405 331 ABBATIS

3597 263 3706 320 808

441 397 778 468 voluntates.
807 405 1074 467 Secundo,
1103 402 1148 456 si
1185 416 1289 455 non
1323 414 1497 455 so.um
1523 411 1744 452 suorum
1780 401 2021 457 actuum,
2051 392 2104 452 Α
2129 394 2305 442 tutum
2355 384 2612 456 gradibus
2639 381 2964 452 profundum
2993 378 3194 433 cadunt
3244 377 3301 431 in
3323 384 3624 468 tartarum,
3652 389 3711 432 et

455 519 644 560 verum
697 500 860 554 etiam
910 494 1297 565 cogitationum
1345 491 1423 544 nil
1471 504 1571 544 suo
1626 486 1884 542 celaverit
1927 484 2022 537 ab-

455 596 584 653 bati.
616 591 819 654 Tertio,
850 587 896 641 si
933 585 1008 639 nil
1038 574 1352 639 discretioni
1379 567 1513 641 sine,
1545 577 1637 633 sed
1678 574 1877 646 iudicio
1905 574 2023 643 ejus

454 687 703 741 universa
737 679 1060 740 committat,
1095 688 1159 729 ac
1183 674 1392 728 monita
1418 670 1535 739 ejus
1560 671 1740 725 sciens
1765 685 1827 724 ac
1853 667 2022 721 liben-

455 787 537 832 ter
566 773 846 829 auscultet.
889 769 1095 836 Quarto
1127 805 1140 830 ,
1165 765 1211 820 si
1239 765 1292 818 in
1317 763 1569 818 omnibus
1615 761 1866 816 observet
1892 758 2023 812 obe-

454 866 668 922 dientia:
691 903 705 927 ,
736 856 1166 916 mansuetudinis
1209 853 1590 924 patientiaeque
1634 849 2020 906 constantiam.

451 959 654 1011 Beatus
675 966 804 1021 ergo
829 947 1155 1004 Benedictus
1176 960 1283 1000 non
1321 942 1497 998 solum
1535 941 1588 995 in
1624 949 1859 1010 quatuor
1884 979 1898 1004 ,
1929 937 2024 993 sed

455 1051 509 1104 in
532 1045 815 1102 duodecim
842 1041 1097 1111 gradibus
1122 1051 1387 1092 summam
1405 1043 1568 1102 atque
1591 1031 1888 1101 perfectam
1903 1043 2027 1084 esse

455 1141 626 1196 voluit
648 1145 702 1193 et
725 1135 968 1190 deﬁnivit
993 1131 1376 1188 humilitatem.
1404 1127 1538 1180 Nam
1585 1132 1640 1178 et
1665 1124 1719 1178 in
1747 1124 1849 1176 hoc
1877 1135 2025 1176 sum-

456 1244 545 1282 ma
581 1234 743 1292 atque
774 1221 1012 1292 perfecta
1039 1227 1219 1289 potest
1256 1217 1430 1272 videri
1478 1209 1756 1266 humilitas
1787 1248 1801 1273 ,
1829 1208 1878 1261 si
1903 1207 2027 1276 quis

455 1315 730 1371 humiliter
753 1321 809 1366 et
857 1311 1126 1380 patienter
1169 1306 1391 1378 impleat
1419 1303 1566 1372 quod
1614 1299 1876 1355 Dominus
1905 1297 1980 1350 ait
2009 1313 2024 1350 :

455 1405 569 1474 Ego
596 1412 768 1458 autem
811 1402 930 1455 dico
957 1399 1102 1454 vobis
1128 1414 1234 1452 non
1260 1396 1497 1450 resistere
1523 1390 1686 1456 malo,
1715 1389 1807 1443 sed
1838 1388 1882 1440 si
1909 1385 2028 1456 quis

454 1506 504 1550 te
525 1495 837 1565 percusserit
863 1494 918 1546 in
972 1492 1242 1546 dexteram
1291 1485 1566 1542 maxillam
1594 1523 1610 1549 ,
1640 1483 1812 1555 prwbe
1859 1479 1942 1534 illi
1977 1486 2028 1532 et

453 1589 618 1642 aliam
642 1627 657 1653 ,
685 1595 790 1641 etc.
823 1583 1036 1656 (Matth.
1068 1581 1144 1654 v).
1188 1580 1290 1648 Qui
1317 1581 1463 1634 enim
1515 1577 1621 1632 ista
1673 1574 1944 1645 patienter
1972 1578 2030 1625 et

454 1679 730 1734 humiliter
748 1677 998 1740 sustinet,
1022 1675 1244 1744 insuper
1266 1673 1396 1727 illud
1421 1671 1574 1725 audit
1594 1667 1739 1738 quod
1765 1664 2028 1720 Dominus

449 1766 633 1836 jussit,
661 1766 848 1820 dicens
875 1782 888 1817 :
921 1763 1134 1833 Diligite
1179 1761 1422 1815 inimicos
1463 1767 1662 1813 vestros
1689 1796 1708 1821 ,
1741 1752 2030 1822 benefacite

454 1859 535 1912 his
563 1858 653 1928 qui
704 1856 926 1910 oderunt
973 1871 1082 1918 vos,
1135 1863 1184 1907 et
1233 1861 1380 1906 orate
1405 1867 1499 1920 pro
1526 1844 1948 1920 persequentibus
1978 1850 2028 1895 et

456 1945 900 2000 calumniantibus
925 1960 1036 2007 vos,
1069 1952 1127 1995 ut
1153 1941 1269 1995 sitis
1295 1939 1395 2009 ﬁlii
1433 1938 1610 1992 Patris
1637 1936 1812 1997 vestri,
1849 1933 1940 2003 qui
1974 1932 2031 1984 in

458 2033 600 2088 caelis
629 2043 704 2086 est
731 2032 947 2103 (Matth.
978 2031 1066 2104 v);
1113 2044 1377 2086 smnmam
1426 2027 1559 2082 mihi
1595 2025 1809 2080 videtur
1832 2022 2033 2076 habere

457 2123 818 2179 humilitatem
862 2134 1243 2190 summumque
1283 2116 1606 2174 humilitatis
1638 2123 1827 2170 tenere
1865 2125 2030 2166 cacu-

461 2229 610 2269 men.

532 2303 599 2356 Et
623 2302 695 2357 ad
724 2302 1094 2358 exaltationem
1129 2298 1278 2353 illam
1319 2297 1609 2361 caelestem,
1634 2295 1703 2349 ad
1729 2309 1890 2365 quant
1938 2307 2032 2362 per

454 2396 726 2464 prasentis
753 2396 871 2449 vitta
905 2393 1254 2447 humilitatem
1275 2389 1597 2454 ascenditur,
1626 2387 1864 2442 volumus
1895 2384 2034 2440 velo-

458 2488 590 2541 citer
608 2486 892 2556 pervenire.
911 2483 1309 2538 Exaltationem
1326 2481 1601 2536 ccelestem
1623 2478 1771 2531 illam
1793 2475 1949 2540 dicit,
1965 2475 2036 2529 de

456 2593 567 2648 qua
586 2576 847 2631 Dominus
876 2575 955 2629 ait
994 2592 1008 2628 :
1036 2572 1334 2643 Fulgebunt
1364 2571 1535 2625 sancti
1556 2570 1692 2622 sicut
1725 2565 1806 2621 sol
1831 2566 1887 2620 in
1909 2580 2036 2619 con-

455 2675 638 2738 spectu
689 2665 870 2719 Patris
895 2665 998 2719 mei
1046 2662 1261 2735 (Matth.
1311 2659 1452 2732 Jun).
1485 2661 1554 2714 Et
1593 2660 1660 2714 de
1695 2674 1800 2726 qua
1843 2655 2036 2710 Daniel

461 2757 635 2812 dicit:
667 2755 736 2809 Et
755 2756 843 2826 qui
872 2754 940 2808 ad
953 2754 1224 2824 justitiam
1263 2749 1509 2806 erudiunt
1547 2747 1828 2819 plurimos,
1861 2744 2035 2815 fulge-

461 2847 586 2902 bunt
614 2845 766 2916 quasi
795 2842 1036 2898 stellrein
1056 2851 1332 2913 perpetuas
1355 2839 1678 2894 aeternitates
1704 2836 1870 2909 (Dan.
1903 2838 2028 2908 xu).

461 2938 601 2994 Hinc
639 2945 696 2992 et
734 2935 1020 2992 Psalmista
1058 2934 1175 2988 ait:
1216 2931 1391 2987 Nimis
1439 2931 1657 2986 exaltati
1693 2940 1818 2986 sunt
1873 2931 2035 2984 amici

461 3028 540 3082 tui
570 3068 588 3094 ,
614 3027 791 3092 Deus;
827 3025 981 3080 nimis
1005 3023 1330 3094 confortatus
1375 3032 1451 3076 est
1493 3021 1821 3091 principatus
1849 3035 2032 3078 eorum

461 3117 634 3191 (Psal.
679 3114 962 3188 cxxxvut),
999 3114 1272 3170 Exaltatio
1298 3112 1536 3168 caelestis
1574 3120 1629 3165 et
1671 3126 1882 3166 summa
1924 3119 2027 3172 est,

461 3219 521 3265 ut
545 3209 654 3266 sint
677 3208 850 3264 sancti
895 3205 1146 3261 monachi
1188 3203 1392 3263 similes
1422 3201 1631 3272 angelis
1657 3241 1674 3265 ,
1731 3209 1792 3254 ut
1821 3199 1931 3254 sint
1969 3198 2034 3253 li-

461 3304 516 3358 lii
545 3313 602 3357 et
623 3300 867 3357 heredes
895 3299 989 3354 Dei
1019 3337 1036 3364 ,
1059 3296 1368 3368 cohaeredes
1398 3302 1578 3348 autem
1627 3292 1832 3348 Christi
1861 3331 1876 3358 ,
1903 3301 1960 3346 et
1979 3300 2040 3345 ut

463 3395 684 3454 audiant
719 3408 750 3447 a
796 3392 1057 3446 Domino:
1103 3387 1277 3443 Venite
1310 3427 1326 3454 ,
1378 3387 1634 3442 benedicti
1672 3387 1854 3442 Patris
1891 3387 2034 3450 mei,

373 3501 378 3505 '
460 3485 707 3557 percipite
738 3498 972 3553 regnum,
992 3480 1132 3552 quod
1154 3480 1293 3534 vobis
1329 3487 1574 3550 paratum
1609 3487 1685 3532 est
1729 3479 1796 3532 ab
1839 3479 2038 3548 origine

462 3572 649 3627 mundi
684 3569 900 3644 (Matth.
924 3567 1050 3640 xxv)
1075 3583 1090 3634 ;
1117 3577 1173 3622 et
1202 3575 1263 3622 ut
1285 3566 1450 3622 faciat
1491 3581 1587 3622 eos
1629 3566 1904 3623 ineodem
1950 3582 2038 3622 re-

466 3681 572 3736 gno
585 3663 948 3728 discumbere,
963 3668 1018 3716 et
1036 3659 1306 3716 transiens
1321 3660 1572 3730 dignetur
1588 3658 1669 3715 eis
1692 3658 1872 3715 omnia
1896 3659 2038 3714 bona

470 3756 798 3815 ministrare.

537 3843 755 3898 Actibus
800 3843 991 3906 nostris
1033 3841 1448 3898 ascendentibus.
1478 3841 1630 3898 Tunc
1661 3851 1815 3897 actus
1863 3840 2038 3896 nostri

459 3934 535 3990 ad
559 3948 756 4004 supera
777 3933 916 3987 bene
961 3933 1278 3998 ascendunt,
1308 3931 1524 4001 quando
1551 3932 1618 3988 de
1657 3931 1744 3987 die
1787 3931 1844 3985 in
1891 3929 2038 3984 diem

466 4026 606 4084 bane
632 4024 859 4082 vivendo
904 4023 973 4078 ad
1000 4023 1223 4079 meliora
1251 4021 1574 4092 proﬁciunt;
1607 4022 1824 4093 quando
1868 4019 2038 4075 variis

464 4123 523 4169 et
551 4114 736 4170 multis
766 4113 885 4169 fulti
913 4114 1202 4169 virtutibus
1227 4154 1241 4180 ,
1285 4114 1352 4169 ad
1392 4113 1902 4184 contemplationem
1937 4126 2037 4166 no-

464 4204 850 4262 sttzicreatoris
872 4204 1149 4260 humiliter
1170 4213 1414 4276 surgunt.
1439 4205 1506 4259 Et
1532 4205 1690 4275 quasi
1717 4218 1816 4273 per
1840 4201 2040 4274 gradus

463 4295 534 4349 ad
552 4283 820 4352 viaionem
850 4293 993 4348 illius
1016 4309 1113 4364 per
1143 4295 1336 4350 animae
1372 4296 1599 4350 virtutes
1640 4293 2038 4359 conscendunt.

2125 475 2380 544 impletur
2409 475 2464 528 in
2488 473 2570 528 eis
2595 491 2608 525 :
2636 472 2820 525 Omnis
2853 471 2945 541 qui
2988 486 3042 523 se
3087 468 3285 522 exultat
3309 467 3709 536 humiliabitttr,

2125 574 2174 617 et
2200 566 2292 634 qui
2323 580 2378 618 se
2407 563 2650 617 huntiliat
2671 561 2990 615 excitabitur
3018 559 3167 630 (Luc.
3189 559 3323 631 xxv).

2195 653 2353 707 Scala
2397 670 2515 708 vero
2540 655 2655 723 ipsa
2693 660 2886 716 erecta,
2917 659 3097 704 nostra
3119 651 3319 704 estvita
3341 649 3553 711 saeculo,
3586 665 3710 720 qua:

2123 742 2398 798 humiliato
2427 744 2583 797 corde
2623 758 2656 795 a
2683 741 2918 804 Domino,
2960 740 3184 809 erigitur
3208 740 3278 792 ad
3319 739 3523 793 calum.
3551 739 3707 794 Tunc

2124 833 2290 898 scala,
2340 833 2394 887 id
2415 841 2500 887 est
2526 833 2636 886 vita
2676 839 2861 886 nostra
2885 871 2900 895 ,
2943 830 3013 884 ad
3033 829 3231 885 cadum
3252 829 3390 883 bene
3411 843 3444 882 a
3474 828 3708 884 Domino

2122 925 2616 995 erigitur,-quando
2637 925 2802 979 corda
2827 933 3011 977 nostra
3041 937 3167 977 cum
3195 922 3446 976 manibus
3473 962 3488 986 ,
3520 922 3575 975 id
3621 931 3711 977 est

2124 1030 2250 1070 cum
2266 1014 2422 1069 bonis
2445 1014 2718 1082 operibus,
2750 1028 2781 1065 a
2811 1013 2966 1067 nobis
2985 1026 3202 1066 sursum
3223 1010 3499 1075 levantur;
3531 1025 3706 1079 quan-

2125 1104 2216 1170 do,
2255 1106 2550 1159 secundum
2601 1103 2845 1173 Apostoli
2888 1102 3362 1157 commonitionem
3391 1141 3404 1164 ,
3439 1116 3559 1171 quae
3585 1117 3707 1156 sur-

2125 1209 2245 1249 sum
2275 1202 2402 1248 sunt
2430 1192 2687 1262 sapimus,
2723 1207 2830 1246 non
2857 1206 2980 1260 qua:
3007 1206 3172 1260 super
3193 1199 3395 1245 terram
3430 1208 3443 1244 :
3479 1191 3700 1260 quando

2127 1283 2196 1339 ad
2221 1283 2420 1339 caelum
2456 1284 2790 1353 suspiraan
2829 1282 3075 1338 cmlestia
3108 1281 3434 1335 meditamur
3459 1291 3516 1336 et
3559 1295 3681 1350 qum

2126 1375 2298 1430 rimus
2331 1391 2346 1440 ;
2388 1375 2604 1444 quando
2641 1389 2706 1429 ea
2732 1389 2853 1444 quae
2875 1382 3020 1428 retro
3052 1380 3180 1428 sunt
3207 1373 3583 1428 obliviscimur
3602 1412 3622 1440 ,
3651 1383 3706 1428 et

2127 1471 2197 1521 ad
2221 1482 2284 1522 ea
2309 1482 2428 1537 qum
2453 1466 2510 1520 in
2533 1475 2658 1524 ante
2681 1475 2809 1521 sunt
2832 1482 2931 1522 nos
2951 1465 3292 1520 extendimus
3316 1482 3331 1530 ;
3357 1465 3571 1536 quando
3592 1475 3706 1520 tota

2133 1557 2333 1612 mentis
2379 1556 2676 1611 intentione
2725 1556 2795 1611 ad
2842 1554 3078 1625 palmam
3132 1555 3409 1624 sequimur
3459 1570 3709 1624 superum

2129 1647 2471 1715 vocationis;
2512 1648 2728 1718 quando
2751 1647 2818 1702 de
2847 1646 3159 1702 cmlestibus
3203 1646 3530 1701 meditantes
3582 1662 3707 1701 cum

2057 1731 2107 1790 B
2133 1737 2302 1792 Paulo
2338 1738 2519 1793 dicere
2538 1751 2826 1808 possumus
2853 1755 2866 1790 :
2897 1735 3097 1790 Nostra
3111 1745 3284 1790 autem
3307 1737 3625 1790 conversatio
3654 1737 3710 1790 in

2133 1828 2275 1883 cretis
2301 1838 2374 1883 est
2398 1827 2564 1899 (Phil.
2590 1827 2693 1900 ιιι).

2203 1919 2393 1972 Latere
2415 1919 2553 1972 enim
2573 1917 2731 1987 hujus
2753 1918 2930 1984 scalte,
2959 1917 3182 1971 dicimus
3206 1925 3441 1970 nostrum
3465 1932 3576 1970 esse
3599 1932 3713 1969 cor-

2131 2026 2231 2080 pus
2255 2017 2303 2062 et
2329 2007 2584 2061 animam.
2610 2007 2845 2062 Proinde
2870 2014 3051 2060 autem
3073 2016 3128 2062 et
3156 2006 3432 2076 sapienter
3463 2015 3710 2060 nostrum

2133 2115 2334 2171 corpus
2359 2107 2414 2154 et
2442 2099 2678 2153 animam
2707 2100 2868 2171 hujus
2882 2099 3043 2154 scala:
3071 2099 3176 2154 duo
3201 2099 3332 2154 dicit
3361 2112 3480 2154 esse
3500 2099 3670 2152 latera
3695 2115 3711 2163 ;

2131 2193 2257 2262 quia
2283 2209 2350 2248 ex
2387 2201 2617 2262 utroque
2654 2193 2832 2248 omnis
2881 2193 3044 2247 homo
3095 2191 3428 2260 compositus
3472 2198 3711 2254 constat,

2130 2292 2188 2339 et
2210 2299 2309 2354 pro
2333 2297 2521 2338 amore
2545 2283 2745 2338 Christi
2773 2292 2828 2338 et
2852 2284 2962 2336 vita
2990 2291 3191 2336 aeterna
3222 2296 3286 2336 ex
3311 2293 3542 2350 utraque
3579 2281 3711 2335 sub-

2132 2376 2354 2442 stantia,
2369 2390 2490 2446 qua:
2509 2373 2783 2445 pmvalet,
2802 2373 2912 2442 agit
2937 2372 3110 2438 bona;
3137 2380 3193 2426 et
3218 2372 3342 2425 utin
3367 2370 3713 2425 resurrectio-

2134 2466 2219 2520 nis
2249 2465 2418 2537 gloria
2447 2465 2501 2518 in
2531 2472 2762 2534 utraque
2801 2463 3106 2518 substantia
3143 2461 3345 2516 laboris
3369 2461 3452 2516 sui
3485 2460 3715 2530 recipiat

2133 2556 2378 2628 przcmia,
2403 2555 2456 2609 in
2475 2561 2704 2624 utraque
2725 2551 3026 2608 substantia
3049 2550 3280 2606 sollicite
3309 2551 3505 2620 satagit
3528 2549 3712 2604 Domi-

2136 2647 2192 2702 ni
2226 2644 2502 2699 custodire
2530 2643 2806 2698 mandata.
2836 2641 2987 2697 Tunc
3011 2641 3157 2696 enim
3182 2648 3348 2696 totam
3375 2648 3620 2695 nostram
3647 2639 3715 2694 ad

2135 2737 2332 2793 ctelum
2359 2735 2618 2806 erigimus
2639 2733 2860 2797 scalam,
2892 2732 3109 2802 quando
3133 2731 3428 2786 auxiliante
3475 2731 3586 2785 Deo
3626 2745 3718 2784 no-

2135 2836 2251 2882 stra
2277 2826 2440 2882 etiam
2463 2826 2517 2880 in
2545 2825 2782 2880 hostiam
2803 2822 3080 2878 offerimus
3099 2820 3175 2876 illi
3197 2830 3252 2876 et
3274 2836 3524 2891 corpora,
3552 2821 3715 2876 obse-

2137 2928 2330 2975 crante
2351 2934 2452 2972 nos
2469 2916 2730 2988 Apostolo
2756 2932 2821 2971 ac
2837 2915 3050 2971 dicente
3081 2933 3094 2968 :
3118 2912 3344 2968 Obsecro
3369 2930 3478 2980 vos,
3501 2913 3715 2983 fratres,

2142 3028 2235 3082 per
2261 3009 2672 3064 misericordiam
2720 3005 2838 3074 Dei,
2867 3016 2922 3060 ut
2966 3004 3249 3060 exhibeatis
3288 3020 3510 3075 corpora
3544 3015 3715 3058 vestra

2147 3103 2370 3156 hostiam
2393 3102 2665 3165 viventem,
2714 3106 2974 3164 sanctam,
3004 3095 3116 3150 Deo
3141 3093 3454 3166 placentem,
3483 3095 3718 3148 rationa-

2142 3191 2242 3247 bile
2271 3192 2572 3263 obsequium
2596 3198 2820 3244 vestrum
2851 3187 3032 3258 (Rom.
3059 3187 3182 3256 xu).
3215 3185 3374 3240 Scala
3396 3201 3428 3240 a
3458 3184 3721 3240 scanden~

2141 3285 2231 3351 do,
2249 3284 2308 3340 id
2329 3292 2412 3340 est
2436 3282 2797 3346 ascendendo,
2825 3293 3022 3334 nomen
3065 3279 3296 3348 accepit,
3335 3293 3455 3348 qua:
3482 3293 3589 3333 non
3622 3274 3720 3330 ab-

2142 3387 2224 3432 ter
2239 3375 2502 3448 perfecta,
2527 3374 2631 3428 nisi
2657 3372 2916 3427 lateribus
2941 3378 2995 3426 et
3025 3369 3280 3440 gradibus
3303 3377 3536 3425 constat.

2211 3464 2278 3520 In
2294 3483 2411 3537 qua:
2431 3464 2598 3518 latera
2627 3463 2862 3517 diversos
2887 3460 3084 3531 gradus
3109 3459 3422 3514 humilitatis
3454 3459 3535 3514 vel
3561 3460 3720 3515 disci-

2137 3555 2298 3628 plina:
2314 3555 2544 3610 evocatio
2557 3553 2735 3607 divina
2757 3551 3112 3606 ascendendos
3135 3551 3372 3605 inseruit.
3396 3549 3609 3606 Gradus
3632 3549 3720 3605 isti

2141 3643 2462 3700 humilitatis
2486 3649 2544 3698 et
2568 3639 2867 3711 disciplina:
2913 3640 3199 3707 dicuntur,
3230 3643 3358 3710 quia
3405 3641 3520 3696 ista:
3547 3641 3721 3696 ambae

2139 3736 2368 3791 virtutes
2407 3733 2792 3805 pulcherrima:
2835 3733 2939 3788 sibi
2967 3733 3199 3789 invicem
3230 3733 3545 3788 sociantur:
3595 3733 3723 3803 quia

2141 3841 2302 3900 quem
2359 3825 2642 3880 humilitas
2695 3833 3039 3878 mansuetum
3072 3865 3088 3890 ,
3137 3823 3434 3894 disciplina:
3487 3824 3724 3878 eruditio

2141 3918 2417 3989 componit
2453 3925 2510 3973 et
2539 3915 2670 3971 facit
2707 3915 2951 3980 doctum,
2990 3925 3044 3970 et
3073 3929 3230 3984 quem
3277 3915 3554 3970 humilitas
3577 3923 3724 3969 tran-

2141 4009 2368 4081 quillum
2390 4017 2446 4063 et
2465 4008 2671 4074 mitem,
2711 4009 3009 4080 disciplinae
3029 4007 3262 4062 eruditio
3286 4005 3420 4061 facit
3439 4004 3722 4076 providum

2141 4111 2198 4159 et
2225 4101 2542 4174 sapientem.
2576 4100 2713 4168 Quia
2761 4101 3026 4172 scriptum
3053 4107 3135 4154 est
3169 4117 3182 4152 :
3221 4097 3501 4152 Neminem
3551 4096 3721 4168 diligit

2143 4193 2310 4260 Deus,
2335 4194 2437 4248 nisi
2466 4210 2585 4252 eum
2617 4195 2850 4264 quicum
2888 4192 3146 4266 sapientia
3180 4201 3538 4246 conmtoratur
3573 4187 3723 4261 (ευρ.

2141 4285 2266 4366 vn),
2298 4299 2521 4359 necesse
2546 4293 2631 4338 est
2671 4293 2732 4339 ut
2781 4283 3069 4339 humilitati
3114 4282 3399 4356 disciplina
3423 4281 3723 4352 jungatur;

466 4385 625 4440 itaut
659 4384 726 4439 de
752 4383 906 4440 nobis
923 4383 1132 4438 dicatur
1155 4398 1168 4436 :
1199 4382 1356 4438 Ibunt
1383 4384 1448 4438 de
1469 4384 1658 4437 virtute
1677 4383 1733 4437 in
1765 4384 2034 4450 virtutem,
2063 4417 2118 4476 Β
2142 4377 2266 4448 quia
2281 4376 2512 4432 eruditio
2535 4374 2828 4447 disciplinae
2848 4382 3032 4430 custos
3052 4381 3136 4427 est
3172 4372 3516 4453 humilitatis,
3551 4380 3606 4426 et
3635 4371 3725 4425 hu-

460 4483 517 4532 ιε
537 4475 794 4530 videbitur
823 4473 962 4529 Deus
983 4475 1199 4532 deorum
1235 4476 1294 4530 in
1321 4474 1450 4532 Sion
1477 4474 1646 4546 (Psal.
1675 4477 1930 4546 uuln).
2032 4531 2036 4538 ,

533 4562 696 4622 Scala
717 4563 819 4621 illa
829 4565 1083 4635 erigenda
1110 4576 1184 4620 est
1219 4581 1336 4636 qua:
1362 4565 1420 4620 in
1444 4566 1646 4620 somnio
1673 4565 1839 4621 Iacob
1879 4584 2043 4638 appa—

467 4655 596 4720 ruit,
623 4671 890 4726 perquam
917 4655 966 4710 ei
1009 4655 1382 4710 descendentes
1421 4664 1467 4709 et
1503 4656 1838 4711 ascendentes
1869 4657 2043 4727 angeli

469 4743 898 4800 monstrabantur
927 4741 1088 4817 .(Gen.
1119 4743 1333 4815 xxviii).
1382 4741 1506 4797 Non
1538 4744 1683 4797 aliud
1721 4746 1833 4800 sine
1882 4746 2043 4802 dubio

468 4836 747 4890 descensus
800 4835 888 4889 ille
931 4844 978 4891 et
1021 4851 1266 4890 ascensus
1297 4851 1331 4887 a
1361 4834 1513 4889 nobis
1552 4834 1863 4906 intelligitur
1891 4879 1907 4904 ,
1941 4840 2044 4895 nisi

472 4922 787 4979 exultatione
805 4925 1113 4978 descendere
1143 4932 1190 4976 et
1211 4921 1502 4977 humilitate
1526 4924 1820 4981 ascendere.
1847 4926 2048 4995 Quam-

476 5017 559 5071 vis
583 5015 675 5072 alii
729 5015 979 5071 doctores
1031 5014 1188 5070 aliter
1217 5013 1359 5070 hanc
1405 5015 1702 5072 voluissent
1746 5018 2048 5088 intelligere

479 5106 705 5172 scalam,
735 5113 789 5160 et
819 5103 1037 5174 angelos
1066 5105 1456 5162 descendentes
1475 5115 1528 5162 et
1565 5111 1921 5168 ascendentes
1945 5128 2048 5182 per

476 5211 594 5253 eam
621 5214 635 5250 :
666 5197 859 5250 beatus
889 5202 1067 5250 tamen
1097 5195 1418 5254 Benedictus
1446 5210 1688 5257 nostram
1715 5202 1774 5258 in
1792 5201 1900 5259 hoc
1927 5204 2047 5260 loco

479 5283 646 5340 voluit
691 5271 990 5353 intelligere
1036 5283 1226 5352 vitam,
1280 5303 1401 5358 quae
1439 5289 1733 5347 virtutibus
1763 5292 1927 5362 plena
1971 5295 2046 5351 ad

479 5374 676 5430 escium
698 5380 782 5430 est
824 5372 1064 5442 quotidie
1103 5375 1376 5446 erigenda.
1423 5377 1658 5448 Angelos
1689 5395 1820 5436 vero
1860 5396 2052 5437 ascen-

482 5466 670 5523 dentes
689 5475 746 5523 et
781 5467 1172 5523 descendentes
1205 5469 1414 5525 animas
1435 5470 1703 5525 intellexit
1731 5471 1786 5526 in
1815 5475 2050 5545 regulari

483 5556 592 5611 vita
620 5557 889 5628 degentes.
918 5555 994 5612 De
1023 5557 1222 5626 quibus
1259 5559 1379 5614 alia:
1405 5575 1463 5616 se
1490 5559 1823 5616 humiliando
1853 5579 2047 5619 ascen-

483 5643 702 5744 dnntad
729 5649 944 5718 ctelum,
974 5649 1094 5705 alia:
1128 5661 1257 5702 vero
1286 5650 1659 5722 superbientes
1681 5649 1747 5708 de
1783 5652 1914 5724 ipsis
1939 5655 2051 5712 vir-

2145 4442 2346 4522 utilitas
2373 4442 2695 4539 temperatio
2716 4471 2800 4519 est
2829 4463 3171 4519 eruditionis.
3195 4442 3472 4518 .Evocatio
3501 4461 3720 4527 dicitur,

2144 4554 2360 4626 quando
2377 4547 2446 4612 ad
2473 4569 2746 4610 summum
2772 4553 2990 4616 bellum,
3040 4569 3148 4608 non
3177 4552 3350 4607 solum
3380 4551 3601 4616 milites,
3631 4551 3726 4605 sed

2143 4647 2308 4702 etiam
2333 4647 2515 4703 caeteri
2546 4654 2830 4702 vocantur.
2873 4645 3026 4702 Unde
3081 4655 3136 4702 et
3173 4661 3410 4702 evocare
3440 4686 3457 4713 ,
3495 4647 3727 4701 educere

2144 4754 2242 4793 seu
2286 4753 2593 4812 provocare
2639 4737 2981 4808 intelligitur.
3011 4737 3167 4808 Quod
3194 4739 3419 4795 verbum
3439 4747 3568 4810 apte
3597 4738 3728 4794 satis

2144 4830 2247 4884 hoc
2270 4829 2324 4883 in
2338 4828 2461 4884 loco
2489 4837 2576 4885 est
2596 4829 2857 4902 positum,
2885 4829 3012 4900 quia
3040 4830 3181 4886 utad
3202 4829 3508 4886 bellandum
3539 4840 3727 4885 contra

2154 4921 2426 4979 diabolum
2480 4920 2764 4978 duodecim
2835 4923 3094 4994 gradibus
3151 4923 3477 4978 humilitatis
3535 4924 3727 4978 armati

2153 5011 2366 5071 lontiter
2393 5031 2805 5088 consurgamus,
2837 5017 3080 5087 quotidie
3108 5033 3138 5070 a
3167 5017 3397 5076 Domino
3418 5032 3725 5081 evocantur,

2153 5109 2438 5166 educimur
2472 5125 2537 5164 ac
2566 5125 2926 5180 provocamur
2968 5129 2988 5164 ,ε
3019 5117 3073 5164 ιιι
3107 5110 3197 5164 illo
3220 5110 3356 5165 duce
3385 5108 3452 5164 de
3501 5108 3726 5164 victoria

2154 5202 2548 5273 triumphantes
2576 5202 2642 5255 ad
2664 5200 2924 5257 caelorum
2967 5216 3131 5273 regna
3177 5215 3282 5273 per
3317 5198 3598 5255 duodecim
3631 5199 3728 5252 hu-

2154 5291 2398 5349 militatis
2458 5291 2660 5364 gradus
2722 5293 3078 5352 ascendentes
3147 5291 3534 5364 perveniamus
3596 5304 3728 5358 gau-

2153 5382 2364 5440 dentes.

2549 5458 2623 5509 De
2651 5461 2804 5524 primo
2833 5461 3125 5511 humilitatis
3158 5460 3336 5522 gradu.

2225 5562 2438 5616 Primus
2486 5564 2660 5634 itaque
2705 5563 3017 5619 humilitatis
3065 5563 3261 5634 gradus
3286 5573 3382 5628 est,
3425 5563 3469 5616 si
3495 5563 3731 5615 timorem

2154 5656 2250 5711 Dei
2277 5656 2376 5712 sibi
2405 5664 2526 5741 ante
2550 5655 2724 5712 oculos
2752 5673 2951 5728 semper
2972 5673 3187 5728 ponens.
3220 5655 3410 5712 Merito
3432 5655 3573 5710 inter
3595 5653 3726 5708 duo-
