3944 6418
220 220 331 276 Seu

1269 216 1622 279 (ῙΟΜΜΕᾹΤ.
1667 214 1732 270 ΙΝ
1774 216 1930 270 RBG.
1972 218 2030 270 Ξ.
2071 217 2449 273 BENEDlCTl.

3392 222 3498 277 8l0

227 334 400 392 decim
422 329 526 385 iste
556 330 760 400 gradus
786 326 916 385 ριίιι
947 329 1232 403 dignitate,
1268 339 1321 385 et
1352 330 1406 383 in
1432 329 1622 384 ordine
1648 329 1805 398 poni-
1833 335 1880 392 Α
1911 336 2175 385 temnunt.
2201 331 2370 386 Deum
2398 333 2543 387 enim
2572 333 2822 388 monachi
2871 343 3245 402 contemnunt,
3276 340 3495 406 quando

230 439 321 482 tur
351 425 583 496 primus.
614 423 736 478 ideo
764 423 972 494 primus
1002 423 1055 478 in
1098 424 1310 488 ordine,
1342 423 1468 492 quia
1495 424 1707 494 primus
1735 431 1820 479 est

228 518 284 570 iu
333 512 686 585 cogitatione,
738 512 792 567 in
832 513 995 569 corde
1032 520 1088 568 et
1123 512 1419 567 voluntate.
1445 511 1574 568 ideo
1614 513 1820 582 primus

223 615 312 660 est
338 605 396 659 in
428 603 715 675 dignitate,
744 603 871 673 quia
907 618 938 656 a
968 603 1201 659 Domino
1255 601 1445 672 incipit
1492 602 1703 657 timere.
1743 601 1820 655 De

230 695 427 749 timore
452 693 594 748 enim
627 693 888 762 scriptum
913 702 998 748 est
1030 712 1044 746 :
1089 692 1312 749 Initium
1350 694 1624 764 sapientia:
1664 694 1823 747 timor

233 783 446 837 Domini
478 795 497 834 :
523 791 569 835 et
596 782 755 835 timor
784 781 996 836 Domini
1021 781 1303 851 disciplina
1328 782 1619 853 sapientia'.
1645 780 1825 835 Timor

231 874 449 929 Domini
470 871 664 943 gloria,
695 882 744 927 et
772 872 1043 942 gloriatio,
1066 883 1113 927 et
1142 873 1415 939 thitia,et
1438 891 1629 928 corona
1650 874 1824 928 exsul-

228 962 449 1017 tationis
478 975 496 1012 :
523 969 573 1015 et
600 960 745 1014 dabit
776 960 1016 1014 ltetitiam
1050 970 1099 1017 et
1146 963 1400 1033 gaudium
1444 964 1500 1018 in
1540 963 1825 1034 longitudi-

233 1069 352 1106 nem
383 1051 594 1105 dierum
616 1050 808 1122 (Eccli.
830 1051 892 1121 ι).
916 1051 1042 1107 Haec
1067 1054 1250 1107 omnia
1276 1055 1507 1121 Lona,e'.
1528 1055 1631 1108 alia
1655 1056 1822 1110 multa

237 1142 347 1196 illis
378 1142 545 1196 timor
568 1141 783 1195 Domini
812 1142 1163 1209 ministrabit,
1199 1144 1291 1213 qui
1320 1144 1464 1198 illmn
1497 1145 1599 1199 sibi
1625 1146 1825 1216 jugiter

236 1239 366 1286 ante
405 1231 593 1286 oculos
619 1232 919 1301 posuerint,
949 1241 1005 1286 et
1049 1248 1173 1287 cum
1220 1234 1383 1287 beato
1408 1232 1510 1289 Job
1536 1235 1777 1290 dixerint
1805 1255 1819 1291 :

240 1323 412 1390 Quasi
438 1335 693 1378 tumentes
714 1326 912 1389 ﬂuctus
936 1342 1093 1391 super
1121 1343 1201 1381 me
1228 1344 1436 1398 semper
1459 1329 1612 1383 timui
1636 1329 1822 1384 Domi-

236 1432 388 1480 num,
417 1425 465 1469 et
484 1417 692 1487 pondus
720 1416 834 1486 ejus
862 1417 1001 1486 ferre
1018 1433 1121 1470 non
1148 1419 1295 1488 potui
1326 1418 1447 1490 (Job
1479 1420 1649 1490 XXXI).

311 1506 634 1562 Oblivionem
658 1508 869 1562 omnino
889 1509 1080 1579 fugiat.
1119 1510 1253 1576 Quia
1280 1510 1336 1564 in
1368 1527 1475 1567 uno
1516 1512 1695 1569 cordis
1726 1512 1826 1569 ba-

236 1600 477 1657 bitaculo
505 1617 609 1656 non
635 1609 815 1672 potest
840 1603 1103 1658 memoria
1149 1604 1359 1673 pariter
1381 1614 1437 1660 et
1466 1607 1666 1663 oblivio
1693 1609 1824 1664 reti-

1920 421 2108 476 abbati
2154 438 2252 476 suo
2296 422 2517 477 obedire
2568 432 2827 490 renuunt,
2854 432 2908 480 et
2947 426 3083 481 dura
3125 428 3342 484 cervice
3368 431 3506 485 resi-

1921 521 2088 568 stunt.
2124 515 2198 569 De
2226 516 2480 570 omnibus
2499 518 2649 571 enim
2683 533 2712 571 a
2744 533 2803 574 sc
2830 520 3010 575 missis
3056 523 3503 593 przrdicatoribus

1922 602 2185 658 Dominus
2214 605 2289 658 ait
2319 624 2330 657 :
2368 604 2472 669 Qui
2496 621 2584 659 eos
2631 608 2802 673 audit,
2835 624 2917 663 me
2943 610 3135 676 audit;
3182 621 3231 665 et
3276 615 3370 683 qui
3413 632 3501 669 ros

1921 696 2141 765 spernit,
2162 712 2244 748 me
2263 698 2459 767 spernit
2478 695 2635 768 (Luc.
2660 700 2738 770 ι).
2764 699 2874 755 Hos
2894 709 3075 756 autem
3095 713 3504 762 contemnentes

1923 794 1977 839 et
1999 785 2211 839 abbatis
2235 794 2503 856 praecepta
2523 786 2670 857 justa
2692 790 3071 860 despicientes,
3094 804 3241 849 recte
3262 797 3503 866 gebenna

1925 875 1991 930 de
2018 876 2259 946 peccatis
2282 877 2542 943 incendit,
2568 879 2823 949 quoniam
2852 883 3083 937 evadere
3111 887 3432 955 potuissent,
3461 893 3505 945 si

1924 964 2138 1020 Domini
2183 975 2238 1020 et
2289 967 2499 1023 abbatis
2547 969 2631 1023 sui
2684 973 2975 1041 praeceptis
3019 973 3504 1045 obtemperassent.

1925 1056 2092 1123 Quasi
2116 1058 2260 1112 enim
2287 1058 2428 1128 ignis
2456 1058 2620 1129 ligna,
2653 1062 2735 1116 sic
2786 1062 3034 1133 gebenna
3080 1065 3504 1126 inobedientium

1927 1151 2121 1221 recipit
2142 1160 2391 1222 peccata.
2422 1152 2491 1207 Et
2515 1153 2655 1208 sicut
2679 1155 2824 1225 ignis
2872 1158 3220 1216 succenditur
3239 1177 3305 1217 ex
3328 1161 3507 1235 lignis,

1925 1243 2006 1297 sic
2033 1244 2283 1313 gebenna
2326 1259 2357 1297 a
2406 1253 2841 1316 contemptorem
2884 1249 2979 1303 Dei
3014 1254 3363 1310 succenditur
3387 1272 3513 1328 pec-

1925 1334 2063 1387 catis
2092 1351 2117 1386 :~
2134 1340 2194 1386 ut
2215 1330 2657 1405 unumquemque
2678 1338 2972 1392 secundum
2987 1343 3348 1409 quantitatem
3379 1361 3510 1403 suo-

1924 1437 2045 1476 rum
2068 1423 2278 1478 cruciet
2297 1424 2638 1479 delictorum.
2668 1425 3052 1499 Unusquisque
3080 1432 3226 1486 enim
3244 1445 3506 1503 quantum

1925 1510 2189 1580 gehenme
2208 1512 2604 1568 ministraverit
2623 1524 2872 1586 peccata,
2887 1524 3100 1574 tantum
3122 1522 3227 1577 sibi
3250 1525 3513 1594 gebenna:

1929 1600 2067 1670 ignis
2088 1602 2326 1658 incendit
2352 1604 2646 1661 ﬂammam.
2668 1606 2944 1674 Quantum
2971 1616 3343 1686 unusquisque
3385 1634 3514 1689 pec-

240 1694 380 1758 neri,
413 1709 637 1749 necesse
663 1703 748 1749 est
796 1704 910 1749 uta
950 1696 1208 1751 cordibus
1247 1698 1450 1753 nostris
1494 1699 1823 1755 oblivionem
1854 1706 1899 1764 Β
1927 1700 2175 1747 calorum
2205 1709 2387 1749 secum
2410 1694 2711 1766 portaverit
2753 1702 2918 1775 ligna,
2953 1716 3163 1765 tantum
3190 1713 3362 1769 miser
3387 1730 3513 1770 cru—

236 1785 511 1855 pellamus
542 1780 808 1852 noCivam,
838 1796 893 1842 et
923 1788 1256 1844 retineamus
1308 1792 1630 1847 memoriam
1655 1792 1823 1862 proﬂ-

241 1892 424 1931 cuam.
455 1873 588 1931 Cum
621 1878 764 1931 enim
816 1892 845 1931 a
881 1878 1119 1933 claustro
1169 1881 1349 1935 cordis
1384 1882 1584 1937 oblivio
1614 1882 1827 1953 fugatur

239 1969 523 2033 damnosa,
552 1977 679 2024 tunc
707 1970 762 2024 in
789 1970 943 2025 nobis
972 1970 1255 2026 fructifera
1304 1973 1520 2038 crescit,
1549 1985 1605 2029 et
1630 1975 1827 2029 redun-

247 2061 342 2115 dat
375 2061 659 2125 memoria,
689 2077 809 2132 quae
834 2063 991 2117 nobis
1023 2072 1150 2118 ante
1170 2065 1359 2120 oculos
1399 2066 1616 2132 mentis,
1645 2076 1700 2121 et
1726 2067 1831 2122 Do-

243 2155 377 2209 mini
406 2164 674 2225 prmeepta
706 2155 822 2226 ejus
849 2156 1083 2222 reducit,
1114 2166 1165 2212 et
1194 2160 1466 2228 quomodo
1513 2160 1585 2215 illi
1616 2161 1831 2230 placea-

245 2263 388 2313 mus,
413 2256 467 2300 et
492 2245 606 2314 ejus
618 2254 890 2316 praecepta
907 2248 1184 2303 custodire
1216 2250 1506 2319 possimus,
1538 2251 1829 2322 diligenter

246 2336 500 2406 inquirit,
530 2345 585 2390 et
613 2351 730 2406 quae
758 2334 1026 2403 facienda,
1049 2345 1105 2392 et
1124 2354 1243 2407 qua:
1269 2355 1376 2393 non
1403 2339 1647 2396 facienda
1678 2351 1825 2408 sunt,

250 2426 544 2496 vigilanter
569 2424 819 2479 intendit.
857 2425 994 2480 llinc
1016 2423 1326 2481 Juda‘orum
1362 2429 1616 2499 populum
1648 2429 1831 2486 Domi-

246 2532 352 2571 nus
383 2515 638 2570 admouet
672 2517 856 2571 dicens
889 2534 902 2568 :
937 2514 1154 2572 Custodi
1200 2520 1364 2589 igitur
1402 2523 1756 2593 temetipsum,
1781 2533 1829 2578 et

244 2608 479 2661 animum
505 2618 648 2661 tuam
676 2607 916 2675 sol'icite,
945 2619 991 2662 et
1023 2626 1085 2663 ne
1130 2609 1453 2665 obliviscaris
1484 2612 1692 2666 verbum
1722 2614 1831 2669 Do-

249 2697 399 2761 mini,
425 2707 472 2750 et
505 2715 566 2751 ne
596 2699 850 2752 excedant
872 2698 935 2752 de
963 2699 1118 2754 corde
1147 2709 1236 2753 tuo
1260 2703 1462 2757 cunctis
1491 2702 1673 2758 diebus
1714 2705 1829 2760 rita:

248 2799 354 2841 tua:
383 2787 558 2860 (Deut.
597 2790 694 2861 tv).
727 2789 865 2845 Hinc
906 2790 1192 2847 Psalmista
1216 2793 1294 2846 ait
1327 2810 1340 2846 :
1374 2792 1621 2860 Benedic,
1648 2797 1829 2851 anima

246 2893 388 2943 mea,
417 2876 658 2945 Domino,
701 2888 753 2933 et
805 2879 913 2934 noli
953 2881 1185 2937 oblivisci
1228 2900 1404 2938 omnes
1461 2886 1828 2945 retributiones

244 2969 363 3039 cjus
396 2969 566 3041 (Psal.
606 2972 1020 3043 011).,Memoria
1052 2975 1265 3031 timoris
1314 2976 1528 3033 Domini
1577 2978 1709 3036 facit
1734 2981 1831 3037 ho-

251 3057 452 3111 minem
483 3066 721 3125 cautum,
754 3061 1079 3128 modestum,
1100 3063 1330 3134 justum,
1386 3075 1599 3122 rectum
1648 3078 1703 3124 et
1726 3070 1827 3126 bo-

250 3155 494 3214 nestum,
542 3149 714 3218 pium,
769 3150 1083 3223 benignum,
1138 3153 1566 3223 misericordem,
1600 3161 1835 3230 pruden-

250 3246 378 3301 tem,
408 3238 683 3302 humilem,
710 3240 919 3307 mitem,
942 3243 1182 3298 sobrium
1210 3253 1265 3300 et
1299 3246 1351 3300 in
1392 3249 1645 3304 omnibus
1665 3252 1833 3307 actio-

252 3326 414 3381 nibus
444 3337 799 3398 temperatum
839 3340 893 3383 et
934 3333 1239 3402 providum.
1266 3334 1308 3389 E
1333 3338 1608 3392 contrario
1634 3340 1833 3397 mentis

247 3416 449 3471 oblivio
477 3417 606 3471 facit
635 3419 908 3473 hominem
958 3421 1206 3488 stultum,
1248 3424 1546 3493 incautum,
1578 3427 1831 3493 insensa-

252 3521 391 3573 tum,
442 3508 667 3577 fatuum,
719 3509 1103 3580 improvidum,
1155 3514 1436 3585 injustum,
1486 3515 1829 3587 injuriosum,

252 3596 594 3661 iracundum,
624 3597 883 3664 invidum,
927 3600 1222 3670 impurum,
1276 3604 1566 3673 immitem,
1605 3607 1833 3664 inconti-

248 3695 490 3750 nentem,
548 3687 848 3753 irrisorem,
886 3688 1269 3759 detractorem,
1316 3693 1583 3763 inﬂatum,
1637 3711 1833 3768 super-

250 3778 401 3840 bum,
424 3773 645 3840 elatum,
676 3790 898 3842 vanum,
923 3785 978 3832 et
1000 3779 1054 3832 in
1078 3781 1330 3836 omnibus
1352 3785 1575 3849 omnino
1604 3788 1835 3843 actioni-

250 3867 353 3919 bus
393 3864 745 3934 depravatum
795 3867 1095 3932 hominem,
1142 3866 1272 3925 facit
1311 3879 1366 3925 et
1405 3871 1686 3929 miserum.
1713 3876 1834 3932 Non

247 3957 396 4010 enim
424 3956 491 4010 ad
518 3956 833 4010 memoriam
856 3957 1142 4014 Dominum
1170 3977 1325 4018 suum
1350 3972 1406 4018 et
1430 3974 1701 4036 praecepta
1718 3968 1835 4039 ejus

252 4044 493 4110 reducit;
526 4053 581 4098 et
604 4045 724 4101 ilco
754 4048 903 4102 velut
929 4065 1104 4105 cazcus
1141 4059 1196 4106 et
1227 4068 1417 4109 errans
1454 4066 1641 4125 peccat
1666 4066 1720 4111 et
1742 4073 1809 4128 pe

254 4138 345 4191 rit.
380 4136 624 4204 Qualiter
660 4150 838 4195 autem
889 4142 1004 4197 haec
1044 4143 1243 4201 oblivio
1285 4144 1522 4219 fugiatur
1549 4150 1832 4219 damnosa,

253 4227 379 4281 audi
403 4229 682 4298 sequentia
710 4248 725 4283 :

327 4317 396 4371 Et
418 4334 618 4388 semper
646 4320 713 4373 sit
741 4337 941 4374 memor
961 4323 1193 4378 omnium
1233 4342 1351 4397 qua:
1395 4330 1640 4400 praecepit
1666 4331 1829 4388 Deus.

1927 1784 2163 1840 ciabitur
2215 1786 2273 1840 in
2318 1788 2583 1858 gebenna.
2634 1790 2705 1846 Et
2733 1803 2994 1864 quantum
3042 1800 3115 1855 ibi
3159 1814 3514 1872 peccatorum

1927 1890 2151 1930 suorum
2177 1880 2839 1949 composueritacervum,
2890 1895 2997 1942 tam
3042 1893 3303 1961 grandem
3333 1904 3390 1951 et
3418 1899 3518 1952 du-

1928 1980 2050 2018 rum
2100 1964 2173 2019 ibi
2231 1967 2472 2022 inveniet
2514 1973 2838 2028 cruciatum.
2888 1977 2958 2032 Et
2993 1978 3098 2035 hoc
3129 1984 3290 2038 modo
3315 2001 3514 2041 unum-

1929 2069 2201 2124 quemque
2257 2057 2325 2111 de
2375 2060 2610 2129 propriis
2662 2065 2906 2132 peccatis
2959 2069 3221 2139 gehennae
3277 2074 3519 2133 incendit

1930 2144 2091 2215 ignis.
2138 2145 2276 2203 Hinc
2320 2147 2516 2205 beatus
2541 2149 2778 2208 Isidorus
2801 2154 3099 2215 ait:Sicut
3145 2166 3519 2236 unusquisque

1930 2244 2160 2316 sanctus
2185 2238 2242 2292 in
2270 2237 2455 2295 futuro
2494 2240 2700 2311 judicio
2738 2258 2839 2315 pro
2887 2251 3194 2316 quantitate
3245 2254 3512 2312 virtutum

1929 2310 2353 2396 glorificabitur,
2381 2310 2533 2385 itaet
2557 2310 2929 2407 unusquisque
2980 2340 3176 2410 impius
3211 2358 3312 2414 pro
3340 2310 3515 2417 quan;

1933 2417 2089 2472 titate
2110 2417 2412 2475 facinorum
2435 2423 2903 2482 condemnabitur.
2945 2429 3055 2485 Nec
3088 2432 3268 2489 deerit
3297 2436 3350 2491 in
3382 2453 3512 2509 sup-

1930 2508 2096 2578 plicio
2117 2508 2334 2568 futurus
2362 2515 2728 2573 damnationis
2776 2521 2931 2586 ordo,
2983 2524 3076 2579 sed
3097 2524 3252 2595 juxta
3282 2508 3514 2598 qualita-

1932 2606 2042 2651 tem
2065 2598 2352 2655 criminum
2372 2602 2629 2665 discretio
2654 2607 2757 2661 erit
2778 2621 3084 2678 pmnarum.
3135 2613 3270 2670 Hinc
3319 2612 3517 2675 beatus

1929 2686 2227 2757 Gregorius
2255 2692 2373 2748 ait:
2400 2693 2799 2765 Omnipotentis
2819 2699 2913 2755 Dei
2953 2702 3166 2773 justitia
3212 2705 3518 2766 futurorum

1926 2786 2161 2854 praescia
2190 2787 2259 2842 ab
2286 2788 2402 2857 ipsa
2436 2790 2619 2844 mundi
2642 2793 2853 2864 origine
2875 2798 3135 2866 gehennae
3162 2801 3342 2871 ignem
3366 2819 3523 2858 crea-

1934 2875 2029 2940 vit,
2058 2877 2227 2945 quiin
2249 2892 2409 2948 paana
2441 2881 2797 2951 reproborum
2845 2901 2967 2943 esse
3016 2892 3183 2946 semei
3232 2893 3521 2964 inciperet,

1932 2970 2028 3025 sed
2048 2969 2298 3026 ardorem
2318 2986 2476 3028 suum
2500 2974 2666 3029 etiam
2689 2976 2806 3032 sine
2828 2977 2991 3050 lignis
3019 2994 3296 3053 nunquam
3314 2986 3523 3055 ﬁniret,

1856 3075 1902 3139 ρ
1934 3061 2028 3118 sed
2056 3070 2200 3117 esset
2222 3063 2438 3120 miseris
2461 3080 2611 3122 mors
2634 3068 2750 3122 sine
2784 3078 2986 3137 morte,
3024 3072 3156 3130 ﬁnis
3206 3076 3324 3131 sine
3372 3078 3516 3145 ﬁne,

1936 3154 2175 3209 defectus
2205 3154 2321 3209 sine
2349 3155 2591 3222 defectu;
2634 3160 2761 3228 quia
2810 3169 2869 3216 et
2912 3167 3059 3220 mas
3108 3166 3264 3234 vivit,
3308 3177 3364 3225 et
3395 3170 3521 3229 linis

1934 3259 2150 3315 semper
2170 3245 2378 3317 incipit,
2424 3255 2481 3303 et
2515 3250 2745 3306 deﬁcere
2788 3251 3029 3311 defectus
3056 3259 3229 3314 nescit
3245 3270 3269 3327 ;'
3289 3271 3345 3316 et
3371 3279 3522 3321 mors

1932 3336 2151 3403 premit,
2186 3346 2239 3393 et
2285 3353 2392 3393 non
2415 3340 2745 3413 exstinguit;
2773 3344 2926 3401 dolor
2955 3349 3183 3418 cruciat,
3215 3354 3309 3409 sed
3340 3356 3519 3412 nulla-

1933 3433 2092 3482 tenus
2121 3442 2375 3498 pavorem
2405 3428 2574 3501 ﬂlgat,
2622 3430 2836 3488 ﬂamma
2865 3437 3157 3507 comburit,
3189 3442 3284 3498 sed
3307 3460 3518 3517 nequa-

1933 3534 2100 3590 quam
2121 3524 2376 3577 tenebras
2400 3524 2604 3579 decutit

2001 3611 2073 3666 Et
2094 3613 2256 3668 vitam
2274 3624 2543 3682 (sternam,
2567 3633 2684 3688 qutt-
2707 3618 3005 3676 timentibus
3020 3621 3189 3677 Deum
3210 3638 3520 3698 prirparata

1931 3713 2031 3771 est,
2058 3706 2235 3760 animo
2281 3722 2377 3760 suo
2404 3723 2606 3779 semper
2632 3708 2855 3765 evolvat.
2891 3712 2947 3767 ld
2979 3721 3081 3781 cst,
3122 3714 3229 3771 hoc
3256 3716 3312 3771 in
3355 3720 3520 3776 corde

1933 3806 2032 3846 suo
2053 3807 2268 3864 semper
2287 3795 2518 3861 evolvat,
2550 3798 2693 3866 quod
2724 3799 2791 3854 de
2828 3805 3298 3860 contemnentibus
3348 3807 3518 3864 Deum

1934 3880 2136 3936 dicitur
2162 3901 2175 3936 :
2205 3883 2369 3938 Ibunt
2392 3886 2540 3956 impii
2566 3888 2623 3941 in
2651 3889 2964 3959 supplicium
3009 3904 3263 3952 internum
3296 3896 3516 3970 (Matth.

1933 3969 2083 4040 xxv).
2109 3972 2186 4026 De
2209 3972 2525 4030 timentibus
2553 3977 2759 4031 Deum:
2781 3979 2926 4034 Iusti
2954 3998 3072 4037 vero
3093 3984 3149 4039 in
3179 3969 3336 4042 vitam
3365 4000 3520 4045 (cter-

1936 4080 2059 4119 nam
2090 4063 2312 4138 (Ibid.);
2345 4068 2436 4123 ubi
2482 4076 2567 4124 est
2609 4070 2781 4142 gloria
2820 4076 3171 4146 sempiterna,
3228 4082 3518 4141 exsultatio

1935 4168 2148 4223 magna,
2173 4170 2372 4211 corona
2397 4158 2692 4216 virtutibus
2731 4159 2945 4229 ﬂorida,
2983 4164 3203 4222 claritas
3223 4170 3339 4224 veri
3374 4169 3517 4229 Solis

1935 4243 2331 4303 illuminatione
2358 4245 2584 4319 fulgida,
2613 4250 2880 4309 habitatio
2925 4256 3166 4311 omnium
3201 4269 3513 4318 sanctorum

1937 4335 2128 4401 solida,
2161 4345 2364 4393 aeterna
2409 4348 2465 4395 et
2513 4356 2727 4412 semper
2779 4360 3102 4415 permanens
3132 4349 3348 4408 bonitas
3379 4362 3510 4409 tota.

257 4406 407 4462 Tunc
430 4408 572 4462 enim
596 4411 852 4464 memoria
875 4420 1268 4484 prmceptorum
1285 4415 1381 4471 Dei
1409 4419 1603 4475 animae
1622 4423 1832 4491 prabet
1854 4422 1908 4482 D
1932 4426 2015 4483 Ad
2041 4443 2203 4497 quam
2229 4430 2321 4501 qui
2342 4430 2606 4489 bonorum
2628 4406 2875 4506 cperam
2922 4440 3217 4498 virtutibus
3245 4406 3365 4499 fulti
3389 4406 3517 4517 pcr-

255 4494 509 4561 salutem,
540 4498 754 4581 quando
773 4513 859 4565 ea,
888 4516 1009 4571 qua:
1033 4502 1243 4558 Domini
1261 4508 1546 4577 praeceptis
1565 4511 1834 4581 sagaciter

258 4597 666 4655 memorantur,
708 4578 788 4644 'in
835 4601 1016 4648 mente
1059 4594 1351 4652 efﬁcaciter
1397 4601 1734 4671 complentur
1777 4604 1833 4659 in

255 4693 439 4749 opere.
469 4676 681 4735 Domini
711 4682 855 4736 enim
879 4694 1199 4752 memorata,
1241 4698 1295 4743 et
1327 4706 1433 4746 non
1453 4692 1672 4763 impleta
1697 4709 1834 4763 prte-

256 4778 432 4840 cepta,
486 4770 890 4829 damnationem
932 4778 1104 4847 magis
1150 4780 1347 4836 animm
1399 4798 1560 4853 quam
1605 4786 1834 4842 salutem

261 4864 652 4918 demonstrant.
699 4863 987 4921 Mcmorata
1026 4883 1178 4936 vero,
1208 4879 1263 4927 et
1295 4874 1552 4943 operibus
1580 4890 1835 4933 consum-

260 4970 407 5015 mata
438 4976 468 5014 a
495 4960 817 5017 facientibus
837 4964 1026 5033 procul
1056 4968 1323 5037 repellunt
1349 4981 1593 5040 peccata,
1629 4981 1683 5027 et
1707 4990 1834 5044 per-

257 5054 630 5108 severantibus
660 5054 889 5109 salutem
915 5057 1246 5124 continuam,
1275 5068 1327 5114 et
1364 5063 1587 5131 praemia
1611 5066 1836 5133 promit-

259 5149 618 5197 tuutaaterna.
648 5143 917 5201 Tribuunt
963 5146 1287 5205 facientibus
1329 5151 1578 5221 gloriam,
1621 5169 1727 5209 non
1756 5155 1834 5208 fa-

256 5235 525 5289 cientibus
548 5244 728 5291 autem
754 5239 1053 5308 gehennam
1078 5241 1354 5297 minantur
1378 5251 1655 5309 aeternam,
1691 5247 1834 5302 unde

256 5332 312 5379 et
337 5326 581 5394 sequitur
604 5343 618 5382 :

332 5414 401 5468 Et
428 5416 654 5485 qualiter
682 5429 1063 5476 contemnentes
1106 5423 1298 5489 Deum,
1347 5425 1401 5479 in
1426 5426 1711 5495 gehennam
1735 5442 1831 5496 pro

256 5511 479 5578 peccatis
520 5510 780 5564 incidunt.
833 5510 1256 5570 Contemnentes
1302 5517 1444 5571 enim
1470 5518 1706 5586 suntqui
1735 5533 1830 5571 au-

259 5596 411 5653 diunt
440 5608 707 5669 prmcepta
750 5601 968 5670 quidem
1012 5601 1247 5671 Domini,
1297 5606 1390 5659 sed
1437 5606 1654 5663 obedire
1701 5622 1829 5662 con-

504 5696 774 5754 Pnnoc.
823 5696 954 5756 Cll.

1934 4520 2203 4587 venerint,
2234 4522 2410 4578 beatis
2434 4525 2641 4594 angelis
2666 4527 2871 4586 similes
2913 4541 3092 4600 erunt,
3122 4542 3176 4589 et
3203 4536 3361 4591 simul
3390 4554 3514 4593 cum

1933 4608 2049 4667 Deo
2072 4627 2171 4667 suo
2199 4612 2387 4670 felices
2412 4618 2743 4687 gaudebunt,
2777 4629 2834 4675 et
2857 4622 2910 4677 in
2951 4633 3211 4694 perpetuo
3249 4627 3388 4683 sine.
3408 4628 3516 4685 line

1934 4702 2252 4771 regnabunt.

2006 4792 2075 4848 Et
2105 4796 2399 4871 custodiens
2425 4815 2479 4853 se
2508 4801 2650 4855 omni
2679 4801 2809 4857 hora
2837 4820 2869 4857 a
2894 4807 3120 4875 peccatis
3168 4819 3217 4863 et
3245 4811 3405 4879 vitiis,
3458 4812 3515 4867 id

1935 4894 2010 4938 est
2034 4887 2427 4956 cogitationum,
2457 4888 2672 4961 linguce,
2703 4892 3281 4964 oculorum,manuum,
3297 4902 3510 4971 pedum,

1934 4970 2012 5026 vel
2041 4972 2324 5030 voluntatis
2367 4979 2612 5048 propriae.
2657 4978 2809 5046 Quod
2837 4981 2968 5037 dicit
3008 5000 3037 5038 a
3071 4970 3308 5057 peccatis
3333 5001 3514 5046 custo-

1936 5064 2052 5119 dire
2080 5080 2138 5119 se
2166 5067 2311 5121 omni
2339 5068 2494 5133 hora,
2546 5071 2867 5127 subauditur
2926 5074 2995 5129 ab
3037 5077 3288 5134 omnibus
3331 5082 3515 5150 pravis

1933 5156 2207 5224 operibus,
2241 5172 2362 5225 qua:
2393 5159 2527 5213 fiunt
2560 5162 2904 5232 cogitatione,
2937 5164 3202 5224 locutione
3237 5177 3292 5224 et
3326 5186 3510 5241 Opere.

1935 5246 2091 5302 Unde
2113 5248 2201 5302 hic
2231 5257 2353 5317 apte
2372 5251 2551 5318 posuit
2579 5255 2978 5323 cogitationum,
2996 5258 3208 5331 linguai,
3236 5278 3509 5329 manuum,

1934 5338 2144 5408 pedum,
2161 5348 2265 5394 etc.
2289 5339 2717 5401 lstis‘fomitibus
2743 5349 2894 5415 quasi
2916 5351 3236 5419 quibusdam
3254 5355 3514 5424 gradibus

1935 5429 2186 5485 coalescit
2214 5448 2372 5488 omne
2406 5445 2707 5503 peccatum.
2759 5438 3028 5512 Cogitatio
3070 5460 3301 5515 namque
3341 5462 3512 5517 prava

1935 5518 2348 5577 delectationem
2379 5525 2543 5594 parit,
2568 5527 2857 5585 delectatio
2908 5548 3256 5601 consensum,
3290 5552 3515 5592 consen-
3550 5522 3562 5531 ’

1935 5626 2027 5666 sus
2052 5614 2339 5679 actionem,
2376 5617 2517 5671 actio
2547 5623 3011 5683 consuetudinem.
3056 5628 3388 5681 consuetudo
3419 5644 3511 5683 ne-

2960 5716 3039 5773 2.6
