3944 6474
425 238 519 292 Sil
1705 228 2056 287 SMARAGDI
2094 229 2382 286 ABBATIS

3594 233 3729 291 812

423 359 763 414 inusitatam:
790 354 872 409 his
899 367 1025 421 ergo
1041 350 1271 406 vinculis
1292 348 1776 417 homoimplicatus
1796 361 1988 404 catena
2020 347 2066 405 Α
2094 346 2277 400 omtlas
2297 346 2497 416 aliquis
2522 354 2701 416 potest
2724 347 2955 401 evadere
2988 347 3218 402 dicentis
3250 365 3263 401 :
3298 347 3407 418 Ego
3434 349 3574 405 Deus
3606 369 3721 421 ap-

424 453 679 506 vittorum
730 455 944 500 tenetur
983 443 1259 503 astrictus,
1292 441 1367 495 ita
1398 449 1459 495 ut
1487 440 1557 494 ab
1606 456 1668 495 ea
1712 443 1868 497 evelli
1899 460 2005 497 non

425 542 621 606 valeat,
645 539 747 592 nisi
777 536 959 590 divina
1005 534 1183 602 gratia
1202 548 1423 586 manum
1444 531 1675 602 jacentis
1701 534 2005 603 apprchen-

426 634 540 688 dat.
585 629 678 684 Sic
723 641 853 698 ergo
893 625 1041 680 omni
1083 637 1313 693 corpore
1336 632 1553 693 oportet
1584 638 1682 677 nos
1704 632 1912 693 aptare,
1950 634 2011 678 ut

426 718 672 776 Creatori
691 724 880 773 nostra
904 715 1034 770 totis
1060 714 1432 769 membrorum
1458 713 1665 768 viribus
1689 713 2007 783 obsequium

424 810 700 864 valeamus
721 807 987 876 praebere.
1016 802 1169 857 Tune
1192 801 1340 856 enim
1386 800 1576 856 oculus
1625 801 1736 855 Deo
1785 810 2008 871 praestat

426 898 767 971 obsequium,
799 911 922 952 cum
952 894 1132 964 turpia
1157 892 1393 958 declinat
1436 892 1696 962 aspicere.
1729 891 1881 946 Tunc
1908 891 2015 946 liu-.

428 1010 533 1063 gua
582 990 884 1049 merebitur
918 987 1225 1058 praemium,
1274 985 1493 1056 quando
1531 982 2010 1057 benedictionibus

416 1093 742 1157 occupatur.
769 1083 923 1138 Tune
947 1080 1164 1135 auditus
1202 1076 1436 1148 placebit
1480 1074 1613 1139 Deo,
1641 1074 1688 1129 si
1715 1071 2009 1129 detractio—

426 1181 587 1235 nibus
607 1192 717 1233 non
740 1176 1051 1231 misceatur.
1077 1172 1144 1226 Et
1166 1170 1332 1240 pedes
1377 1168 1598 1223 laudare
1637 1166 1806 1222 Deum
1849 1173 2009 1237 pote-

430 1278 578 1336 runt,
606 1269 654 1324 si
676 1281 897 1323 cursum
917 1279 1075 1321 suum
1100 1263 1169 1317 ab
1185 1260 1333 1316 omni
1354 1259 1557 1315 malitia
1581 1273 1839 1315 revocare
1858 1257 2011 1313 festi-

430 1369 580 1416 nent.
635 1359 703 1414 Et
749 1364 944 1412 manus
968 1353 1317 1417 benedicunt,
1346 1353 1394 1407 si
1431 1351 1637 1421 rapinis
1665 1350 2012 1405 renuntiave-

429 1457 558 1522 rint,
580 1462 637 1511 et
663 1454 730 1509 ad
760 1450 1190 1509 miscricordiam
1231 1445 1679 1518 praeparaverunt.
1707 1444 1859 1512 Quod
1880 1456 2012 1499 vero

429 1548 562 1602 dicit
582 1544 859 1601 custodire
890 1557 950 1597 se
974 1556 1006 1595 a
1032 1539 1202 1603 vitiis,
1223 1538 1546 1593 subauditur
1572 1552 1602 1590 a
1634 1544 1836 1606 septem
1861 1534 2011 1604 prin-

430 1636 714 1707 cipalibus,
743 1634 798 1688 id
818 1642 920 1696 est,
942 1648 973 1684 a
1003 1630 1147 1700 gula,
1196 1627 1576 1692 fornicatione,
1618 1625 1873 1690 avaritia,
1901 1624 2008 1690 ira,

2108 435 2437 503 proximam,
2461 444 2512 489 et
2537 452 2641 490 non
2673 435 2811 491 Deus
2853 437 2916 490 de
2959 436 3265 508 longinqua.
3317 438 3378 493 Si
3412 441 3725 498 (.bscansus

2107 524 2267 593 fuerit
2314 525 2553 580 homin
2594 525 2935 593 absconditis,
2983 542 3105 597 ergo
3158 544 3262 581 non
3318 529 3499 583 ridebo
3539 535 3730 586 eum?

2110 613 2302 669 Nonne
2331 614 2516 670 calum
2561 625 2611 670 et
2661 626 2858 672 terram
2887 633 2982 688 ego
3007 616 3199 688 impleo
3231 618 3450 690 (Jerem.
3500 623 3722 696 xxm)?

2109 702 2246 759 [line
2269 703 2559 761 Psalmista
2596 706 2675 761 ait
2709 724 2722 759 :
2758 704 2915 761 Oculi
2963 706 3178 761 Domini
3214 724 3375 779 super
3404 709 3608 780 justas,
3663 724 3719 767 ct

2108 811 2263 850 aures
2286 798 2403 868 ejus
2429 799 2485 853 in
2504 815 2683 870 preces
2705 814 2887 853 earum
2913 795 3087 871 (Psal.
3102 799 3317 873 XXXIII).
3334 799 3488 868 Quod
3513 812 3715 859 autem

2109 888 2272 956 dicit,
2309 898 2364 945 et
2401 889 2471 945 ab
2515 889 2720 963 angelis
2773 890 2921 945 omni
2974 890 3109 945 liora
3157 892 3481 958 renuntiari,
3511 894 3717 949 abillo

2111 980 2232 1036 loco
2280 980 2622 1052 intelligitur,
2657 981 2750 1037 ubi
2794 980 3017 1054 angelus
3051 981 3238 1038 Tobiae
3269 983 3441 1039 dixit:
3473 984 3714 1051 Quando

2111 1070 2302 1127 arabas
2324 1087 2445 1125 cum
2466 1069 2739 1142 lacrymis,
2766 1078 2817 1125 et
2838 1068 3122 1141 sepeliebas
3141 1081 3397 1137 mortuas,
3418 1086 3512 1144 ego
3534 1073 3715 1128 obtuli

2111 1168 2380 1221 orationes
2408 1178 2528 1221 tuas
2575 1167 2802 1221 Domina
2834 1165 2987 1239 (Tab.
3042 1166 3164 1240 xu).
3204 1165 3310 1223 Sed
3358 1179 3411 1223 et
3439 1169 3714 1225 Dominus

2112 1271 2232 1311 cum
2268 1256 2322 1310 in
2363 1255 2653 1325 Evangelia
2684 1255 2913 1311 dixisset
2945 1269 2961 1310 :
2995 1254 3306 1329 Quicunque
3348 1258 3711 1315 huntiliaverit

2109 1364 2184 1414 se,
2203 1348 2339 1402 sicut
2360 1348 2615 1419 parvulus
2638 1348 2760 1413 iste,
2781 1348 2864 1402 hic
2885 1358 2959 1403 cst
2983 1349 3160 1418 major
3178 1349 3232 1403 in
3257 1366 3412 1421 regna
3428 1350 3707 1418 calorum,

2066 1446 2073 1453 '
2110 1452 2157 1496 et
2179 1442 2268 1513 qui
2294 1442 2577 1512 susceperit
2600 1457 2763 1494 unum
2776 1439 3053 1511 parvulum
3071 1439 3230 1494 talem
3250 1441 3306 1495 in
3332 1442 3541 1496 nomine
3560 1460 3683 1497 meo

2108 1549 2192 1587 me
2220 1534 2438 1605 suscipit
2466 1532 2683 1606 (Matth.
2725 1531 2905 1605 xvm),
2936 1539 3060 1603 post
3112 1532 3389 1603 paululum
3444 1534 3658 1590 addidit
3688 1550 3706 1588 :

2125 1621 2301 1677 Videte
2328 1640 2391 1678 ne
2418 1624 2760 1679 contemnatis
2788 1640 2952 1678 unum
2975 1640 3040 1678 ea:
3057 1626 3139 1678 his
3160 1624 3385 1695 pusillis.
3405 1624 3536 1679 Dico
3560 1628 3708 1681 enim

434 1702 678 1792 tristitia,
710 1725 917 1785 acedia,
968 1737 1108 1777 vana
1160 1720 1354 1790 gloria,
1385 1716 1440 1774 et
1482 1719 1551 1773 ab
1584 1726 1779 1774 octava
1819 1730 2010 1771 eorum
2036 1702 2083 1761 Β
2111 1714 2252 1769 vobis
2288 1727 2307 1766 :
2336 1715 2462 1785 quia
2493 1714 2666 1785 angeli
2687 1730 2869 1769 eorum
2899 1714 2955 1769 in
2983 1714 3124 1769 caelis
3164 1731 3367 1787 semper
3411 1716 3588 1770 uident
3619 1716 3714 1786 [a-

432 1821 698 1893 genitrice
744 1815 1022 1887 superbia,
1051 1821 1107 1870 et
1151 1813 1221 1867 ab
1254 1811 1507 1866 omnibus
1539 1823 1767 1881 prorsus
1793 1808 2007 1863 illorum

430 1906 638 1962 nocivis
684 1900 1026 1965 ramusculis,
1066 1898 1160 1969 qui
1207 1896 1363 1967 quasi
1409 1903 1687 1951 venenata:
1725 1894 1938 1950 soboles
1978 1908 2009 1948 a

429 1995 710 2053 venenatis
738 1998 1035 2049 nascuntur
1056 1988 1394 2058 parentibus,
1437 2000 1667 2056 quorum
1698 1985 1789 2041 hic
1811 1983 2013 2040 catalo—

429 2103 555 2160 gum
581 2096 906 2142 enumerare
930 2080 1095 2135 nimis
1123 2085 1209 2133 est
1234 2074 1473 2149 longum.
1507 2076 1640 2129 Nam
1672 2075 1725 2129 in
1756 2075 2011 2130 cordibus

428 2180 784 2253 reproborum
800 2177 1032 2233 invicem
1047 2173 1152 2228 sibi
1168 2171 1445 2242 catalogus
1464 2169 1707 2224 succedit
1727 2168 2009 2233 vitiorum,

428 2282 489 2326 ut
514 2273 642 2327 dum
662 2284 829 2325 unum
851 2267 1067 2331 abierit,
1090 2264 1345 2321 succedat
1369 2262 1537 2328 aliud,
1555 2261 1709 2330 juxta
1732 2263 2010 2331 prophetzc

432 2359 819 2423 testimonium,
849 2356 941 2426 qui
963 2356 1040 2409 ait
1073 2373 1085 2409 :
1113 2353 1407 2409 Residuum
1453 2368 1624 2407 eruere
1664 2351 1887 2406 comedit
1932 2350 2009 2404 la.

431 2461 601 2517 casta,
628 2458 678 2505 et
707 2447 974 2503 residuum
1004 2447 1220 2500 locusta
1264 2442 1487 2497 comedit
1530 2440 1783 2506 bruchus,
1805 2450 1855 2493 et
1883 2440 2013 2494 resi-

433 2546 597 2597 duum
618 2540 801 2596 bruchi
825 2538 1045 2593 comedit
1076 2535 1259 2606 rubigo
1300 2532 1459 2605 (laet.
1507 2534 1572 2605 ι),
1600 2541 1707 2587 etc.
1739 2531 1876 2587 Hinc
1911 2531 2011 2585 ite-

432 2647 550 2686 rum
573 2645 673 2700 per
699 2629 1022 2699 prophetam
1037 2626 1234 2682 dicitur
1255 2643 1271 2681 :
1291 2623 1483 2680 Omnes
1503 2625 1837 2694 cognationes
1857 2633 2010 2677 teme

431 2722 496 2775 ab
524 2718 768 2791 aquilone
793 2717 1016 2782 venient,
1061 2724 1111 2770 et
1171 2722 1362 2786 ponent
1414 2714 1769 2785 unusquisque
1816 2714 2009 2768 solium

433 2827 585 2865 suum
610 2810 666 2865 in
694 2808 967 2864 introitum
1009 2814 1282 2878 partarum
1325 2803 1662 2859 Hierusalem
1691 2803 1911 2877 (larem.
1944 2806 2010 2877 ι).

434 2903 615 2971 ltegna
637 2895 906 2968 aquilonis
925 2895 1054 2949 vitia
1079 2902 1207 2949 sunt
1226 2909 1346 2963 qua:
1370 2892 1425 2947 in
1453 2892 1588 2962 ipsis
1606 2894 1803 2962 portis,
1825 2894 1879 2947 id
1901 2902 2010 2961 est,

2111 1809 2241 1863 ciem
2259 1806 2457 1862 Patris.
2473 1806 2664 1879 Magna
2686 1808 2919 1880 dignitas
2937 1808 3261 1872 animarum,
3280 1816 3339 1862 ut
3357 1824 3706 1878 unaquaeque

2110 1903 2290 1958 anima
2323 1901 2523 1957 habeat
2552 1901 2622 1955 ab
2647 1911 2771 1955 ortu
2799 1900 3098 1955 nativitatis
3127 1901 3182 1955 in
3213 1900 3511 1956 custodiam
3527 1907 3706 1957 ‘suam

2111 1995 2361 2065 angelum
2384 1993 2710 2064 delegatum,
2746 2000 2808 2047 ut
2826 2001 2883 2047 ct
2907 1992 3052 2047 illam
3076 1992 3367 2057 custodiat,
3395 2007 3464 2047 ne
3483 2005 3709 2063 peccet,

2110 2094 2167 2142 et
2191 2101 2312 2155 quae
2335 2086 2476 2141 bona
2505 2084 2718 2150 fecerit,
2750 2085 2858 2140 Deo
2884 2085 3140 2140 nuntiare
3170 2101 3279 2140 non
3310 2092 3506 2140 cesset.

2180 2176 2517 2230 Demonstrat
2544 2174 2692 2229 nobis
2717 2175 2814 2229 hac
2852 2171 3140 2245 Propheta,
3190 2191 3308 2228 cum
3338 2175 3395 2229 in
3423 2175 3705 2246 cogitatio-

2110 2268 2261 2323 nibus
2312 2268 2505 2322 nostris
2546 2266 2623 2321 ita
2667 2266 2835 2321 Deum
2880 2281 3087 2336 semper
3108 2274 3416 2337 praesentem
3446 2268 3702 2331 ostendit,

2107 2360 2285 2414 dicens
2312 2373 2329 2411 :
2361 2355 2617 2414 Scrutans
2634 2357 2799 2415 corda
2823 2367 2872 2412 et
2896 2373 3042 2411 renes
3066 2356 3206 2411 Deus
3233 2354 3405 2426 (Psal.
3431 2357 3550 2428 vn).
3573 2356 3705 2412 Haec

2108 2451 2327 2521 propria
2363 2450 2557 2515 virtus,
2585 2456 2645 2503 ut
2671 2447 3029 2504 Cassiodorus
3056 2447 3149 2503 ait.
3194 2447 3363 2502 solius
3388 2448 3485 2502 Dei
3507 2456 3612 2511 est,
3646 2458 3704 2503 et

2110 2541 2276 2595 corda
2302 2548 2487 2595 nostra
2512 2539 2801 2600 discutere.
2835 2546 2891 2593 et
2920 2537 3084 2591 animi
3118 2537 3292 2592 nostri
3340 2537 3582 2609 vigorem
3604 2553 3703 2608 po-

2113 2632 2285 2687 tentia
2320 2645 2435 2685 suae
2460 2629 2596 2686 lucis
2624 2636 2934 2700 penetrare.
2968 2628 3103 2682 Nam
3156 2627 3283 2683 licet
3325 2627 3483 2683 nobis
3527 2628 3706 2683 multo

2111 2722 2370 2778 celsiores
2393 2722 2502 2777 sint
2526 2727 2824 2792 potestates
2854 2719 3141 2802 calorum,
3183 2720 3316 2775 nulli
3343 2728 3521 2776 tamen
3546 2734 3701 2776 crea-

2113 2826 2357 2883 turarum
2387 2815 2574 2870 datum
2609 2821 2695 2868 est
2726 2813 3114 2883 cogitationum
3160 2820 3468 2868 nostrarum
3492 2812 3697 2883 plenis-

2111 2906 2250 2961 sime
2298 2913 2509 2961 secreta
2533 2918 2883 2975 cognoscere.
2927 2902 3191 2973 Agnoscit
3222 2910 3429 2957 tantum
3453 2900 3701 2975 perfecte

433 2995 487 3048 in
509 2991 642 3063 ipsis
662 2989 911 3045 sensibus
934 2987 1128 3041 anima
1152 2993 1400 3056 regnant.
1420 2983 1607 3054 Neque
1627 2984 1772 3039 enim
1794 2985 2010 3040 aliunde

2114 2998 2171 3053 in
2200 2998 2360 3053 nobis
2385 2997 2531 3053 solus
2559 2998 2697 3068 ipse,
2729 2996 2821 3066 qui
2843 2995 3068 3067 iudicat.
3122 2994 3243 3067 Ipse
3293 3003 3476 3051 autem
3522 2996 3651 3052 dicit
3680 3010 3700 3048 :

432 3046 737 3154 peccamus,
760 3082 863 3136 nisi
891 3081 1147 3145 videndo,
1182 3046 1470 3143 audienda,
1516 3046 1886 3147 attractaudo,
1915 3095 2010 3150 gu-

2114 3046 2171 3053 -_
2200 3046 2357 3053 ------
2387 3046 2528 3053 ---η
2559 3046 2697 3068 τη,
2734 3046 2821 3066 γ-
2843 3046 3067 3067 ,ηπ-η
3123 3046 3239 3067 τ--
3295 3046 3476 3051 --πῇ
3527 3046 3650 3052 ---υ
3682 3046 3697 3048 _

2116 3087 2296 3145 Sciant
2325 3103 2504 3143 omnes
2545 3086 2819 3152 Ecclesiae,
2868 3086 3117 3157 quoniam
3160 3102 3254 3157 ego
3299 3102 3417 3140 sum
3453 3095 3697 3141 scrutatis

431 3175 645 3241 stando,
677 3182 838 3243 atque
866 3170 1157 3245 tqgcndo.
1189 3169 1346 3226 Unde
1371 3175 1428 3223 et
1467 3167 1602 3224 alias
1641 3168 1846 3225 dicitur
1874 3188 1888 3224 :
1921 3169 2015 3224 In-

432 3268 587 3322 travit
635 3280 775 3318 mars
802 3279 895 3333 per
920 3262 1179 3332 fenestras
1203 3269 1405 3314 uestras
1445 3258 1664 3331 (larem.
1708 3257 1809 3332 Ix).
1857 3259 2013 3326 Quod

432 3372 560 3412 vero
584 3356 735 3420 dicit,
764 3354 848 3409 vel
870 3352 1164 3408 voluntatis
1187 3350 1422 3420 propria:
1461 3349 1803 3417 subauditur,
1829 3358 2013 3406 custo—

436 3447 547 3501 diat
572 3461 628 3501 se
650 3460 678 3498 a
708 3443 949 3514 peccatis
975 3449 1030 3498 et
1059 3440 1206 3495 vitiis
1239 3441 1474 3510 propriae
1496 3439 1813 3495 voluntatis.

506 3533 611 3589 Sed
634 3542 682 3587 et
707 3531 966 3586 desideria
988 3530 1163 3583 carnis
1188 3537 1460 3598 amputare
1486 3527 1713 3597 festinet.
1748 3527 2012 3584 Subaudi-

433 3638 520 3683 tur
559 3642 665 3683 non
712 3625 1010 3682 delectetur
1029 3621 1275 3692 implere.
1315 3619 1462 3688 Quid
1511 3621 1658 3676 enim
1687 3621 1743 3676 in
1768 3621 1869 3676 hac
1901 3622 2009 3677 vita

436 3720 783 3782 laboriosius,
803 3730 965 3785 quam
988 3713 1299 3770 carnalibus
1317 3712 1599 3768 desideriis
1616 3714 1883 3769 aestuare?
1906 3714 2013 3769 Ant

432 3808 564 3879 quid
612 3807 703 3862 hic
743 3805 1005 3867 securius,
1057 3817 1219 3873 quam
1267 3801 1535 3858 desideria
1565 3804 1745 3860 carnis
1779 3820 1884 3861 non
1910 3805 2012 3860 im-

435 3901 609 3972 plere,
630 3910 685 3954 et
709 3897 889 3955 sazcnli
918 3895 1077 3971 huius
1105 3895 1241 3950 nihil
1262 3902 1536 3965 appetere.
1569 3894 1671 3963 Qui
1696 3897 1841 3951 enim
1867 3898 2011 3953 hunc

440 3993 696 4049 mundum
722 3990 970 4063 diligunt,
999 3997 1055 4044 et
1098 3988 1364 4045 desideria
1417 3988 1600 4044 carnis
1630 3988 1854 4060 implere
1882 4003 2013 4044 con-

438 4085 686 4150 tendunt,
716 4098 745 4136 a
772 4080 1095 4139 turbulentis
1117 4078 1301 4136 szcculi
1321 4077 1773 4135 sollicitudinibus
1794 4086 2012 4134 contur-

436 4175 652 4229 bantur.
680 4172 783 4241 Qui
804 4180 984 4227 autem
1007 4171 1082 4226 ita
1111 4169 1241 4226 huic
1258 4169 1463 4225 mundo
1481 4170 1809 4235 moriuntur,
1829 4179 1889 4224 ut
1912 4168 2012 4225 soli

330 4330 334 4334 ,
435 4267 547 4323 Deo
565 4266 751 4323 vivere
770 4264 1124 4331 delectentur,
1148 4262 1346 4319 futura:
1369 4264 1520 4334 pacis
1547 4264 1814 4334 requiem,
1847 4278 2012 4334 quam

434 4357 560 4414 illuc
585 4362 920 4426 exspectant,
955 4354 1046 4412 hic
1084 4354 1480 4424 quodammodo
1525 4355 1728 4411 habere
1762 4352 1878 4424 jam
1925 4353 2012 4408 in-

432 4450 650 4503 choant.
686 4447 828 4515 Ergo
853 4454 965 4501 tam
1005 4454 1423 4518 perseveranter
1468 4445 1753 4501 intendere
1796 4451 2011 4515 oportet

433 4538 676 4594 animum
722 4545 967 4593 nostrum
992 4537 1200 4593 orando
1228 4544 1393 4607 atque
1421 4535 1705 4606 pulsando,
1729 4549 2011 4606 quousque

433 4630 772 4700 importunus
824 4627 1213 4682 desideriorum
1253 4625 1553 4682 carnalium
1600 4625 2008 4695 suggestiones,

433 4734 553 4789 qua:
596 4716 801 4774 nostris
826 4716 1145 4786 obstrepunt
1175 4714 1444 4779 sensibus,
1497 4712 1791 4768 fortissima
1831 4712 2001 4768 inten-

434 4810 585 4865 tione
612 4821 952 4879 superemus,
984 4822 1048 4863 ac
1075 4806 1262 4862 tandiu
1291 4805 1563 4870 insistere,
1584 4804 1864 4874 quousque
1888 4818 2012 4874 per-

435 4897 677 4953 sistendo
701 4897 999 4951 vincamus.

504 4986 576 5041 ΛΞ
580 4987 752 5040 stimet
774 5002 829 5040 se
844 4985 998 5038 homo
1017 4983 1081 5037 de
1103 4982 1243 5038 cretis
1263 4998 1465 5052 semper
1483 4999 1516 5035 a
1531 4980 1641 5036 Dea
1658 4983 1844 5052 respici
1865 4984 2009 5038 omni

435 5079 583 5141 hara,
615 5085 664 5130 ct
692 5060 835 5145 {alta
862 5089 959 5128 sua
989 5074 1043 5127 in
1070 5073 1208 5127 omni
1240 5070 1354 5126 loco
1376 5071 1440 5126 ab
1465 5081 1675 5143 aspectu
1704 5071 2008 5129 Divinitatis

432 5166 617 5231 uideri,
638 5165 771 5220 etab
792 5162 1014 5235 angelis,
1040 5165 1105 5218 de
1135 5163 1276 5217 omni
1296 5162 1425 5218 hara
1450 5165 1756 5219 renuntiari.
1796 5164 2009 5233 Quanto

430 5271 577 5313 enim
601 5255 972 5325 unusquisque
995 5254 1283 5310 sollicitius
1304 5270 1363 5311 se
1383 5270 1415 5310 a
1446 5254 1555 5311 Deo
1583 5257 1818 5312 aestimat
1838 5257 2010 5327 respi-

431 5350 504 5416 ci,
535 5356 687 5404 tanto
730 5348 890 5401 debet
931 5347 1142 5402 cautius
1176 5348 1377 5414 vivere,
1426 5357 1482 5404 et
1525 5349 1695 5403 vitam
1729 5364 1882 5404 suam
1912 5350 2011 5404 ho-

432 5441 745 5497 nestissime
786 5438 1061 5494 custodire
1091 5456 1105 5493 :
1141 5454 1208 5495 ne
1260 5440 1380 5496 illos
1422 5440 1737 5495 Divinitatis
1773 5438 2010 5495 offendat

437 5532 644 5596 oculos,
671 5546 809 5602 quos
839 5530 955 5586 vult
971 5531 1171 5587 habere
1212 5532 1495 5601 propitios.
1531 5531 1774 5601 Respicit
1795 5529 1884 5586 ille
1908 5533 2007 5588 ab-

435 5620 565 5678 dita.
601 5632 655 5675 et
681 5628 890 5677 secreta
942 5629 1104 5692 atque
1156 5621 1367 5677 occulta
1412 5621 1743 5682 considerat,
1783 5632 1884 5673 nec
1911 5619 2009 5676 Dei

2032 4403 2087 4464 D

2112 3194 2262 3232 renes
2289 3186 2340 3234 et
2369 3194 2462 3232 car
2496 3177 2682 3249 (Apoc.
2735 3175 2819 3249 η).
2860 3176 2999 3231 Hinc
3041 3175 3238 3230 iterum
3277 3177 3536 3247 scriptum
3566 3185 3650 3231 est
3679 3195 3692 3228 :

2114 3267 2381 3334 Quoniam
2404 3284 2585 3323 renum
2614 3268 2762 3323 illius
2799 3268 2942 3323 testis
2990 3276 3067 3321 est
3107 3266 3271 3331 Deus,
3303 3277 3351 3322 et
3381 3266 3553 3322 cordis
3579 3268 3699 3338 ejus

2110 3367 2379 3413 scrutator
2402 3368 2479 3414 est
2520 3375 2671 3414 verus
2699 3358 2854 3431 (Sap.
2884 3357 2946 3431 ι).
2983 3358 3159 3415 Corda
3183 3375 3312 3430 ergo
3338 3369 3696 3415 nostrascru-

2112 3456 2263 3503 tatur
2288 3447 2571 3514 Dominus,
2588 3449 2808 3518 quando
2837 3448 3192 3520 cogitationes
3215 3448 3456 3504 cordium
3480 3443 3697 3505 nostro-

2114 3550 2232 3593 rum
2260 3537 2533 3594 subtiliter
2580 3538 2894 3609 investigat,
2947 3545 3011 3592 ut
3049 3552 3169 3608 quae
3216 3538 3527 3595 hominibus
3571 3552 3696 3597 sunt

2110 3630 2349 3695 occulta,
2369 3629 2443 3683 illi
2470 3628 2602 3683 ﬁant
2618 3628 2671 3682 in
2692 3626 2890 3699 palam.
2912 3626 3183 3700 Scriptum
3206 3635 3288 3683 est
3313 3628 3458 3682 enim
3479 3647 3492 3682 :
3520 3626 3690 3683 Homo

2110 3721 2249 3776 uidet
2273 3720 2329 3775 in
2350 3722 2511 3791 facie,
2547 3719 2689 3774 Deus
2709 3728 2885 3773 autem
2912 3719 2969 3773 in
2994 3720 3168 3773 carde.
3202 3716 3488 3773 Scrutatur
3512 3726 3689 3774 autem

2111 3828 2292 3879 renes,
2325 3813 2539 3884 quando
2585 3811 2753 3867 animi
2782 3811 2952 3867 nostri
2988 3809 3485 3866 constantissimum
3510 3810 3685 3865 inten-.

2112 3908 2192 3962 dit
2221 3908 2483 3980 vigorem,
2513 3906 2628 3961 sive
2648 3917 2936 3974 corporeus
2957 3903 3161 3974 liquide
3184 3909 3432 3973 penetrat
3453 3902 3687 3958 delecta-

2113 3998 2316 4054 tiones.

2186 4086 2255 4141 Et
2282 4087 2473 4140 iterum
2500 4103 2512 4138 :
2546 4082 2805 4138 Dominus
2850 4082 2989 4137 novit
3032 4082 3369 4152 cogitationes
3397 4082 3687 4147 hominum,

2110 4178 2359 4250 quoniam
2390 4190 2537 4230 vana:
2558 4182 2681 4229 sunt
2706 4172 2880 4246 (Psal.
2904 4172 3078 4247 rem).
3094 4171 3230 4228 Hinc
3249 4170 3548 4227 Hieremias
3573 4172 3685 4227 ait:

2115 4266 2270 4324 Oculi
2291 4267 2393 4321 mei
2415 4281 2571 4336 super
2596 4265 2705 4320 aias
2729 4264 3019 4319 hominum.
3072 4261 3197 4319 Non
3222 4271 3344 4318 sunt
3369 4264 3683 4319 abscondita

2113 4377 2147 4413 α
2168 4358 2304 4429 facie
2325 4373 2464 4422 mea,
2491 4364 2538 4410 et
2565 4371 2669 4409 nan
2698 4354 2799 4425 fuit
2828 4354 3033 4409 occulta
3056 4354 3307 4425 iniquitas
3351 4370 3531 4409 eorum
3577 4353 3681 4426 (Je-

2116 4464 2245 4503 rem.
2279 4445 2413 4520 xvi).
2446 4444 2585 4501 Hinc
2605 4444 2861 4500 Salomon
2891 4444 2968 4499 ait
2999 4462 3012 4498 :
3043 4442 3271 4514 Respicit
3301 4443 3557 4498 Dominus
3575 4444 3681 4498 uias

2114 4539 2361 4604 hominis,
2389 4548 2438 4592 et
2467 4554 2644 4592 omnes
2673 4554 2882 4609 gressus
2925 4537 3041 4608 ejus
3080 4535 3376 4592 considerat
3404 4534 3583 4610 (Prov.
3607 4538 3679 4609 v).

2115 4629 2252 4685 Hinc
2276 4628 2445 4684 David
2500 4628 2661 4683 dicit:
2686 4625 2905 4684 Servavi
2923 4628 3173 4683 mandata
3199 4636 3290 4682 tua
3316 4635 3365 4682 et
3390 4627 3680 4682 testimonia

2114 4732 2231 4787 tua,
2280 4722 2406 4791 quia
2450 4736 2628 4775 omnes
2677 4720 2775 4774 vita
2822 4735 2951 4775 mea:
3002 4720 3059 4774 in
3095 4726 3371 4791 conspectu
3395 4728 3485 4773 tuo
3513 4715 3678 4791 (Psal.
3734 4779 3743 4792 ,

2113 4811 2326 4884 cxvm).
2351 4810 2466 4866 Non
2494 4810 2669 4865 solum
2711 4808 2891 4877 factis,
2937 4809 3034 4866 sed
3083 4810 3248 4865 etiam
3277 4809 3681 4882 cogitationibus

2110 4897 2493 4972 delinquimus,
2517 4900 2660 4956 sicis
2680 4901 2863 4957 illicita
2891 4902 3303 4956 occurrentibus
3331 4899 3677 4955 delectemur.

2109 4991 2248 5047 Nam
2267 4992 2314 5047 si
2339 4991 2489 5062 prius
2509 5006 2691 5062 prava:
2713 4992 3028 5062 cogitationi
3052 4991 3378 5056 resistimus,
3404 4989 3456 5043 in
3478 4990 3675 5059 lapsum

2108 5082 2289 5153 operis
2316 5096 2423 5136 non
2454 5080 2802 5137 incurrimus.

2183 5171 2253 5226 Et
2279 5172 2404 5226 item
2422 5171 2552 5226 dicit
2578 5185 2598 5224 :
2624 5170 2940 5226 Intellexisti
2966 5172 3304 5243 cogitationes
3322 5186 3464 5225 meas
3486 5186 3518 5223 a
3537 5169 3678 5238 longe

2111 5263 2285 5337 (Psal.
2316 5263 2602 5337 cxxxvm).
2634 5262 2773 5319 Hinc
2792 5279 2891 5335 per
2925 5262 3269 5318 Salomonem
3293 5261 3527 5317 dicitur:
3555 5258 3697 5315 015-.

2112 5372 2199 5409 nes
2226 5355 2323 5410 uite
2346 5354 2616 5408 hominum
2640 5353 2950 5425 panduntur
2971 5350 3171 5417 oculis;
3216 5353 3456 5425 infernus
3493 5358 3542 5404 et
3568 5364 3676 5419 per-

2107 5445 2237 5500 ditio
2263 5461 2443 5500 caram
2464 5444 2689 5501 Domina
2721 5441 3069 5515 (Pr.xv|,xv),
3095 5450 3297 5511 quanto
3322 5454 3494 5511 magis
3517 5439 3671 5494 corda

2112 5532 2343 5587 filiorum
2374 5531 2673 5586 hominum.
2698 5530 2743 5584 Α
2764 5528 2920 5601 longe
2949 5531 3093 5585 enim
3126 5530 3272 5601 quod
3293 5530 3444 5593 dicit,
3471 5544 3576 5582 non
3605 5527 3674 5582 lo-

2111 5638 2234 5677 cum
2258 5622 2545 5696 signiﬁcat,
2578 5621 2674 5675 sed
2717 5629 2961 5689 tempus;
3009 5621 3134 5690 quia
3183 5634 3289 5675 non
3322 5619 3493 5674 solum
3541 5617 3673 5673 facta
