3944 6484
233 327 326 384 815

235 443 407 492 nostra
430 426 694 502 praevidet
712 425 877 489 Deus,
900 432 1089 476 verum
1109 416 1274 472 etiam
1300 420 1588 481 antequam
1611 406 1800 502 existi-

237 494 564 592 mamus-ipsi
593 533 714 582 nos,
745 513 1100 584 cogitationes
1119 516 1336 563 nostras
1358 501 1654 573 cognoscit.
1684 494 1803 552 Non

238 625 315 673 est
333 611 651 674 timendum,
679 607 724 662 si
751 606 890 660 bona
916 601 1164 670 malaque
1217 598 1269 650 in
1307 592 1687 664 cogitationem
1716 603 1808 642 ve-

242 709 400 770 niant,
434 703 532 758 sed
560 701 736 770 magis
763 694 1103 769 gloriandum
1137 700 1240 756 est,
1297 691 1341 744 si
1397 701 1552 742 mens
1601 685 1740 739 mala
1776 699 1807 736 a

241 799 389 856 bonis
439 793 716 850 intellectu
765 788 996 845 rationis
1025 787 1321 846 discernat,
1374 788 1429 836 et
1475 778 1621 849 quod
1670 777 1810 830 inter

245 892 436 946 bonum
477 894 534 942 et
573 884 774 938 malum
825 895 984 936 sensu
1032 873 1371 947 prudentiori
1405 869 1680 930 discernit,
1719 873 1814 920 aut

243 980 378 1035 mala
409 976 627 1047 cognita
657 979 870 1036 caveat,
893 978 986 1024 aut
1017 967 1286 1022 intellecta
1315 966 1454 1020 bona
1485 961 1668 1016 faciat.

316 1070 378 1122 Et
419 1070 545 1139 quia
587 1064 834 1135 cogitatio
875 1059 1099 1114 hominis
1141 1054 1474 1125 conﬁtebitur
1521 1053 1611 1105 tibi
1635 1048 1811 1122 (Psal.

243 1157 421 1228 uxv).
456 1153 724 1223 Cogitatio
751 1165 882 1206 vero
906 1148 1140 1203 hominis
1189 1155 1320 1201 tunc
1365 1145 1477 1199 Deo
1505 1142 1814 1205 conﬁtetur,

245 1249 457 1319 quando
486 1253 708 1316 peccata
728 1241 999 1312 praeterita
1023 1239 1212 1294 humili
1238 1235 1608 1293 satisfactione
1635 1233 1704 1287 ab
1729 1231 1819 1287 illo

249 1340 571 1393 damnantur
597 1354 612 1388 :
636 1335 766 1404 quia
791 1333 918 1386 dum
943 1329 1316 1400 unusquisque
1349 1327 1526 1382 divina
1552 1323 1821 1378 illumina-

249 1433 395 1488 tione
416 1428 766 1502 praevenitur,
797 1427 979 1482 statim
1019 1423 1282 1478 molestiis
1336 1421 1572 1491 turpium
1620 1418 1824 1488 cogita-

251 1523 456 1578 tionum
483 1520 752 1590 pulsatur,
783 1519 878 1572 sed
905 1532 998 1570 eas
1022 1516 1249 1570 Domino
1268 1512 1513 1568 conﬁteri
1548 1509 1825 1565 humiliter

252 1631 355 1670 non
377 1621 620 1679 veretur.

324 1704 469 1758 Nam
490 1713 544 1756 ut
565 1700 820 1757 sollicitus
841 1699 909 1752 sit
931 1699 1071 1752 circa
1096 1695 1435 1766 cogitationes
1467 1709 1594 1747 suas
1613 1706 1822 1761 perver—

1253 297 1607 359 COMMENT.
1646 293 1714 351 1N
1753 290 1912 347 BEG.
1953 288 2012 345 S.
2055 282 2438 342 BENEDICTI.

1828 421 1879 481 Α
1904 399 2208 472 exemplum
2235 392 2512 465 discipulis
2529 392 2642 448 suis
2683 388 2947 451 tribuens,
2999 395 3060 439 ut
3099 399 3207 438 non
3237 380 3483 434 volunta—

3370 268 3399 319 8
3414 265 3474 318 li

1909 504 2017 550 tem
2065 506 2238 555 suam,
2283 488 2378 544 sed
2405 485 2500 542 Dei
2533 484 2762 549 faciant,
2799 480 3050 536 addidit:
3093 475 3482 536 Verumtamen,

1907 603 2011 641 non
2059 582 2198 655 quod
2229 597 2322 652 ego
2353 578 2486 644 volo,
2514 577 2606 631 sed
2635 573 2774 647 quod
2800 583 2876 627 tu.
2921 571 2989 626 Et
3031 569 3136 623 alio
3164 567 3284 622 loco
3309 565 3440 621 dicit
3471 583 3482 616 :

1908 678 2166 734 Desceudi
2206 677 2270 730 de
2305 674 2456 739 caelo,
2489 689 2593 727 non
2624 681 2679 725 ut
2703 670 2897 740 faciam
2933 662 3249 722 roluntiztem
3295 677 3486 726 nteant,

1907 769 2000 824 sed
2023 768 2138 838 ejus
2157 766 2249 837 qui
2268 765 2411 818 misit
2442 779 2523 817 me
2563 760 2744 832 (Joan.
2791 757 2892 831 v1).
2917 756 3073 824 Quod
3099 755 3146 810 si
3177 753 3324 808 ﬁlius
3360 751 3492 807 obc-

1913 859 2048 915 divit
2071 858 2255 912 facere
2280 854 2614 909 voluntatem
2640 849 2834 920 patris,
2879 853 3084 917 quanto
3109 845 3282 915 magis
3303 857 3494 898 servus

1915 955 2076 1010 debet
2099 951 2342 1008 obedire.
2369 955 2426 1003 et
2446 961 2556 1001 non
2597 957 2772 1008 suam,
2813 941 2911 996 sed
2940 938 3156 994 Domini
3190 937 3369 992 facere
3395 949 3494 991 vo—

1914 1043 2176 1098 luntatem
2199 1041 2217 1095 ι

1989 1163 2253 1218 Docemur
2278 1175 2400 1231 ergo
2435 1157 2620 1212 merito
2647 1171 2751 1208 non
2776 1153 2950 1224 facere
2989 1161 3224 1204 nostram
3255 1148 3500 1204 volunta-

1918 1264 2056 1320 tem;
2085 1270 2204 1308 cum
2230 1267 2504 1307 caveamus
2529 1247 2683 1311 illud,
2717 1245 2858 1318 quod
2884 1245 3009 1298 dicit
3048 1252 3228 1297 sancta
3259 1240 3501 1312 Scriptu-

1922 1363 1983 1399 ra
2005 1359 2024 1396 :
2041 1343 2177 1399 Sunt
2194 1344 2294 1397 viae
2325 1358 2445 1413 quae
2473 1339 2718 1394 videntur
2743 1335 3041 1390 nominibus
3075 1343 3249 1397 rectaz,
3273 1346 3499 1402 quarum

1922 1437 2045 1506 finis
2067 1451 2230 1507 usque
2249 1433 2317 1488 ad
2342 1430 2661 1504 profundum
2677 1428 2872 1498 inferni
2891 1427 3141 1496 demergit
3163 1421 3347 1497 (Prov.
3367 1422 3501 1494 va).

1924 1527 2051 1582 Haec
2070 1535 2152 1581 est
2173 1525 2265 1579 illa
2291 1524 2402 1578 lata
2420 1531 2476 1578 et
2499 1521 2738 1591 spatiosa
2769 1520 2874 1585 via,
2903 1533 3022 1589 qua:
3051 1531 3152 1588 per
3171 1531 3230 1571 sc
3254 1514 3506 1584 gradien-

1927 1625 2010 1670 tes
2028 1614 2178 1668 ducit
2197 1613 2264 1667 ad
2288 1611 2668 1680 perditionem,
2699 1623 2798 1678 per
2827 1622 2985 1677 quam
3017 1605 3174 1660 multi
3201 1603 3509 1660 voluntates

1929 1720 2058 1761 suas
2083 1704 2358 1774 sequendo
2380 1708 2630 1772 pereunt,
2674 1707 2730 1755 et
2767 1697 3100 1754 descendunt
3125 1697 3180 1751 in
3211 1694 3504 1751 infernum.

253 1811 361 1858 sas,
391 1793 532 1846 dicat
555 1806 756 1859 semper
776 1787 921 1842 utilis
950 1787 1117 1857 frater
1137 1786 1192 1838 in
1231 1783 1388 1837 corde
1405 1799 1500 1837 suo
1523 1794 1542 1834 :
1568 1780 1712 1835 Tunc
1737 1794 1824 1834 ero

1967 1793 2068 1848 [inc
2093 1773 2310 1862 quidam
2341 1791 2556 1859 sapiens
2577 1789 2710 1844 dicit
2739 1806 2753 1840 :
2803 1785 2902 1840 Via
2926 1786 3254 1858 peccantium
3277 1785 3508 1854 compla-

255 1881 622 1938 immaculatus
647 1897 824 1934 coram
851 1894 932 1941 eo,
952 1878 998 1932 si
1031 1877 1365 1932 observavero
1407 1889 1489 1926 nte
1533 1872 1596 1926 ab
1630 1869 1826 1941 iniqui-

1967 1892 2058 1936 ata
2085 1881 2367 1952 lapidibus,
2398 1890 2446 1934 et
2473 1879 2527 1932 in
2547 1878 2653 1948 ﬁne
2689 1877 2904 1932 illorum
2956 1875 3135 1946 inferi,
3181 1883 3228 1930 et
3261 1874 3508 1936 tenebrw,

257 1984 362 2029 tate
387 1989 502 2027 mea
528 1969 700 2043 (Psal.
727 1970 880 2039 xvn).
916 1969 1202 2024 Subtiliter
1224 1969 1503 2022 beatorum
1537 1963 1832 2018 monacbo-
1930 1985 2164 2044 dum“;
2185 1969 2522 2042 (305154“),
2547 1969 2626 2024 De
2667 1969 2864 2038 quibus
2902 1975 2959 2022 οι
3007 1968 3060 2022 in
3095 1967 3236 2021 mm,
3260 1963 3360 2020 Job
3387 1965 3518 2036 ιρεί-

260 2082 378 2120 mm
402 2065 511 2118 Vlla
535 2061 882 2125 ἀθεθτίδίῑυνν
902 2061 994 2130 (ιυὶ
1025 2062 1241 2130 quando
1271 2059 1334 2112 ad
1365 2057 1600 2126 aliquam
1629 2071 1689 2110 ⁸ο
1711 2069 1835 2124 Βῖθ-
1932 2074 2053 2119 tur:
2071 2061 2356 2118 Exsultant
2381 2061 2435 2114 in
2457 2059 2676 2122 lusibus,
2715 2068 2886 2113 tenent
2916 2068 3245 2129 tympanum,
3266 2068 3313 2112 et
3346 2058 3516 2110 citim—

261 2157 390 2211 liam
421 2154 632 2209 Domini
659 2153 967 2222 Pervenisse
994 2158 1345 2222 0080030003,
1398 2155 1592 2202 callem
1634 2163 1703 2202 ne
1736 2148 1837 2201 Ῐιθ-
1936 2173 2072 2219 ram,
2095 2164 2145 2208 et
2165 2151 2391 2224 gaudent
2414 2150 2483 2204 ad
2509 2151 2739 2205 sonitum
2765 2149 2984 2218 organi;
3013 2147 3277 2202 deducunt
3295 2147 3352 2201 in
3369 2147 3518 2200 bonis

263 2265 383 2304 rum
423 2247 728 2316 iniquitatis
771 2245 1010 2314 antiqua:
1061 2243 1460 2299 calamitatibus
1489 2241 1832 2296 innodentur.
1934 2247 2266 2310 diessuos,et
2288 2243 2342 2296 in
2357 2250 2547 2312 puncto
2571 2241 2638 2294 ad
2659 2239 2867 2310 inferna
2882 2237 3201 2293 descendunt
3219 2236 3519 2307 (Job.xx1).

263 2337 396 2392 Nam
419 2338 775 2409 cogitationes
797 2335 1012 2389 illicitas
1063 2333 1380 2400 immittere,
1407 2334 1710 2389 dmmonum
1731 2341 1835 2397 est,
1940 2333 2074 2388 Nam
2117 2340 2173 2388 et
2200 2333 2265 2387 de
2293 2331 2396 2385 illis
2425 2329 2650 2400 intelligi
2681 2336 2880 2400 potest,
2917 2329 3011 2397 qui
3038 2342 3183 2382 nunc
3207 2327 3364 2382 electi
3393 2342 3516 2381 csse

266 2427 680 2496 cogitationibus
705 2440 835 2480 vero
859 2423 1120 2479 oblectari
1143 2425 1434 2494 perversis,
1461 2423 1712 2477 nocivum
1734 2429 1836 2476 est.
1941 2425 2223 2490 videntur;
2255 2422 2350 2478 sed
2375 2422 2502 2492 quia
2533 2436 2640 2476 non
2663 2427 2809 2485 sunt,
2839 2435 2867 2473 a
2891 2417 3117 2473 Domino
3138 2416 3402 2488 reproban
3412 2427 3522 2481 tur,

268 2516 608 2584 lniquitatem
634 2515 738 2570 hoc
767 2514 820 2568 in
837 2513 1152 2582 locoposuit
1176 2527 1277 2582 pro
1302 2512 1648 2582 cogitatione.
1669 2511 1842 2565 Omne
1944 2519 2157 2572 dicente
2203 2517 2516 2586 propheta:
2573 2512 2782 2568 vocavit
2834 2512 3092 2566 Dominus
3136 2510 3401 2581 judicium
3453 2508 3524 2561 ad

269 2605 416 2660 enim
443 2605 586 2674 quod
609 2619 820 2673 :cquum
843 2619 950 2658 non
979 2612 1080 2670 est,
1108 2604 1348 2672 iniquum
1376 2611 1477 2657 est.
1507 2601 1650 2671 Ergo
1670 2602 1761 2670 (ιιιὶ
1785 2616 1844 2655 se
1943 2611 2137 2679 ignem,
2186 2617 2236 2662 et
2281 2607 2545 2661 devoravit
2580 2615 2779 2677 partem
2827 2605 3015 2658 domus
3035 2601 3220 2676 (Amos
3247 2600 3368 2670 vn).
3394 2601 3532 2656 l-‘ars

271 2710 302 2749 a
326 2695 508 2764 pravis
529 2695 779 2749 observat
803 2693 1242 2765 cogitationibus,
1289 2692 1460 2746 levius
1507 2706 1566 2746 se
1593 2691 1847 2745 observat
1947 2700 2143 2770 quippe
2164 2701 2355 2753 domus
2379 2698 2742 2761 devorabam,
2763 2697 2890 2766 quia
2942 2695 3062 2750 mus
3086 2695 3254 2749 etiam
3286 2691 3534 2749 iuret-nu.

273 2801 304 2839 a
330 2787 513 2854 pravis
541 2783 812 2854 operibus.
842 2783 910 2836 Et
940 2783 1061 2837 ideo
1088 2782 1224 2836 dixit
1257 2798 1271 2834 :
1307 2780 1376 2834 Et
1400 2797 1497 2834 ero
1527 2778 1843 2834 immacula-

1967 2789 2280 2853 lbsorbebit,
2322 2789 2413 2858 qui
2467 2803 2612 2843 nunc
2658 2803 2717 2842 se
2766 2787 2821 2840 in
2880 2787 3165 2856 prmceptis
3218 2784 3532 2843 cmlestibus

277 2886 357 2930 tus
381 2891 558 2928 coram
594 2890 676 2939 eo,
725 2875 773 2927 si
813 2874 1146 2928 observarem
1184 2888 1266 2926 me
1309 2870 1374 2924 ab
1419 2870 1697 2940 iniquitate
1731 2885 1848 2922 mea

1967 2891 2100 2938 itare
2128 2881 2448 2953 gloriantur.
2468 2879 2658 2934 Potest
2683 2886 2737 2933 et
2765 2879 2831 2931 de
2859 2877 2966 2932 illis
2989 2892 3095 2931 non
3147 2876 3537 2931 inconvenien-

275 2962 450 3037 (Psal.
483 2963 636 3033 xvn).
663 2964 742 3018 Ac
767 2964 812 3018 si
842 2964 1083 3018 diceret:
1116 2963 1267 3017 Tunc
1323 2959 1722 3014 immaculatam
1747 2974 1850 3029 po.-

1967 2989 2038 3029 .er
2066 2971 2312 3044 intelligi,
2339 2985 2477 3040 quos
2502 2970 2629 3023 vitia
2659 2969 2758 3024 sub
2787 2968 3134 3023 simulatione
3163 2968 3422 3021 virtutum
3445 2966 3542 3022 de-

279 3070 396 3114 tero
417 3060 611 3114 ducere
640 3059 830 3119 vitam,
855 3057 902 3112 si
937 3071 1024 3111 me
1051 3071 1160 3110 non
1197 3052 1547 3108 maculaverit
1595 3051 1851 3121 cogitatio

1967 3065 2179 3134 cipiunt.
2230 3062 2488 3130 Quaedam
2557 3060 2692 3114 vitia
2737 3059 2972 3129 speciem
3019 3049 3278 3112 virtutum
3340 3057 3544 3112 habere

279 3165 466 3222 P73“.
498 3149 682 3220 Neque
704 3150 848 3204 enim
875 3156 1056 3218 Ροιθεῑ
1079 3147 1197 3202 Sine
1219 3145 1432 3201 macula
1454 3145 1662 3208 νίνθΐθν
1701 3142 1854 3211 cuius
1880 3142 1924 3171 υ
1959 3156 2233 3220 videntur,
2289 3154 2383 3209 sed
2408 3152 2640 3206 virtutcs
2667 3167 2774 3205 non
2807 3157 2950 3205 sunt.
2981 3149 3118 3211 Nam
3146 3149 3415 3203 interdum
3443 3148 3546 3204 sub

283 3239 468 3309 iniqua
490 3241 743 3312 εοῧίιθῑίο
765 3239 956 3309 Pomm
976 3247 1229 3294 ωθηῑθωσ
1247 3237 1355 3292 Sed
1379 3237 1467 3292 ille
1492 3245 1700 3292 ιδηῑυω
1716 3237 1856 3291 bene
1957 3255 2223 3320 praetextu
2245 3247 2470 3316 iustitiae
2499 3243 2789 3299 crudelitas
2818 3243 3015 3314 agitur,
3067 3249 3123 3295 et
3150 3241 3274 3296 inde
3323 3256 3381 3295 sc
3409 3255 3548 3294 non-

284 3331 666 3387 immaculatus
693 3333 844 3395 Vivit.
878 3331 968 3400 qui
1003 3345 1061 3386 se
1093 3331 1162 3385 ab
1194 3330 1474 3399 iniquitate
1503 3344 1684 3399 Ρηινω
1712 3328 1860 3399 cogi—
1960 3336 2094 3392 nulli
2117 3335 2295 3408 iustos
2323 3349 2445 3390 esse
2468 3332 2765 3396 conﬁdunt,
2789 3331 2929 3386 unde
2950 3330 3185 3385 maxime
3207 3330 3346 3399 apud
3368 3329 3552 3384 Domi-

287 3425 508 3479 tationis
541 3425 793 3480 custodit.
831 3424 899 3478 Et
928 3439 996 3478 ne
1023 3423 1219 3493 aliquis
1245 3424 1427 3478 dicat:
1463 3422 1712 3493 Cogitare
1741 3429 1862 3475 tan-
1962 3445 2094 3486 uum
2140 3428 2518 3498 repmbantur.
2579 3424 2838 3481 Camales
2897 3431 3075 3477 autem
3106 3422 3425 3491 plerumque
3451 3437 3551 3492 per

289 3520 426 3577 ιυῐῑιν
452 3529 558 3568 non
589 3514 790 3580 facere,
818 3529 925 3568 non
955 3523 1040 3569 est
1085 3514 1290 3584 grande
1341 3522 1646 3584 peccatum.
1679 3512 1863 3566 θιιάὶδι
1967 3519 2436 3576 insensibilitatem
2467 3517 2668 3572 mentis
2717 3529 2823 3569 non
2868 3520 3174 3585 agnoscunt
3214 3511 3405 3566 vitium
3435 3526 3557 3566 esse

287 3607 419 3676 (1³ίά
449 3608 514 3661 de
545 3608 806 3662 malorum
831 3608 1249 3679 οοείιειιίοιιὶὺιιε
1275 3607 1346 3662 είι
1394 3607 1676 3676 scrillium-
1723 3604 1866 3659 θίθίῑ
1969 3613 2252 3686 culpabile,
2301 3610 2444 3681 quod
2495 3609 2718 3680 dignum
2767 3609 2984 3662 videtur
3022 3605 3388 3660 damnatione.
3420 3603 3558 3658 llinc

286 3699 436 3753 enim
470 3698 794 3769 Scriptura:
831 3698 1090 3770 Cogitatio
1117 3700 1266 3754 stulti
1290 3709 1558 3769 peccatum
1586 3696 1863 3769 est(Prov.
1968 3721 2069 3774 per
2118 3703 2463 3758 Salomonem
2515 3701 2755 3756 dicitur:
2802 3697 2930 3752 Vias
2957 3713 3073 3769 qua:
3122 3713 3153 3749 a
3208 3694 3406 3748 dextris
3436 3702 3558 3747 sunt

293 3791 468 3861 xxrv).
487 3790 556 3842 Et
575 3799 636 3843 ut
667 3791 997 3860 intelligeres
1023 3790 1182 3857 quale
1206 3798 1506 3857 peccatum,
1523 3789 1656 3842 dicit
1678 3789 1867 3842 eadem
1973 3795 2111 3848 novit
2168 3793 2446 3855 Dominus,
2490 3807 2746 3860 perversis
2797 3805 2915 3843 vero
2947 3797 3086 3852 sunt,
3124 3803 3240 3858 qua:
3263 3803 3293 3838 a
3333 3784 3561 3839 sinistris

291 3879 580 3946 Scriptura
622 3879 676 3931 in
727 3877 833 3931 alio
876 3877 993 3932 loco
1023 3895 1036 3930 :
1069 3876 1334 3930 Fervente
1363 3876 1700 3944 cogitationes
1727 3891 1874 3943 δερα-
1975 3890 2095 3935 sunt
2130 3881 2311 3952 (Prov.
2346 3879 2442 3951 ιν).
2476 3879 2800 3949 ιιιιριιῑείιυν
2826 3886 2882 3932 et
2921 3878 2988 3930 de
3013 3876 3300 3940 haereticis,
3329 3890 3561 3945 quorum

297 3979 418 4024 rant
443 3986 474 4022 a
499 3969 608 4022 Deo
625 3966 864 4039 (Sapien.
885 3966 946 4038 ι).
976 3965 1092 4020 Non
1120 3965 1263 4020 enim
1289 3978 1536 4034 parvum,
1552 3961 1647 4015 sed
1670 3962 1856 4030 grandi

1978 3973 2171 4042 dogma
2217 3971 2361 4025 illius
2392 3971 2608 4026 videtur
2634 3981 2866 4034 rectum,
2910 3970 3002 4023 scd
3041 3986 3070 4022 ει
3121 3969 3403 4025 catholicis
3431 3971 3566 4024 viris

298 4067 581 4132 peccatum
604 4067 685 4113 est
703 4059 941 4127 separari
972 4072 1003 4111 a
1033 4057 1162 4121 Deo,
1187 4064 1244 4110 et
1259 4055 1414 4126 iungi
1439 4054 1674 4109 diabolo.
1702 4053 1745 4106 Α
1768 4067 1876 4121 quo
1981 4060 2328 4126 discernitur,
2359 4069 2413 4113 et
2429 4059 2703 4128 iudicatur
2724 4074 2842 4113 esse
2875 4075 3132 4130 pravum;
3156 4059 3280 4129 quia
3303 4075 3566 4128 sequaces

304 4167 366 4209 se
409 4153 546 4208 bene
587 4154 859 4214 observat,
907 4152 997 4221 qui
1052 4151 1408 4222 cogitationes
1455 4151 1689 4221 iniquas,
1749 4151 1877 4205 dum
1983 4165 2109 4204 suos
2139 4150 2274 4204 dicit
2301 4149 2370 4204 ad
2397 4157 2681 4203 tartarum.
2720 4148 2859 4204 llinc
2885 4148 3141 4206 Salomon
3182 4153 3297 4206 ait:
3340 4149 3439 4207 Via
3463 4155 3568 4208 im-

305 4245 483 4299 adhuc
507 4251 631 4298 sunt
663 4243 921 4313 parvulae,
954 4250 1100 4297 tenet
1124 4250 1181 4296 et
1208 4241 1378 4296 allidit
1404 4241 1469 4295 ad
1504 4249 1734 4311 petram.
1929 4285 1934 4290 .
1984 4242 2191 4312 piorum
2238 4241 2531 4303 tenebrosa,
2563 4241 2800 4294 nesciunt
2850 4241 2937 4294 ubi
2985 4251 3231 4296 corruant
3258 4240 3441 4314 (Prov.
3469 4242 3566 4315 tv).

392 4334 717 4388 Voluntatem
747 4351 864 4388 vero
910 4335 1178 4404 propriam
1223 4335 1299 4387 ita
1327 4333 1500 4402 facere
1524 4333 1876 4404 prohibentur,
1989 4331 2126 4386 Hinc
2149 4331 2348 4386 iterum
2393 4330 2560 4385 dicit:
2596 4329 2662 4384 In
2707 4330 2892 4385 itinere
2934 4341 3342 4403 contemptorunt
3381 4348 3572 4404 vorago

305 4441 429 4479 cum
449 4425 576 4478 dicit
599 4424 874 4494 Scriptura
889 4424 1035 4513 nobis
1056 4423 1158 4478 :Et
1179 4441 1212 4478 a
1235 4422 1585 4479 voluntatibus
1609 4425 1712 4478 tuis
1734 4439 1884 4477 avero
1910 4453 1964 4513 Β
1993 4419 2175 4492 (Prov.
2203 4419 2345 4493 xm).

311 4525 423 4568 tere
449 4513 820 4586 (Eccli.xvln).
877 4513 935 4568 In
981 4508 1164 4569 multis
1205 4514 1318 4585 jam
1353 4515 1556 4571 dictum
1604 4523 1706 4581 est,
1759 4515 1886 4584 quia

313 4606 588 4678 propriam
615 4606 950 4660 voluntatem
995 4607 1128 4660 nulli
1189 4622 1424 4676 unquam
1456 4607 1636 4662 facere
1667 4609 1890 4678 permit-

316 4696 538 4752 tendum
566 4705 669 4762 est,
703 4697 806 4751 nisi
821 4697 1042 4767 judicio,
1067 4705 1122 4752 et
1145 4699 1460 4766 probatione
1474 4700 1556 4753 vel
1575 4700 1890 4765 multorum,

317 4789 406 4844 vel
433 4805 616 4843 eorum
642 4790 733 4858 qui
760 4799 1019 4860 praesunt.
1073 4791 1210 4846 Nam
1265 4792 1408 4846 illam
1459 4794 1688 4848 dicimus
1714 4793 1892 4864 perfe-

321 4889 465 4934 ctam
489 4881 894 4946 continentiam,
918 4897 1023 4951 qua
1056 4897 1115 4937 se
1143 4898 1174 4936 a
1217 4883 1453 4954 propriis
1473 4885 1585 4938 suis
1607 4884 1897 4937 voluntati-

320 4969 424 5023 bus
450 4969 706 5023 continet.
739 4971 1008 5036 Quantum
1043 4979 1222 5026 autem
1269 4974 1467 5028 habeat
1514 4973 1758 5043 periculi,
1801 4973 1894 5042 qui

324 5061 654 5116 voluntatem
678 5064 954 5132 propriam
977 5063 1154 5118 facere
1176 5064 1307 5130 vult,
1326 5072 1381 5117 et
1403 5079 1508 5118 non
1525 5065 1762 5130 Domini,
1781 5080 1899 5120 cer-

331 5162 444 5208 tum
491 5162 668 5208 estex
702 5156 956 5223 Apostolo
984 5157 1196 5211 dicente
1234 5177 1248 5210 :
1289 5155 1562 5210 Farientes
1609 5157 1899 5212 voluntates

330 5243 504 5296 carnis
533 5253 581 5295 et
618 5246 989 5314 cogitationum
1023 5261 1230 5299 eramus
1272 5245 1555 5315 aliquando
1595 5256 1643 5299 et
1678 5263 1770 5299 nos
1801 5262 1894 5298 na-

333 5343 453 5386 tura
475 5333 575 5402 ﬁlii
605 5335 720 5398 ira',
747 5336 880 5389 sicut
905 5349 949 5388 ct
975 5336 1148 5389 cmteri
1178 5335 1337 5407 (Eph.
1371 5334 1451 5405 ιι).

410 5419 472 5474 Et
500 5423 685 5476 iterum
707 5436 726 5475 .'
754 5423 1012 5493 Rogemus
1034 5423 1201 5478 Deum
1225 5425 1279 5476 in
1300 5426 1556 5486 oratione,
1574 5435 1628 5476 ut
1649 5426 1742 5492 fiat
1764 5423 1908 5477 illius

336 5514 572 5570 voluntas
617 5516 672 5570 in
721 5517 866 5570 nobis
897 5515 1109 5583 (Matth.
1135 5516 1232 5586 vi).
1258 5517 1518 5571 Dominus
1544 5515 1909 5569 inﬁrmitatem

337 5606 595 5671 hominis,
645 5623 807 5676 quam
837 5608 1112 5676 portabat,
1150 5607 1440 5661 ostendens
1488 5607 1564 5660 ait
1597 5625 1610 5661 :
1651 5603 1832 5670 Pater,
1868 5605 1914 5660 si

340 5698 458 5767 ﬁeri
483 5705 670 5764 potest,
721 5704 952 5750 transeat
979 5713 1013 5750 a
1039 5711 1122 5749 me
1148 5695 1290 5749 calix
1315 5696 1412 5749 iste
1459 5693 1611 5765 (Luc.
1646 5691 1802 5766 χιιι).
1845 5693 1912 5748 Et

2066 4556 2132 4610 Et
2163 4573 2278 4609 cum
2303 4557 2428 4609 item
2452 4571 2727 4610 caveamus
2751 4556 2906 4622 illud,
2947 4574 2979 4628 q
3001 4558 3087 4612 τοι
3109 4558 3174 4612 de
3195 4559 3577 4631 negligentibus

1994 4646 2193 4700 dictum
2214 4655 2288 4700 est
2311 4659 2328 4696 :
2356 4645 2598 4715 Corrupti
2621 4656 2764 4712 sunt,
2793 4656 2841 4700 et
2889 4647 3265 4703 abominabiles
3307 4649 3434 4719 [acti
3456 4658 3580 4703 sunt

1997 4737 2052 4789 in
2079 4735 2427 4806 voluptatibus
2454 4737 2564 4790 suis
2588 4733 2758 4807 (Psal.
2778 4737 2895 4804 ut).
2929 4736 3176 4808 Corrupti
3201 4748 3327 4794 sunt
3349 4754 3584 4809 sequen-

2001 4829 2070 4886 do
2105 4831 2411 4886 libertatem
2447 4831 2654 4886 arbitrii
2689 4832 2793 4895 sui,
2813 4840 2870 4887 et
2893 4833 3284 4890 abominabiles
3305 4832 3432 4890 facti
3455 4842 3585 4890 sunt

2001 4926 2280 4996 sequendo
2307 4926 2612 4981 voluntates
2641 4926 2842 4994 proprii
2865 4926 3047 4982 cordis
3068 4926 3172 4981 sui.
3227 4925 3303 4980 De
3331 4927 3417 4980 bis
3437 4925 3584 4980 enim

2003 5013 2294 5084 Apostolus
2318 5014 2396 5068 ait
2423 5032 2436 5068 :
2471 5013 2724 5068 Homines
2753 5015 2987 5086 corrupti
3008 5025 3200 5082 mente,
3242 5015 3446 5086 reprobi
3473 5015 3586 5069 sine

2007 5103 2220 5172 alfectu,
2253 5104 2706 5172 prcevaricatores,
2734 5105 2980 5177 immites,
3017 5107 3363 5160 canteriatam
3385 5104 3586 5158 baben-

2007 5202 2082 5246 tes
2106 5193 2498 5255 conscientiam,
2533 5200 2638 5247 etc.
2669 5191 2724 5263 (1
2752 5192 2886 5247 Tim.
2918 5193 3014 5265 iv).

2087 5325 2148 5378 1η
2179 5324 2453 5379 desideriis
2478 5341 2595 5378 vero
2620 5327 2794 5378 carnis
2827 5327 2900 5378 ita
2927 5327 3076 5381 nobis
3119 5326 3282 5381 Deum
3316 5325 3588 5380 credamus

2008 5433 2274 5486 superesse
2300 5425 2626 5485 prmeentem,
2676 5433 2794 5471 cum
2838 5418 2965 5473 dicit
3017 5416 3280 5488 Propheta
3319 5416 3587 5470 Domino:

2011 5507 2145 5561 Ante
2187 5517 2236 5562 te
2275 5516 2352 5562 est
2391 5523 2541 5560 omne
2569 5506 2888 5562 desiderium
2938 5525 3110 5562 meum
3159 5507 3327 5577 (Psal.
3358 5503 3588 5575 xxxvn).

2012 5599 2130 5655 Non
2152 5601 2295 5654 enim
2323 5607 2447 5654 ante
2474 5599 2743 5665 homines,
2776 5601 2972 5670 inquit,
3023 5599 3112 5670 qui
3144 5615 3240 5654 cor
3273 5599 3454 5652 videre
3483 5611 3594 5650 non

2015 5697 2257 5762 possunt,
2291 5689 2386 5746 sed
2433 5696 2559 5744 ante
2605 5697 2662 5745 te
2700 5698 2783 5744 est
2809 5705 2970 5744 omne
3007 5688 3329 5744 desiderium
3360 5698 3540 5740 meum
3575 5702 3590 5737 :
