3944 6424
465 264 571 321 ειυ

1749 260 2027 317 SMARAG
2036 261 2099 316 Dl
2136 261 2431 319 ABBATIS

3621 267 3739 323 8l6

464 382 553 435 cui
580 395 686 435 non
709 378 876 433 latcnt
898 393 1017 448 quae
1065 385 1189 431 sunt
1214 376 1268 430 in
1311 376 1639 446 cogitatione
1664 376 1746 429 vel
1769 375 2036 430 desiderio
2063 379 2113 441 Α
2139 383 2223 428 est
2249 393 2261 427 :
2291 374 2446 427 Oculi
2473 375 2681 429 Domini
2706 391 2860 446 super
2873 376 3069 445 justas,
3103 384 3155 430 et
3176 391 3330 429 aures
3355 376 3469 446 ejus
3499 376 3571 430 ad
3599 394 3731 447 pre-

354 491 361 496 -
464 475 645 528 cordis
669 474 792 528 mei.

533 562 829 618 Cavendum
856 578 978 633 ergo
1006 563 1123 617 ideo
1146 561 1347 616 malum
1382 562 1723 625 desiderium,
1745 560 1869 631 quia
1900 576 2039 614 mors

456 671 607 709 secus
649 655 918 708 introitum
959 655 1316 710 delectationis
1368 656 1535 726 posita
1557 666 1653 709 est.
1705 653 1849 708 Mors
1898 655 2037 708 dicta

421 746 539 840 1vel
574 762 604 799 a
634 759 838 811 morsu,
868 746 954 799 vel
981 747 1106 816 quia
1136 762 1321 801 amara
1350 758 1453 802 est.
1483 745 1607 800 Ideo
1647 761 1680 799 a
1723 760 1904 800 morsu
1957 745 2039 799 di-

453 846 541 891 cta
572 846 659 890 est
686 851 852 901 mors,
882 837 1027 905 quod
1058 836 1349 891 delectavit
1378 837 1487 891 Eva
1529 837 1595 891 de
1628 835 1772 905 ligno
1799 833 2035 904 paradisi

456 929 741 983 comedere
772 929 959 990 vetito,
990 937 1044 981 et
1069 943 1226 982 suasa
1254 944 1284 980 a
1311 928 1523 982 diabolo
1552 927 1758 995 accepit
1792 941 2032 996 pomum,

455 1026 508 1069 ct
538 1017 829 1070 momordit
857 1016 1007 1081 illud,
1034 1025 1088 1069 et
1112 1016 1294 1071 statim
1317 1024 1545 1070 mortem
1562 1015 1777 1085 glutivit
1791 1028 2034 1069 amaram

454 1122 577 1158 eum
606 1122 808 1159 morsu.
841 1106 1135 1161 Delectavit
1161 1114 1215 1161 et
1240 1105 1548 1169 momordit,
1576 1112 1632 1161 et
1668 1105 1851 1160 statim
1885 1120 2031 1159 mor-

455 1199 522 1251 tis
544 1197 837 1267 periculum
869 1196 1115 1251 incurrit.
1166 1195 1393 1250 Intravit
1441 1194 1728 1249 delectatio
1781 1193 1929 1264 pomi
1976 1193 2033 1247 in

455 1288 722 1352 animam;
758 1286 979 1340 intravit
1001 1286 1207 1356 pariter
1235 1293 1288 1340 et
1317 1301 1462 1340 mors
1488 1300 1612 1340 cum
1638 1285 1746 1339 illa.
1793 1284 1860 1339 Et
1910 1284 2034 1339 ideo

447 1394 607 1433 secus
628 1377 906 1432 introitum
929 1377 1299 1433 delectationis
1332 1386 1556 1433 mortem
1585 1378 1818 1447 positam
1843 1377 2034 1431 beatus

446 1483 566 1523 esse
588 1467 911 1522 Benedictus
931 1467 1081 1521 dicit.
1109 1466 1245 1521 Nam
1285 1467 1475 1521 eodem
1522 1467 1887 1521 blandimento
1934 1464 2031 1520 de-

448 1556 755 1611 lectationis
779 1555 1124 1627 decipiuntur
1149 1572 1293 1611 nunc
1320 1570 1417 1626 per
1440 1556 1732 1621 diabolum,
1769 1572 1879 1626 quo
1901 1571 2030 1626 pro—

447 1648 663 1718 mptasti
687 1648 738 1702 in
762 1649 1014 1719 paradiso
1036 1656 1161 1703 sunt
1174 1648 1408 1718 decepti.
1436 1649 1693 1705 Diabolus
1709 1650 1853 1705 enim
1865 1665 2030 1720 quan-

2144 482 2225 521 ccs
2257 483 2437 519 eorum
2467 465 2639 537 (Psal.
2672 469 2888 538 xxxm).
2912 467 3102 523 Vultus
3142 474 3321 523 autem
3368 467 3582 521 Domini
3628 483 3729 523 su-

2138 576 2233 630 per
2261 561 2520 615 facientes
2546 561 2706 626 mala,
2731 571 2788 614 ut
2813 561 3003 631 perdat
3031 561 3097 615 de
3123 568 3269 614 terra
3298 560 3617 614 memoriam
3639 574 3731 616 co-

2138 666 2280 705 rum.
2320 651 2561 722 Respicit
2582 661 2637 706 et
2667 668 2823 721 super
2848 650 2989 721 ﬁlios
3039 651 3328 715 hominum,
3368 660 3426 703 ut
3459 648 3635 705 videat
3678 650 3730 705 si

2136 749 2213 793 est
2242 740 2435 809 aliquis
2457 742 2596 796 inter
2630 756 2724 795 eos
2747 740 3039 811 intelligens
3073 750 3166 795 aut
3208 742 3475 812 requirens
3527 740 3723 795 Deum.

2135 828 2228 883 llle
2258 830 2402 884 enim
2425 829 2569 900 apud
2588 830 2754 884 Deum
2781 830 3083 901 intelligens
3108 830 3360 895 habetur,
3377 830 3538 899 quiin
3554 845 3728 900 opere

2134 928 2191 973 et
2219 920 2463 973 oratione
2492 934 2597 974 non
2620 920 2805 983 alium,
2846 920 2941 973 sed
2974 921 3153 990 ipsum
3192 920 3496 974 auditorem
3542 919 3723 973 solum

2135 1010 2368 1079 requirit
2394 1017 2449 1064 et
2476 1017 2684 1063 exorat.
2716 1009 2815 1075 Qui
2842 1024 2948 1063 non
2978 1011 3033 1064 in
3067 1010 3171 1063 alio
3200 1025 3408 1074 curam,
3434 1025 3584 1079 spem
3632 1010 3723 1064 vel

2133 1097 2407 1164 fiduciam,
2438 1099 2541 1154 nisi
2568 1100 2620 1153 in
2651 1100 2766 1169 ipso
2786 1100 2902 1154 solo
2927 1099 3155 1154 Domino
3168 1099 3459 1169 ponitlesu
3475 1100 3717 1155 Christo.

2132 1186 2351 1252 Curam,
2380 1195 2439 1241 ut
2463 1187 2618 1241 Jacta
2640 1188 2695 1241 in
2727 1188 2952 1241 Domino
2992 1204 3174 1242 curam
3216 1198 3380 1243 tuam.
3430 1189 3616 1258 Spem,
3656 1198 3723 1244 ut

2135 1278 2269 1348 Spes
2308 1294 2426 1332 mea
2474 1275 2730 1331 Dominus
2757 1296 2790 1331 a
2804 1278 3079 1347 jurentute
3127 1293 3267 1333 mea.
3318 1278 3618 1344 Fiduciam,
3658 1287 3723 1334 ut

2137 1366 2341 1423 Bonum
2355 1377 2431 1423 est
2450 1368 2710 1438 confidere
2731 1370 2789 1422 in
2819 1368 3062 1423 Domino.
3077 1368 3309 1441 Angelos
3320 1370 3477 1427 nobis
3489 1371 3719 1440 deputa-

2137 1467 2221 1514 tos
2245 1459 2395 1525 dicit,
2425 1458 2494 1515 de
2519 1459 2714 1529 quibus
2739 1459 2994 1513 Dominus
3023 1459 3136 1514 ait:
3161 1460 3346 1534 Angeli
3376 1477 3555 1516 eorum
3580 1478 3720 1517 sem-

2133 1565 2226 1620 per
2254 1548 2425 1602 vident
2462 1548 2649 1618 faciem
2680 1547 2856 1603 Patris
2881 1551 3004 1616 mei,
3023 1552 3115 1622 qui
3140 1552 3197 1606 in
3227 1550 3368 1606 ctelis
3394 1562 3471 1607 est
3495 1552 3713 1625 (Mattio.

2132 1638 2309 1711 svnt).
2333 1639 2399 1693 Et
2426 1653 2525 1708 pro
2553 1638 2751 1708 quibus
2781 1638 2981 1695 Paulus
3010 1639 3297 1710 Apostolus
3314 1642 3572 1699 mulieres
3593 1660 3719 1714 pro-

444 1740 514 1794 do
536 1740 784 1810 decipsrc
820 1739 1052 1811 aliquem
1079 1740 1247 1810 cupit,
1276 1741 1427 1811 prius
1451 1749 1699 1795 naturam
1738 1740 1896 1796 unius
1933 1756 2028 1796 cu-
2054 1742 2101 1801 Β
2131 1729 2281 1784 hibet
2310 1728 2363 1782 in
2388 1727 2684 1783 Ecclesiam
2717 1743 2823 1783 non
2854 1729 3045 1785 velatis
3073 1731 3279 1787 intrare
3309 1734 3601 1802 capitibus.
3644 1735 3715 1792 Et

439 1832 631 1904 jusque
666 1832 924 1898 incendit,
975 1840 1028 1885 et
1066 1831 1191 1887 inde
1235 1847 1295 1887 se
1338 1831 1596 1903 applicat,
1647 1830 1791 1886 unde
1841 1839 2027 1901 aptum

442 1921 720 1977 hominem
765 1921 834 1977 ad
884 1929 1167 1993 peccatum
1224 1921 1541 1991 inspexerit.
1584 1920 1840 1977 Diabolus
1882 1922 2027 1976 enim

440 2027 668 2083 serpens
705 2019 792 2066 est
814 2010 1075 2077 lubricus,
1125 2011 1212 2065 cui
1257 2011 1302 2065 si
1349 2011 1404 2065 in
1441 2012 1615 2081 capite
1668 2010 2026 2081 suggestionis

440 2119 549 2159 non
582 2102 877 2167 resistitur,
904 2110 1046 2156 totus
1078 2103 1129 2155 in
1155 2102 1366 2157 interna
1389 2101 1588 2166 cordis,
1613 2100 1741 2156 dum
1774 2116 1880 2157 non
1902 2116 2026 2157 seu—

442 2194 596 2259 titur,
631 2193 886 2247 illnldtur.
915 2190 971 2247 Si
998 2202 1176 2246 autem
1199 2192 1248 2245 ei
1264 2190 1472 2247 fortiter
1489 2192 1544 2246 in
1571 2192 1747 2262 capite
1770 2207 1799 2246 a
1823 2192 2024 2247 sanctis

440 2285 573 2339 viris
603 2283 906 2349 resistatur,
952 2290 1061 2338 tota
1100 2281 1215 2353 ejus
1241 2281 1512 2352 suggestio
1538 2282 1646 2337 cito
1673 2281 2020 2337 annihilatur.

440 2375 594 2430 Unde
623 2383 677 2430 et
702 2370 985 2429 Psalmista
1021 2373 1139 2428 ait:
1170 2371 1253 2425 Ad
1290 2370 1509 2425 nihilum
1552 2371 1805 2426 deductus
1852 2381 1927 2426 est
1966 2372 2022 2425 in

438 2476 714 2536 conspectu
758 2465 873 2535 ejus
908 2462 1170 2535 malignus
1197 2460 1371 2536 (Psal.
1410 2462 1558 2535 xxv);
1590 2470 1679 2518 et:
1705 2461 1901 2517 Beatus
1930 2465 2021 2533 qui

436 2564 571 2610 tenet
592 2564 640 2608 et
662 2550 830 2607 allidit
856 2552 1101 2625 parvulos
1123 2572 1245 2609 suos
1268 2553 1337 2608 ad
1355 2564 1559 2623 petram
1591 2551 1761 2626 (Psal.
1778 2557 2017 2625 CXXXVI).

514 2642 661 2699 Unde
695 2643 969 2716 Scriptura
993 2644 1225 2716 prwcipit
1263 2644 1437 2699 dicens
1468 2659 1486 2696 .'
1506 2643 1634 2698 Post
1662 2643 2020 2715 concupiscen-

438 2736 542 2790 tias
580 2745 698 2789 tuas
728 2752 831 2789 non
852 2753 940 2790 eas
970 2734 1297 2807 (Eccli.xvnt
1319 2734 1358 2806 ).
1378 2735 1514 2791 llinc
1540 2732 1773 2791 Iacobus
1796 2743 2017 2808 aposto-

436 2825 521 2881 lus
565 2825 677 2880 ait:
708 2822 1070 2897 Unusquisque
1124 2840 1240 2879 vero
1283 2835 1516 2879 tentatur
1540 2842 1571 2880 a
1598 2827 2018 2897 concupiscentia

431 2939 531 2976 sua
570 2919 862 2975 abstractus
900 2929 947 2973 et
989 2917 1193 2973 illectus
1231 2916 1439 2991 (Iacob.
1474 2919 1544 2989 ι).
1572 2917 1897 2974 Abstractus
1938 2918 2017 2973 vi-

430 3014 627 3069 delicet
655 3020 859 3067 arecto
891 3011 1104 3080 itinere,
1149 3019 1203 3067 et
1245 3011 1457 3068 illectus
1501 3012 1556 3066 iu
1610 3011 1831 3067 malum.
1875 3011 2014 3067 Hinc

2133 1821 2200 1877 de
2224 1822 2421 1891 quibus
2446 1824 2587 1878 idem
2631 1823 2740 1879 alio
2788 1824 2909 1879 loco
2945 1823 3096 1890 dicit,
3135 1827 3280 1895 quod
3328 1826 3517 1898 Angcli
3559 1830 3714 1886 missi

2131 1914 2336 1968 suntin
2382 1915 2744 1971 ministerium
2789 1925 3012 1988 propter
3056 1932 3149 1973 eos
3203 1919 3295 1989 qui
3339 1919 3713 1978 hmreditatem

2129 2004 2351 2074 capiunt
2378 2005 2588 2061 salutis.

2198 2094 2499 2151 Carendnm
2527 2108 2601 2152 est
2628 2114 2751 2169 ergo
2771 2100 2914 2153 omni
2953 2100 3101 2165 liora,
3148 2100 3358 2171 fratres,
3401 2102 3537 2157 sicut
3581 2103 3710 2159 dicit

2125 2183 2182 2237 in
2200 2184 2401 2253 psalmo
2432 2185 2715 2257 Propheta,
2753 2205 2816 2243 ne
2839 2206 2932 2243 nos
2967 2188 3288 2246 declinantes
3313 2193 3369 2246 in
3403 2193 3620 2259 malum,
3659 2205 3707 2250 et

2124 2274 2333 2330 inutiles
2350 2276 2518 2346 factos
2548 2277 2727 2350 aliqua
2748 2280 2879 2334 liora
2903 2282 3122 2353 aspiciat
3159 2283 3320 2350 Deus,
3362 2295 3410 2341 et
3444 2289 3709 2357 parcendo

2123 2369 2271 2423 nobis
2293 2371 2349 2423 in
2370 2369 2468 2424 ltoc
2486 2379 2714 2441 tempore
2751 2370 2905 2443 (quia
2930 2375 3049 2444 pius
3073 2385 3168 2442 est,
3206 2388 3253 2431 et
3301 2388 3561 2448 exspectat
3610 2396 3704 2435 nos

2121 2459 2346 2513 converti
2367 2459 2421 2513 in
2450 2460 2663 2533 melius)
2686 2462 2825 2517 dicat
2848 2465 2991 2520 nobis
3018 2467 3073 2520 in
3104 2466 3471 2535 futuro:ch
3510 2470 3702 2540 fecisti,

2119 2554 2170 2601 et
2202 2549 2345 2602 tacui
2366 2546 2804 2622 (Psal.:ux).llle
2820 2553 2964 2607 enim
2993 2554 3226 2609 declinat
3255 2555 3309 2610 in
3343 2556 3565 2620 malum,
3606 2561 3702 2628 qui

2118 2636 2269 2705 prius
2287 2639 2437 2693 stetit
2455 2639 2512 2693 in
2541 2640 2705 2702 bono,
2734 2648 2789 2695 et
2817 2643 2909 2712 qui
2929 2643 3081 2713 prius
3101 2645 3154 2698 in
3179 2653 3319 2700 statu
3363 2649 3702 2705 rectitudinis

2118 2730 2286 2793 stetit,
2315 2729 2362 2784 si
2394 2728 2743 2786 declinaverit
2784 2732 2839 2787 in
2881 2732 3104 2800 malum,
3149 2734 3320 2791 factus
3364 2745 3449 2792 est
3495 2738 3701 2797 inutilis

2117 2833 2307 2875 servus
2332 2829 2390 2875 et
2408 2836 2628 2890 pravus.
2656 2823 2732 2878 De
2754 2822 2846 2878 tali
2870 2825 3013 2879 enim
3036 2826 3214 2880 anima
3236 2826 3367 2883 dicit
3384 2829 3685 2899 Propheta:

2119 2910 2293 2976 Quam
2312 2911 2429 2967 uilis
2446 2913 2589 2983 facta
2614 2931 2667 2969 es
2693 2916 2849 2970 nimis
2876 2917 3072 2972 iterans
3101 2918 3209 2972 vias
3237 2926 3357 2974 tuas
3378 2918 3593 2992 (Jerem.
3611 2921 3695 2993 ιι).

2115 2998 2210 3056 Illa
2238 3001 2436 3057 misera
2476 3002 2708 3058 edicitur
2730 3004 2930 3070 anima,
2960 3020 3081 3075 quae
3107 3006 3176 3061 de
3201 3016 3344 3063 statu
3363 3010 3698 3067 rectitudinis

433 3104 628 3159 iterum
659 3104 772 3173 ipse
803 3123 815 3157 :
844 3103 1043 3173 Dehinc
1095 3102 1511 3173 concupiscentia
1548 3118 1665 3156 cum
1700 3100 2009 3172 conceperit,
2040 3093 2086 3156 C
2117 3092 2310 3147 (3me
2333 3094 2665 3151 descendens
2691 3097 2981 3153 committit
3027 3097 3261 3170 culpam.
3306 3098 3459 3158 Unde
3495 3110 3549 3158 et
3592 3105 3694 3159 mi.

428 3194 566 3264 parit
587 3202 874 3263 peccatum.
895 3172 1177 3246 peccatum
1190 3208 1308 3247 vero
1327 3208 1443 3245 cum
1467 3200 1881 3245 consummatum
1902 3190 2017 3260 fue-

431 3286 521 3351 rit,
576 3294 785 3357 generat
828 3294 1045 3338 mortcm
1078 3281 1300 3356 (lbid.).
1325 3282 1585 3338 Tentatus
1608 3290 1694 3336 est
1726 3281 1896 3336 David
1936 3281 2016 3335 vi-

428 3394 491 3432 su
522 3377 709 3431 uxoris
736 3376 950 3441 alienm,
978 3375 1100 3430 etin
1119 3374 1551 3445 concupiscentia
1583 3389 1679 3430 sua
1707 3374 2014 3428 abstractus

428 3474 483 3520 et
512 3465 721 3520 illectus
746 3473 848 3520 est.
879 3464 1056 3535 Atque
1076 3463 1165 3518 ubi
1191 3471 1507 3534 conceptum
1555 3463 1733 3518 scelus
1760 3462 2009 3533 perfecit,

428 3558 483 3612 in
509 3565 718 3613 reatum
746 3555 937 3611 mortis
961 3555 1125 3610 etiam
1152 3553 1371 3625 proprio
1383 3551 1757 3621 orejudicatus
1785 3552 2006 3618 incidit;

429 3662 587 3716 quem
613 3654 791 3701 tamen
827 3642 1138 3715 ptenitcndo
1164 3641 1356 3698 evasit.
1412 3640 1676 3696 Tentatus
1722 3648 1806 3696 est
1841 3638 2011 3697 ludas

428 3753 526 3807 per
553 3734 959 3807 philargyriam,
990 3740 1045 3787 et
1061 3731 1185 3802 quia
1214 3739 1333 3787 erat
1370 3745 1588 3798 avarus,
1632 3728 1701 3784 ab
1730 3730 1841 3799 ipsa
1872 3745 2007 3786 con-

370 3820 380 3829 ’
427 3824 761 3896 cupiscentia
788 3839 883 3878 sua
911 3823 1214 3877 abstractus
1254 3828 1310 3876 et
1352 3819 1562 3876 illectus
1614 3820 1679 3874 ad
1729 3820 2006 3876 interitum

427 3916 812 3974 consentiendo
832 3922 917 3970 est
939 3912 1218 3970 deductus.
1245 3912 1506 3985 Teutalus
1532 3920 1615 3967 est
1650 3909 1851 3982 Josepb
1878 3927 2003 3966 ver-

427 4013 511 4068 bis
538 4011 801 4076 dominat;
832 4008 927 4064 sed
951 4007 1077 4078 quia
1094 4020 1193 4062 nec
1219 4004 1712 4076 concupiscentiam
1742 4002 2001 4069 libidinis,

427 4119 527 4160 nec
545 4099 954 4159 delectationem
982 4097 1170 4154 habuit
1211 4096 1410 4163 carnis,
1441 4111 1471 4151 a
1500 4095 1794 4152 tentatione
1829 4094 2004 4150 vic'or

426 4196 617 4252 evasit.

496 4284 638 4356 Ergo
664 4284 710 4339 si
739 4279 877 4336 oculi
901 4278 1111 4335 Domini
1154 4276 1492 4350 speculantur
1534 4276 1695 4332 bonos
1743 4284 1791 4330 et
1834 4274 2000 4331 malos

426 4373 597 4449 (Psal.
612 4370 881 4441 xxxnt),et
892 4368 1145 4425 Dominus
1166 4367 1229 4423 de
1254 4365 1382 4423 coelo
1404 4383 1605 4439 semper
1625 4367 1831 4439 respicit
1844 4383 2002 4439 super

2116 3197 2237 3238 sera
2273 3191 2327 3240 et
2350 3184 2559 3241 inutilis
2585 3185 2867 3255 estfacta;
2901 3187 2997 3243 sed
3024 3203 3123 3245 nec
3149 3189 3347 3247 talibus
3372 3192 3688 3250 interdicen-

2115 3274 2183 3329 da
2208 3282 2291 3331 est
2312 3276 2492 3331 venia.
2525 3275 2633 3332 Sed
2660 3278 2763 3332 hoc
2789 3292 3010 3335 necesse
3031 3288 3113 3335 est
3136 3287 3196 3335 ut
3214 3282 3503 3350 custodiat,
3530 3291 3591 3340 ut
3617 3286 3694 3342 sic

2112 3366 2445 3434 praeteritam
2474 3366 2694 3438 plangat
2720 3368 2955 3439 culpam,
2980 3384 3049 3425 ne
3086 3371 3284 3427 iterum
3330 3374 3693 3447 plangendmn

2111 3456 2437 3524 committat,
2465 3465 2522 3513 et
2557 3472 2681 3513 eum
2728 3458 2989 3516 Dominus
3029 3460 3343 3533 frequenter
3377 3476 3692 3536 peccantem

2111 3547 2401 3618 aspiciens,
2428 3557 2485 3604 et
2515 3550 2712 3608 reverti
2739 3550 2831 3605 diu
2861 3552 2929 3606 ad
2942 3553 3318 3623 paenitentiam
3339 3565 3686 3627 exspectans,

2110 3637 2188 3692 illi
2224 3638 2430 3693 nolenti
2472 3639 2651 3695 dicat:
2676 3639 2805 3696 Hau:
2844 3642 3015 3710 fecisti
3056 3651 3106 3700 et
3142 3646 3281 3699 tacui
3310 3643 3480 3719 (Psal.
3515 3648 3688 3721 χιιι).

2110 3727 2370 3800 Superius
2397 3730 2543 3787 enim
2569 3733 2839 3801 peccaturi
2878 3733 3138 3792 Dominus
3173 3735 3426 3793 dixerat:
3460 3738 3538 3793 'l‘u
3570 3757 3688 3797 vero

2107 3821 2263 3874 odisti
2289 3821 2638 3893 disciplinam,
2667 3832 2715 3878 et
2738 3825 3002 3896 projecisti
3035 3843 3296 3883 sermones
3321 3846 3460 3886 meos
3490 3841 3685 3886 retror-

2105 3910 2609 3987 sum(Psal.mx);
2640 3924 2697 3971 et
2716 3926 2933 3984 caetera,
2962 3935 3083 3990 qua:
3106 3921 3176 3975 ibi
3210 3923 3478 3994 descripta
3499 3939 3685 3995 pecca-

2107 4014 2286 4062 torum
2308 4005 2479 4061 multa
2505 4007 2811 4063 retinentur
2831 4009 2991 4064 mala.
3020 4011 3088 4066 Et
3113 4019 3239 4068 tunc
3265 4013 3370 4068 ista
3393 3994 3687 4083 subiiciens

2105 4096 2242 4153 dixit
2268 4099 2540 4167 peccaturi
2564 4098 2616 4153 in
2643 4099 2961 4157 vindictam.
2990 4100 3068 4158 Ac
3091 4104 3136 4158 si
3167 4104 3370 4161 diceret
3402 4123 3415 4159 :
3446 4105 3572 4163 Hmc
3593 4122 3682 4163 su-

2102 4187 2346 4256 pradicta
2372 4187 2682 4259 frequenter
2705 4192 3024 4248 commisisti
3053 4203 3297 4263 peccata,
3324 4204 3380 4251 et
3426 4212 3535 4253 non
3583 4197 3679 4253 tibi

2104 4276 2312 4333 reddidi
2340 4276 2556 4350 dignam
2579 4280 2761 4351 operis
2811 4282 2889 4335 tui
2917 4282 3071 4352 pravi
3103 4284 3413 4349 vindictam,
3456 4286 3552 4342 sed
3586 4301 3680 4357 po-

2104 4368 2211 4425 tius
2231 4370 2393 4437 tacui,
2424 4380 2481 4427 et
2508 4372 2818 4443 exspectavi
2844 4380 2899 4428 te
2925 4374 3166 4429 converti
3179 4374 3246 4429 ad
3286 4377 3677 4445 paenitentiam.

422 4437 563 4540 filios
588 4437 880 4531 hominum,
902 4471 959 4517 ut
987 4461 1159 4517 uideat
1180 4459 1226 4515 si
1255 4468 1332 4515 est
1369 4437 1661 4529 intelligens
1695 4437 1789 4512 aut
1823 4437 2000 4530 requi-
2024 4437 2079 4497 Ῑ)
2103 4459 2222 4517 Non
2248 4461 2345 4517 tibi
2368 4477 2469 4532 pro
2495 4437 2652 4518 malis
2687 4462 2912 4519 reddere
2947 4463 3089 4519 volui
3115 4437 3399 4533 malm-sed
3433 4466 3592 4534 tacui,
3623 4475 3678 4523 et

423 4576 542 4616 rens
560 4557 753 4624 Deum,
786 4565 836 4611 et
864 4554 910 4610 si
933 4553 998 4608 ab
1040 4551 1238 4624 angelis
1281 4550 1429 4606 nobis
1472 4550 1733 4621 deputatis
1768 4549 2001 4622 quotidie

424 4656 645 4710 Domino
662 4654 849 4725 factori
869 4661 1046 4707 nostra
1070 4665 1227 4722 opera
1267 4656 1447 4704 nostra
1485 4648 1799 4702 nuntiantur
1823 4645 1995 4718 (Psal.

423 4750 564 4819 stu).
586 4747 737 4802 Oculi
760 4744 971 4800 Domini
998 4741 1265 4812 respectio
1287 4746 1370 4794 est
1396 4736 1602 4803 divina,
1644 4751 1749 4807 qua
1783 4751 1999 4806 semper

425 4839 640 4909 respicit
661 4852 824 4908 super
840 4836 1029 4898 bonos,
1054 4840 1117 4887 ut
1136 4846 1234 4888 eos
1257 4831 1325 4885 ab
1346 4827 1558 4884 insidiis
1587 4826 1791 4882 inimici
1818 4826 1999 4882 defen-

421 4933 532 4993 dat,
553 4943 585 4982 ιι
611 4926 847 4998 peccatis
875 4923 1160 4987 custodiat,
1210 4927 1269 4975 et
1303 4919 1358 4972 in
1396 4917 1552 4973 bonis
1583 4917 1784 4988 iugiter
1820 4916 1996 4986 cperi-

421 5018 521 5072 hus
576 5017 873 5088 persistere
925 5011 1106 5066 iaciat.
1161 5011 1540 5081 Respexerunt
1591 5010 1730 5066 oculi
1784 5010 1995 5066 Domini

422 5110 663 5173 Petrum,
712 5115 769 5161 et
793 5104 883 5159 ille
925 5103 1111 5157 statim
1155 5116 1407 5157 reversus
1447 5117 1476 5157 a
1514 5101 1817 5173 negationis
1862 5101 1995 5158 vitio

420 5198 670 5270 cognovit
704 5195 1012 5259 Dominum,
1042 5201 1098 5247 et
1122 5207 1304 5248 amare
1350 5191 1525 5248 ﬂendo
1560 5191 1866 5248 emendavit
1901 5191 1989 5245 de-

421 5290 626 5344 lictum.
653 5283 1012 5357 Speculantur
1037 5296 1163 5353 ergo
1186 5282 1327 5338 oculi
1365 5281 1575 5338 Domini
1613 5283 1785 5337 bonos
1805 5288 1857 5334 et
1883 5294 1994 5333 ma-

420 5380 519 5449 los,
542 5388 601 5435 ut
633 5378 788 5433 bonis
823 5377 983 5439 bona,
1013 5383 1070 5429 et
1094 5374 1247 5430 malis
1275 5375 1578 5432 retribuant
1596 5372 1760 5430 nuda.
1787 5372 1859 5428 Ut
1886 5371 1991 5427 illis

2102 4550 2417 4620 exspectavi
2439 4557 2500 4605 ut
2520 4550 2896 4620 paenitentiam
2924 4553 3105 4622 agenti
3130 4554 3409 4610 redderem
3433 4555 3672 4626 prmmia.

2103 4639 2305 4695 Tacere
2332 4640 2478 4696 enim
2500 4640 2713 4696 Domini
2746 4650 2852 4710 est,
2879 4644 3151 4713 peccatori
3177 4644 3378 4700 malum
3401 4660 3500 4716 pro
3536 4646 3675 4703 malo

2100 4746 2208 4787 non
2258 4732 2504 4797 reddere,
2551 4733 2647 4788 sed
2683 4733 2774 4789 diu
2820 4735 2888 4790 ad
2922 4736 3301 4806 paenitentiam
3338 4747 3669 4809 exspectare.

2099 4822 2378 4880 Peccatori
2417 4824 2562 4879 enim
2596 4824 2857 4881 Dominus
2892 4841 2999 4881 non
3037 4834 3258 4894 taceret,
3315 4829 3407 4884 sed
3446 4845 3671 4901 respon-

2099 4916 2272 4981 deret,
2300 4915 2348 4971 si
2379 4915 2668 4970 vindictam
2698 4916 2764 4971 de
2791 4916 2906 4986 ejus
2932 4918 3115 4987 pravis
3151 4919 3451 4975 actionibus
3489 4920 3668 4977 statim

2098 5012 2457 5075 exspectaret.
2496 5003 2604 5061 Sed
2639 5020 2799 5076 quem
2836 5007 2929 5062 diu
2968 5015 3247 5077 exspectat
3275 5015 3337 5064 ut
3375 5008 3665 5080 pceniteat:

2099 5097 2145 5153 si
2177 5096 2553 5168 paenitentiam
2583 5111 2690 5153 non
2734 5099 2925 5170 egerit,
2965 5099 3145 5156 subito
3181 5097 3311 5155 ferit
3352 5107 3413 5155 ut
3459 5110 3665 5172 pereat.

2475 5198 2553 5249 De
2572 5200 2789 5249 secundo
2812 5199 3097 5250 humilitatis
3118 5200 3291 5262 gradu.

2168 5281 2442 5338 Secundus
2471 5280 2778 5336 humilitatis
2814 5281 3011 5352 gradus
3037 5291 3131 5345 est,
3161 5286 3206 5336 si
3242 5282 3507 5353 propriam
3551 5284 3667 5355 quis

2098 5390 2202 5427 non
2234 5389 2419 5427 amans
2452 5370 2790 5437 uoluntatem,
2828 5372 3088 5427 desideria
3118 5389 3217 5428 sua
3247 5390 3348 5427 non
3389 5373 3668 5429 delectetur

420 5486 517 5540 pro
542 5469 696 5526 bonis
723 5467 976 5540 operibus
1012 5465 1253 5536 prauuia,
1283 5465 1402 5521 istis
1426 5480 1525 5537 pro
1551 5464 1735 5534 pravis
1763 5463 1991 5518 actioni-
2094 5464 2336 5532 implere,
2362 5462 2454 5516 sed
2483 5477 2657 5515 vocem
2685 5460 2833 5516 illam
2870 5461 3084 5518 Domini
3112 5463 3266 5534 factis
3304 5464 3554 5529 imitetur,
3585 5465 3666 5519 di-

424 5562 518 5615 bus
578 5575 793 5630 poenam
815 5557 1013 5612 tribuat
1044 5555 1445 5625 sempiternam.
1472 5552 1608 5608 Istos
1649 5559 1708 5605 ut
1736 5553 1988 5606 exaudiat
2093 5556 2255 5609 centis
2283 5569 2299 5606 :
2330 5554 2450 5609 Non
2479 5554 2590 5607 veni
2619 5553 2793 5623 facere
2847 5552 3165 5611 uoluntatem
3202 5573 3388 5621 meum,
3434 5557 3525 5611 sed
3552 5556 3664 5627 ejus

369 5679 375 5685 -
425 5650 682 5719 etsalvet,
718 5649 837 5706 illos
866 5656 925 5704 ut
947 5646 1141 5719 perdat
1163 5652 1217 5698 et
1258 5644 1497 5710 dauinet,
1539 5643 1678 5698 sicut
1724 5643 1986 5712 scriptum
2090 5646 2178 5715 qui
2209 5646 2345 5700 misit
2381 5660 2461 5699 me
2487 5643 2666 5715 (Joan.
2689 5642 2785 5716 vi).
2811 5643 2964 5702 Sicut
2996 5660 3101 5703 non
3128 5654 3308 5718 potest
3348 5648 3511 5704 homo
3554 5646 3663 5702 Deo
