3944 6450
210 346 311 403 817

1239 345 1597 403 COMMENT.
1636 343 1705 400 1N
1744 343 1904 401 RBG.
1944 343 2005 398 S.
2046 342 2406 399 BENEDICTI

3374 349 3480 403 8l8

211 464 373 521 simul
402 473 461 521 et
487 472 811 520 mammam:
837 462 1064 529 servire,
1107 464 1187 519 sic
1233 479 1341 520 non
1391 474 1570 537 potest
1600 464 1794 520 volun-
1823 466 1876 526 Α
1901 471 2061 526 trem,
2078 469 2143 517 et
2160 462 2332 517 simus
2361 476 2461 532 pro
2500 461 2645 517 illius
2697 476 2881 516 amem
2928 458 3223 529 majoribus
3279 464 3483 519 subditi

214 566 384 613 tatem
412 555 695 627 propriam
722 562 778 610 et
806 555 901 609 Dei
929 555 1136 623 pariter
1182 556 1407 624 implere
1437 556 1797 612 voluntatem.

216 647 338 704 Uno
372 647 520 702 enim
544 661 643 702 vas
689 646 882 715 poculo
928 646 1143 717 plenum
1190 648 1401 719 impleri
1455 648 1649 719 poculo
1690 662 1800 703 non

212 737 416 808 poterit
452 736 646 793 altero.
676 735 794 791 Nisi
820 737 965 792 enim
1013 738 1348 794 exhaurierit
1395 738 1665 803 nocivum,
1693 753 1801 794 non

215 825 423 897 poterit
447 824 749 881 hauriendo
775 824 998 894 implere
1038 825 1302 895 prolicno.
1347 824 1460 881 Nec
1497 826 1658 881 unius
1701 841 1799 896 pe-

216 919 387 974 ctoris
413 932 549 974 urna
577 918 762 974 carnis
790 917 951 972 sitqu
974 926 1032 973 et
1051 917 1350 986 maiestatis
1388 918 1662 974 sustinere
1703 933 1801 987 po-

221 1009 347 1064 terit
373 1008 665 1071 desideria,
702 1007 802 1063 sed
843 1007 987 1062 unde
1028 1010 1289 1065 recedunt
1329 1025 1480 1075 unae,
1506 1009 1804 1065 succedunt

218 1100 361 1164 alia,
383 1099 438 1155 id
461 1100 574 1164 est,
604 1115 638 1154 a
667 1114 773 1167 qua
805 1106 986 1153 mente
1022 1100 1283 1154 recedunt
1331 1100 1463 1153 vitia
1503 1099 1801 1155 succedens

217 1190 480 1247 virtutum
514 1188 671 1258 copia
697 1187 958 1258 possidet.
990 1188 1135 1260 Ergo
1159 1204 1190 1241 a
1217 1189 1386 1244 nostri
1398 1189 1647 1257 pectoris
1671 1202 1800 1242 arca

216 1277 584 1335 exhauriendo
615 1286 743 1332 sunt
773 1277 1014 1334 carnalia
1052 1278 1340 1342 desideria,
1394 1287 1455 1333 ut
1495 1286 1552 1333 et
1590 1278 1799 1348 impleri

216 1369 388 1439 possit
410 1369 668 1425 virtutum
693 1369 1019 1439 spiritalium
1060 1370 1236 1439 copia,
1267 1378 1326 1425 et
1360 1386 1395 1424 a
1429 1370 1540 1425 Deo
1577 1369 1797 1425 venien-

218 1458 292 1512 tia
322 1466 509 1513 teuere
525 1458 695 1526 possit
711 1457 987 1528 spiritalia
1005 1458 1289 1514 desideria.
1319 1458 1456 1514 llinc
1484 1458 1631 1514 enim
1664 1459 1801 1513 scri-

215 1558 365 1620 ptum
385 1558 471 1605 est
500 1566 515 1604 :
547 1548 771 1620 Lignea:
789 1551 905 1605 vita
929 1551 1248 1606 desiderium
1268 1553 1496 1617 ueniens,
1519 1562 1568 1606 et
1589 1553 1799 1607 deside-

215 1644 354 1697 rium
374 1659 528 1698 suum
547 1643 708 1713 justis
745 1644 960 1698 dabitur
1000 1643 1185 1715 (Prov.
1224 1646 1366 1717 ιιιι).
1389 1646 1466 1701 De
1510 1646 1799 1715 impiorum

212 1744 399 1792 autem
428 1736 695 1793 desiderio
723 1738 797 1792 ita
828 1738 1089 1808 scriptum
1120 1748 1235 1795 est:
1255 1740 1586 1795 Desiderium
1613 1742 1800 1811 impio-

1902 569 2074 624 usque
2098 555 2169 609 ad
2194 563 2429 610 mortem
2459 572 2473 608 :
2497 554 2626 623 quia
2651 561 2707 608 et
2745 553 2853 619 ille,
2882 569 3006 610 cum
3060 555 3117 609 in
3167 553 3340 610 forma
3382 556 3478 611 Dei

1901 652 2065 711 esset,
2096 660 2203 700 non
2238 644 2484 713 rapinam
2507 644 2799 701 arbitratus
2820 652 2905 701 est
2944 660 3062 700 esse
3108 660 3168 700 se
3217 645 3478 714 aqualem

1903 735 2037 801 Deo,
2086 735 2183 791 sed
2228 735 2576 805 semetipsum
2617 734 2912 788 exinanivit
2954 733 3181 789 formam
3215 735 3359 789 servi
3389 750 3480 790 ac—

1903 825 2131 895 cipiens,
2150 825 2207 880 iu
2230 824 2635 882 similitudinem
2662 825 2941 879 hominum
2967 824 3165 890 iactus,
3196 834 3251 881 et
3290 826 3477 882 habitu

1903 916 2154 973 inventus
2174 924 2235 971 ut
2258 916 2422 972 homo
2448 915 2753 970 humiliavit
2776 915 3124 983 semetipsum
3154 914 3334 975 factus
3351 918 3481 972 obe-

1903 1006 2058 1061 diens
2089 1021 2256 1075 usque
2275 1006 2342 1061 ad
2371 1013 2620 1061 mortem
2672 1003 2850 1059 Videte
2885 1021 3027 1074 ergo,
3052 1006 3194 1060 idem
3220 1007 3298 1061 ait
3336 1007 3481 1077 Apo-

1902 1095 2093 1160 stolus,
2116 1096 2323 1165 qualem
2352 1096 2660 1151 castitatem
2682 1094 2826 1150 dedit
2871 1096 3019 1151 nobis
3048 1094 3229 1161 Pater,
3279 1107 3335 1151 ut
3384 1098 3483 1166 ﬁlii

1901 1185 1999 1241 Dei
2026 1188 2354 1242 nominentur
2378 1196 2429 1242 et
2453 1187 2619 1242 simus
2648 1186 2700 1257 (l
2730 1187 2890 1243 Joan.
2926 1186 3028 1257 ιιι).
3063 1187 3141 1243 Ita
3179 1189 3323 1245 enim
3359 1206 3485 1259 pcr-

1902 1280 2027 1337 fecti
2058 1282 2264 1337 erimus
2290 1281 2570 1342 claritate,
2602 1281 2649 1335 si
2672 1280 2870 1336 mulius
2906 1280 3152 1342 alterius.
3195 1282 3307 1337 nisi.
3344 1283 3485 1337 sicut

1903 1371 1992 1426 ille
2021 1371 2208 1427 salutis
2236 1382 2436 1428 nostrae
2452 1372 2629 1444 gratia
2657 1374 2807 1443 prior
2829 1387 2930 1427 nos
2948 1373 3168 1439 dilexit;
3194 1374 3271 1428 ita
3303 1384 3358 1429 et
3383 1391 3482 1430 nos

1903 1462 2101 1518 nullius
2119 1462 2345 1517 alterius
2362 1462 2461 1525 rei,
2484 1462 2588 1518 nisi
2619 1471 2831 1517 tantum
2849 1462 2935 1518 sui
2947 1462 3149 1518 amoris
3171 1463 3481 1529 dilectione,

1903 1562 1957 1608 et
1981 1550 2274 1621 majoribus
2298 1551 2477 1618 subdi,
2504 1561 2561 1608 et
2585 1569 2684 1623 pro
2709 1553 2801 1608 illo
2822 1554 2961 1608 mori
2985 1554 3158 1609 simus
3175 1554 3371 1625 parati.

2312 1652 2388 1703 De
2404 1659 2583 1714 quarto
2597 1653 2878 1704 humilitatis
2899 1655 3072 1716 gradu.

1975 1735 2209 1801 Quartus
2236 1734 2547 1791 humilitatis
2574 1735 2769 1804 gradus
2790 1736 2950 1801 est,si
2966 1737 3021 1789 in
3049 1735 3161 1807 ipsa
3187 1736 3483 1793 obedientia

214 1844 332 1881 rum
361 1828 736 1883 munimentum
771 1839 847 1883 est
874 1832 1216 1900 ρωὲιιιοηιιιι
1250 1828 1432 1902 (Pr-oe.
1468 1831 1588 1903 xu).
1616 1832 1683 1886 Et
1700 1830 1799 1887 ali-
1824 1824 2049 1884 B‘duris
2067 1832 2117 1878 et
2143 1825 2423 1879 contrariis
2450 1823 2604 1879 rebus
2631 1823 2707 1880 vel
2733 1826 2889 1879 διίστη
2908 1825 3218 1896 quibuslibet
3235 1827 3487 1898 irrogatis

213 1917 269 1973 bi
295 1920 555 1990 scriptum
580 1927 663 1975 est
688 1938 702 1974 :
725 1919 795 1975 In
822 1920 1136 1976 allocutione
1163 1923 1407 1979 desiderii
1435 1925 1668 1979 ascendit
1692 1924 1795 1981 illis

212 2010 279 2064 de
303 2012 437 2065 mari
461 2019 829 2081 ortygometra,
875 2021 924 2066 et
963 2014 1259 2069 vexationes
1300 2016 1655 2085 peccatoribus
1701 2032 1795 2070 su-

217 2112 555 2167 pervenerant
584 2102 739 2175 (Sap.
765 2103 902 2177 xix).
934 2105 1073 2177 Ergo
1114 2105 1476 2176 relinquendae
1522 2115 1653 2162 sunt
1699 2121 1797 2162 no-

215 2202 342 2249 stra:
375 2193 678 2251 voluntates
714 2204 771 2250 et
798 2196 1083 2261 desideria,
1112 2204 1173 2253 ut
1193 2195 1352 2253 factis
1395 2197 1540 2252 illam
1582 2198 1796 2254 Domini

215 2299 405 2340 vocem
442 2285 642 2341 imitari
672 2288 942 2357 possimus
974 2303 1078 2357 qua
1107 2288 1274 2344 dicit:
1298 2289 1424 2344 Non
1462 2290 1580 2345 ueni
1626 2292 1801 2361 facere

216 2373 530 2429 uoluntatem
559 2392 748 2443 meam,
778 2376 870 2431 sed
899 2376 1012 2447 ejus
1047 2379 1138 2449 qui
1165 2378 1306 2433 misit
1346 2396 1449 2434 sne.
1503 2379 1657 2447 Quod
1703 2396 1801 2436 au-

218 2471 327 2519 tem
356 2465 632 2535 sequitur:

287 2553 422 2609 Item
457 2555 585 2611 dicit
632 2554 943 2628 Scriptura:
977 2557 1232 2614 Voluntas
1277 2561 1427 2615 habet
1472 2577 1698 2632 plenam,
1748 2572 1798 2617 et

220 2646 497 2700 necessitas
539 2648 680 2717 parit
733 2664 1001 2703 coronam.
1055 2649 1256 2706 Fateor
1303 2666 1412 2718 me,
1471 2653 1574 2707 nisi
1619 2653 1795 2721 fallor,

218 2750 498 2806 nunquam
525 2737 706 2794 hocin
749 2739 946 2796 divinis
987 2741 1183 2814 legisse
1206 2742 1545 2813 Scripturis;
1579 2753 1633 2799 et
1677 2745 1803 2801 ideo

220 2840 328 2880 non
351 2824 512 2894 hujus
545 2830 828 2885 mmsis:
846 2845 1057 2897 sonum,
1097 2833 1193 2888 sed
1225 2834 1397 2903 magis
1435 2833 1674 2903 ejusdem
1717 2835 1801 2890 in-

220 2916 495 2975 tellectum
517 2935 762 2990 quan-ere
787 2923 932 2979 volo.
958 2924 1102 2981 Dicit
1137 2927 1280 2981 enim
1305 2940 1320 2980 :
1356 2926 1603 2999 Voluptas
1646 2929 1801 2984 habet

204 3026 442 3080 (pressant,
472 3023 519 3067 et
543 3016 818 3070 necessitas
842 3017 982 3087 parit
1017 3033 1284 3073 coronam.
1332 3018 1412 3075 Ac
1456 3020 1503 3074 si
1548 3021 1794 3077 diceret:

219 3103 355 3161 Lata
377 3114 433 3161 et
454 3108 691 3177 spatiosa
705 3110 790 3165 via
808 3118 913 3177 est,
935 3111 1220 3180 quaeducit
1238 3113 1307 3167 ad
1327 3113 1517 3168 mortis
1544 3129 1794 3184 poenam;

219 3202 369 3252 arcta
395 3205 451 3251 et
471 3208 703 3270 angusta
716 3208 800 3255 est
820 3201 934 3268 via,
968 3216 1092 3273 qua:
1111 3202 1261 3258 ducit
1281 3203 1350 3259 ad
1368 3204 1534 3259 vitam
1554 3220 1568 3269 ;
1589 3205 1681 3260 ubi
1703 3220 1798 3261 ne-

219 3285 528 3343 cessitatem
562 3304 663 3359 pro
702 3290 930 3347 Domino
960 3293 1227 3363 patientes
1264 3308 1494 3349 coronas
1534 3285 1800 3365 recipiant

219 3371 593 3441 sempiternas.
620 3373 759 3431 Hinc
799 3375 998 3433 iterum
1039 3377 1301 3435 Dominus
1346 3380 1515 3445 dicit:
1543 3379 1647 3447 Qui
1689 3381 1799 3437 uult

215 3471 329 3530 post
382 3478 464 3517 nte
509 3465 681 3520 uenire
726 3466 942 3539 abneget
986 3470 1337 3542 semetipsum,
1387 3471 1537 3527 tollat
1590 3489 1797 3528 crucem

214 3566 386 3616 suam,
412 3563 460 3607 et
486 3566 735 3624 sequatur
771 3573 851 3612 me
879 3558 1092 3630 (Matth.
1117 3576 1229 3627 va;
1255 3561 1384 3616 Luc.
1419 3562 1519 3636 ut).
1555 3562 1695 3631 Quid
1716 3574 1803 3620 est

215 3640 359 3696 aliud
389 3643 737 3714 semetipsum
771 3649 1042 3719 abnegare
1071 3652 1177 3707 nisi
1199 3652 1364 3707 latam
1403 3663 1458 3709 et
1501 3656 1796 3723 spatiosum

215 3729 359 3785 viam
401 3730 672 3797 deserere,
704 3742 761 3789 et
798 3737 1104 3793 voluntates
1151 3742 1398 3810 proprias
1447 3744 1632 3798 odire?
1659 3745 1799 3811 Quid

213 3829 299 3877 est
336 3820 488 3876 tollat
513 3837 730 3878 crucem
757 3838 913 3879 suam
949 3834 1006 3881 et
1032 3837 1291 3897 sequam
1313 3845 1420 3891 me,
1444 3832 1551 3886 nisi
1589 3841 1797 3889 arctam

1898 1915 2135 1986 injuriis,
2180 1916 2342 1970 tacita
2394 1914 2710 1970 conscientia
2757 1915 3062 1985 patientiam
3112 1915 3476 1988 conplectatur.

1897 2006 2238 2076 Frequenter
2281 2004 2420 2061 solet
2460 2006 2794 2076 contingere,
2846 2014 2908 2062 ut
2956 2015 3217 2076 quernum
3261 2020 3323 2062 se
3366 2023 3485 2062 mo-

1899 2098 2106 2153 nachus
2133 2096 2425 2152 humilitati
2462 2104 2517 2152 ct
2555 2096 2876 2152 obedientim
2910 2097 3231 2163 subdiderit,
3272 2105 3483 2153 tantum
3542 2104 3545 2107 '

1900 2188 2105 2245 invenit
2134 2188 2278 2259 quod
2318 2188 2509 2244 durius
2550 2195 2757 2259 portat.
2816 2188 2970 2244 Unde
3012 2203 3238 2246 necesse
3266 2196 3374 2255 est,
3422 2199 3485 2245 ut

1900 2280 2290 2349 umisquisque,
2312 2294 2441 2335 cum
2467 2279 2537 2333 ad
2571 2278 2666 2334 Dei
2701 2279 2910 2335 accedit
2945 2280 3249 2347 servitium,
3276 2281 3345 2337 ad
3364 2296 3484 2337 om-

1898 2372 1991 2427 nia
2026 2371 2305 2426 toleranda
2334 2386 2488 2427 suum
2516 2368 2731 2426 fortiter
2772 2379 3040 2440 praeparet
3072 2372 3343 2438 animum,
3375 2372 3484 2429 sic-

1898 2472 1963 2519 ut
1995 2465 2257 2533 scriptum
2292 2473 2413 2518 est:
2443 2462 2583 2528 Fili,
2626 2463 2878 2518 accedens
2919 2464 2988 2517 ad
3029 2466 3328 2519 seruitutem
3383 2463 3482 2518 Dei

1899 2564 1982 2610 sta
2007 2558 2063 2609 in
2083 2555 2361 2625 justitiast
2387 2556 2593 2620 timore,
2613 2564 2661 2608 et
2687 2570 2928 2626 pra'para
2951 2555 3184 2609 animus
3225 2562 3370 2609 tuast
3412 2555 3481 2608 ad

1902 2645 2258 2701 tentationens.
2284 2643 2528 2714 Deprime
2550 2660 2641 2697 cor
2658 2654 2828 2708 tuum,
2856 2654 2905 2697 et
2939 2643 3136 2698 sustine
3164 2642 3364 2715 (Ecclr'.
3390 2645 3484 2713 tl);

1902 2745 1958 2794 et
1976 2737 2093 2793 sive
2131 2737 2399 2806 irrogatas
2445 2732 2670 2803 injurias
2713 2734 2783 2790 ab
2821 2734 2947 2798 alio,
2998 2735 3113 2789 sive
3160 2734 3485 2789 tentationes

1901 2828 2179 2883 venientes
2201 2841 2269 2881 cx
2298 2824 2479 2881 animo
2512 2823 2678 2879 tacita
2722 2824 3057 2881 conscientia
3101 2824 3388 2888 sustineat,
3429 2834 3489 2880 et

1903 2917 2193 2975 auxiliante
2234 2917 2344 2972 Deo
2391 2930 2518 2971 cum
2555 2914 2815 2984 patientia
2859 2914 3043 2968 omnia
3086 2914 3289 2969 vincat.
3336 2914 3484 2969 Scri-

1898 3017 2054 3078 ptum
2074 3015 2160 3063 est
2182 3006 2366 3062 enim:
2392 3006 2451 3062 In
2479 3005 2739 3075 patientia
2764 3015 2941 3060 vestra
2980 3004 3325 3074 possidebitis
3371 3007 3487 3060 uni~

1902 3113 2021 3163 mas
2049 3105 2275 3159 vestras.
2305 3095 2443 3150 liinc
2465 3093 2698 3151 Iacobus
2720 3093 2833 3148 ait:
2866 3092 3097 3147 Scientes
3124 3093 3267 3163 quod
3294 3093 3486 3163 proba-

1825 3171 1870 3234 (ἶ
1901 3190 1977 3242 tio
2015 3186 2139 3257 ﬁdei
2182 3186 2490 3257 patientiam
2534 3183 3086 3255 operatur;patienti_a
3138 3192 3312 3237 suum
3352 3199 3483 3252 opus

1902 3278 2187 3348 perfectum
2245 3275 2397 3331 habet
2441 3271 2926 3346 (lacob.1).ldeo,
2981 3272 3180 3343 inquit,
3238 3272 3484 3328 adversis

1904 3366 2188 3425 tentamini
2209 3374 2269 3421 ιιι
2293 3366 2549 3421 virtutem
2567 3365 2840 3436 patientiae
2860 3363 3107 3429 discetis,
3131 3372 3188 3421 et
3208 3378 3305 3434 per
3345 3363 3487 3419 hunc

1900 3460 2191 3514 ostendere
2215 3457 2435 3529 possitis
2467 3471 2535 3513 ae
2576 3457 2828 3527 probare,
2876 3457 3005 3526 quia
3050 3456 3265 3512 ﬁrmam
3323 3455 3486 3511 iidem

1898 3551 2166 3607 sustinere
2209 3551 2584 3607 retributionis
2632 3552 2689 3608 in
2734 3551 2899 3608 corde
2942 3551 3191 3622 aestatis.
3246 3549 3386 3606 Hinc
3426 3558 3487 3604 et
3554 3590 3560 3595 ι

1898 3642 2098 3698 Paulus
2122 3641 2374 3698 similiter
2403 3642 2503 3708 ait,
2526 3640 2733 3707 dicens,
2770 3642 2915 3711 quod
2954 3640 3246 3695 Tribulatio
3280 3641 3484 3711 patien-

1899 3734 2024 3789 tiam
2070 3744 2348 3804 operatur;
2402 3735 2655 3805 patientia
2693 3745 2867 3791 autem
2899 3735 3261 3805 probationem
3294 3733 3476 3806 (Rom.

1899 3821 1955 3895 γ)
2023 3822 2289 3879 Patientia
2315 3824 2478 3881 enim.
2499 3823 2872 3894 pnobationem
2909 3833 3199 3895 operatur;
3226 3826 3358 3895 quia
3387 3840 3485 3880 cu-

213 3918 271 3965 ct
294 3919 579 3982 angustam
608 3913 752 3968 viam
774 3915 1020 3986 arripiat,
1042 3917 1134 3974 ubi
1155 3933 1255 3987 pro
1276 3934 1364 3975 me
1387 3919 1585 3977 multas
1608 3937 1798 3980 neces-

1904 3912 1984 3983 ius
2010 3912 2267 3982 patietltia
2284 3915 2428 3969 vinci
2452 3930 2561 3969 non
2588 3923 2788 3984 potest,
2815 3916 2901 3971 ille
2918 3914 3330 3984 perfectusesse
3364 3930 3489 3985 pro-

213 4001 405 4057 sitates
460 4004 756 4060 sustineat?
796 4014 855 4062 et
907 4006 990 4063 sic
1029 4008 1100 4063 ad
1151 4010 1344 4079 gaudia
1402 4022 1659 4082 perpetua
1714 4028 1800 4070 me

215 4108 448 4162 sequens
471 4096 788 4164 veniat,ubi
827 4106 1086 4155 aeternam
1129 4116 1385 4158 coronam
1433 4119 1521 4159 me
1566 4103 1801 4161 donante

216 4183 442 4254 recipiat
452 4184 474 4238 ?

632 4278 709 4332 De
734 4281 884 4332 tertio
906 4281 1194 4334 humilitatis
1214 4285 1391 4346 gradu.

1898 4005 2077 4060 batur.
2106 4004 2196 4059 Illa
2242 4005 2388 4061 enim
2436 4004 2749 4063 ratiofacit
2792 4003 2975 4060 ﬁdeles
3021 4020 3123 4075 per
3167 4006 3482 4075 patientiam

1899 4096 2162 4158 exerceri,
2188 4103 2359 4164 utper
2386 4094 2524 4150 bam:
2561 4093 2696 4151 ﬁdes
2739 4110 2926 4151 eorum
2965 4109 3087 4164 qua:
3133 4096 3207 4150 sit
3244 4094 3481 4165 perfecta

1899 4186 2179 4258 probetur,
2205 4187 2331 4242 dum
2361 4194 2417 4240 et
2440 4187 2600 4243 rebus
2627 4186 2902 4257 prosperis
2924 4187 3073 4241 utilia
3086 4186 3269 4255 iustus
3294 4200 3481 4241 exem-

1900 4276 1987 4346 pla
2008 4285 2226 4346 praestet
2257 4276 2584 4341 hominibus,
2615 4291 2838 4333 necesse
2861 4286 2948 4331 est
2968 4276 3166 4333 iterum
3188 4278 3343 4349 tangi
3378 4279 3478 4332 ad-

1900 4366 2268 4433 versitatibus,
2288 4375 2554 4435 quatenus
2573 4367 2695 4436 ejus
2727 4366 2989 4439 patientia
3028 4367 3230 4423 bonum
3262 4369 3485 4425 caeteris

1902 4457 1994 4514 det
2018 4458 2319 4529 exemplar,
2352 4467 2407 4514 et
2433 4458 2711 4528 patientia
2735 4473 2847 4514 sita:
2898 4466 3025 4529 post
3067 4469 3301 4517 mortem
3337 4463 3480 4518 reci-

290 4368 494 4425 Tertius
539 4371 736 4443 gradus
780 4372 1093 4431 humilitatis
1142 4386 1240 4441 est,
1287 4387 1345 4431 ut
1397 4379 1514 4449 quis
1562 4396 1657 4448 pro
1706 4380 1802 4436 Dei

215 4475 412 4524 amore,
428 4461 569 4515 omni
597 4460 885 4517 obedientia
905 4480 962 4518 se
982 4465 1171 4519 subdat
1194 4467 1422 4535 majori;
1450 4469 1664 4525 imitans
1695 4470 1801 4525 Do-

215 4544 434 4611 minam,
464 4545 651 4617 dequo
698 4547 825 4602 divit
865 4548 1183 4619 Apostolus:
1208 4526 1414 4611 chtus
1442 4564 1517 4608 est
1559 4555 1798 4612 obedie’ns

1904 4550 2016 4621 piat
2032 4526 2253 4622 praemia
2277 4569 2292 4606 :
2317 4526 2451 4621 quia
2466 4550 2561 4620 qui
2590 4542 2761 4607 Deum
2790 4526 3163 4622 pro—irrogata
3183 4550 3371 4606 laudat
3399 4554 3484 4608 in-

216 4649 383 4704 usque
408 4633 476 4687 ad
505 4645 729 4691 mortem
753 4634 979 4709 (Philip.
1003 4638 1086 4713 ιι).
1114 4640 1174 4697 Si
1202 4642 1349 4701 enim
1377 4644 1567 4711 Deum,
1598 4654 1658 4701 ut
1705 4647 1798 4704 dc-

1904 4641 2057 4709 iuria,
2085 4651 2143 4698 et
2160 4643 2451 4700 commissa
2470 4643 2593 4700 sine
2608 4640 2776 4701 dubio
2796 4643 2987 4713 perdet
3008 4642 3272 4711 facinora,
3290 4651 3350 4699 et
3362 4658 3483 4716 pro-

216 4731 324 4789 cct,
348 4723 651 4796 diligamus,
680 4742 787 4782 non
829 4728 1001 4784 solum
1040 4731 1095 4786 in
1133 4733 1279 4787 omni
1329 4734 1633 4792 obedientia
1671 4738 1800 4794 sub-
1896 4735 2062 4795 missa
2089 4735 2414 4804 quandoque
2441 4748 2471 4789 Β
2506 4733 2623 4790 θα)
2653 4733 2879 4804 Νείρίθι
2900 4734 3143 4805 Prw“.

216 4812 271 4867 di
294 4811 506 4882 majori,
536 4816 654 4882 sed,
682 4817 729 4875 si
751 4832 975 4876 necesse
1012 4819 1195 4889 fuerit,
1239 4824 1414 4891 parati
1458 4840 1581 4882 esse
1635 4826 1798 4883 debe-

216 4923 339 4963 mus
363 4909 525 4964 etiam
548 4924 646 4979 pro
672 4911 760 4967 illo
796 4913 962 4981 mori;
986 4914 1130 4970 sicut
1153 4922 1209 4977 et
1237 4915 1326 4973 ille
1348 4933 1453 4987 pro
1476 4919 1633 4976 nobis
1650 4935 1799 4976 mor-
1891 4928 2049 4989 ptura
2079 4936 2100 4974 :
2132 4918 2239 4985 Qui
2266 4920 2663 4989 perseuerauerit
2689 4934 2851 4989 usque
2884 4919 2941 4974 in
2962 4918 3143 4987 ﬁam,
3183 4918 3275 4974 llic.
3305 4918 3484 4975 salvus
3560 4904 3569 4963 ῗ

217 5005 344 5055 tuus
382 5009 489 5067 est,
533 5002 676 5058 sicut
719 5003 1008 5075 Apostolus
1052 5007 1149 5072 ait,
1198 5008 1385 5065 dicens
1411 5025 1427 5064 :
1453 5008 1794 5069 Commendat

1904 5010 1995 5065 erit
2019 5009 2238 5082 (Matth.
2271 5026 2328 5074 ι,
2373 5012 2546 5082 xnv).
2590 5008 2726 5065 Nam
2776 5009 3154 5067 inchoantibus
3200 5010 3489 5079 praetium

215 5086 359 5143 Deus
386 5106 539 5145 suam
565 5091 869 5148 charitatem
895 5094 951 5148 in
977 5095 1145 5161 nobis,
1166 5098 1417 5167 quoniam
1457 5116 1580 5154 cum
1618 5100 1794 5157 adhuc
1894 5099 2248 5169 prdmittitur,
2271 5100 2365 5156 sed
2395 5100 2872 5169 perseveratum“
2911 5100 3090 5155 datu.
3146 5098 3298 5155 Tunc
3336 5099 3485 5155 enim

214 5190 508 5251 peccatores
533 5199 779 5250 essemus,
823 5184 1063 5241 Christus
1093 5204 1187 5258 pro
1237 5189 1385 5243 nobis
1435 5199 1670 5246 mortuus
1718 5201 1792 5247 est
1893 5190 2070 5262 placet
2090 5191 2199 5245 Deo
2226 5197 2412 5246 nostra
2439 5192 2808 5256 conversatio,
2844 5191 3058 5260 quando
3096 5188 3299 5245 bonum
3338 5183 3485 5256 quod

215 5270 397 5345 (Rom.
429 5272 507 5348 ν).
532 5274 599 5329 Et
638 5290 746 5332 non
794 5277 972 5334 solum
1008 5293 1108 5349 pro
1147 5279 1241 5335 illo
1282 5280 1441 5347 mori,
1497 5283 1595 5337 sed
1626 5283 1791 5338 etiam
1896 5281 2182 5351 incipimus
2217 5282 2586 5350 perseveranti
2613 5282 2721 5337 line
2757 5281 3108 5351 eomplemus.
3142 5279 3237 5335 Ille
3286 5292 3480 5334 mona-

1965 4826 2035 4882 Ει
2049 4829 2315 4885 sustinens
2335 4842 2443 4883 non
2453 4827 2725 4892 lassescat,
2738 4825 2815 4882 uel
2828 4827 3084 4895 discedat,
3103 4826 3307 4883 dicente
3564 4890 3567 4895 ,

216 5383 318 5441 pro
351 5368 611 5428 fratribus
653 5372 865 5433 animas
893 5390 1094 5446 ponere
1128 5376 1387 5433 debanns
1429 5391 1550 5434 esse
1595 5378 1791 5449 parati,

218 5464 363 5528 sicut
380 5463 461 5520 ait
485 5463 630 5521 idem
648 5463 974 5535 Apostolus:
998 5466 1067 5522 In
1096 5467 1194 5523 hoc
1218 5469 1591 5540 cognoscimus.
1622 5469 1797 5525 chari-

217 5564 379 5613 tatetn
412 5556 548 5626 eius,
570 5557 766 5627 inquit,
806 5559 1057 5629 quoniam
1099 5558 1189 5614 ille
1232 5576 1328 5629 pro
1374 5561 1521 5616 nobis
1565 5562 1799 5617 animum

216 5663 371 5702 suam
394 5646 585 5716 posuit,
619 5657 667 5701 et
698 5647 1058 5703 nos-debemus
1078 5664 1173 5718 pro
1205 5647 1457 5717 fratribus
1480 5650 1684 5704 auium
1709 5666 1801 5721 po-

217 5752 341 5795 nere
368 5736 418 5802 ll
452 5736 613 5795 Joan.
655 5736 756 5809 ιιι).
799 5738 1090 5809 Diligamus
1124 5753 1253 5808 ergo
1282 5739 1452 5799 Deum
1470 5749 1538 5794 ut
1569 5737 1663 5794 lilii
1710 5755 1804 5811 pa-

1900 5375 2323 5439 chuslassescit,
2345 5373 2431 5431 vel
2454 5374 2705 5439 discedit,
2740 5376 2831 5445 qui
2874 5375 3120 5447 regulare
3159 5389 3303 5445 opus,
3338 5375 3483 5445 quod

1904 5465 2482 5537 cmpitadperfeetum
2520 5480 2631 5521 non
2680 5465 2861 5528 ducit;
2910 5465 3002 5535 qui
3046 5466 3101 5520 in
3149 5465 3267 5533 ipso
3318 5479 3491 5535 opere-

1904 5555 2048 5625 (ιιιοά
2075 5570 2236 5625 agere
2258 5553 2705 5613 ferventianimo
2735 5555 2921 5624 ctepit,
2961 5553 3217 5623 paulatim
3270 5552 3486 5622 langue-

1906 5660 2063 5703 scens
2084 5633 2327 5716 tepescit.
2362 5654 2418 5701 et
2440 5652 2535 5699 aut
2559 5644 2624 5698 ab
2645 5660 2808 5715 opere
2848 5655 3078 5711 tantum,
3098 5654 3193 5698 aut
3224 5643 3385 5698 simul
3413 5644 3483 5697 ab

1908 5751 2071 5806 opere
2095 5744 2152 5792 et
2172 5735 2504 5795 monasterio
2533 5736 2829 5804 tepefactus
2859 5734 3081 5798 recedit,
3128 5750 3232 5789 non
3280 5745 3484 5799 ponens
