3944 6414
447 330 551 387 819

1730 325 2083 382 SMARAGDI
2119 327 2412 382 ABBATIS

3607 321 3712 382 8‘20

445 450 572 498 ante
613 440 820 506 oculos,
866 441 1008 511 quod
1079 441 1360 511 Scriptura
1419 439 1654 493 maxime
1733 437 2030 493 monachos
2056 441 2108 500 Α
2131 438 2365 502 minasti,
2387 435 2536 501 dicit,
2560 437 2694 493 sicut
2713 436 3047 491 examinatur
3068 445 3362 508 argentum.
3383 435 3716 491 Examinan-

444 533 696 588 hortatur
728 533 950 588 dicens:
977 529 1193 600 Con/ide
1218 533 1274 584 in
1306 531 1557 595 Domino,
1585 539 1634 584 et
1659 545 1813 584 mane
1854 530 1909 583 in
1948 527 2028 582 lo-

444 638 505 676 co
527 633 638 675 tuo.
663 621 862 692 (Eccli.
888 621 946 692 ιι)
972 637 984 674 :
1013 621 1166 676 Unde
1201 632 1258 674 et
1281 621 1528 690 sequitur

516 707 650 762 Item
701 708 1026 773 confortetur
1075 726 1166 762 cor
1206 719 1354 762 tuum
1406 718 1456 763 et
1497 713 1695 765 sustine
1744 707 2027 762 Dominum

444 802 618 875 (Psal.
645 803 819 873 sxw).
855 803 937 859 Ac
962 803 1010 856 si
1037 804 1243 858 diceret
1269 820 1282 856 ε
1306 802 1546 857 Viriliter
1585 817 1706 873 age,
1749 816 1820 856 ne
1865 802 2026 856 cadas

443 896 500 948 in
527 895 986 964 desperationem,
1011 903 1200 948 etnon
1249 895 1346 948 tibi
1385 903 1639 965 negatum
1675 903 1835 964 putes
1880 895 2026 964 quod

442 985 533 1039 diu
579 986 908 1054 promissum
955 1001 1061 1040 non
1095 986 1316 1054 accipis.
1372 984 1591 1040 Sustine
1627 986 1937 1052 Dominum,
1971 993 2027 1040 et

443 1076 562 1130 sine
591 1075 897 1131 defectione
921 1089 1079 1146 spera
1109 1076 1162 1129 in
1186 1090 1336 1140 eum,
1359 1083 1417 1128 ut
1451 1083 1696 1144 tempore
1719 1085 2024 1146 opportuno

445 1175 620 1221 metas
653 1167 794 1234 quod
819 1167 907 1220 hic
925 1165 1195 1234 sagaciter
1230 1165 1472 1233 quotidie
1510 1167 1774 1234 operaris.
1817 1167 2024 1222 Exhor-

442 1259 580 1313 tatio
630 1258 735 1312 ista
780 1257 1043 1312 bonorum
1081 1263 1167 1310 est
1226 1257 1637 1320 monachorum,
1693 1271 1902 1312 necnon
1967 1266 2024 1312 et

440 1349 686 1402 omnium
730 1345 1185 1410 Christianorum,
1225 1360 1294 1400 ne
1322 1359 1382 1400 se
1417 1345 1600 1400 carnis
1646 1345 2022 1400 imbecillitate

439 1456 472 1492 a
500 1445 652 1494 recto
675 1438 981 1493 subducant
1002 1437 1298 1507 proposito,
1329 1437 1422 1491 sed
1471 1437 1526 1491 in
1572 1438 1730 1492 bonis
1765 1439 2021 1508 operibus

438 1531 796 1601 perdurantcs
819 1530 888 1584 ad
931 1530 1393 1598 perseverantiam
1445 1532 1688 1596 tendant,
1733 1539 1789 1586 et
1834 1533 1888 1586 in
1934 1533 2022 1588 his

441 1634 566 1690 qute
595 1619 701 1674 illis
731 1619 1048 1688 regulariter
1092 1619 1444 1689 injunguntur
1480 1627 1791 1675 constanter
1838 1637 2021 1691 perse-

2133 537 2222 583 tur
2249 543 2379 599 ergo
2407 528 2531 596 igne
2552 527 2914 583 tribulationis
2933 527 3112 591 electi,
3139 535 3199 582 ut
3218 528 3286 584 ab
3314 529 3568 582 omnibus
3592 543 3712 582 sor-

2129 619 2287 674 dibus
2313 619 2556 673 mandati
2579 618 2762 674 venire
2809 628 3121 673 mereantur
3162 619 3233 674 ad
3278 619 3519 674 diadema
3570 621 3717 691 regis

2127 709 2338 764 aeterni.
2366 709 2664 780 Argentum
2695 710 2842 766 enim
2867 709 2970 764 nisi
3007 708 3355 763 examinetur-
3375 724 3474 779 per
3506 711 3710 781 ignem,

2127 801 2402 856 sordidum
2452 817 2518 856 ex
2569 816 2666 856 sua
2731 810 2913 856 manet
2963 801 3208 871 origine:
3233 800 3384 856 itaet
3430 802 3710 857 hominum

2126 894 2311 956 corda,
2369 892 2474 946 nisi
2514 893 2637 963 igne
2690 890 2924 962 Spiritus
2964 891 3139 946 sancti
3186 890 3388 946 fuerint
3426 895 3706 958 mundata,

2124 981 2444 1036 naturaliter
2470 980 2685 1037 sordida
2719 989 2961 1046 manent,
2982 989 3038 1035 et
3087 982 3381 1036 immunda.
3415 981 3707 1053 Propterea

2124 1071 2267 1125 nein
2295 1070 2516 1126 fornace
2542 1071 2862 1125 humilitatis
2898 1079 2954 1126 et
2993 1070 3354 1128 tribulationis
3400 1072 3454 1127 in
3499 1073 3708 1142 plumbi

2121 1163 2440 1218 mollescant
2466 1170 2680 1228 natura,
2733 1178 2954 1219 necesse
2991 1171 3074 1218 est
3116 1163 3330 1219 fortiter
3367 1165 3705 1221 sustinentia:

2120 1253 2500 1323 pudentiusque
2514 1260 2734 1308 teneant
2755 1269 2926 1308 arma.
2959 1253 3231 1323 Scriptum
3253 1261 3337 1308 est
3359 1255 3504 1309 enim
3527 1271 3545 1309 :
3570 1253 3703 1310 Sus-

2120 1346 2228 1400 tine
2255 1348 2563 1400 tentationes
2597 1347 2830 1412 Domini,
2859 1347 3117 1417 conjunge
3147 1358 3196 1400 te
3231 1347 3362 1413 Deo,
3393 1357 3444 1403 et
3480 1351 3702 1416 sustine,

2119 1444 2176 1486 ut
2198 1444 2393 1488 crescat
2418 1435 2474 1490 in
2511 1436 2788 1490 novissimo
2817 1435 2923 1490 vita
2955 1448 3070 1490 tua.
3110 1435 3278 1491 Omne
3310 1437 3451 1506 quod
3480 1438 3573 1491 tibi
3611 1457 3706 1509 ap-

2119 1522 2353 1592 plicitum
2375 1525 2534 1593 fuerit
2557 1526 2750 1595 accipe,
2779 1533 2829 1578 et
2851 1525 2908 1580 in
2927 1525 3107 1579 dolore
3141 1526 3363 1590 sustine,
3412 1536 3460 1580 et
3504 1528 3560 1582 in
3604 1528 3704 1581 hu-

2120 1611 2340 1666 militate
2365 1625 2456 1667 tua
2474 1615 2780 1683 patientiam
2800 1615 2966 1669 habe:
2993 1617 3239 1686 quoniam
3249 1617 3306 1669 in
3319 1616 3437 1686 igne
3451 1616 3707 1688 probatur

441 1716 668 1773 vet-ent;
697 1709 777 1763 sic
802 1708 948 1762 enim
989 1708 1366 1763 sustinentium
1408 1717 1628 1777 pectora
1671 1711 2046 1778 roborantur,‘
2125 1720 2337 1767 aurum.
2364 1714 2413 1758 et
2435 1715 2709 1774 argentum
2740 1705 2942 1777 (Ecdi.
2970 1706 3070 1778 u);
3100 1707 3345 1762 homines
3382 1721 3516 1762 vero
3554 1722 3702 1762 rece-

449 1803 498 1858 si
523 1817 674 1872 spem
701 1818 854 1857 suam
893 1803 946 1856 in
989 1801 1202 1857 Domini
1242 1803 1443 1857 virtute
1481 1813 1746 1872 ponentes
1789 1805 1855 1858 ad
1895 1806 2020 1860 boni
2049 1801 2098 1859 B
2125 1795 2340 1864 Ριίὶιίιθε
2366 1797 2422 1850 in
2450 1797 2664 1852 camino
2687 1797 3103 1852 humiliation“-

436 1892 620 1962 operis
660 1892 1116 1962 persevcrantiam
1156 1891 1397 1957 tendant,
1427 1902 1484 1946 et
1538 1893 1802 1961 promissa
1843 1894 2024 1949 Domi—

437 1982 496 2037 ni
535 1984 868 2038 sustinentes
914 1996 946 2036 a
991 1981 1222 2036 Domino
1266 1981 1568 2036 mercedem
1617 1982 1858 2051 recipere
1914 1997 2019 2038 non

435 2075 748 2146 desperent.

506 2167 576 2222 Et
599 2165 876 2221 ostendens
915 2163 1124 2233 ﬁdelem
1161 2179 1256 2234 pro
1303 2163 1528 2217 Domino
1572 2164 1812 2218 uniuersa
1858 2164 2020 2218 etiam

433 2257 703 2310 contraria
757 2255 1013 2310 sustinere
1057 2253 1264 2319 debere,
1311 2254 1436 2307 dicit
1476 2269 1540 2308 ex
1588 2269 1810 2323 persona
1857 2255 2016 2308 etiam

432 2345 794 2414 suﬂ'erentium
816 2358 835 2396 :
858 2343 1083 2413 Propter
1125 2353 1178 2396 te
1214 2353 1378 2396 morte
1432 2353 1540 2396 tota
1593 2343 1678 2397 die
1739 2344 2012 2413 aﬁcimur,

433 2434 682 2488 aestimati
706 2449 888 2488 sumus
924 2442 981 2487 ut
1011 2450 1127 2487 oves
1173 2433 1444 2487 occisionis
1469 2430 1641 2504 (Psal.
1670 2433 1844 2502 xum).
1873 2433 2016 2488 Mer-

433 2535 489 2581 te
509 2541 640 2581 vero
658 2524 819 2590 allici,
843 2535 930 2581 est
949 2541 1047 2597 per
1067 2526 1254 2597 longas
1274 2526 1552 2596 passiones
1589 2527 1869 2596 praesentis
1887 2527 2016 2583 vita!

431 2617 658 2673 exitium
685 2618 941 2688 reperire.
970 2619 1104 2673 Boni
1133 2619 1383 2684 monachi
1419 2617 1678 2673 fortitudo
1702 2633 1805 2674 nec
1835 2619 2013 2676 diver-

431 2710 510 2765 sis
531 2709 742 2780 pulsata
765 2709 1028 2766 molestiis
1075 2710 1236 2776 vinci,
1276 2724 1377 2766 nec
1399 2709 1521 2765 ullis
1567 2710 1902 2781 voluptatum
1949 2711 2014 2765 il-

428 2799 662 2856 lecebris
688 2800 848 2856 dohet
888 2801 1189 2867 succumbi,
1244 2815 1346 2856 nec
1390 2801 1634 2856 adversis
1683 2799 1864 2870 dejici,
1911 2818 2012 2858 nec

428 2893 592 2948 debet
615 2892 891 2963 prosperis
909 2892 1126 2957 elevari,
1159 2893 1253 2948 sed
1295 2902 1483 2950 eontra
1529 2893 1712 2948 omnia
1755 2894 1886 2949 vitia
1925 2910 2012 2950 ro-

427 2983 616 3039 borata
644 2985 938 3053 persistere
967 2986 1127 3041 debet
1151 2994 1210 3041 et
1236 2986 1578 3042 inconcussa.
1611 2986 1678 3040 Et
1711 2987 1853 3042 sicut
1893 2989 2011 3044 ovis

427 3074 498 3129 ad
525 3075 853 3131 occisionem
881 3078 1039 3132 ducta
1075 3093 1176 3133 nec
1198 3077 1550 3145 vociferatur,
1573 3095 1677 3134 nec
1724 3090 2008 3151 repugnat,

424 3165 504 3221 ita
549 3166 846 3224 monachus
883 3169 1198 3238 patientiam
1246 3169 1468 3235 habens,
1534 3185 1635 3225 nec
1683 3148 2008 3238 vociferans,
2037 3148 2082 3211 (ἶ

424 3270 793 3323 murmurans,
815 3272 919 3314 nec
943 3272 1252 3330 repugnans
1277 3257 1487 3327 injurias
1530 3259 1690 3313 debet
1733 3260 2010 3327 resistere,

426 3347 524 3402 sed
560 3348 732 3419 magis
768 3349 1209 3405 tribulationibus
1241 3349 1425 3404 multis
1452 3348 1678 3404 affectus
1702 3350 1859 3405 debet
1886 3365 2011 3406 cum

423 3435 712 3494 Psalmista
756 3440 985 3496 Domino
1028 3441 1246 3496 dicere:
1273 3439 1496 3510 Propter
1551 3441 1704 3495 verba
1750 3441 2010 3498 labiorum

426 3538 636 3583 tuorum
657 3546 750 3600 ego
772 3530 1027 3585 custodiri
1053 3530 1164 3586 vias
1191 3531 1376 3586 duras.

500 3619 575 3674 Et
594 3620 770 3675 securi
808 3620 876 3675 de
909 3637 998 3692 spe
1020 3620 1371 3676 retributionis
1413 3619 1603 3677 divina:
1631 3623 2012 3694 subsequantur

423 3711 712 3782 gaudentes
753 3721 804 3766 et
828 3711 1090 3768 dicentes:
1115 3712 1220 3769 Sed
1241 3716 1297 3769 in
1317 3716 1399 3771 Itis
1426 3717 1664 3772 omnibus
1701 3734 2009 3789 superamus

425 3811 637 3873 propter
657 3819 777 3858 eum
821 3805 911 3876 qui
937 3804 1121 3860 dilexit
1143 3821 1235 3861 nos
1259 3806 1437 3878 (Rom.
1465 3810 1608 3883 vni).
1640 3810 1825 3866 Sancti
1861 3812 2008 3866 enim

429 3908 554 3948 cum
583 3893 770 3950 Decet
799 3905 1024 3966 propter
1053 3896 1224 3953 Deum
1265 3913 1455 3956 omnes
1495 3902 1780 3971 prmsentis
1825 3903 2007 3958 saeculi

427 3992 690 4054 superant
751 3985 1149 4055 tribulationcs,
1220 3987 1435 4047 fortiter
1498 4000 1723 4065 agentes
1787 4002 2010 4064 propter

421 4083 680 4131 aeternam
741 4077 1176 4134 retributionem.
1240 4079 1509 4152 Superant
1567 4085 1713 4139 enim
1780 4085 2007 4141 adversa

426 4156 626 4232 omnia,
649 4176 707 4223 et
731 4167 1018 4224 Dominum
1039 4171 1298 4228 habentes
1325 4189 1356 4228 a
1386 4174 1534 4230 mille
1554 4181 1881 4244 superantur
1915 4175 2008 4229 ad-

425 4261 620 4315 versis.
638 4259 699 4316 Si
722 4262 870 4316 enim
893 4262 1036 4318 Deus
1049 4279 1146 4334 pro
1163 4265 1343 4333 nobis,
1363 4267 1485 4338 quis
1505 4277 1694 4323 contra
1717 4267 1851 4323 nos?
1871 4267 2008 4322 Hinc

423 4349 620 4406 Petrus
646 4351 922 4421 apostolus
938 4353 1016 4408 ait
1039 4372 1053 4408 :
1077 4353 1148 4408 Et
1199 4357 1316 4428 quis
1363 4359 1510 4413 nobis
1550 4367 1756 4424 noceat,
1797 4359 1844 4412 si
1889 4359 2010 4412 boni

2190 1886 2457 1941 Induxisti
2484 1903 2577 1940 nos
2603 1887 2660 1940 in
2683 1885 2926 1956 laqueum
2951 1901 2969 1940 :
2991 1887 3214 1958 posuisti
3234 1886 3597 1942 tribulationes
3643 1887 3700 1942 in

2117 1978 2274 2033 dorsa
2300 1986 2498 2032 nostro.
2529 1976 2793 2032 lnduxisti
2823 1992 2922 2032 nos
2951 1977 3005 2032 in
3035 1976 3228 2047 laqueo
3263 1987 3485 2048 propter
3529 1992 3697 2047 exag-

2117 2069 2448 2140 gerationem
2489 2068 2622 2122 dicit
2690 2067 3074 2134 tribulationis,
3126 2077 3185 2124 ut
3228 2069 3494 2139 intelligas
3539 2082 3701 2122 omne

2104 2174 2286 2237 genus
2319 2158 2682 2214 tribulationis
2703 2157 2758 2213 in
2797 2158 2900 2214 hoc
2939 2159 3134 2214 saeculo
3172 2175 3333 2229 super
3361 2160 3564 2215 electos
3601 2174 3701 2219 νθι

2115 2251 2264 2317 nire;
2293 2251 2418 2320 quia
2457 2265 2619 2305 omne
2659 2265 2830 2321 genus
2874 2250 3057 2320 gloriae
3084 2267 3115 2304 a
3150 2252 3377 2307 Domino
3422 2253 3480 2307 in
3515 2255 3700 2312 futuro

2114 2350 2434 2410 exspectant
2464 2342 2725 2410 recipere.
2758 2339 2894 2407 Quia
2931 2341 3024 2410 qui
3065 2341 3192 2396 vitae
3233 2341 3429 2397 futura:
3473 2347 3694 2413 praemia

2113 2433 2363 2501 accipere
2384 2439 2685 2501 exspectat,
2713 2431 2854 2485 mala
2880 2431 3061 2486 omnia
3083 2434 3363 2502 praesentis
3379 2434 3502 2490 vita:
3516 2450 3698 2506 zequa-

2111 2521 2333 2576 nimitcr
2367 2521 2563 2575 tolerat
2592 2539 2604 2574 :
2631 2521 2886 2590 quoniam
2915 2536 2983 2576 ex
3033 2521 3177 2576 illius
3223 2522 3502 2580 dulcedine
3539 2525 3698 2596 hujus

2111 2611 2237 2666 vita:
2259 2611 2678 2666 amaritudinem
2704 2619 2989 2680 temperat.
3023 2610 3177 2678 Quod
3202 2622 3382 2668 autem
3414 2615 3546 2671 dicit
3571 2635 3585 2672 :
3607 2635 3698 2689 po-

2111 2702 2262 2757 suisti
2314 2700 2673 2756 tribulationes
2710 2702 2766 2756 in
2806 2702 2962 2757 dorso
3019 2713 3230 2769 nostro,
3268 2708 3522 2762 convenit
3570 2725 3694 2765 cum

2111 2795 2380 2852 sententia
2409 2793 2630 2862 Psaltni,
2659 2795 2752 2865 qui
2775 2795 2907 2851 dicit
2930 2813 2944 2849 :
2968 2794 3286 2852 Incurvatus
3311 2807 3361 2852 st
3383 2799 3696 2856 humiliatus

2110 2906 2228 2945 sum
2278 2890 2482 2954 nimis;
2535 2889 2800 2959 rugicbam
2834 2907 2867 2945 a
2901 2891 3096 2960 gemitu
3143 2892 3319 2948 cordis
3368 2895 3471 2948 mei
3521 2894 3692 2966 (Psal.

2111 2979 2342 3052 xxxvn).
2375 2980 2771 3037 Tribulationes
2789 2983 2936 3038 enim
2961 2982 3019 3036 in
3044 2983 3206 3038 dorso
3225 2991 3281 3039 et
3309 2985 3566 3042 humilem
3616 2989 3694 3044 si-

2113 3074 2374 3147 gniﬁcant
2395 3075 2659 3141 animum,
2685 3081 2742 3129 et
2765 3090 2991 3131 curvum
3016 3090 3232 3145 corpus.
3272 3077 3518 3133 Indicant
3562 3095 3688 3136 cor-

2111 3183 2214 3238 pus
2232 3169 2453 3240 jejuniis
2475 3168 2816 3238 castigatum,
2841 3174 2898 3222 et
2917 3181 3012 3223 cor
3039 3170 3331 3224 contritum
3358 3179 3413 3226 et
3446 3173 3697 3228 humilia-

2111 3265 2247 3312 tum.
2274 3258 2377 3326 Qui
2403 3258 2548 3314 enim
2587 3257 2887 3328 disciplinae
2933 3257 3188 3315 salutaris
3234 3261 3610 3318 tribulationes
3639 3263 3696 3317 in

2109 3351 2272 3406 dorso
2295 3351 2516 3405 minime
2543 3357 2780 3420 portant,
2805 3357 2990 3404 erecto
3017 3351 3273 3406 incedunt
3307 3353 3550 3421 corporis
3591 3354 3700 3408 col-

2109 3442 2180 3507 lo,
2211 3441 2388 3497 ferum
2438 3441 2687 3505 multum,
2733 3449 2790 3496 et
2843 3441 3110 3496 tumidum
3164 3448 3376 3512 gestant
3426 3443 3690 3497 animum.

2113 3533 2266 3601 Quod
2294 3539 2474 3587 autem
2501 3532 2748 3601 sequitur
2777 3547 2796 3586 :

2181 3624 2251 3679 Et
2279 3634 2336 3678 ut
2365 3623 2600 3678 ostendat
2621 3623 2718 3678 sub
2743 3623 2918 3694 priore
2936 3624 3121 3678 debere
3149 3640 3242 3678 nos
3259 3639 3392 3688 esse,
3421 3623 3696 3694 subsequi-

2109 3726 2198 3770 tur
2220 3716 2395 3770 dicens
2422 3730 2442 3770 :
2469 3713 2777 3785 Imposuisti
2817 3715 3049 3769 homines
3085 3731 3246 3785 supra
3299 3715 3472 3785 capita
3514 3724 3695 3768 nostra

2111 3802 2283 3878 (Psal.
2313 3801 2459 3875 va).
2485 3801 2794 3858 Secundum
2819 3803 2964 3858 beati
2991 3804 3264 3859 Benedicti
3293 3805 3688 3873 expositionem

2109 3897 2338 3953 abbates
2360 3894 2648 3964 signiﬁcat,
2683 3895 2786 3950 sub
2830 3895 3027 3965 quibus
3071 3897 3368 3951 monachos
3420 3896 3686 3968 regularis

2108 3987 2379 4066 institutio
2401 3989 2644 4045 decrevit
2667 3991 2870 4058 vivere,
2928 4000 2985 4045 et
3033 3990 3250 4045 illorum
3287 3991 3446 4047 dictis
3483 3993 3693 4047 obtem-

2106 4095 2330 4150 perare;
2361 4082 2462 4136 sub
2491 4083 2686 4151 quibus
2708 4090 2764 4138 et
2790 4083 2965 4153 capita
2989 4083 3224 4148 mittere,
3276 4092 3331 4139 et
3363 4083 3517 4152 jussa
3563 4083 3686 4138 illos

2102 4172 2248 4244 justa
2276 4173 2434 4228 decet
2461 4174 2702 4243 implere.

2183 4263 2289 4321 Sed
2322 4275 2370 4320 et
2392 4276 2707 4337 praeceptum
2733 4267 2944 4323 Domini
2979 4270 3036 4323 in
3061 4269 3315 4335 adversis,
3341 4271 3456 4324 etin
3479 4270 3691 4340 injuriis

2109 4373 2202 4427 per
2249 4357 2557 4426 patientiam
2619 4357 2980 4428 adimplentes,
3039 4361 3272 4430 percussi
3295 4361 3351 4414 in
3415 4360 3688 4414 matr-illam

427 4441 760 4498 circulatores
811 4443 1064 4513 fuerimus
1089 4443 1142 4516 (I
1171 4443 1317 4500 Petr.
1344 4446 1446 4520 ιιι).
1469 4447 1549 4502 De
1569 4448 1656 4503 his
1693 4447 1847 4514 dicit,
1887 4461 2011 4518 quas
2107 4446 2339 4518 praebent
2369 4454 2418 4502 et
2444 4447 2606 4502 aliam
2633 4461 2652 4499 :
2683 4447 2942 4518 auferenti
2977 4451 3210 4504 tunicam
3231 4451 3498 4504 dimittunt
3511 4459 3559 4505 et
3575 4450 3690 4520 ραις

421 4533 580 4587 nobis
621 4535 691 4590 ab
729 4533 1056 4592 adversariis
1113 4551 1212 4606 per
1249 4535 1414 4593 verba
1455 4538 1865 4605 contumeliosa,
1907 4553 2008 4608 per
2031 4521 2086 4580 D
2109 4535 2241 4591 lium
2266 4553 2287 4592 :
2309 4538 2574 4609 angariati
2603 4537 2872 4601 milliaria,
2895 4540 3091 4594 vadunt
3113 4549 3162 4594 et
3192 4540 3298 4594 duo
3320 4556 3340 4594 :
3363 4557 3483 4594 cum
3513 4537 3688 4593 Paulo

423 4624 618 4680 damna
655 4640 836 4682 rerum
885 4628 1266 4698 corporalium,
1313 4643 1412 4699 per
1455 4637 1723 4685 tormenta
1759 4630 2007 4700 corporis
2105 4627 2354 4699 Apostolo
2383 4627 2545 4698 falsos
2572 4628 2762 4698 fratres
2790 4631 3129 4696 sustinent,et
3160 4631 3601 4702 persecutionem;
3639 4639 3689 4684 et

423 4715 688 4770 accidunt.
716 4715 1006 4772 Haecenim
1025 4719 1376 4784 omnia,cum
1398 4719 1644 4775 ﬁdelibus
1675 4720 2001 4790 irrogantur,
2105 4719 2470 4775 maledicentes
2522 4737 2598 4786 se,
2649 4721 2950 4778 benedicunt
3012 4722 3229 4794 (Hattlt.
3277 4740 3354 4790 v;
3415 4723 3544 4777 Luc.
3595 4739 3686 4789 vt;

421 4806 504 4861 eis
523 4821 721 4864 nocere
745 4823 850 4864 non
875 4817 1122 4880 possunt,
1145 4810 1242 4865 scd
1268 4811 1445 4882 magis
1467 4811 1700 4880 palmam
1728 4812 2004 4882 patientiae
2105 4810 2170 4866 II
2199 4809 2420 4878 Const;
2452 4811 2482 4865 I
2507 4809 2630 4866 Cor.
2660 4813 2769 4884 tv).
2795 4812 2948 4870 Hauc
2975 4814 3065 4869 alii
3087 4813 3311 4882 iustitia:
3341 4815 3588 4870 doctores
3613 4814 3691 4868 in-

386 4888 391 4891 ’
420 4899 799 4969 aequanimiter
819 4901 1173 4956 tolerantibus
1200 4899 1450 4956 aderunt.
1481 4901 1539 4957 Si
1560 4902 1683 4972 quis
1702 4911 1885 4959 autem
1903 4905 2005 4960 bu-
2105 4901 2387 4972 terpretati
2424 4909 2553 4957 sunt
2585 4905 2928 4959 sententiam.
2959 4905 3156 4960 Beatus
3192 4921 3321 4960 vero
3359 4905 3687 4960 Benedictus

414 4989 654 5060 jusmodi
685 4991 928 5049 adversis
975 4992 1154 5047 victus
1193 4992 1396 5057 deficit,
1430 5008 1536 5048 non
1581 4996 1706 5051 huic
1749 4996 1839 5051 ille
1907 4999 2000 5068 qui
2105 5001 2314 5048 tantum
2342 5002 2402 5048 ut
2428 4995 2529 5049 hoc
2549 4995 2603 5049 in
2644 4995 2763 5051 loco
2797 4995 3116 5052 humilitatis
3136 5005 3192 5052 et
3220 4998 3492 5067 patientia:
3531 4996 3689 5053 nobis

423 5081 623 5136 malum
654 5083 853 5150 intulit,
877 5083 972 5138 sed
997 5083 1112 5152 ipse
1139 5083 1240 5138 sibi
1292 5085 1383 5154 qui
1406 5085 1519 5141 haec
1547 5087 1895 5158 impatienter
1913 5105 2001 5145 re-
2102 5086 2260 5141 daret
2295 5075 2805 5158 exemplar,iposuit
2845 5089 3018 5153 illam,
3047 5105 3209 5158 quam
3238 5090 3330 5158 qui
3360 5090 3416 5143 in
3447 5088 3690 5144 adversis

421 5173 648 5239 cusavit,
675 5174 880 5230 nocuit.
2101 5178 2235 5232 etin
2292 5178 2506 5248 injuriis
2543 5183 2810 5235 veraciter
2848 5181 3073 5252 implere
3123 5191 3348 5236 conatus
3389 5181 3572 5247 fuerit,
3621 5181 3689 5235 ad

491 5261 560 5317 Et
584 5265 708 5317 item
730 5262 838 5318 alio
878 5262 994 5317 loco
1037 5262 1333 5337 Scriptura,
1379 5267 1623 5324 Probasti
1662 5287 1773 5333 nos,
1799 5271 1996 5339 inquit,
2098 5269 2414 5324 attemitatis
2439 5273 2654 5326 culmen
2683 5274 2977 5327 ascendere
3010 5273 3119 5329 cito
3152 5273 3368 5342 pateﬁt.
3406 5271 3538 5326 Nam
3571 5270 3686 5325 nul-

326 5381 332 5388 ο
421 5355 564 5411 Deus
585 5370 604 5409 :
625 5357 863 5433 igne-nos
883 5357 1208 5422 examinasti,
1237 5361 1372 5416 sicut
1397 5363 1516 5432 igne
1546 5364 1883 5417 examinatur
1908 5380 1998 5416 ar-
2097 5362 2184 5417 lus
2228 5361 2370 5417 hanc
2415 5361 2640 5431 implere
2681 5362 2922 5433 perfecte
2965 5364 3184 5432 poterit,
3229 5363 3335 5419 nisi
3393 5363 3484 5433 qui
3537 5362 3688 5432 prius

419 5458 633 5519 gelatus!
660 5445 835 5518 (Psal.
858 5447 1004 5516 txv).
1054 5449 1439 5508 Monachorum
1487 5453 1631 5508 enim
1672 5453 1924 5522 probatio
1946 5454 2001 5508 in

419 5535 779 5594 tentationum
797 5547 854 5593 et
878 5540 1208 5596 diversarum
1244 5542 1646 5597 tribulationum
1685 5542 1748 5597 fit
1768 5544 2002 5600 camino.

423 5625 638 5699 Oportet
667 5645 782 5694 nos,
803 5630 980 5702 inquit
1023 5633 1330 5702 Apostolus,
1370 5649 1462 5702 per
1487 5631 1678 5687 multas
1707 5635 2007 5691 tribulatio-

431 5734 519 5773 nes
544 5721 739 5775 intrare
769 5722 823 5776 in
854 5739 1066 5791 regnum
1094 5723 1191 5777 Dei
1221 5724 1371 5792 (Act,
1437 5722 1576 5794 xw).
1600 5721 1730 5794 Igne
1760 5741 1854 5780 nos
1873 5742 2002 5782 esa-

2110 5451 2328 5521 grandis
2356 5451 2632 5521 patientia
2651 5451 3059 5508 fundamentum
3087 5455 3139 5508 in
3164 5453 3328 5509 corde
3343 5451 3686 5515 radicaverit,

2109 5550 2168 5598 et
2199 5558 2422 5598 summa:
2460 5542 2782 5599 humilitatis
2825 5545 2975 5614 prius
3019 5545 3231 5600 culmen
3283 5543 3542 5613 attigerit.
3585 5542 3686 5609 Qui

2111 5637 2255 5690 enim
2286 5637 2339 5689 in
2389 5635 2604 5704 injuriis
2656 5637 2911 5709 irrogatis
2949 5652 3062 5693 non
3114 5638 3291 5701 reddit
3345 5637 3542 5691 malum
3590 5650 3688 5704 pro

2111 5727 2272 5791 malo,
2295 5727 2383 5782 ille
2407 5727 2678 5784 maxillam
2694 5729 3014 5800 percutienti
3031 5745 3191 5784 unam
3213 5731 3417 5799 praebet
3433 5737 3485 5784 ct
3501 5728 3684 5783 aliam.
