3944 6414
199 353 293 406 Sil

1251 350 1600 406 COMMENT.
1646 352 1711 406 ΙΝ
1754 353 1912 408 liEG.
1955 353 2011 408 S.
2057 350 2439 414 BENEDICTL

3389 363 3497 419 δερ.

195 467 283 520 ille
309 465 406 535 qui
458 465 818 520 maledictum
843 481 953 519 non
977 464 1150 519 reddit
1183 478 1280 533 pro
1316 464 1618 529 maledicto,
1657 467 1808 519 aufe-
1839 465 1887 525 A
1915 464 2134 532 gnificat
2177 482 2416 531 cursum,
2462 467 2552 522 ubi
2596 469 2778 524 miseri
2815 478 2934 524 sunt
2977 471 3284 542 quicunque
3331 475 3496 530 delin-

196 557 334 612 renti
360 557 613 610 tunicam
651 556 875 610 dimittit
897 564 952 610 et
975 555 1216 624 pallium.
1241 554 1334 608 Ille
1375 556 1464 625 qui
1501 571 1607 610 non
1641 557 1804 610 vinci-

196 663 333 706 tura
359 650 528 716 maio,
571 649 669 704 sed
721 648 891 703 vincit
941 649 997 702 in
1048 649 1191 702 bono
1232 647 1453 712 malum,
1501 647 1802 718 angarianti

117 759 130 772 ο
196 741 452 796 milliaria
480 740 795 794 voluntarie
818 740 998 809 pergit
1031 739 1156 793 duo.
1182 739 1286 792 Iste
1316 739 1435 793 sine
1472 738 1636 793 dubio
1677 738 1803 794 talis

195 833 469 904 patienter
491 848 622 887 cum
647 832 818 885 Paulo
840 831 1005 885 falsos
1032 830 1230 885 fratres
1273 831 1505 884 sustinet
1549 839 1604 886 et
1640 830 1804 885 male-

193 928 443 981 dicentes
499 925 876 980 benedicendo
926 923 1195 977 veraciter
1242 921 1565 976 humilitatis
1617 921 1803 991 implet

195 1024 557 1086 praeceptum.

617 1105 695 1155 De
718 1106 891 1166 quinto
914 1102 1198 1152 humilitatis
1219 1102 1392 1162 gradu.

265 1197 505 1261 Quintus
529 1195 845 1250 humilitatis
869 1194 1063 1264 gradus
1086 1202 1180 1255 est,
1221 1193 1269 1245 si
1278 1203 1288 1228 ν
1303 1207 1480 1244 omnes
1526 1191 1801 1261 cogitatio-

195 1303 283 1338 nes
313 1285 492 1338 malas
523 1285 674 1340 cordi
695 1299 790 1337 suo
811 1283 1158 1344 advenientes,
1188 1279 1263 1333 vel
1285 1280 1425 1333 mala
1446 1298 1478 1334 a
1500 1297 1552 1333 se
1585 1282 1802 1335 abscon-

193 1393 248 1430 se
269 1376 584 1438 commissa,
613 1390 706 1444 per
742 1371 990 1426 humilem
1044 1372 1418 1440 confessionem
1468 1371 1644 1424 abbati
1695 1388 1799 1425 non

193 1467 445 1522 celaverit
469 1483 595 1520 suo.
637 1465 774 1519 Hinc
803 1463 1056 1518 Salomon
1094 1464 1169 1517 ait
1197 1478 1209 1517 :
1236 1462 1340 1528 Qui
1371 1463 1640 1516 abscondit
1682 1481 1796 1518 sce-

191 1557 303 1611 lera
327 1574 454 1620 sua,
488 1573 598 1610 non
621 1556 915 1625 dirigetur:
937 1555 1026 1624 qui
1053 1564 1225 1606 autem
1261 1553 1530 1622 confessus
1572 1553 1729 1622 fuerit
1747 1565 1798 1609 et

193 1649 467 1720 reliquerit
481 1665 568 1714 ea,
586 1648 999 1703 misericordiam
1014 1657 1353 1717 consequetur
1381 1647 1561 1718 (Prov.
1582 1648 1793 1719 xxvm).

193 1744 523 1798 Amaritudo
552 1743 698 1798 enim
717 1741 1050 1812 poenitentia:
1072 1739 1202 1795 facit
1229 1741 1466 1795 animum
1497 1751 1551 1796 et
1587 1757 1685 1796 sua
1722 1741 1798 1795 fa-

193 1841 279 1888 cta
311 1833 576 1889 subtilius
595 1834 882 1895 discutere,
910 1841 967 1886 et
994 1833 1130 1886 dona
1162 1832 1281 1897 Dei,
1308 1847 1426 1901 quae
1448 1831 1791 1901 contempsit,
1824 1848 1868 1906 Β

193 1924 371 1979 flendo
410 1938 865 1978 commemorare.
917 1923 1104 1993 Magna
1139 1921 1249 1991 jam
1288 1921 1512 1990 justitia:
1549 1938 1676 1993 pars
1709 1932 1796 1978 est

195 2014 558 2084 semetipsum
597 2028 760 2068 nosse
800 2013 1028 2067 interius
1067 2014 1359 2079 hominem,
1405 2017 1549 2083 quod
1595 2031 1796 2084 pravus

194 2113 302 2169 est,
339 2111 402 2158 ut
423 2120 492 2158 ex
527 2118 596 2159 eo
622 2104 816 2158 divinae
845 2104 1032 2157 virtuti
1053 2104 1272 2160 humilis
1306 2105 1570 2160 subdatur
1595 2122 1658 2162 ex
1689 2123 1796 2177 quo

196 2209 288 2247 sua
329 2207 674 2264 cognoscens
705 2201 928 2262 peccata
970 2193 1122 2248 alteri
1171 2195 1494 2251 confiteatur
1531 2214 1613 2253 ea.
1659 2199 1796 2256 Hinc

196 2285 394 2338 iterum
423 2285 685 2339 Salomon
708 2285 820 2338 ait:
851 2283 1038 2339 Revela
1074 2285 1300 2340 Domino
1323 2304 1478 2357 opera
1503 2300 1616 2355 tua,
1651 2299 1699 2345 et
1719 2291 1798 2345 di-

197 2375 435 2444 rigentur
480 2376 824 2446 cogitatidnes
874 2385 978 2430 tua:
1017 2374 1200 2447 (Prov.
1242 2378 1377 2448 ιγι).
1413 2378 1564 2434 Unde
1608 2389 1664 2436 et
1708 2383 1795 2438 hic

197 2466 451 2520 subditur
468 2482 484 2531 ;

272 2555 522 2610 Hortans
563 2571 658 2610 nos
697 2557 762 2609 de
804 2557 903 2610 hac
943 2573 996 2610 re
1038 2555 1336 2628 Scriptura,
1361 2559 1578 2614 dicens:
1609 2560 1795 2616 Revela

198 2645 430 2700 Domino
457 2648 602 2700 viam
633 2655 777 2700 tuam
800 2645 972 2718 (Psal.
1009 2647 1217 2716 xxx“).
1245 2647 1302 2702 Id
1329 2657 1432 2714 est,
1476 2652 1654 2706 revela
1696 2669 1797 2722 per

197 2734 602 2790 confessionem
645 2737 848 2802 abbati,
895 2751 1054 2806 quem
1090 2737 1187 2792 tibi
1215 2738 1474 2794 Dominus
1502 2755 1599 2810 pro
1628 2757 1686 2796 se
1717 2743 1796 2796 vi-

196 2825 409 2879 carium
460 2827 631 2891 dedit,
659 2827 900 2885 actiones
941 2836 1060 2882 tuas
1103 2829 1157 2882 in
1187 2830 1382 2899 quibus
1421 2833 1629 2899 peccati
1665 2847 1794 2888 con-

199 2915 433 2970 scientia
468 2917 620 2972 latet.

271 3006 343 3059 Et
372 3023 530 3078 spera
569 3007 624 3062 in
665 3006 946 3062 Dominum
972 3007 1187 3080 (Ibid).
1219 3009 1320 3076 Qui
1360 3011 1457 3066 tibi
1482 3013 1695 3068 veniam
1726 3015 1793 3069 de

198 3097 513 3152 commissis
565 3097 989 3153 misericorditer
1026 3100 1208 3154 donet.
1260 3099 1400 3156 Hinc
1437 3101 1788 3160 Cassiodorus

200 3189 333 3243 dicit
380 3206 395 3242 :

202 3279 253 3333 id
276 3288 364 3334 est
392 3280 509 3334 vita
535 3288 740 3344 nostra,
775 3280 1061 3336 tenebrosa
1102 3283 1331 3338 amictus
1367 3285 1791 3340 circumdatione

201 3369 406 3423 vestita
439 3377 551 3434 est;
586 3370 727 3424 hanc
759 3369 1062 3426 revelamus
1113 3373 1328 3442 quando
1367 3374 1562 3430 delicta
1607 3385 1790 3430 nostra

201 3463 497 3516 tenebrosa
522 3462 924 3532 promptissime
961 3463 1302 3518 conﬁtemur.
1331 3465 1612 3521 Revelavit
1645 3467 1790 3522 enim

201 3551 404 3607 Paulus
439 3555 582 3607 viam
630 3569 784 3608 suam
823 3556 1036 3623 quando
1083 3555 1263 3610 dixit:
1295 3556 1432 3611 Caro
1472 3559 1789 3628 concupiscit

198 3642 456 3696 adversus
499 3643 762 3711 spiritum,
807 3645 1021 3714 spiritus
1064 3656 1236 3700 autem
1285 3649 1533 3702 adversus
1578 3665 1788 3703 carnem

199 3733 410 3803 (Galat.
434 3732 510 3804 v).
542 3733 792 3801 Speravit
815 3744 994 3795 autem
1022 3737 1076 3789 in
1100 3737 1326 3790 Domino
1347 3740 1472 3792 dum
1489 3740 1745 3796 clamaret
1770 3760 1783 3795 :

198 3822 410 3892 Infelix
435 3840 527 3893 ego
554 3825 731 3890 homo,
751 3827 868 3894 quis
905 3843 988 3879 me
1024 3827 1259 3880 liberabit
1282 3829 1346 3881 de
1366 3845 1578 3897 corpore
1605 3835 1786 3886 mortis

199 3915 363 3985 hujus
397 3915 578 3987 (Rom.
621 3916 752 3990 vn)?
792 3916 976 3975 Gratia
1024 3919 1119 3974 Dei
1161 3934 1260 3988 per
1297 3919 1481 3975 Jesum
1513 3921 1785 3978 Christum

201 4004 495 4059 Dominum
519 4014 782 4061 nostrum.
826 4006 962 4062 Hinc
999 4007 1330 4079 Augustinus
1361 4012 1475 4065 ait:
1503 4011 1654 4077 Quod
1694 4028 1788 4068 au-

205 4104 313 4150 tem
343 4097 514 4152 habes
538 4097 594 4150 in
617 4099 800 4164 corde,
839 4099 1052 4168 patefac
1097 4100 1152 4152 in
1180 4116 1428 4156 sermone
1452 4119 1549 4172 per
1576 4106 1787 4158 confes-

203 4185 433 4241 sionem.
463 4187 632 4256 Spera
666 4190 719 4243 in
762 4205 908 4256 eum,
936 4201 991 4245 et
1027 4191 1143 4260 ipse
1182 4191 1362 4257 faciet,
1395 4194 1498 4249 hoc
1535 4203 1642 4260 est,
1671 4196 1804 4266 ipse

206 4276 300 4330 tibi
331 4278 566 4334 dimittet
585 4290 808 4350 peccata
854 4290 967 4347 tua,
1009 4291 1063 4338 et
1103 4284 1336 4340 deducet
1365 4287 1417 4340 in
1461 4287 1784 4343 charitatem

203 4380 369 4434 opera
397 4375 510 4421 tua.
545 4368 804 4440 Sequitur
825 4389 839 4425 :

274 4456 345 4510 Et
367 4459 488 4512 item
509 4459 674 4514 dicit:
697 4459 1030 4530 Conﬁtemini
1057 4462 1299 4529 Domino,
1323 4467 1572 4534 quoniam
1599 4467 1780 4535 bonus,

201 4549 450 4615 quoniam
472 4549 526 4602 in
543 4549 793 4605 saeculum
813 4553 1173 4607 misericordia
1191 4554 1306 4624 ejus
1320 4533 1490 4626 (Psal.
1514 4557 1622 4626 εν).
1649 4533 1786 4615 Hinc
1806 4533 1861 4591 D

1905 566 2110 625 quunt;
2137 559 2224 612 ubi
2252 559 2335 613 fas
2361 567 2444 614 est
2473 561 2635 615 corda
2661 571 2844 616 nostra
2884 565 3156 628 converti,
3187 575 3241 620 et
3279 565 3495 622 miseri-

1903 647 2144 701 cordiam
2183 650 2474 717 postulari;
2509 651 2580 705 ibi
2623 653 2765 706 enim
2810 653 3084 709 damnatio
3125 666 3209 712 est
3245 658 3492 714 confiteri

1902 746 2185 807 peccatum
2216 740 2304 794 ubi
2331 741 2443 811 jam
2474 751 2686 796 constat
2709 757 2833 796 esse
2853 741 3148 810 judicium.

1976 830 2042 882 Et
2056 831 2179 884 item
2200 829 2457 900 Pr0plteta
2474 849 2493 885 :
2507 831 2770 886 Delictum
2791 850 2960 886 meum
2976 836 3239 904 cognitum
3259 838 3354 892 tibi
3367 840 3487 908 feci,

1902 935 1948 978 et
1981 925 2268 994 injustitias
2303 941 2445 980 meas
2471 942 2574 980 non
2609 926 2790 995 operui
2822 924 2995 988 (Psal.
3038 927 3209 996 xxxi).
3241 927 3355 984 Hoc
3380 941 3485 992 est,

1902 1016 2167 1084 cognitum
2194 1016 2389 1084 facere,
2420 1017 2473 1070 in
2513 1017 2910 1072 confessionem
2940 1018 3121 1072 delicti
3156 1021 3486 1088 producere:

1902 1105 2104 1173 operire
2118 1115 2318 1169 autem,
2340 1105 2476 1160 velle
2501 1106 2705 1175 aliquid
2725 1107 2939 1162 silentio
2965 1117 3166 1178 tegere,
3181 1119 3274 1164 aut
3291 1125 3487 1181 corpus

1902 1193 2332 1250 dissimulatione
2361 1195 2558 1250 celare.
2591 1195 2706 1252 Hoc
2727 1195 2934 1251 faciunt
2961 1199 3135 1264 stulti,
3167 1201 3257 1269 qui
3295 1211 3488 1270 putant
3515 1215 3524 1222 ‘

1901 1283 2070 1338 Deum
2099 1286 2349 1355 ignorare
2374 1301 2532 1356 posse
2559 1288 2702 1356 quod
2733 1298 2920 1357 agunt.
2951 1289 3173 1355 Contra,
3207 1294 3298 1362 qui
3341 1294 3489 1349 illum

1901 1385 2174 1430 noverunt
2203 1392 2292 1432 res
2319 1391 2508 1432 omnes
2537 1377 2740 1432 habere
2779 1378 3110 1443 manifestas,
3138 1383 3204 1435 ad
3232 1383 3488 1437 humilem

1900 1466 2296 1522 confessionem
2323 1476 2378 1522 et
2401 1468 2735 1538 pmnitentia:
2771 1479 2894 1523 vota
2923 1469 3283 1537 descendunt,
3313 1488 3383 1528 ne
3404 1472 3490 1541 ju-

1901 1556 2074 1610 dicem
2118 1558 2394 1627 patiantur
2440 1557 2697 1612 infestum
2747 1575 2910 1628 quem
2949 1561 3242 1631 propitium
3289 1564 3489 1621 habere

1899 1653 2152 1713 poterant
2179 1647 2520 1701 advocatum.
2545 1646 2805 1718 Sequitur
2829 1668 2842 1703 :

1969 1736 2118 1800 Dixi,
2163 1736 2530 1792 Pronuntiabo
2575 1739 2849 1794 adversum
2897 1758 2977 1794 me
3003 1742 3296 1811 injustitias
3343 1762 3486 1800 meas

1900 1824 2159 1889 Domino;
2185 1834 2232 1878 et
2259 1834 2316 1877 tu
2339 1826 2584 1879 remisisti
2620 1827 2937 1897 impietatem
2965 1829 3138 1882 cordis
3168 1832 3267 1886 mei
3307 1829 3481 1901 (Psal.

1898 1915 2070 1986 XXXI).
2120 1915 2256 1970 llinc
2293 1933 2488 1987 magna
2516 1917 2690 1987 pietas
2731 1918 3038 1974 Divinitatis
3079 1923 3402 1986 ostenditur,
3430 1935 3482 1979 ut

1897 2010 1965 2063 ad
1991 2009 2160 2064 solam
2188 2010 2684 2079 pronuntiationem
2723 2012 3027 2068 devotionis
3065 2014 3244 2070 subito
3267 2017 3479 2071 laxave-

1896 2099 1970 2153 rit
1991 2107 2236 2169 peccata,
2267 2101 2482 2169 quando
2519 2101 2598 2156 sic
2617 2100 2821 2170 judicat
2842 2101 2994 2171 pium
3012 2111 3196 2158 votum
3223 2109 3484 2174 quemad-

1897 2191 2112 2245 modum
2138 2191 2469 2261 operationis
2490 2191 2761 2247 eil‘ectum.
2785 2192 2931 2247 Dixit
2951 2194 3096 2250 enim
3119 2194 3173 2249 in
3199 2197 3364 2250 corde
3383 2213 3484 2254 suo

1899 2283 2124 2338 Domino
2163 2299 2270 2338 non
2317 2292 2499 2339 tacere
2527 2300 2648 2354 quae
2694 2293 2959 2354 gesserat,
2989 2295 3046 2343 et
3088 2295 3342 2356 tanquam
3367 2289 3480 2357 jam

1896 2383 2089 2430 cuncta
2124 2375 2455 2445 prodiderat,
2504 2376 2577 2430 ita
2609 2376 2686 2431 illi
2723 2378 2950 2432 remissa
2998 2389 3124 2433 sunt
3155 2395 3276 2450 quae
3314 2384 3480 2437 voluit

1896 2468 2163 2522 confiteri.
2195 2468 2479 2524 Confessio
2502 2485 2634 2541 ergo
2673 2487 2790 2526 mea
2821 2473 2998 2530 adhuc
3042 2475 3096 2528 in
3140 2479 3302 2531 corde
3337 2491 3478 2540 erat,

1894 2569 1946 2613 et
1974 2562 2040 2615 ad
2067 2576 2129 2615 os
2153 2562 2393 2616 nondum
2435 2572 2677 2617 venerat.
2729 2564 2982 2620 Dixeram
3017 2568 3185 2632 enim,
3231 2568 3482 2624 Pronun-

1894 2650 2036 2703 tiabo
2062 2651 2337 2705 adversum
2363 2669 2465 2717 me,
2496 2663 2870 2711 verumtamen
2893 2657 3036 2713 Deus
3064 2660 3279 2715 auditor
3301 2661 3481 2717 cordis

1895 2739 1999 2792 mei
2030 2741 2233 2794 dimisit
2253 2741 2590 2810 impietatem
2620 2747 2831 2813 peccati
2858 2748 2984 2802 mei.

2320 2841 2395 2891 De
2414 2849 2560 2892 sexto
2577 2843 2862 2894 humilitatis
2880 2849 3050 2909 gradu.

1964 2921 2156 2976 Sextus
2191 2922 2504 2979 humilitatis
2533 2925 2731 2995 gradus
2768 2937 2863 2993 est,
2911 2930 2958 2982 si
2993 2933 3134 2985 omni
3165 2933 3362 2988 vilitate
3397 2935 3477 2991 vel

1891 3014 2216 3066 extremitate
2256 3023 2527 3069 contentus
2586 3017 2652 3070 sit
2716 3019 3024 3074 monachus.
3088 3021 3276 3094 Magna
3337 3027 3477 3095 apud

1891 3103 2056 3156 Deum
2089 3102 2314 3174 refulget
2343 3105 2536 3172 gratia,
2567 3106 2657 3174 qui
2685 3106 2812 3162 huic
2834 3110 3035 3165 mundo
3061 3115 3477 3183 contemptibilis

445 3189 638 3244 Velum
675 3189 945 3259 quoddam
978 3199 1062 3245 est
1105 3201 1470 3261 peccatorum,
1499 3197 1639 3251 unde
1678 3197 1785 3264 via,
1815 3190 1860 3252 C
1893 3193 2055 3249 fuerit
2092 3202 2148 3248 et
2173 3194 2314 3248 vilis.
2353 3194 2488 3249 Nam
2513 3212 2699 3251 revera
2726 3214 2947 3254 necesse
2970 3209 3054 3255 est
3085 3210 3142 3255 ut
3179 3219 3338 3272 quem
3363 3207 3472 3260 odit

1895 3284 2126 3340 mundus
2159 3285 2348 3357 diligat
2377 3285 2538 3342 Deus.
2586 3287 2769 3344 Sancti
2816 3291 2910 3359 qui
2947 3292 3205 3348 vilitatem
3249 3295 3472 3367 diligunt

1891 3387 1946 3434 et
1971 3379 2132 3435 rebus
2177 3380 2580 3452 honoribusque
2625 3384 2955 3450 renuntiant,
2988 3387 3110 3442 ideo
3137 3402 3198 3442 se
3235 3390 3304 3444 ab
3329 3394 3472 3446 omni

1891 3475 2104 3524 terrena
2149 3472 2492 3540 possessione
2541 3473 2894 3541 mortificant,
2946 3486 3006 3531 ut
3056 3478 3112 3532 in
3163 3479 3474 3537 haereditate

1890 3576 2011 3615 cum
2044 3562 2154 3618 Deo
2191 3561 2420 3619 feliciter
2460 3565 2665 3621 vivant.
2709 3567 2834 3625 Ideo
2869 3569 3130 3627 vilitatem
3162 3576 3448 3630 extremita
3491 3595 3498 3608 ·

1890 3658 2108 3722 temque
2131 3663 2336 3720 amant,
2365 3662 2426 3709 ut
2447 3656 2742 3714 validiores
2765 3660 2835 3714 ad
2855 3660 3020 3716 vitam
3049 3663 3194 3717 illam
3226 3679 3350 3734 quae
3371 3665 3472 3721 illis

1887 3751 2160 3812 praeparat
2185 3755 2410 3812 aeterna,
2441 3745 2509 3801 de
2536 3746 2696 3816 hujus
2735 3749 2860 3805 vita:
2900 3752 3316 3811 mortificationc
3341 3771 3471 3812 con-

1888 3842 2132 3901 surgant.
2166 3834 2422 3904 Sequitur
2449 3854 2466 3891 :

1961 3927 2028 3979 Et
2056 3929 2126 3980 ad
2157 3929 2334 3982 omnia
2357 3945 2476 4000 qua:
2499 3931 2600 3986 sibi
2627 3933 2995 4004 injunguntur,
3020 3938 3153 3992 velut
3174 3941 3472 4010 sperarim

1889 4015 2087 4070 malum
2121 4027 2168 4070 et
2195 4017 2472 4088 indignum
2500 4036 2556 4074 se
2565 4021 2789 4091 judicet.
2814 4024 2938 4080 ideo
2964 4030 3261 4085 monachus
3283 4046 3473 4102 opera-

1887 4106 2026 4160 rium
2045 4106 2252 4176 judicat
2271 4124 2330 4164 se
2365 4111 2590 4180 malum,
2636 4115 2760 4184 quia
2783 4120 3052 4186 quomodo
3076 4137 3212 4191 opus
3239 4124 3357 4194 ejus
3388 4141 3472 4182 re-

1887 4199 2120 4267 cipiatur
2146 4201 2321 4256 nescit
2345 4217 2375 4256 a
2405 4201 2654 4260 Domino.
2683 4205 2986 4277 Operamur
3017 4214 3158 4268 enim
3191 4231 3290 4271 nos
3321 4227 3470 4275 exte-

1887 4288 2017 4353 rius,
2062 4289 2156 4344 sed
2195 4291 2463 4360 quomodo
2504 4309 2639 4366 opus
2685 4312 2717 4352 a
2763 4299 2990 4356 Domino
3032 4305 3321 4374 recipiatur
3376 4327 3468 4366 ne-

1886 4378 2087 4432 scimus
2148 4379 2392 4437 interius.
2441 4383 2566 4440 Ideo
2627 4401 2688 4442 se
2746 4388 3021 4459 indignum
3063 4393 3300 4463 judicat,
3343 4402 3465 4469 quia

1870 4462 2028 4524 'sicut
2061 4486 2170 4563 non
2220 4481 2348 4526 sunt
2397 4476 2676 4548 condignae
2731 4482 3008 4549 passiones
3047 4462 3205 4557 hujus
3257 4462 3466 4563 tempo-

1888 4560 1964 4613 ris
2007 4562 2073 4614 ad
2124 4559 2359 4617 futuram
2397 4565 2628 4635 gloriam
2653 4584 2773 4638 quae
2824 4563 3148 4630 revelabitur
3181 4578 3234 4633 in
3286 4559 3462 4648 nobis,

203 4633 557 4694 Cassiodorus
582 4639 1127 4698 aitzConfessionem
1156 4645 1314 4698 istam
1360 4646 1427 4699 ad
1459 4647 1781 4703 medicinam
1883 4649 1956 4702 ita
2017 4664 2124 4704 non
2171 4661 2296 4706 sunt
2357 4633 2552 4725 digna,
2617 4633 2866 4729 quamvis
2921 4663 3030 4719 sint
3097 4666 3238 4723 bona
3287 4633 3463 4741 opera

205 4728 551 4835 pqeuitudinis
589 4731 961 4800 applicandam
993 4734 1258 4805 designat.
1293 4734 1399 4790 Sed
1438 4737 1541 4792 hoc
1567 4754 1784 4810 quoque
1883 4747 2088 4806 nostra,
2116 4741 2184 4796 ad
2212 4744 2636 4814 conquirendam
2661 4750 2885 4820 gloriam
2911 4754 2994 4809 vel
3013 4757 3236 4825 praemia
3264 4728 3466 4835 sempi-

203 4814 268 4868 ad
287 4820 554 4886 praeconia
575 4820 785 4876 Domini
804 4825 1077 4893 pertinere
1092 4840 1198 4880 non
1212 4835 1296 4882 est
1309 4825 1551 4896 dubium,
1566 4831 1782 4900 quando
1884 4836 2058 4884 terna.
2663 4814 2689 4820 ⁷
3014 4814 3032 4825 ’
3065 4853 3068 4860 -

205 4907 374 4976 major
418 4909 584 4978 gloria
624 4920 710 4967 est
745 4915 961 4983 pietatis
1008 4916 1284 4972 confitenti
1326 4933 1566 4987 parcere,
1613 4937 1777 4991 quam

1951 4921 2142 4977 Dicens
2163 4940 2282 4979 cunt
2310 4925 2575 4998 Propheta
2596 4944 2615 4982 :
2643 4931 2725 4986 Ad
2751 4935 2968 4990 nihilum
2996 4939 3236 4997 redactus
3262 4961 3377 4998 sum
3412 4959 3460 5001 et

205 4994 400 5051 viventi
433 5000 550 5054 sine
584 5001 926 5058 confessione
960 5015 1240 5074 praestare.
1281 5006 1348 5060 Et
1373 5022 1443 5061 ne
1485 5009 1680 5079 aliquis
1712 5011 1780 5067 de
1880 5013 2066 5067 nescivi
2089 5012 2262 5085 (Psal.
2341 4994 2485 5090 xiv).
2521 5019 2648 5076 Haec
2685 5037 2788 5078 vox
2836 4994 3459 5099 humilitatis

202 5087 476 5156 culparum
508 5106 728 5146 suarum
758 5096 1239 5152 numerositatibus
1264 5105 1594 5164 terreretur,
1634 5101 1781 5155 addi-

201 5174 313 5230 dit:
345 5180 593 5248 quoniam
631 5181 817 5236 bonus.
842 5182 975 5250 Quis
1002 5187 1147 5239 enim
1187 5186 1400 5241 dubitat
1433 5189 1500 5241 ad
1543 5202 1664 5242 eum
1695 5205 1779 5244 re-

1877 5102 2116 5193 timoris;
2135 5104 2394 5175 sapientis
2417 5110 2598 5178 potius
2617 5129 2779 5183 quam
2801 5119 3091 5176 nescientis
3111 5133 3236 5178 sunt
3259 5128 3453 5193 verba;

1877 5191 2232 5259 humiliantis,
2263 5210 2373 5250 non
2397 5199 2689 5257 exultantis
2741 5219 2799 5259 se
2844 5217 2928 5264 est
2963 5215 3248 5268 sententia.
3299 5191 3454 5286 Apud

201 5281 438 5335 currere,
460 5285 621 5340 quem
644 5273 748 5328 sibi
791 5276 939 5330 audit
967 5275 1104 5331 velle
1139 5276 1425 5331 celerrime
1451 5279 1781 5334 subvenire?
1874 5281 2020 5336 enim
2042 5283 2297 5340 saeculum
2319 5286 2465 5344 istud
2490 5305 2551 5345 se
2590 5290 2770 5360 justus
2813 5302 3095 5368 cognoscit

3121 5306 3362 5371 stultum,
3395 5318 3456 5364 ut

199 5354 431 5422 Addidit,
473 5363 723 5431 quoniam
761 5365 817 5418 in
857 5365 1107 5420 sweulum
1130 5368 1490 5422 misericordia
1510 5370 1643 5439 ejus.
1667 5370 1780 5425 Au-
1878 5371 2182 5431 inveniatur
2203 5378 2418 5447 sapiens
2442 5381 2581 5450 apud
2591 5354 2917 5442 Dominum:

200 5447 308 5505 dito
335 5450 480 5508 bono
507 5452 757 5520 Domino,
783 5472 852 5511 ne
878 5471 936 5512 se
981 5457 1218 5514 humana
1256 5460 1575 5532 negligentia
1603 5477 1633 5515 a
1661 5469 1775 5516 stu-

199 5535 344 5594 diosa
384 5549 440 5596 et
483 5541 666 5598 sedula
699 5543 1090 5614 supplicatione
1127 5549 1504 5619 suspenderet,
1548 5551 1769 5607 remedii

199 5639 408 5686 causam
451 5632 604 5699 dicit,
640 5641 700 5689 ut
746 5635 815 5690 ad
852 5636 1243 5694 confessionem
1287 5641 1520 5697 celerem
1558 5643 1772 5699 Domini

200 5718 384 5779 debeat
406 5725 600 5781 merito
637 5724 915 5782 festinare.
957 5727 1027 5783 In
1055 5730 1330 5798 sacculum,
1358 5731 1484 5787 vita:
1510 5731 1668 5801 hujus
1690 5735 1768 5790 si-

1877 5460 2052 5554 Stulta
2072 5469 2255 5522 mundi
2281 5467 2433 5541 elegit
2463 5471 2626 5540 Deus,
2665 5487 2721 5530 ut
2755 5480 3044 5549 confundat
3076 5487 3352 5554 sapientes,
3401 5501 3450 5544 et

1873 5553 2085 5648 inﬁrma
2112 5558 2294 5612 mundi
2334 5559 2506 5632 elegit,
2547 5574 2603 5617 ut
2627 5566 2918 5635 confundat
2941 5571 3100 5640 fortia
3123 5553 3177 5643 (l
3217 5574 3338 5630 Cor.
3383 5579 3445 5648 ι).

1876 5644 2102 5713 Nescivi,
2133 5650 2286 5714 dixit,
2333 5653 2386 5707 id
2431 5663 2534 5720 est,
2570 5659 2896 5714 nescientem
2937 5677 3024 5716 me
3051 5678 3170 5719 esse
3196 5644 3442 5736 cognovi.

1873 5737 2106 5796 Stultum
2134 5750 2189 5797 et
2216 5745 2496 5812 parvulum
2529 5748 2800 5817 deputavi,
2834 5761 2888 5805 et
2911 5753 3058 5807 velut
3102 5755 3441 5826 insipientem
