3944 6414
454 327 556 383 8'25

1754 327 2106 383 SMARAGDI
2140 327 2428 381 ABBATIS

3619 332 3725 385 832i

451 443 691 517 despexi.
737 445 838 512 Qui
867 443 1011 498 enim
1056 443 1217 499 modo
1246 458 1305 498 se
1333 442 1477 512 apud
1521 458 1580 498 se
1612 443 1891 498 humiliter
1937 458 2032 497 ne-
2065 445 2110 503 Α
2138 451 2237 495 tem
2282 450 2522 512 quorum:
2570 437 2798 494 animum
2845 439 2960 509 ejus
3003 437 3182 505 (Prov.
3227 440 3398 510 xxxx).
3432 441 3557 497 llzre
3586 448 3726 502 ratio

451 539 708 594 scientem
757 535 1024 606 cognovit,
1070 533 1392 604 quandoque
1426 534 1642 604 sapiens
1676 534 1816 604 apud
1863 534 2032 588 Deum

449 636 506 683 et
528 626 798 682 exaltatus
822 625 1096 696 gaudebit.

519 717 589 771 Ut
601 718 902 787 jumentum
943 717 1114 786 factus
1155 733 1272 770 sum
1313 716 1457 786 apud
1500 727 1568 780 te,
1613 725 1664 771 et
1705 732 1797 785 ego
1834 731 2036 785 semper

446 817 616 864 tecum
652 803 826 879 (Psal.
855 806 1047 874 LXX").
1076 806 1194 861 Non
1237 806 1342 862 tale
1365 806 1690 875 iumentum,
1728 804 1870 873 quod
1903 803 2033 857 insi-

445 900 708 970 pientiam
745 899 929 953 cordis
960 898 1240 964 haberem,
1279 897 1373 953 sed
1423 897 1515 966 qui
1557 904 1671 951 toto
1715 910 1942 965 corpore
1977 902 2034 948 et

446 990 611 1046 corde
632 990 804 1044 Deum
830 988 1146 1059 bajularem.
1178 986 1489 1042 Jumentum
1515 987 1656 1041 enim
1681 985 1893 1039 Domini
1923 999 2031 1038 non

446 1089 667 1134 recusat
702 1079 844 1134 ferre
865 1080 1224 1148 quodcunque
1267 1077 1342 1132 illi
1373 1076 1536 1131 fuerit
1561 1077 1773 1146 pondus
1811 1075 2033 1144 imposi-

447 1180 586 1234 tum,
618 1169 710 1225 sed
733 1170 1002 1239 patienter
1042 1168 1280 1222 tolerans
1316 1174 1519 1235 portat,
1551 1167 1721 1221 donec
1749 1167 1816 1220 ad
1854 1167 2032 1220 locum

449 1259 772 1313 destinatum
813 1257 1110 1326 perveniat.
1146 1257 1224 1310 lta
1253 1263 1309 1310 et
1339 1257 1636 1310 monachus
1665 1257 1846 1311 omnia
1884 1271 2025 1325 quae-

447 1360 660 1415 cunque
685 1345 757 1398 illi
790 1345 858 1399 ab
888 1344 1082 1399 abbate
1110 1345 1194 1398 vel
1222 1345 1289 1399 ab
1319 1344 1425 1399 alio
1460 1345 1640 1414 aliquo
1673 1346 1856 1414 priore
1880 1361 2034 1416 regu-

445 1435 635 1490 lariter
673 1434 834 1490 fuerit
877 1435 1213 1505 impositum,
1251 1436 1522 1506 patienter
1560 1435 1790 1490 tolerare
1818 1444 1874 1490 et
1915 1437 2035 1491 sine

446 1528 874 1582 murmuratione
924 1527 1082 1581 debet
1127 1525 1374 1592 suﬂ'erre,
1424 1529 1594 1581 donec
1641 1527 1710 1582 ad
1748 1528 1873 1582 vitae
1921 1543 2032 1582 sua:

445 1620 726 1689 perveniat
767 1619 990 1682 calcem,
1031 1618 1145 1682 ubi,
1183 1617 1428 1687 deposito
1465 1617 1666 1672 laboris
1717 1632 1903 1682 onere,
1937 1633 2032 1672 ex-

446 1719 649 1780 spectet
679 1726 713 1764 a
749 1709 974 1765 Domino
1005 1710 1220 1780 dignam
1250 1709 1434 1778 operis
1462 1710 1543 1764 sui
1589 1711 1834 1779 accipere
1872 1710 2031 1765 retri-

445 1801 744 1855 butionem.

832 1891 906 1942 De
930 1894 1144 1955 septimo
1163 1891 1453 1942 humilitatis
1473 1892 1644 1954 gradu.

516 1985 780 2056 Septimus
801 1984 1114 2039 humilitatis
1135 1985 1331 2055 gradus
1353 1994 1449 2049 est,
1473 1986 1518 2039 si
1539 1985 1777 2039 omnibus
1813 2001 1868 2038 se
1895 1984 2033 2054 infe-

445 2078 637 2130 riorem
663 2086 712 2128 et
737 2075 974 2130 viliorem
1010 2092 1114 2130 non
1144 2076 1313 2130 solum
1357 2093 1454 2130 sua
1493 2075 1675 2147 lingua
1704 2077 2026 2147 pronuntiet,

443 2167 535 2221 sed
565 2168 724 2221 etiam
763 2169 950 2222 intimo
989 2169 1162 2223 cordis
1203 2170 1380 2224 credat
1419 2171 1631 2239 affectu.
1662 2169 1764 2236 Qui
1799 2170 1943 2224 enim
1975 2170 2027 2223 in

445 2272 612 2328 regno
633 2257 748 2312 vult
765 2273 885 2313 esse
905 2259 1167 2328 superior,
1197 2274 1417 2314 necesse
1437 2268 1600 2314 estut
1626 2260 1678 2314 in
1701 2261 1803 2315 hoc
1830 2261 2028 2316 mundo

442 2347 542 2402 ﬁat
563 2346 816 2414 inferior;
862 2356 920 2404 et
943 2350 1034 2420 qui
1063 2350 1178 2404 vult
1217 2366 1339 2406 esse
1367 2351 1701 2415 honoratior,
1749 2350 1842 2405 ﬁat
1871 2352 2030 2407 vilior

441 2447 500 2495 et
531 2439 858 2509 despectior,
885 2442 1182 2496 secundum
1207 2442 1414 2496 Domini
1447 2443 1771 2497 sententiam
1799 2443 1891 2512 qui
1913 2444 2023 2497 ait:

445 2530 552 2596 Qui
579 2530 797 2586 voluerit
823 2532 958 2586 inter
981 2549 1070 2586 vos
1109 2534 1308 2603 primus
1341 2549 1468 2597 esse,
1503 2535 1603 2587 erit
1637 2543 1801 2586 vester
1826 2549 2025 2588 servus.

443 2623 515 2677 Et
545 2623 838 2694 quicunque
861 2622 1084 2678 voluerit
1108 2625 1244 2677 inter
1271 2640 1356 2679 vos
1375 2624 1550 2693 major
1585 2623 1720 2693 ﬁeri,
1759 2625 1826 2676 sit
1864 2633 2029 2677 vester

443 2715 701 2780 minister,
725 2724 829 2770 etc.
861 2715 1052 2787 (Marc.
1091 2715 1170 2787 κ).
1203 2717 1351 2771 Tunc
1380 2733 1510 2788 ergo
1547 2733 1604 2772 se
1632 2719 1862 2787 quisque
1907 2732 2025 2772 mo-

443 2807 677 2862 nachum
701 2805 924 2876 iudicet,
963 2809 1178 2878 quando
1207 2823 1265 2863 se
1293 2809 1595 2872 minimum,
1634 2807 1942 2864 inferiorem
1973 2816 2028 2862 et

440 2898 690 2953 viliorem
731 2899 942 2954 caeteris
985 2899 1391 2954 existimaverit.
1440 2899 1520 2952 Ad
1566 2899 1670 2953 hoc
1727 2899 2027 2953 monachus

439 2989 577 3044 vivit
612 2990 664 3043 in
695 2989 1045 3053 monasterio,
1077 2997 1137 3043 ut
1163 2989 1504 3043 humiliatum
1531 2990 1738 3043 habens
1761 2989 2021 3052 animum,

440 3081 654 3135 caeteris
709 3081 950 3150 praebeat
998 3080 1319 3136 humilitatis
1381 3079 1706 3148 exemplum.
1767 3078 1918 3134 Unde
1965 3085 2022 3133 et

439 3170 634 3227 Petrus
677 3171 949 3241 apostolus
999 3173 1075 3226 ait
1119 3189 1131 3224 :
1177 3169 1370 3226 Omnes
1413 3171 1627 3223 invicem
1676 3168 2023 3222 humilitatem

439 3263 706 3316 insinuate
735 3261 786 3334 (Ι
818 3259 937 3315 Pet.
967 3261 1043 3334 v).
1096 3261 1188 3315 ille
1227 3265 1363 3315 bene
1403 3260 1614 3314 caeteris
1662 3257 2023 3314 humilitatem

443 3353 699 3416 insinuat,
752 3352 843 3422 qui
879 3367 999 3407 eam
1047 3353 1314 3407 veraciter
1363 3352 1416 3404 in
1470 3353 1634 3406 corde
1683 3357 1890 3420 portat;
1930 3350 2023 3419 qui

440 3460 549 3509 non
579 3450 637 3500 se
662 3459 916 3516 magnum
943 3454 997 3498 et
1017 3444 1202 3508 altum,
1233 3443 1328 3499 sed
1359 3452 1418 3497 ut
1447 3443 1604 3497 vilem
1631 3450 1686 3496 et
1711 3441 2023 3511 despecmm

440 3535 736 3604 componit,
765 3543 821 3588 et
855 3542 1005 3604 aptat
1033 3549 1228 3605 magno
1269 3535 1447 3604 pium;
1497 3533 1589 3601 qui
1632 3547 1691 3587 se
1732 3547 2022 3602 pauperem

442 3627 633 3697 spiritu
687 3634 744 3680 et
791 3634 851 3679 ut
896 3640 1121 3695 puerum
1176 3623 1458 3693 parvulum
1507 3623 1559 3677 in
1616 3623 1791 3677 medio
1833 3623 2020 3678 existi-

445 3727 574 3786 mat,
616 3727 673 3773 et
723 3715 946 3771 exhibet
994 3716 1237 3771 fratrem.
1297 3715 1433 3770 Hinc
1481 3715 1672 3769 beatus
1726 3713 2021 3782 Gregorius

444 3811 559 3863 ait:
593 3807 882 3862 Sciendum
913 3822 1233 3879 magnopere
1263 3815 1347 3863 est
1375 3807 1501 3876 quia
1532 3814 1739 3860 tantum
1769 3818 2022 3874 unaquae-

444 3915 550 3968 que
583 3899 763 3954 anima
799 3897 1089 3969 pretiosior
1130 3906 1256 3954 ante
1307 3899 1493 3954 oculos
1538 3899 1633 3954 Dei
1678 3908 1784 3964 est,
1821 3905 2023 3968 quanto

443 4006 554 4063 pete
599 4004 784 4046 amore
823 3991 1067 4047 veritatis
1111 3991 1415 4062 despectior
1463 3991 1626 4048 fuerit
1672 3999 1798 4046 ante
1839 3989 2023 4046 oculos

442 4097 598 4139 82105.

511 4171 814 4227 Humilians
837 4188 890 4228 se
917 4181 965 4226 et
999 4173 1173 4228 dicens
1211 4189 1329 4229 cum
1371 4172 1636 4244 Propheta
1665 4187 1681 4224 :
1713 4171 1822 4242 Ego
1845 4179 2020 4224 autem

437 4277 556 4318 sum
579 4261 768 4319 vermis
792 4269 842 4315 et
867 4278 970 4316 non
993 4262 1169 4328 homo,
1196 4264 1529 4335 approbrium
1566 4263 1834 4316 hominum
1859 4270 1908 4314 et
1931 4260 2023 4314 ab-

432 4353 594 4420 jcctio
632 4351 794 4423 plebis
838 4351 1010 4424 (Psal.
1061 4353 1194 4424 XXI).
1237 4354 1348 4425 Ego
1377 4364 1555 4409 autem
1594 4371 1709 4407 sum
1749 4355 1934 4407 vermis
1973 4365 2020 4406 et

437 4460 542 4499 non
567 4444 742 4508 homo,
765 4453 982 4515 propter
1015 4448 1483 4517 exaggerationem
1519 4446 1652 4501 dicit
1680 4447 2018 4501 humilitatis.

438 4535 650 4590 Vermis
673 4537 815 4594 enim
846 4537 1100 4592 humilior
1133 4538 1342 4593 cunctis
1376 4537 1738 4592 animantibus
1777 4553 1897 4592 esse
1932 4538 2016 4591 vi-

437 4626 594 4678 detur
619 4633 676 4679 et
700 4624 874 4682 vilior.
899 4625 1143 4681 Nutritus
1164 4626 1308 4680 enim
1332 4626 1530 4680 vermis
1553 4639 1620 4680 ex
1645 4626 1790 4695 ligno
1815 4634 2018 4694 quanto

436 4715 700 4786 fragilior,
729 4723 880 4776 tanto
913 4731 1033 4771 esse
1063 4717 1323 4786 probatur
1347 4723 1404 4770 et
1436 4716 1644 4784 purior.
1675 4715 1774 4769 Cui
1801 4731 2018 4785 compa-

437 4815 593 4861 ratur
632 4809 946 4874 monachus,
983 4807 1075 4878 qui
1120 4815 1322 4877 quanto
1365 4807 1418 4861 in
1458 4807 1560 4861 hoc
1611 4807 1805 4862 saeculo
1855 4808 2018 4863 fuerit

436 4895 761 4964 despectior,
787 4896 1054 4951 infirmior
1076 4903 1132 4949 et
1157 4894 1330 4960 vilior,
1361 4903 1512 4949 tanto
1533 4896 1672 4965 apud
1695 4896 1865 4951 Deum
1885 4913 2013 4952 san-

438 4986 577 5042 ctior
603 4986 876 5046 invenitur
901 4993 957 5044 et
990 4984 1258 5039 mundior.
1285 4983 1364 5040 De
1385 4986 1581 5055 quibus
1612 4986 1862 5042 Salomon
1902 4989 1980 5042 ait
2004 5008 2017 5042 :

433 5072 728 5140 Formiae,
763 5073 986 5145 populus
1029 5073 1293 5141 inﬁmus,
1335 5077 1425 5146 qui
1459 5089 1722 5148 prtrparat
1758 5079 1813 5132 in
1857 5094 2021 5132 messe

435 5165 612 5220 cibum
629 5165 732 5218 sibi
753 5161 938 5236 (Prov.
963 5164 1113 5236 xxx).
1138 5164 1291 5231 Quod
1309 5177 1490 5224 autem
1512 5170 1664 5236 dicit,
1687 5170 2020 5240 opprobrium

437 5255 708 5315 hominum
728 5264 775 5310 et
807 5255 1027 5323 obiectio
1054 5257 1240 5328 plebis,
1270 5269 1458 5316 contra
1487 5262 1747 5330 superbos
1783 5271 1840 5315 et
1859 5261 2022 5315 rusti-

439 5363 534 5404 cos
552 5347 774 5416 respicit
789 5347 1093 5418 populares,
1109 5352 1198 5424 qui
1219 5368 1432 5424 semper
1451 5355 1754 5423 despiciunt
1769 5352 2018 5417 humiles,

439 5448 496 5492 et
534 5437 797 5508 abjiciunt
835 5454 1116 5509 pauperes.
1161 5442 1451 5513 Opponunt
1487 5444 1592 5498 illis
1635 5457 1756 5511 Quae
1799 5451 2028 5510 possunt

441 5529 750 5602 opprobria,
796 5530 1058 5600 objiciunt
1095 5535 1371 5589 contraria
1411 5533 1594 5597 verba,
1639 5541 1694 5586 et
1731 5545 1946 5600 semper
1974 5532 2028 5587 in

445 5620 765 5681 abscondito
791 5621 1077 5679 detrahere
1096 5639 1204 5678 non
1225 5631 1460 5678 cessant.
1486 5622 1619 5676 Hinc
1644 5621 1900 5677 Salomon
1913 5623 1990 5676 ait
2014 5627 2029 5666 =

461 5711 571 5770 Viri
591 5713 906 5790 sanguinum
931 5715 1149 5768 oderunt
1177 5713 1482 5782 simplicem,
1513 5713 1696 5782 injusti
1726 5712 1899 5783 [justi]
1935 5730 2033 5768 au-

2047 4495 2100 4554 D

2135 531 2393 586 discernit
2419 532 2562 585 inter
2610 531 2745 585 ﬁlios
2775 530 2868 584 Dei
2910 539 2966 584 et
2995 531 3130 585 ﬁlios
3178 532 3396 598 diaboli,
3446 536 3573 604 quia
3629 540 3720 592 lilii

2028 677 2037 688 _
2133 623 2331 678 diaboli
2374 634 2560 677 amant
2585 633 2638 677 et
2673 622 2914 692 diligunt
2955 621 3236 687 mundum,
3269 623 3361 677 filii
3399 634 3578 681 autem
3624 629 3721 684 Dei

2134 723 2320 768 amant
2348 723 2403 769 et
2431 715 2660 784 diligunt
2699 714 2888 768 Deum.
2921 713 3028 768 Sed
3057 713 3150 768 ﬁlii
3187 715 3383 770 diaboli
3414 715 3581 773 lilium
3625 719 3723 776 Dei

2133 819 2160 856 a
2191 805 2377 860 mundi
2403 820 2589 860 amore
2611 812 2942 875 separatum,
2970 812 3028 858 et
3051 804 3360 862 coelestibus
3387 815 3597 864 tantum
3625 811 3724 865 de-

2133 893 2351 947 sideriis
2394 895 2678 957 intentum,
2724 908 2909 949 amare
2947 909 3054 948 non
3101 904 3345 963 possunt.
3376 897 3724 958 Abominatio

2132 992 2217 1039 est
2253 985 2419 1051 enim,
2459 993 2519 1040 ut
2556 1001 2714 1056 supra
2745 987 2894 1052 dicit,
2925 989 3230 1057 peccatoris
3257 989 3468 1062 religio.

2205 1073 2488 1128 Exaltatus
2535 1092 2650 1129 sum
2693 1085 2741 1130 et
2780 1076 3115 1140 humiliatus,
3163 1088 3212 1132 et
3249 1083 3498 1150 confusus
3545 1084 3716 1156 (Psal.

2132 1161 2396 1233 Lxxxvn).
2432 1163 2544 1219 l-loc
2573 1166 2878 1233 specialiter
2903 1169 3196 1224 convenire
3230 1173 3493 1240 probatur
3511 1176 3717 1234 electis.

2133 1251 2439 1307 Exaltatum
2476 1270 2533 1308 se
2562 1271 2682 1309 esse
2717 1255 2848 1308 dicit
2888 1257 3009 1326 quis
3042 1257 3275 1323 illorum,
3307 1263 3523 1330 quando
3567 1267 3724 1334 prius

2132 1357 2221 1397 res
2242 1344 2500 1398 humanas
2517 1345 2788 1415 cogitabat
2803 1346 2963 1399 corde
2985 1355 3039 1399 tu
3050 1349 3209 1402 mido.
3233 1348 3560 1408 Humiliatus
3580 1373 3719 1421 sum,

2133 1432 2328 1501 inquit,
2357 1435 2575 1502 quando
2598 1435 2666 1488 ad
2693 1435 3114 1501 confessionem,
3145 1439 3462 1496 medicabile
3490 1444 3718 1512 donum,

2134 1524 2313 1579 divina
2343 1526 2513 1596 gratia
2549 1527 2860 1591 miserante,
2891 1530 3158 1597 pervenit.
3190 1528 3476 1601 Confusus,
3501 1539 3721 1605 quando

2133 1611 2222 1666 illa
2249 1629 2368 1682 quae
2395 1615 2534 1669 made
2554 1616 2800 1686 gesserit,
2839 1619 3170 1686 pmoitentiae
3195 1621 3532 1689 professione
3569 1627 3722 1682 dam-

2133 1705 2299 1758 navit.
2333 1703 2378 1759 0
2421 1705 2579 1759 beata
2605 1705 2848 1761 confusio
2888 1723 3008 1776 quae
3031 1717 3292 1765 aeternum
3336 1713 3481 1769 tollis
3525 1731 3722 1786 oppro-

2062 1804 2106 1862 Β
2137 1796 2341 1850 brium!
2367 1795 2502 1849 Nam
2525 1797 2785 1867 quidquid
2805 1798 2860 1852 in
2884 1807 3091 1854 reatum
3111 1802 3320 1856 venerit
3337 1805 3720 1874 pmnitentum,

2137 1884 2412 1953 perpetuis
2438 1885 2650 1940 saeculis
2675 1887 2916 1941 redditur
2943 1888 3275 1946 absolutum.

2202 1974 2271 2028 Et
2292 1976 2412 2029 item
2433 1975 2626 2030 bonum
2654 1977 2799 2040 mihi,
2825 1979 2964 2049 quod
2989 1980 3280 2036 humiliasti
3303 1994 3488 2047 merut
3512 1987 3716 2043 discam

2129 2065 2382 2120 mandata
2431 2076 2520 2121 tua
2561 2065 2731 2138 (Psal.
2775 2069 2984 2139 cxvnt).
3034 2071 3269 2140 Exponit
3314 2078 3461 2129 enim
3505 2078 3573 2132 de
3628 2079 3716 2135 illa

2129 2155 2413 2210 dulcedine
2459 2167 2696 2225 gustare,
2733 2174 2853 2228 qua:
2891 2175 3080 2216 omnes
3123 2165 3418 2221 suavitates
3455 2171 3718 2237 probatur

2129 2251 2416 2316 excedere,
2443 2261 2500 2306 et
2532 2253 2662 2308 dicit
2691 2272 2705 2307 :
2736 2255 2940 2309 Bonum
2967 2257 3096 2311 mihi
3126 2261 3266 2329 quod
3295 2263 3587 2319 humiliasti
3611 2284 3715 2334 me,

2128 2339 2184 2392 id
2232 2349 2332 2403 est,
2383 2349 2444 2395 ut
2483 2342 2858 2397 mandatorum
2915 2353 3131 2399 tuorum
3172 2347 3436 2404 discerem
3477 2354 3712 2422 copiam,

2127 2444 2288 2499 quam
2315 2439 2474 2484 antea
2497 2431 2739 2501 recipere
2764 2434 3000 2489 tumidus
3016 2435 3110 2488 'vel
3153 2440 3414 2508 superbus
3438 2457 3542 2495 non
3565 2453 3717 2512 pote-

2127 2536 2266 2575 ram.
2297 2521 2586 2578 Humilitas
2608 2524 2752 2578 enim
2792 2525 2891 2578 ista
2935 2524 3238 2583 Jerusalem
3273 2531 3444 2601 tangit
3479 2533 3714 2604 gloriosa

2127 2610 2360 2681 fastigia.
2393 2611 2526 2667 Nam
2551 2613 2694 2669 sicut
2719 2615 2970 2684 superbia
3002 2619 3198 2689 mergit
3220 2619 3286 2673 ad
3318 2629 3604 2689 tartarum,
3635 2626 3712 2680 ita

2126 2703 2231 2757 ista
2275 2703 2412 2758 tollit
2457 2705 2524 2759 ad
2555 2705 2769 2759 cmlum.
2817 2706 2920 2761 Ista
2961 2709 3158 2779 quippe
3204 2710 3506 2769 humiliatio
3550 2717 3711 2784 quale

2123 2799 2408 2867 praemium
2443 2799 2654 2861 habeat,
2685 2810 3080 2870 consequenter
3107 2805 3348 2873 exponit,
3377 2822 3501 2861 cum
3532 2808 3705 2864 dicit:

2128 2891 2200 2946 Ut
2227 2891 2431 2946 discam
2463 2893 2715 2947 mandata
2741 2901 2850 2947 tua.
2885 2894 3037 2948 Tunc
3059 2895 3201 2948 enim
3227 2896 3466 2965 perfecte
3494 2900 3714 2955 discun-

2127 2991 2216 3037 tur
2237 2984 2490 3038 mandata
2533 2984 2748 3052 quando
2774 2986 2984 3039 Domini
3015 2985 3242 3042 ﬁdeliter
3269 2988 3556 3058 implentur
3576 3007 3713 3061 pra:-

2127 3083 2310 3144 cepta;
2341 3075 2556 3144 quando
2589 3091 2710 3146 qua:
2753 3085 2900 3132 recto
2946 3077 3318 3147 intelliguntur
3362 3082 3546 3148 corde,
3594 3081 3709 3138 eili-

2050 3153 2094 3216 C
2125 3165 2239 3219 caci
2268 3165 2559 3233 implentur
2579 3175 2633 3221 et
2649 3182 2831 3237 opere.

2537 3275 2612 3326 De
2632 3283 2802 3326 octavo
2825 3277 3106 3328 humilitatis
3125 3279 3294 3342 gradu.

2192 3354 2416 3410 Octavus
2445 3356 2752 3410 humilitatis
2775 3358 2971 3428 gradus
2996 3369 3093 3425 est,
3135 3361 3182 3413 si
3216 3362 3347 3416 nihil
3371 3371 3492 3432 agat
3513 3379 3704 3418 mona-

2122 3447 2271 3511 chus,
2304 3446 2405 3500 nisi
2425 3446 2565 3516 quod
2593 3449 2883 3502 communis
2909 3450 3214 3503 monasterii
3233 3449 3414 3520 regula
3437 3450 3513 3504 vel
3537 3452 3711 3522 majo-

2123 3551 2238 3588 rum
2262 3537 2605 3589 cohortantur
2624 3535 2880 3606 exempla.
2905 3537 2985 3592 Ac
3004 3538 3050 3592 si
3071 3539 3273 3594 diceret
3297 3557 3310 3592 :
3334 3539 3448 3595 Non
3473 3540 3709 3610 aliquam

2124 3625 2362 3681 inveniat
2388 3626 2683 3680 monachus
2712 3626 2940 3682 arbitrio
2961 3643 3064 3683 suo
3093 3629 3485 3684 institutionem
3521 3630 3707 3686 novel-

2123 3718 2247 3778 lam,
2283 3717 2376 3771 sed
2404 3717 2581 3785 potius
2619 3717 2798 3771 omnia
2843 3734 2962 3788 quae
2989 3720 3056 3775 ab
3079 3719 3198 3774 aliis
3223 3719 3422 3774 viderit
3447 3720 3529 3791 agi
3559 3729 3708 3790 agat,

2121 3816 2177 3862 et
2205 3822 2325 3876 quae
2344 3814 2566 3861 caeteros
2597 3808 2787 3862 viderit
2809 3807 3008 3875 facere,
3037 3810 3268 3880 pleniter
3294 3810 3479 3876 faciat,
3511 3820 3567 3865 et
3589 3826 3709 3882 quae

2121 3898 2321 3966 scripta
2361 3904 2610 3952 tenentur
2655 3898 2708 3952 in
2759 3897 2984 3968 Regula,
3033 3899 3258 3954 firmiter
3307 3900 3597 3965 custodiat,
3652 3909 3710 3955 et

2121 3987 2369 4054 expedite
2425 3995 2618 4041 cuncta
2663 3988 2919 4057 operibus
2959 3987 3245 4057 compleat,
3288 3996 3344 4044 et
3383 3990 3462 4044 sic
3491 3989 3706 4044 demum

2121 4077 2411 4131 ordinatim
2441 4078 2506 4131 ad
2535 4079 2811 4148 exemplar
2851 4079 3111 4148 majorum
3157 4081 3438 4149 perveniat
3466 4089 3704 4149 patrum,

2121 4177 2177 4222 et
2202 4166 2506 4236 exemplum
2530 4167 2761 4237 accipiat
2790 4168 3111 4224 humilitatis
3137 4185 3168 4224 a
3201 4170 3438 4234 Christo,
3467 4169 3708 4224 devotio-

2122 4258 2206 4312 nis
2253 4272 2285 4311 a
2330 4257 2514 4323 Petro,
2561 4258 2844 4313 charitatis
2891 4273 2923 4313 a
2967 4258 3202 4324 Joanne,
3255 4261 3577 4316 obedientire
3637 4260 3709 4314 ab

2122 4346 2418 4411 Abraham,
2450 4347 2721 4415 patientia:
2765 4348 2834 4402 ab
2859 4347 3028 4413 Isaac,
3069 4349 3371 4404 tolerantia;
3395 4365 3426 4402 a
3456 4347 3623 4404 Jacoh
3650 4357 3709 4404 et

2123 4435 2246 4500 Job,
2279 4438 2613 4492 castimonia:
2657 4454 2687 4491 a
2717 4436 2938 4506 Joseph,
2985 4438 3413 4493 mansuetudinis
3447 4454 3477 4492 a
3507 4437 3704 4508 Moyse,

2123 4533 2444 4587 constantiae
2491 4547 2519 4584 a
2569 4530 2752 4597 Josue,
2791 4532 3136 4600 benignitatis
3170 4547 3198 4586 a
3229 4531 3467 4594 Samuel,
3499 4530 3711 4585 miseri-

2123 4624 2320 4678 cordiae
2345 4637 2376 4675 a
2417 4622 2603 4686 David,
2631 4621 2970 4677 abstinentia:
2996 4636 3026 4675 a
3050 4620 3291 4676 Daniele.
3319 4619 3412 4674 Sic
3433 4629 3486 4673 et
3513 4627 3706 4674 caetera

2122 4714 2261 4768 facta
2299 4713 2510 4781 piorum
2554 4726 2662 4780 quo
2706 4710 2890 4767 labore
2910 4750 2925 4776 ,
2973 4726 3082 4780 quo
3123 4710 3492 4765 moderamine
3536 4722 3710 4778 quave

2122 4803 2418 4858 intentione
2447 4801 2530 4856 vel
2567 4803 2980 4870 compunctione
3024 4809 3301 4871 gerantur,
3334 4809 3555 4855 sanctus
3583 4799 3707 4853 imi-

2123 4893 2286 4946 tando
2316 4891 2618 4946 consideret
2648 4891 2959 4954 monachus,
2992 4900 3052 4945 ut
3077 4891 3192 4959 ejus
3221 4891 3514 4945 auxiliante
3547 4888 3710 4944 Chri-

2124 4991 2210 5035 sto
2233 4995 2402 5048 usque
2437 4981 2501 5032 ad
2529 4995 2714 5034 eorum
2747 4981 3022 5049 exemplar
3047 4980 3345 5050 proteletur
3370 4994 3524 5048 opus.

2546 5091 2621 5140 De
2649 5103 2776 5139 nono
2802 5091 3093 5140 humilitatis
3115 5091 3285 5150 gradu.

2197 5173 2384 5227 Nonus
2404 5173 2712 5228 humilitatis
2736 5174 2930 5244 gradus
2959 5183 3053 5240 est,
3085 5177 3126 5228 si
3150 5175 3383 5244 linguam
3406 5176 3473 5228 ad
3495 5175 3706 5247 loquen-

2122 5263 2247 5316 dum
2286 5263 2553 5334 prohibeat
2600 5265 2906 5330 monachus,
2957 5273 3006 5318 et
3059 5266 3468 5318 taciturnitatem
3513 5266 3707 5319 habens

2125 5370 2284 5423 usque
2326 5353 2396 5406 ad
2425 5354 2880 5422 interrogationem
2925 5371 3032 5408 non
3073 5353 3340 5425 loquatur,
3387 5364 3710 5409 monstrante

2127 5443 2398 5514 Scriptura
2420 5444 2544 5514 quia
2570 5443 2626 5496 in
2647 5442 2974 5515 multiloquio
3002 5463 3106 5499 non
3134 5446 3411 5516 e/fugietur
3438 5457 3705 5517 peccatum

2129 5533 2311 5607 (Prov.
2337 5535 2414 5602 χ).
2445 5533 2570 5587 ideo
2594 5532 2830 5602 linguam
2854 5548 3006 5589 suam
3031 5535 3319 5604 prohibere
3341 5537 3500 5591 debet
3521 5551 3710 5590 mona-

2131 5625 2266 5678 chus
2304 5623 2369 5677 ad
2400 5622 2741 5691 loquendum,
2779 5638 2846 5677 ne
2884 5625 2938 5677 in
2966 5623 3288 5692 multiloquii
3317 5626 3477 5679 cadat
3513 5639 3713 5694 pecca-

2144 5723 2277 5768 tum.
2330 5711 2695 5766 Taciturnitas
2743 5714 2887 5768 enim
2937 5713 3166 5766 virtutes
3214 5712 3480 5782 plurimas
3532 5713 3710 5767 nutrit
