3944 6414
389 319 495 380 825

1411 309 1764 367 conuexr.
1805 292 1873 365 is
1910 310 2069 367 nec.
2109 312 2168 368 s.
2215 313 2598 372 BENEDICTI.

3539 316 3645 374 8‘26

390 432 688 506 loquacitas
713 443 843 485 vero
870 426 1033 484 etiam
1069 425 1305 481 nutritas
1337 423 1618 496 dispergit.
1646 425 1784 479 Hinc
1809 422 1967 478 Salo~
1994 426 2045 484 A
2071 430 2165 478 aut
2200 426 2420 481 stultum
2448 436 2541 481 aut
2570 428 2760 493 levem,
2792 435 2886 483 aut
2919 436 3069 484 certe
3091 444 3289 484 vanum
3320 429 3646 485 monachum

391 541 518 583 mon
542 523 659 579 ait:
697 518 845 576 Sicut
871 520 994 574 urbs
1019 528 1224 590 patens,
1254 526 1302 570 et
1342 516 1533 585 absque
1559 531 1829 568 murorum
1857 530 1970 566 am-

391 616 523 678 bitu,
548 613 624 667 ita
645 613 727 666 vir
751 610 842 681 qui
864 626 967 664 non
994 617 1158 680 potest
1183 610 1239 661 in
1274 607 1531 679 loquendo
1556 606 1791 660 cohibere
1815 606 1972 675 spiri-

394 717 503 763 tum
525 719 678 761 suum
693 700 874 775 (Prov.
899 716 1009 757 xxv
1040 698 1082 769 ).
1100 700 1305 757 Civitas
1324 699 1466 755 enim
1488 706 1675 770 patens
1694 707 1749 753 et
1769 697 1972 766 absque

393 797 642 853 clausura
666 808 774 849 non
804 802 986 848 servat
1010 792 1237 846 interius
1259 792 1401 861 quod
1426 798 1572 845 tenet
1594 789 1840 853 illaesum,
1864 788 1969 843 nisi

393 896 639 956 tempore
672 897 909 955 congruo
935 890 1029 937 aut
1069 883 1208 937 seris
1234 881 1516 937 claudatur
1557 886 1651 934 aut
1680 894 1866 945 muro;
1895 880 1971 933 ita

383 987 451 1030 ἐι
479 972 777 1030 monachus
805 973 908 1028 nisi
937 971 1173 1042 linguam
1200 970 1482 1042 prohibeat
1518 970 1586 1024 ad
1622 969 1967 1038 loquendum,

393 1067 623 1122 virtutes
671 1082 806 1136 quas
836 1074 982 1120 tenet
1020 1064 1247 1120 interius
1275 1077 1373 1134 per
1411 1063 1754 1134 loquacitatis
1793 1061 1972 1133 perdit

395 1158 607 1222 vitium,
639 1157 743 1212 nisi
788 1155 870 1212 ori
915 1170 1013 1211 suo
1051 1154 1350 1211 custodiam
1395 1154 1637 1225 posuerit
1664 1160 1721 1208 et
1747 1152 1968 1209 ostium.

397 1248 659 1318 Sequitur
682 1265 697 1301 :

469 1340 537 1393 Et
580 1340 705 1411 quia
751 1340 831 1394 vir
864 1340 1133 1410 linguosus
1164 1356 1267 1393 non
1296 1339 1552 1410 dirigetur
1591 1353 1747 1409 super
1778 1345 1974 1391 terram

399 1429 574 1501 (Psal.
609 1429 856 1500 casus).
885 1430 1141 1497 Quamvis
1167 1430 1397 1501 linguosi
1424 1436 1650 1500 possunt
1679 1428 1787 1484 dici
1814 1434 1871 1483 et
1893 1426 1972 1481 illi

397 1523 488 1592 qui
540 1522 736 1593 linguas
778 1521 1024 1576 ubertate
1057 1521 1271 1576 facundi
1310 1529 1454 1587 sunt,
1498 1529 1676 1575 tamen
1721 1520 1828 1576 illis
1871 1522 1974 1575 hoc

397 1612 705 1681 specialiter
731 1626 926 1667 nomen
968 1620 1180 1667 constat
1213 1613 1522 1682 impositum
1553 1611 1643 1681 qui
1673 1610 1974 1665 inconside-

398 1713 513 1757 rata
541 1703 813 1757 locutione
846 1703 1058 1758 verbosi
1087 1712 1230 1758 sunt.
1263 1702 1355 1758 Sic
1382 1702 1524 1757 enim
1552 1701 1854 1757 contrarios
1887 1716 1973 1755 sa-

2073 535 2195 575 esse
2228 520 2565 575 denuntiant.
2608 521 2897 577 ilumiliter
2932 523 3076 578 enim
3114 530 3169 577 et
3212 538 3333 578 cum
3390 522 3652 593 gravitate

2074 609 2233 664 debet
2274 611 2569 665 monachus
2604 611 2769 680 loqui,
2813 613 2937 681 quia
2963 613 3222 683 scriptum
3254 620 3381 667 est:
3417 611 3545 666 Noli
3576 613 3654 665 ci-

2073 704 2213 751 tatus
2234 714 2343 752 esse
2370 699 2424 752 in
2452 698 2631 769 lingua
2664 699 2853 770 (Eccli.
2878 700 2973 772 tv).
2998 702 3065 755 Et
3094 720 3106 755 :
3136 700 3240 768 Qui
3277 702 3385 755 odit
3416 701 3653 773 loquaci-

2072 797 2252 854 tatem,
2307 790 2588 859 exstinguit
2637 790 2894 845 malitiam
2941 791 3129 863 (Eccli.
3177 792 3310 865 χιιι).
3367 792 3431 846 Et
3478 806 3647 861 pauca

2070 879 2239 932 verba
2289 886 2345 932 et
2390 879 2727 933 rationabilia
2775 879 3042 949 loquatur.
3097 882 3220 937 Ideo
3274 897 3464 951 pauca,
3523 883 3649 952 quia

2074 970 2332 1040 scriptum
2360 978 2445 1024 est
2471 988 2485 1024 :
2512 970 2570 1025 In
2596 971 2934 1040 multiloquio
2967 988 3073 1027 non
3100 972 3322 1044 eﬂ'ugies
3346 979 3648 1043 peccatum,

2073 1070 2128 1116 et
2151 1062 2240 1131 qui
2260 1062 2443 1117 multis
2462 1063 2632 1117 utitur
2657 1064 2836 1120 verbis
2856 1064 3015 1119 laedet
3038 1065 3271 1118 animam
3296 1079 3445 1119 suam
3469 1062 3649 1135 (Prov.

2073 1153 2152 1227 ι).
2188 1152 2313 1209 ideo
2341 1155 2704 1221 rationabilis,
2735 1156 2859 1226 quia
2892 1157 3153 1228 scriptum
3181 1164 3264 1212 est
3293 1174 3305 1211 ε
3341 1154 3446 1222 Qui
3478 1155 3656 1210 mode-

2074 1253 2224 1298 ratur
2242 1244 2382 1299 labia
2405 1262 2502 1300 sua
2523 1246 2959 1316 prudentissimus
2980 1254 3055 1300 est
3078 1245 3130 1317 (1
3135 1246 3277 1318 bid.)
3314 1245 3440 1301 ideo
3461 1258 3653 1314 pauca,

2073 1334 2199 1404 quia
2224 1334 2483 1405 scriptum
2512 1341 2594 1389 est
2619 1352 2632 1388 :
2667 1333 2872 1389 Stultus
2901 1334 3053 1389 verba
3081 1332 3414 1404 multiplicat.
3457 1332 3525 1385 Et
3567 1330 3657 1385 ubi

2072 1433 2194 1479 sunt
2214 1425 2365 1479 verba
2396 1424 2648 1496 plurima,
2680 1425 2753 1479 ibi
2796 1425 3091 1497 frequenter
3130 1433 3329 1495 egestas
3358 1425 3477 1492 (Pr.
3513 1422 3650 1493 ιιν).

2072 1514 2197 1571 Ideo
2225 1515 2583 1581 rationabilia,
2622 1516 2748 1587 quia
2778 1517 3040 1586 scriptum
3079 1521 3205 1570 est:
3249 1512 3417 1567 Homo
3445 1511 3655 1582 sapiens

2073 1605 2263 1660 tacebit
2298 1623 2461 1677 usque
2483 1606 2553 1660 ad
2579 1616 2801 1678 tempus,
2826 1606 3050 1660 lascivus
3077 1614 3250 1659 autem
3276 1614 3323 1658 et
3353 1602 3653 1675 imprudens

2074 1712 2177 1750 non
2207 1697 2486 1752 servabunt
2528 1706 2751 1768 tempus.
2787 1695 2857 1750 Et
2899 1707 2974 1751 est
3005 1694 3214 1751 odibilis
3241 1696 3331 1766 qui
3357 1709 3556 1766 procax
3579 1702 3652 1747 est

395 1794 667 1863 pientibus
703 1802 758 1849 et
784 1793 994 1849 diverso
1037 1808 1287 1849 sermone
1322 1800 1619 1847 tractantes
1662 1798 1846 1846 monet
1886 1789 1972 1844 Ja-
1996 1773 2045 1833 Β
2071 1785 2142 1839 ad
2164 1784 2478 1857 loquendum
2508 1784 2697 1858 (Eccli.
2730 1785 2847 1856 xx).
2871 1785 2975 1839 Et:
3010 1783 3114 1850 Qui
3134 1782 3554 1838 inconsideratus
3578 1792 3654 1836 est

398 1885 565 1940 cobus
593 1883 871 1953 apostolus
900 1884 1085 1938 dicens
1110 1901 1124 1937 :
1154 1881 1234 1938 Sit
1254 1892 1427 1937 autem
1446 1883 1616 1936 omnis
1638 1881 1792 1935 homo
1825 1878 1975 1934 velox

396 1975 467 2029 ad
494 1974 835 2039 audiendum,
857 1974 1041 2028 tardus
1063 1984 1235 2028 autem
1256 1973 1326 2026 ad
1344 1971 1661 2043 loquendum
1684 1968 1888 2043 (Iacob.
1905 1967 1968 2040 l).

397 2064 554 2119 Tales
578 2064 724 2118 enim
750 2078 913 2133 super
939 2071 1139 2117 terram
1185 2063 1408 2118 minime
1448 2063 1783 2131 diriguntur,
1839 2059 1970 2129 quia

395 2153 727 2209 ﬂexibilitate
774 2168 870 2208 sua
924 2151 1234 2222 frequenter
1281 2150 1567 2206 excedunt.
1620 2147 1843 2204 Dillicile
1888 2155 1975 2203 est

395 2244 539 2298 enim
573 2242 979 2298 indeliberatum
1010 2251 1215 2297 rectum
1254 2257 1375 2298 esse
1400 2254 1727 2297 sermonem.

813 2345 886 2394 De
909 2346 1098 2394 decimo
1118 2343 1401 2393 humilitatis
1423 2345 1595 2406 gradu.

473 2427 712 2482 Decimus
739 2427 1051 2481 humilitatis
1077 2427 1272 2497 gradus
1303 2435 1399 2493 est,
1427 2426 1473 2480 si
1493 2442 1596 2479 non
1615 2425 1682 2479 sit
1714 2423 1888 2495 facilis
1909 2441 1972 2479 ac

396 2529 662 2589 promotus
685 2520 741 2572 in
766 2520 896 2583 risu,
921 2519 1043 2588 quia
1088 2520 1340 2588 scriptum
1377 2526 1453 2571 est
1476 2530 1496 2568 :
1523 2516 1726 2571 Stultus
1767 2518 1820 2571 in
1861 2517 1970 2571 risu

397 2618 594 2662 exorta!
617 2626 791 2663 vocem
823 2626 971 2663 suam
999 2608 1191 2683 (Eecli.
1232 2609 1368 2680 xxi).
1401 2608 1617 2664 Levitas
1648 2610 1814 2664 animi
1845 2609 1973 2664 facit

398 2699 722 2753 monachum
769 2697 981 2753 facilem
1030 2714 1094 2754 ac
1131 2707 1434 2769 promptum
1481 2713 1601 2753 esse
1650 2713 1864 2768 semper
1914 2700 1970 2753 in

397 2788 530 2841 risu.
579 2787 695 2842 Non
735 2789 878 2843 enim
925 2789 1171 2844 timorem
1216 2788 1425 2843 Domini
1472 2796 1648 2859 gestat
1685 2789 1740 2843 in
1780 2788 1966 2855 corde,

399 2876 519 2932 ideo
563 2878 618 2931 in
649 2878 917 2935 cachinno
947 2879 1064 2934 vult
1098 2889 1153 2934 et
1182 2878 1290 2934 alta
1344 2893 1556 2947 semper
1598 2879 1772 2933 ridere
1812 2893 1966 2933 voce.

398 2967 513 3022 Non
540 2969 683 3023 enim
711 2970 942 3024 attendit
986 2970 1115 3039 quid
1145 2984 1242 3025 nos
1281 2968 1512 3025 Jacobus
1554 2970 1829 3044 apostolus
1869 2970 1967 3025 ad-

400 3066 581 3111 monet
607 3058 831 3113 dicens:
863 3057 1046 3113 Miseri
1080 3068 1257 3122 estote,
1308 3059 1497 3130 lugete,
1536 3058 1754 3129 plorata.
1806 3058 1965 3113 Risus

398 3159 563 3203 vester
597 3160 922 3205 convertatur
961 3151 1016 3205 in
1052 3150 1267 3215 luctum,
1312 3151 1561 3221 gaudium
1599 3152 1657 3205 in
1697 3166 1968 3204 manerem

399 3238 607 3308 (Jocob.
651 3236 745 3309 tv).
780 3237 916 3292 Hinc
949 3236 1201 3292 Salomon
1232 3237 1349 3291 ait:
1378 3235 1536 3291 Risus
1563 3236 1743 3290 dolore
1787 3236 1974 3289 misce-

399 3327 570 3393 bitur;
592 3338 639 3382 et
668 3337 898 3383 extrema
928 3328 1110 3398 gaudii
1136 3326 1306 3382 luctus
1334 3336 1551 3397 occupat
1581 3324 1763 3399 (Prov.
1832 3326 1967 3394 stv).

400 3417 539 3472 llinc
565 3418 758 3473 iterum
781 3418 896 3488 ipse
922 3435 936 3471 :
969 3416 1155 3472 Risum
1175 3417 1408 3487 reputavi
1432 3432 1680 3480 errorem,
1706 3424 1754 3469 et
1777 3416 1972 3485 gaudio

398 3508 510 3562 dixi
536 3522 555 3559 :
585 3508 724 3574 Quid
763 3510 961 3579 frustra
1002 3509 1254 3579 deciperis
1284 3506 1482 3582 (Eccle.
1511 3507 1609 3578 u)?
1647 3506 1810 3576 Magis
1844 3521 1974 3576 ergo

401 3600 652 3652 convenit
698 3599 963 3654 monacho
1007 3598 1183 3655 luctus
1224 3613 1386 3669 quam
1410 3599 1571 3664 risus,
1608 3599 1734 3668 quia
1762 3612 1859 3668 per
1893 3595 1976 3650 lu-

400 3695 547 3741 ctum
577 3688 794 3741 venitur
818 3689 885 3741 ad
913 3684 1186 3758 gaudium,
1214 3691 1353 3745 sicut
1380 3692 1638 3759 scriptum
1667 3698 1752 3745 est
1780 3707 1794 3742 :
1822 3688 1974 3743 Beati

399 3775 490 3845 qui
510 3774 706 3845 lugent,
727 3775 972 3845 quoniam
992 3777 1091 3845 ipsi
1112 3776 1521 3831 consolabuntur
1541 3778 1755 3847 (Matth.
1773 3778 1850 3851 v).
1872 3780 1977 3834 Per

401 3866 572 3920 risum
612 3878 738 3919 veno
789 3863 1004 3918 venitur
1044 3865 1111 3919 ad
1143 3863 1347 3930 ﬂetum,
1375 3866 1516 3919 sicut
1547 3865 1805 3934 scriptum
1845 3875 1930 3921 est
1958 3885 1971 3920 :

416 3953 503 4010 Va:
526 3956 667 4009 vobis
694 3955 787 4025 qui
822 3954 1002 4009 ridetis
1030 3971 1188 4021 nunc,
1225 3956 1350 4026 quia
1388 3956 1577 4025 ﬂebitis
1618 3965 1666 4009 et
1703 3956 1977 4025 plorabitis

402 4046 556 4119 (Luc.
586 4046 662 4117 vr)
688 4047 701 4100 !
734 4047 929 4102 Ridere
952 4046 1098 4101 enim
1127 4046 1352 4111 homini,
1383 4054 1439 4100 ut
1472 4044 1585 4114 jam
1622 4045 1871 4115 superius
1895 4046 1977 4100 di—

402 4146 546 4193 ctutn
576 4145 678 4202 est,
706 4137 922 4207 penitus
938 4151 1045 4192 non
1067 4144 1301 4201 vetatur,
1330 4137 1455 4215 quia
1479 4135 1555 4190 illi
1581 4135 1680 4191 soli
1709 4137 1811 4191 hoc
1835 4136 1978 4191 inter

401 4243 589 4284 omues
621 4235 899 4283 creaturas
935 4241 1253 4283 concessum
1282 4228 1599 4283 naturaliter
1626 4243 1744 4282 esse
1772 4241 1975 4295 cogno-

402 4318 588 4373 scitur.
789 4325 851 4371 ut
886 4317 1121 4372 levitatis
1167 4325 1354 4373 caveat
1401 4319 1612 4385 vitium,
1644 4317 1872 4374 facilitas
1921 4327 1977 4374 et

403 4411 511 4466 alta
539 4425 640 4467 vox
672 4410 791 4465 fieri
816 4410 1133 4481 prohibetur
1158 4411 1211 4464 in
1240 4411 1371 4465 risu.

753 4510 828 4560 De
853 4511 1110 4560 undecimo
1135 4510 1417 4559 humilitatis
1438 4510 1613 4572 gradu.

474 4591 790 4647 Undecimus
811 4592 1121 4646 humilitatis
1146 4593 1342 4663 gradus
1372 4603 1464 4655 est,
1510 4593 1556 4646 si
1582 4609 1699 4646 cum
1744 4592 1976 4664 loquitur

403 4684 706 4749 monachus,
751 4683 937 4737 leniter
962 4692 1011 4737 et
1036 4684 1148 4738 sine
1176 4686 1306 4748 risu,
1336 4686 1600 4739 humiliter
1637 4703 1753 4740 cum
1796 4690 1976 4757 gravi.

402 4783 528 4839 tate,
553 4772 629 4827 vel
656 4788 825 4843 pauca
845 4773 997 4827 verba
1021 4782 1069 4827 et
1090 4774 1426 4828 rationabilia
1448 4774 1711 4847 loquatur.
1735 4776 1973 4844 Leniter,

405 4863 455 4917 id
481 4872 589 4929 est,
616 4870 913 4933 temperate
937 4864 1022 4919 vel
1046 4863 1256 4935 placide
1279 4866 1433 4920 decet
1457 4867 1778 4923 monachum
1806 4867 1973 4937 loqui,

402 4957 530 5027 quia
557 4957 815 5027 scriptum
837 4964 923 5012 est
947 4974 961 5010 :
1009 4954 1178 5010 Verba
1212 4957 1543 5027 prudentium
1564 4967 1758 5012 statera
1778 4959 1973 5030 ponde-

405 5048 660 5102 rabuntur
691 5046 879 5121 (Ecdi.
925 5046 1061 5118 xxx).
1096 5046 1317 5101 Lenitas
1344 5048 1485 5102 enim
1515 5047 1583 5103 de
1612 5048 1759 5105 fonte
1793 5050 1975 5105 dulce-

403 5136 548 5190 dinis
573 5136 775 5205 pariter
808 5136 1053 5204 procedit
1094 5143 1150 5189 et
1184 5135 1351 5205 pacis.
1386 5135 1523 5190 Hinc
1565 5137 1819 5193 Salomon
1855 5140 1970 5193 ait:

418 5223 639 5280 Verbum
665 5224 817 5281 dulce
836 5224 1149 5296 multiplicat
1170 5225 1386 5292 amicos,
1409 5235 1458 5279 et
1480 5226 1686 5297 mitigat
1711 5228 1969 5292 inimicos,

404 5324 452 5366 et
469 5314 649 5385 lingua
670 5314 902 5385 gratiosa
917 5315 973 5369 in
991 5314 1123 5368 bona
1137 5314 1345 5368 homine
1357 5312 1641 5369 abundabit
1666 5314 1852 5386 (Et-cli.
1874 5316 1970 5386 vn).

406 5403 545 5461 Hinc
589 5406 784 5460 iterum
828 5405 944 5475 ipse
986 5423 1000 5460 '.
1056 5403 1233 5459 Famis
1278 5403 1445 5460 mellis
1488 5405 1640 5459 verba
1690 5408 1976 5477 composita

407 5493 534 5565 (Pr.
567 5496 882 5569 svn).Verba
901 5496 1045 5551 enim
1065 5495 1204 5552 bene
1218 5497 1514 5567 composita
1537 5505 1594 5552 et
1614 5496 1974 5568 proferentem

407 5584 726 5651 honestant,
772 5592 829 5640 et
877 5583 1103 5657 gratiam
1153 5585 1495 5642 audientibus
1543 5587 1973 5644 subministrant.

411 5677 624 5735 Addidit
647 5678 871 5735 dicens:
902 5677 971 5733 Et
992 5677 1104 5735 sine
1142 5678 1289 5744 risu;
1319 5679 1483 5735 verba
1510 5678 1655 5735 enim
1676 5677 1788 5739 risu
1816 5678 1974 5753 plena

1997 4457 2051 4518 D

2072 1874 2143 1928 ad
2166 1874 2503 1947 loquendum,
2533 1875 2716 1929 sentiet
2738 1874 2881 1929 mala
2909 1871 3090 1946 (Prov.
3115 1872 3234 1943 xm)

2144 1966 2213 2020 Et
2251 1984 2355 2021 non
2381 1967 2446 2021 sit
2468 1967 2728 2021 clamosus
2756 1969 2811 2021 in
2839 1984 2977 2022 voce.
3015 1966 3216 2021 Christi
3244 1966 3386 2020 enim
3414 1965 3656 2019 imitator

2072 2058 2369 2113 monachus
2399 2058 2594 2112 tacitus
2620 2056 2780 2112 debet
2803 2071 2946 2121 esse,
2974 2072 3081 2111 non
3112 2056 3399 2111 clamosus.
3427 2054 3504 2109 De
3546 2055 3653 2109 Do-

2073 2146 2220 2201 mino
2246 2147 2389 2201 enim
2417 2148 2677 2216 scriptum
2718 2156 2800 2202 est
2831 2162 2846 2201 :
2893 2145 3015 2201 Non
3043 2147 3308 2212 clamabit,
3341 2164 3433 2201 nec
3472 2146 3654 2201 audie-

2073 2245 2160 2289 tur
2180 2235 2309 2306 [oris
2332 2252 2429 2291 vox
2468 2237 2583 2307 ejus
2632 2236 2766 2309 (Isa.
2817 2236 2974 2308 xw).
3029 2236 3155 2292 Plus
3197 2238 3340 2292 enim
3380 2238 3650 2293 silentium

2072 2340 2234 2396 quam
2269 2327 2470 2383 clamor
2517 2329 2770 2383 convenit
2812 2330 3094 2384 monacho.
3133 2329 3479 2385 Honestatem
3502 2346 3654 2409 \ergo

2070 2435 2175 2476 vos
2225 2422 2513 2486 submissa,
2559 2429 2615 2477 et
2660 2422 2929 2478 levitatem
2974 2424 3209 2479 ostendit
3243 2439 3348 2478 vox
3390 2424 3647 2479 clamosa.

2077 2510 2249 2584 Smper
2275 2514 2417 2569 enim
2447 2531 2552 2570 vox
2594 2514 2827 2571 clamosa
2879 2516 3148 2571 hominem
3197 2515 3448 2571 odihilem
3500 2516 3651 2583 facit,

2072 2602 2342 2657 submissa
2388 2614 2569 2659 autem
2618 2606 2906 2661 amabilem
2959 2607 3151 2661 reddit.
3195 2606 3346 2662 Unde
3391 2607 3651 2677 scriptum

2071 2702 2156 2745 est
2180 2709 2192 2744 :
2228 2691 2449 2761 Sapiens
2475 2696 2530 2747 in
2560 2696 2722 2749 verbis
2746 2697 2969 2766 seipsum
3003 2695 3279 2749 amabilem
3304 2695 3428 2765 facit
3457 2690 3649 2766 (Eccli.

2071 2783 2186 2853 xx).
2215 2781 2339 2838 Ideo
2369 2784 2673 2848 amabilem,
2726 2786 2849 2855 quia
2885 2788 3177 2856 prudenter
3219 2786 3558 2842 rationabilia
3600 2795 3657 2841 et

2071 2875 2318 2929 amabilia
2361 2875 2602 2946 loquitur
2650 2877 2834 2931 verba.
2886 2878 3022 2933 Hine
3065 2879 3297 2934 Basilius
3338 2880 3457 2933 ait:
3494 2880 3655 2935 Vocis

2071 2982 2381 3021 mensuram
2412 2967 2653 3023 definivit
2681 2970 2929 3023 audiendi
2962 2970 3172 3025 modus.
3220 2969 3277 3025 Si
3304 2972 3449 3024 enim
3484 2972 3655 3041 major

2072 3057 2234 3114 fuerit
2260 3073 2363 3114 vox
2390 3075 2550 3129 quam
2577 3059 2823 3130 requirit,
2854 3075 2975 3114 cum
3007 3059 3176 3129 possit
3222 3059 3409 3114 audire
3438 3060 3529 3113 ille
3559 3076 3647 3114 Clll

2073 3148 2325 3217 liquitur,
2356 3149 2543 3214 etiam,
2571 3148 2613 3202 si
2647 3149 2900 3219 legimus,
2937 3149 3239 3219 loquamur,
3260 3147 3371 3216 jam
3415 3165 3519 3202 non
3550 3150 3652 3205 erit

2071 3253 2199 3305 vox,
2219 3239 2311 3293 sed
2333 3238 2556 3294 clamor.
2587 3238 2738 3306 Quod
2762 3247 2847 3294 est
2866 3237 3120 3303 notabile,
3140 3240 3242 3294 nisi
3276 3240 3410 3294 forte
3438 3240 3653 3311 gravior

2072 3328 2145 3382 sit
2169 3328 2383 3383 auditus
2409 3325 2526 3396 ejus
2568 3328 2651 3383 cui
2682 3327 2942 3398 loquitur,
2972 3336 3025 3382 et
3053 3329 3345 3383 necessitas
3393 3335 3548 3396 cogat
3584 3329 3650 3381 ad

2060 3419 2435 3474 clamandum.
2460 3419 2596 3474 Hine
2615 3419 2946 3475 Fructuosus
2973 3419 3078 3474 ait:
3103 3418 3404 3474 Clamosum
3431 3419 3481 3473 in
3504 3419 3652 3472 Iocu-

2076 3510 2221 3565 tione
2269 3511 2591 3565 monachum
2642 3517 2735 3563 aut
2768 3508 3116 3564 ridiculosum
3161 3523 3280 3564 esse
3315 3524 3423 3563 non
3472 3508 3644 3563 decet.

2074 3602 2175 3672 Qui
2204 3615 2384 3659 autem
2413 3602 2675 3673 ejusmodi
2704 3611 2808 3667 est,
2838 3611 2891 3657 et
2917 3615 3059 3672 saepe
3085 3602 3375 3671 castigatus
3406 3614 3511 3654 non
3538 3598 3654 3655 fue-

2074 3697 2148 3751 rit
2168 3697 2508 3762 emendatus,
2535 3693 2759 3766 ﬂagellis
2778 3694 3048 3749 curandus
3075 3699 3155 3747 est
3179 3700 3229 3746 et
3252 3691 3451 3745 acriter
3476 3704 3654 3744 emen-

2077 3786 2303 3842 dandus.
2332 3784 2589 3855 Sequitur
2611 3803 2624 3840 :

2147 3874 2293 3929 Sicut
2318 3879 2569 3946 scriptum
2598 3885 2673 3930 est
2697 3889 2716 3927 :
2744 3875 2966 3944 Sapiens
2993 3874 3157 3929 verbis
3176 3875 3448 3950 innotesch
3471 3861 3653 3943 paucis

2077 3965 2266 4039 (Eccli.
2312 3963 2428 4036 ιιι).
2486 3964 2794 4029 Innotescit,
2830 3964 2980 4026 dicit,
3039 3964 3093 4017 id
3142 3972 3244 4029 est,
3294 3964 3470 4032 qualis
3514 3963 3654 4032 apud

2076 4056 2423 4126 semetipsum
2462 4056 2531 4110 sit
2572 4055 2813 4115 interius,
2850 4055 3059 4110 caneris
3096 4068 3155 4109 se
3185 4055 3470 4110 innotescit
3501 4062 3653 4108 exte-

2074 4145 2207 4200 rius.
2245 4144 2519 4215 Sapientia
2550 4159 2710 4213 quam
2742 4151 2950 4197 secreto
2990 4142 3206 4197 tenebat
3237 4144 3289 4196 in
3323 4145 3503 4206 corde,
3533 4144 3655 4197 aliis

2074 4234 2311 4289 ostendit
2337 4233 2662 4304 proferendo
2686 4246 2955 4287 sermone.
2986 4232 3051 4285 Et
3077 4232 3167 4300 qui
3196 4232 3411 4286 sibimet
3444 4240 3651 4287 tantum

2075 4332 2237 4378 notus
2259 4322 2459 4377 latebat
2487 4322 2719 4386 occulte,
2744 4321 3089 4391 semetipsum
3121 4320 3388 4390 loquendo
3406 4320 3655 4391 producit

2077 4413 2129 4469 in
2163 4413 2454 4483 publicum.
2503 4412 2604 4468 Ubi
2646 4412 2787 4467 enim
2831 4411 2933 4465 ista
2972 4411 3191 4466 traditio
3231 4411 3399 4466 dicit:
3433 4410 3653 4481 Sapiens

2073 4507 2129 4561 in
2150 4506 2316 4560 verbis
2345 4505 2617 4593 innotesgit
2644 4503 3053 4593 paucis-(Eccli.
3076 4503 3196 4575 xx),
3223 4503 3325 4557 alia
3353 4503 3483 4558 dicit
3507 4520 3518 4556 :
3552 4502 3654 4557 Sa-

2072 4598 2216 4667 piens
2239 4597 2290 4650 in
2318 4594 2481 4649 verbis
2504 4572 2746 4665 pioducit
2774 4572 3001 4663 seipsum
3031 4572 3241 4667 (lbid.),
3272 4592 3323 4647 id
3346 4601 3446 4657 est,
3477 4591 3652 4661 qualis

2074 4687 2302 4741 inm-ius
2336 4691 2511 4739 exstat
2536 4684 2783 4749 tacendo,
2833 4683 2991 4738 talem
3037 4698 3095 4739 se
3139 4684 3389 4754 producit
3415 4685 3653 4740 exterius

2076 4778 2369 4847 loquendo.

2415 4868 2489 4919 De
2508 4866 2797 4919 duodecimo
2819 4865 3106 4917 humilitatis
3139 4867 3307 4928 gradu.

2151 4960 2498 5016 Duodecimus
2529 4958 2840 5013 humilitatis
2885 4958 3080 5028 gradus
3120 4967 3215 5020 est,
3256 4957 3302 5012 si
3343 4973 3446 5011 non
3483 4955 3651 5012 solum

2078 5051 2234 5106 corde
2254 5050 2561 5113 monachus,
2583 5049 2674 5103 sed
2696 5050 2856 5103 etiam
2884 5062 3098 5118 corpore
3118 5045 3461 5101 humilitatem
3485 5045 3654 5100 viden-

2077 5142 2216 5195 tibus
2254 5157 2312 5195 se
2348 5156 2549 5210 semper
2584 5140 2796 5196 indicet.
2828 5138 3199 5195 Humilitatem
3225 5139 3487 5193 veraciter
3517 5137 3653 5192 inte-

2080 5230 2193 5283 rius
2236 5232 2471 5284 retinere
2513 5238 2570 5283 et
2611 5245 2735 5285 eam
2771 5230 2932 5285 debet
2967 5229 3206 5285 exterius
3247 5229 3548 5284 videntibus
3592 5244 3652 5284 se

2078 5320 2373 5373 monachus
2418 5319 2812 5383 demonstrare,
2843 5327 2905 5373 ut
2948 5328 3003 5374 et
3045 5319 3272 5374 interius
3300 5320 3513 5375 interno
3538 5320 3653 5390 pla.

2075 5414 2197 5462 ceat
2237 5407 2430 5477 judici,
2465 5415 2522 5461 et
2563 5408 2803 5463 exterius
2851 5408 3063 5464 cunctis
3112 5408 3372 5477 exemplis
3417 5411 3652 5477 praebeat

2075 5496 2412 5551 humilitatis.
2445 5496 2537 5552 Sic
2562 5497 2616 5551 in
2645 5505 2875 5568 utroque
2919 5497 3242 5553 humilitatis
3269 5497 3468 5552 virtute
3504 5513 3653 5553 com—

2075 5587 2280 5657 positus
2308 5587 2526 5643 humilis
2549 5585 2731 5651 corde,
2759 5586 2983 5641 humilis
2999 5587 3305 5644 inveniatur
3324 5595 3380 5642 et
3403 5601 3647 5657 corpore.

2074 5678 2304 5739 interius
2332 5678 2551 5739 humilis
2587 5679 2771 5736 animo
2798 5687 2854 5735 et
2874 5680 3113 5736 exterius
3152 5694 3377 5749 corpore
3411 5679 3650 5737 inveniao
