3944 6414
322 273 422 326 827

1605 277 1957 334 SMARAGDI
1995 279 2288 339 ABBATIS

3491 307 3596 360 818

245 385 251 390 '
327 394 413 438 tur
443 388 665 444 humilis
692 389 897 454 habitu,
929 398 988 442 ιιι
1014 387 1130 457 ejus
1166 390 1409 446 videntes
1442 393 1746 464 exemplum
1787 394 1903 448 lau-
1931 393 1983 454 Α
2008 394 2157 451 nium
2184 408 2466 471 materque
2495 405 2778 472 virtutum,
2801 418 2856 463 et
2880 414 3041 466 corde
3063 432 3286 471 necesse
3307 429 3390 472 est
3417 422 3614 477 firmi-.

325 479 453 533 dent
486 489 541 534 et
567 480 867 550 gloriﬁcent
907 480 1098 545 Deum,
1127 480 1222 549 qui
1266 481 1344 535 illi
1374 481 1784 540 fundamentum
1810 486 1909 540 hu-

325 569 592 634 militatis,
619 570 979 625 constantiam
1002 572 1273 626 concessit
1297 580 1350 626 et
1373 574 1572 642 operis.

392 699 462 753 Id
498 710 594 764 est,
633 701 688 754 in
731 718 905 772 opere,
945 701 999 755 in
1031 704 1281 757 oratorio.
1322 704 1584 760 Videlicet
1609 707 1734 762 dum
1760 719 1900 775 ozat,

323 798 506 844 cantat
537 792 797 861 psalmos,
828 793 1076 862 hymnos,
1105 795 1338 858 cantica,
1371 796 1454 850 vel
1481 797 1623 851 aliud
1651 815 1786 868 opus
1808 802 1902 855 Dei

319 882 372 934 in
397 881 513 950 ipso
541 894 762 938 exercet
792 887 1102 940 sanctuario
1151 902 1365 956 semper
1387 889 1561 958 capite
1593 891 1751 946 debet
1785 909 1904 950 esse

317 972 623 1029 humiliato.

391 1087 457 1140 In
503 1090 842 1154 monasterio,
863 1090 918 1144 in
943 1091 1115 1155 horto,
1146 1092 1198 1144 in
1243 1092 1349 1156 via,
1379 1093 1435 1145 in
1480 1109 1642 1163 agro;
1671 1094 1751 1147 vel
1786 1096 1902 1149 ubi-

317 1193 519 1248 cunque
549 1177 750 1246 sedens,
779 1179 1054 1234 ambulans
1089 1180 1165 1236 vel
1190 1191 1356 1248 stans,
1391 1182 1640 1238 inclinato
1668 1186 1735 1240 sit
1766 1204 1901 1241 sem-

315 1281 408 1332 per
429 1268 614 1336 capite,
640 1267 825 1336 deﬁxis
845 1270 898 1322 in
923 1278 1116 1324 terram
1155 1272 1444 1342 aspectibus
1466 1313 1480 1340 ,
1513 1291 1657 1328 reum
1683 1293 1738 1330 se
1756 1280 1898 1333 omni

313 1353 444 1407 hora
474 1355 538 1408 de
561 1357 786 1423 peccatis
815 1359 922 1413 suis
946 1360 1272 1426 existimans,
1287 1361 1404 1431 jam
1437 1379 1491 1416 se
1517 1366 1781 1419 tremendo
1797 1367 1897 1436 ju-

313 1444 451 1498 dicio
493 1446 586 1500 Dei
626 1452 931 1518 prtesentari
969 1450 1256 1517 existimet,
1303 1452 1479 1507 dicens
1518 1455 1616 1507 sibi
1658 1456 1712 1508 in
1745 1457 1897 1511 corde

311 1549 514 1603 semper
535 1533 669 1588 illud
694 1536 832 1607 quod
865 1537 1173 1608 publicanus
1202 1539 1290 1593 ille
1319 1542 1661 1612 evangelicus,
1678 1545 1802 1613 ﬁxis
1840 1547 1895 1601 in

311 1632 508 1678 terram
549 1625 735 1691 oculis,
777 1627 955 1682 dixit:
979 1628 1220 1693 Domine,
1250 1647 1351 1684 non
1392 1648 1508 1685 sum
1550 1633 1758 1704 dignus,
1801 1652 1894 1706 ego

308 1723 568 1781 peccator,
605 1713 774 1770 levare
799 1716 977 1773 oculos
1017 1735 1159 1774 meos
1206 1721 1275 1773 ad
1303 1720 1486 1776 caelum
1515 1721 1666 1794 (Luc.
1711 1725 1887 1798 xvm).
1920 1744 1967 1802 Β

309 1802 578 1868 Quantum
603 1807 772 1861 venia:
801 1807 1052 1862 ﬁduciam
1077 1809 1237 1880 digne
1256 1811 1643 1879 ptenitentibus
1665 1815 1887 1884 prabet,

309 1894 453 1962 quod
477 1896 819 1964 publicanus,
848 1899 940 1968 qui
967 1909 1177 1955 reatum
1220 1918 1330 1956 suae
1375 1904 1628 1972 nequitiae
1655 1906 1891 1975 perfecte

309 1985 580 2054 cognovit,
606 1985 771 2053 flevit,
804 1989 1082 2044 confessus
1109 1999 1209 2044 est.
1237 1991 1352 2046 Etsi
1392 1993 1622 2062 injustus
1657 1996 1722 2050 ad
1763 2005 1892 2050 tem-

305 2073 454 2142 plum
483 2077 652 2143 venit,
685 2077 1014 2146 justiflcatus
1043 2097 1075 2134 a
1102 2083 1302 2152 templo
1351 2085 1528 2140 rediit.
1569 2087 1717 2141 Unus
1745 2090 1888 2145 enim

306 2166 670 2232 superbiendo
716 2171 942 2225 recessit
988 2172 1322 2239 humiliatus,
1369 2175 1506 2230 alter
1545 2176 1888 2236 lamentando

305 2259 737 2328 appropinquare
765 2261 961 2316 meruit
983 2263 1256 2320 exaltatus
1286 2282 1298 2319 :
1329 2267 1454 2334 quia
1494 2267 1671 2324 omnis
1707 2271 1798 2340 qui
1828 2287 1887 2327 se

303 2349 508 2405 exaltat
551 2351 940 2416 humiliabitur,
973 2363 1028 2409 et
1059 2355 1151 2424 qui
1181 2371 1239 2410 se
1265 2355 1514 2412 humiliat
1558 2359 1886 2416 exaltabitur

304 2438 519 2508 (Matth.
559 2441 738 2512 xxm).
769 2441 1107 2512 Quapropter
1138 2451 1191 2498 et
1216 2445 1284 2498 de
1310 2448 1490 2501 verbis
1532 2447 1658 2502 elati
1698 2448 1886 2529 lfhari-

301 2529 416 2595 δαδὶ,
446 2531 642 2601 quibus
677 2532 951 2588 humiliari
993 2535 1212 2600 meruit,
1245 2551 1530 2606 possumus
1563 2556 1630 2594 ex
1668 2541 1881 2597 diverso

298 2620 528 2676 formam
567 2624 906 2690 humilitatis,
933 2640 1039 2694 qua
1077 2627 1450 2694 sublimemur,
1492 2644 1790 2697 assumere,
1822 2642 1881 2686 ut

297 2711 438 2767 sicut
464 2712 573 2779 ille,
597 2715 951 2770 consideratis
994 2726 1049 2772 et
1091 2717 1334 2788 pejorum
1367 2719 1510 2773 vitiis
1544 2729 1597 2774 et
1625 2723 1737 2776 suis
1765 2723 1876 2777 vir-

295 2803 521 2869 tutibus,
565 2812 648 2860 est
693 2804 868 2860 elatus
903 2807 969 2860 ad
1009 2806 1282 2876 injuriam,
1309 2807 1380 2862 ita
1415 2823 1513 2864 nos
1553 2825 1661 2864 non
1688 2820 1872 2868 nostra

293 2891 468 2946 solum
492 2892 734 2964 pigritia,
766 2894 860 2949 sed
887 2903 942 2949 et
969 2895 1251 2952 meliorum
1279 2899 1569 2956 virtutibus
1593 2902 1872 2975 inspectis,

293 2981 640 3037 humiliemur
670 2984 738 3038 ad
771 2984 1017 3055 gloriam,
1063 2999 1329 3058 quatenus
1370 2994 1739 3064 unusquisque
1779 3013 1874 3052 no-

292 3080 468 3126 strum
519 3074 622 3130 hoc
672 3075 814 3146 apud
857 3092 914 3132 se
961 3093 1026 3134 ac
1071 3081 1370 3137 submissus
1411 3081 1661 3139 obsecret
1689 3105 1700 3140 :
1728 3086 1870 3143 Deus
1897 3084 1942 3145 C

291 3166 648 3236 omnipotens,
693 3169 951 3227 miserere
995 3173 1218 3243 supplici
1262 3183 1375 3239 tuo,
1417 3177 1543 3245 quia
1593 3193 1700 3232 non
1746 3195 1866 3234 sum

295 3256 436 3311 sicut
466 3258 732 3314 innumeri
761 3262 903 3316 servi
929 3263 1002 3317 tui
1029 3273 1338 3336 contemptu
1380 3268 1561 3322 szeculi
1588 3271 1865 3338 sublimes,

289 3345 508 3416 iustitia:
558 3352 752 3406 merito
800 3353 1045 3422 gloriosi,
1095 3358 1362 3414 castitatis
1411 3360 1569 3415 laude
1617 3364 1865 3433 angelici,

293 3435 440 3491 velut
472 3439 635 3493 etiam
675 3440 830 3495 multi
872 3443 1084 3498 illorum
1122 3446 1211 3514 qui
1248 3457 1371 3515 post
1405 3447 1606 3519 ﬂagitia
1653 3453 1866 3521 publica

288 3530 603 3603 paenitendo
642 3532 738 3588 tibi
765 3543 1078 3590 meruerunt
1113 3552 1233 3592 esse
1270 3540 1466 3594 devoti.
1498 3542 1598 3609 Qui
1630 3545 1792 3598 etiam
1821 3547 1865 3601 si

285 3622 416 3689 quid
441 3623 566 3678 boni
585 3631 686 3679 tua
724 3626 898 3696 gratia
925 3627 1188 3698 largiente
1227 3629 1437 3697 fecero,
1490 3651 1598 3704 quo
1634 3636 1738 3690 line
1763 3638 1864 3694 hoc

286 3713 513 3780 faciam,
562 3730 734 3784 quave
779 3732 811 3771 a
863 3727 913 3772 te
956 3718 1293 3778 districtione
1334 3737 1608 3794 pensetur,
1652 3730 1858 3800 ignoro.

288 3805 356 3860 Et
384 3806 512 3859 item
533 3822 657 3861 cum
678 3811 938 3878 propheta
965 3830 978 3866 :
1003 3812 1316 3871 Incurvatus
1345 3831 1531 3874 sumet
1556 3821 1861 3879 humiliatus

284 3911 400 3951 eum
425 3912 805 3968 usquequaque.
834 3899 935 3968 Qui
960 3904 1274 3960 recordatur
1303 3907 1636 3965 altitudinem
1664 3914 1862 3982 quietis

286 3990 522 4049 geternt'e,
570 3983 684 4055 ipse
726 3988 870 4043 videt
908 3999 1166 4059 quantum
1203 3994 1274 4049 sit
1309 3995 1615 4054 humiliatus
1662 4001 1714 4055 in
1758 4003 1860 4058 hac

294 4074 464 4127 ternis
502 4077 863 4148 corruptione.
888 4080 1211 4152 Plangamus
1235 4101 1364 4157 ergo
1409 4096 1465 4142 et
1501 4105 1780 4160 gemamus
1807 4094 1861 4148 in

288 4162 648 4233 :onfessione,
695 4182 1050 4239 agnoscamus
1101 4174 1190 4229 ubi
1242 4192 1462 4243 sumus,
1516 4182 1862 4236 recordemur

281 4253 619 4314 altitudinem
645 4266 862 4315 reterns:
882 4262 1098 4332 quietis,
1125 4271 1180 4319 et
1198 4266 1466 4334 patienter
1484 4279 1860 4339 exspectemus

283 4347 426 4412 quod
451 4346 538 4401 ille
565 4349 814 4417 promisit
839 4353 928 4421 qui
961 4354 1116 4409 nobis
1154 4355 1207 4410 in
1237 4359 1525 4428 semetipso
1554 4362 1858 4431 exemplum

280 4437 556 4506 patientiae
605 4448 658 4495 et
722 4442 1040 4501 humilitatis
1083 4449 1338 4504 ostendit.
1399 4451 1744 4508 Incurvatum
1800 4470 1859 4510 se

276 4527 411 4582 dixit
434 4544 465 4582 a
489 4537 630 4588 statu
672 4532 937 4603 elationis,
983 4547 1039 4594 et
1079 4540 1420 4597 humiliatum
1461 4545 1530 4599 ab
1573 4544 1850 4604 inﬂatione

282 4619 530 4675 tumoris.

2013 495 2099 541 ter
2127 497 2376 545 teneatur
2403 503 2460 547 et
2499 498 2709 552 cunctis
2738 516 2965 570 corpore
2991 503 3412 565 demonstretur.

2079 580 2222 652 Ergo
2263 584 2346 638 his
2389 589 2630 644 omnibus
2676 591 2994 649 humilitatis
3037 599 3288 667 gradibus
3335 609 3590 673 ascensis,

2007 672 2295 727 monachus
2325 693 2447 730 mox
2467 677 2536 731 ad
2561 680 2870 737 charitate»:
2892 683 2991 738 Dei
3015 690 3274 756 perveniet
3300 691 3448 748 illam
3468 672 3588 764 qute

2003 761 2234 830 perfecta
2259 765 2406 835 foras
2432 770 2588 824 mittit
2614 774 2872 830 timorem.
2904 777 3164 836 Dominus
3184 781 3316 838 dicit
3338 786 3392 839 in
3417 761 3588 844 Evan-

2003 849 2144 918 gelio
2171 871 2184 906 :
2211 853 2420 926 Diligite
2467 859 2706 916 inimicos
2751 875 2963 930 vestros,
2994 878 3044 922 et
3085 881 3230 925 orate
3270 891 3365 943 pro
3411 893 3586 946 perse-

1999 942 2271 1009 quentibus
2315 963 2421 1012 vos,
2456 958 2509 1001 ut
2533 951 2649 1005 sitis
2686 952 2787 1020 ﬁlii
2829 952 3008 1012 Patris
3038 963 3192 1015 vestri
3233 942 3323 1032 qui
3351 942 3581 1022 iit-602MB

1998 1041 2074 1084 est
2105 1031 2318 1103 (Matth.
2348 1037 2423 1109 v).
2474 1039 2600 1096 Haec
2643 1051 2728 1098 est
2771 1045 2918 1100 enim
2958 1049 3200 1118 perfecta
3247 1031 3488 1112 charitas
3511 1059 3580 1114 de

1998 1136 2104 1190 qua
2131 1122 2367 1182 Joannes
2390 1132 2665 1199 apostolus
2691 1135 2822 1190 dicit
2849 1156 2859 1189 :
2890 1137 3067 1194 Timor
3087 1158 3192 1196 non
3222 1155 3297 1199 est
3321 1148 3375 1201 in
3401 1150 3577 1203 chari-

1995 1221 2102 1265 tate
2127 1214 2177 1285 (Ι
2203 1214 2367 1272 Joan.
2395 1220 2506 1291 tv);
2539 1222 2592 1276 in
2633 1226 2727 1279 tali
2768 1226 3018 1284 videlicet
3044 1234 3312 1292 charitate
3355 1255 3476 1308 qua:
3504 1245 3574 1298 ad

1998 1301 2355 1362 imitationem
2403 1310 2599 1367 divine
2626 1315 2976 1387 benignitatis
3003 1323 3169 1379 etiam
3206 1327 3440 1386 inimicis
3480 1334 3574 1388 he-

1996 1394 2242 1452 nefacere
2275 1401 2452 1456 ethos
2479 1403 2701 1474 diligere
2744 1411 2914 1464 novit.
2961 1411 3067 1468 Sed
3094 1418 3341 1487 perfecta,
3374 1423 3570 1492 inquit,

1995 1485 2227 1542 charitas
2256 1487 2402 1558 foras
2442 1493 2598 1548 mittit
2626 1497 2863 1553 timorem
2891 1485 3112 1575 (lbid.),
3142 1485 3291 1563 illum
3318 1485 3574 1570 videlicet

1994 1575 2060 1629 de
2083 1591 2188 1645 quo
2215 1580 2474 1649 scriptum
2496 1594 2580 1639 est
2603 1605 2614 1638 :
2637 1585 2857 1642 Initium
2877 1594 3147 1663 sapientia:
3173 1599 3331 1653 timor
3352 1602 3566 1660 Domini

1995 1662 2186 1734 (Eccli.
2222 1667 2285 1738 t).
2319 1671 2436 1736 Quo
2467 1673 2623 1730 timet
2665 1679 2893 1749 quisque
2922 1662 3186 1753 incipiens-
3215 1706 3375 1759 opera
3410 1691 3573 1760 justi-

2129 1776 2196 1814 ne
2224 1763 2404 1818 veniat
2430 1766 2707 1824 districtus
2729 1771 2916 1841 judex,
2949 1786 3003 1830 et
3044 1794 3101 1832 se
3131 1782 3308 1838 minus
3336 1790 3568 1858 castiga-

1993 1856 2107 1904 tum
2137 1852 2372 1910 damnet.
2406 1856 2512 1913 Sed
2543 1870 2597 1914 et
2620 1867 2971 1932 praesentium
2996 1872 3380 1932 adversitatum
3411 1852 3567 1936 timo-

1991 1955 2104 1996 rem
2132 1943 2374 2013 perfecta
2410 1949 2648 2008 cbaritas
2677 1955 2824 2023 ejicit
2849 1973 2914 2013 ex
2943 1963 3148 2030 animo,
3177 1982 3339 2036 quam
3364 1971 3566 2029 habere

1989 2037 2264 2100 quaerebat
2309 2041 2402 2109 qui
2436 2042 2664 2101 Domino
2705 2051 3011 2119 supplicans
3055 2057 3272 2115 aiebat:
3299 2062 3344 2114 Α
3381 2064 3566 2121 timore

1986 2123 2188 2181 inimici
2227 2131 2368 2199 eripe
2417 2135 2650 2190 animam
2692 2156 2861 2196 meam
2889 2141 3062 2214 (Psal.
3105 2151 3278 2222 uin).
3313 2154 3482 2220 Quam
3509 2167 3566 2213 et

1986 2211 2076 2269 ille
2125 2215 2359 2310 habebat
2383 2224 2476 2291 qui
2503 2225 2716 2282 dicebat
2743 2248 2754 2283 :
2783 2211 2914 2296 Quis
2957 2253 3049 2291 nos
3086 2211 3406 2310 separabiia
3434 2211 3564 2302 chus

1985 2303 2139 2358 ritate
2179 2304 2414 2364 Christi?
2440 2313 2712 2371 tribulatio
2738 2359 2753 2384 ,
2785 2338 2856 2374 an
2900 2303 3168 2394 angustia,
3214 2348 3284 2384 an
3319 2349 3562 2402 persecu-

1982 2393 2224 2450 tio?etc.
2264 2396 2436 2469 (Rom.
2480 2405 2620 2478 vui).
2667 2407 2922 2467 Stimulat
2966 2393 3200 2487 namque
3232 2393 3412 2488 timor,
3460 2427 3556 2481 sed

1981 2484 2090 2540 noli
2117 2487 2328 2544 timere.
2375 2491 2546 2549 Intrat
2572 2498 2832 2566 Charitas,
2860 2518 2980 2573 quae
3023 2484 3170 2564 foras
3212 2484 3446 2582 expellat
3489 2518 3556 2571 ti-

1979 2591 2184 2631 morem
2259 2589 2314 2636 ct
2356 2594 2514 2640 sanat
2555 2590 2696 2656 quod
2747 2593 3086 2652 vulneratum
3135 2611 3314 2658 erata
3345 2607 3558 2665 timoris

1979 2665 2161 2721 dolore
2177 2703 2194 2721 .

2048 2751 2154 2808 Per
2177 2775 2334 2828 quam
2356 2764 2599 2821 universa
2628 2787 2747 2840 qua:
2785 2776 2932 2843 prius
2975 2795 3078 2847 non
3117 2783 3234 2838 sine
3270 2785 3554 2855 formidine

1975 2845 2275 2905 observabat
2301 2893 2315 2918 ,
2353 2855 2545 2928 absque
2583 2860 2691 2915 ullo
2731 2863 2908 2922 labore
2952 2845 3089 2925 velut
3133 2845 3445 2934 naturaliter
3488 2898 3552 2936 ea:

1974 2943 2346 2998 consuetudine
2392 2948 2601 3019 incipiet
2645 2958 2925 3014 custodire.
2995 2962 3152 3020 Prius
3200 2969 3346 3024 enim
3389 2971 3551 3029 homo

1973 3048 2097 3087 cum
2147 3037 2313 3094 animi
2344 3041 2539 3100 timore
2574 3055 2631 3101 et
2672 3059 2819 3106 metu
2866 3053 3167 3114 formidinis
3193 3061 3262 3116 ad
3303 3063 3546 3122 habitum

1977 3125 2125 3179 venit
2149 3132 2520 3190 convergionis
2540 3176 2554 3202 ,
2589 3139 2682 3193 sed
2707 3151 2993 3213 postquam
3027 3156 3266 3218 tempore
3291 3153 3547 3213 diuturno

1973 3214 2030 3268 in
2055 3213 2258 3271 Christi
2293 3223 2592 3287 perstiterit
2634 3231 2876 3298 servitio,
2903 3244 2959 3288 et
2995 3234 3112 3304 ejus
3137 3213 3195 3293 in
3238 3240 3382 3297 bona
3417 3261 3546 3301 con-

1972 3308 2266 3364 suetudine
2302 3314 2876 3388 perduraveritactio,
2907 3329 3228 3386 succedente
3257 3334 3542 3404 charitate,

1969 3407 2114 3452 metu
2155 3409 2308 3456 caret
2345 3411 2506 3474 atque
2535 3406 2840 3468 formidine.
2871 3416 2940 3471 Et
2967 3434 3087 3488 quae
3115 3429 3270 3478 antea
3301 3425 3536 3484 faciebat

1965 3500 2089 3540 cum
2120 3489 2313 3547 timore
2336 3493 2659 3565 formidinis,
2687 3501 2877 3572 incipit
2904 3512 3181 3567 custodire
3207 3529 3328 3569 cum
3355 3533 3543 3576 amore

1965 3575 2283 3645 dulcedinis,
2315 3592 2369 3636 ct
2401 3585 2547 3642 velut
2583 3595 2904 3650 naturaliter
2940 3599 3131 3671 incipit
3171 3607 3407 3662 suaviter
3448 3575 3543 3665 cu-

1963 3669 2170 3725 stodire
2216 3687 2336 3740 quae
2375 3677 2526 3745 prius
2571 3679 2779 3740 duriter
2821 3696 2877 3742 et
2922 3669 3260 3750 formidando
3301 3712 3542 3769 cmperat

1964 3776 2143 3832 agere.
2173 3763 2326 3820 Unde
2354 3776 2410 3822 et
2437 3771 2684 3840 sequitur
2707 3792 2720 3828 :

2035 3853 2159 3908 Non
2175 3855 2292 3925 jam
2319 3859 2504 3914 timore
2526 3864 2792 3933 gehennte,
2814 3870 2903 3924 sed
2931 3888 3108 3928 amore
3130 3876 3327 3934 Christi
3345 3892 3392 3936 et
3415 3901 3540 3939 con-

1959 3945 2236 4000 suetudine
2282 3947 2397 4017 ipsa
2438 3949 2593 4017 bona,
2622 3963 2672 4006 et
2714 3955 3057 4016 delectatione
3100 3965 3351 4024 virtutum
3375 4011 3390 4036 ,
3419 3989 3536 4042 qum

1961 4033 2217 4090 Dominus
2231 4037 2348 4108 jam
2376 4041 2432 4094 in
2458 4045 2698 4111 operario
2721 4063 2816 4102 suo
2840 4051 3036 4106 mundo
3063 4071 3096 4108 a
3123 4055 3260 4112 vitiis
3283 4069 3332 4113 et
3361 4079 3396 4115 a
3421 4080 3537 4132 pec-

1960 4127 2115 4190 eatis,
2148 4126 2349 4198 Spiritu
2392 4142 2572 4187 sancto
2594 4134 2902 4206 dignabitur
2939 4142 3322 4204 demonstrare.
3360 4126 3528 4216 Multi,

1960 4222 2022 4268 ut
2041 4231 2203 4286 supra
2221 4217 2425 4274 dictum
2445 4228 2549 4286 est,
2567 4225 2761 4281 timore
2780 4243 3063 4296 poenarum
3087 4233 3353 4306 incipiunt
3372 4257 3535 4311 agere

1960 4306 2182 4374 bonum,
2211 4309 2304 4365 sed
2331 4326 2514 4367 amore
2539 4313 2740 4371 Christi
2767 4319 3054 4386 perficiunt
3094 4323 3244 4380 illud.
3273 4306 3531 4388 Inchoant

1882 4417 1937 4478 D
1961 4413 1992 4451 a
2023 4397 2235 4465 timore,
2268 4401 2360 4455 sed
2392 4411 2582 4458 euntes
2607 4405 2672 4460 de
2697 4408 2898 4464 virtute
2925 4411 2977 4464 in
3008 4413 3283 4482 virtutem,
3311 4424 3380 4474 ad
3407 4415 3530 4489 per-

1947 4495 2146 4549 fectam
2192 4489 2397 4547 Christi
2428 4502 2715 4551 transeunt
2753 4499 3095 4558 charitatem.
3126 4505 3196 4560 Et
3224 4523 3343 4577 quae
3379 4513 3525 4580 prius

1945 4598 2109 4654 agere
2143 4583 2447 4654 ignorantia
2477 4596 2707 4644 nocente
2741 4589 3027 4660 timebant,
3056 4601 3444 4657 consuetudine
3470 4612 3524 4658 et

1944 4671 2168 4726 scientia
2205 4670 2318 4741 jam
2347 4674 2574 4730 docente
2602 4691 2762 4746 agere
2790 4695 2897 4736 non
2925 4681 3239 4743 formidant.
3285 4688 3514 4761 Copiam

344 4751 412 4805 Et
434 4753 622 4808 iterum
649 4771 768 4811 cum
791 4755 1054 4829 Prdpheta
1077 4776 1097 4813 :
1120 4761 1436 4818 Incurvatus
1461 4775 1508 4820 et
1531 4766 1844 4822 humiliatus
1942 4763 2202 4817 Virtutum
2251 4763 2451 4818 habere
2497 4765 2824 4836 ἀθείάθηηιν
2853 4779 2910 4826 ει
2961 4772 3082 4829 ide”
3129 4791 3266 4845 opus
3312 4779 3514 4837 bonum

272 4859 389 4896 sum
439 4861 803 4918 usquequaque
832 4846 1004 4919 (Psal.
1041 4853 1252 4923 eam").
1301 4853 1360 4908 Id
1398 4863 1483 4910 est
1525 4857 1615 4925 qui
1645 4856 1845 4914 dudum

271 4931 512 4987 elevatus
549 4948 698 4988 eram
746 4937 802 4990 in
847 4939 1044 4994 sarculo
1068 4979 1084 5004 ,
1111 4940 1422 4999 incurvatus
1449 4953 1506 4999 et
1533 4945 1846 5005 humiliatus

271 5039 392 5076 sum
432 5026 589 5080 modo
617 5028 716 5082 sub
745 5028 877 5084 Deo.
914 5029 1015 5097 Qui
1047 5033 1291 5088 saeculari
1337 5037 1536 5117 dudum
1578 5041 1846 5100 exaltatus

269 5130 420 5168 eram
460 5115 513 5168 in
543 5116 735 5185 gloria,
782 5119 1094 5175 incurvatus
1122 5130 1176 5176 et
1202 5115 1514 5184 humiliatus
1541 5145 1662 5186 sum
1701 5148 1846 5189 nunc

269 5206 323 5259 in
362 5209 693 5274 poeniteatiae
720 5211 966 5280 penuria.
1005 5211 1108 5279 Qui
1145 5215 1342 5272 dudum
1387 5222 1656 5280 exaltatus
1690 5240 1841 5282 eram

271 5291 325 5344 in
372 5293 558 5347 habitu
609 5295 1212 5360 saeculari,incurvatus
1253 5310 1308 5356 et
1357 5305 1672 5364 humiliatus
1720 5325 1840 5364 sum

269 5381 432 5435 modo
471 5385 572 5438 sub
606 5399 768 5438 manu
797 5386 1181 5456 omnipotentis
1209 5391 1324 5447 Dei.
1375 5395 1498 5451 Sive
1529 5397 1840 5453 incurvatus

268 5487 515 5540 corpore,
541 5473 854 5530 humiliatus
878 5477 1076 5534 animo.
1101 5480 1253 5548 Quod
1273 5493 1453 5540 autem
1478 5488 1631 5551 dicit,
1648 5502 1841 5559 usque-

269 5579 494 5634 quaque,
527 5566 848 5638 intelligitur
885 5584 952 5624 ex
981 5574 1126 5628 omni
1155 5582 1313 5645 parte
1351 5586 1407 5631 et
1436 5593 1503 5632 ex
1537 5578 1683 5633 omni
1713 5595 1840 5634 con-

271 5655 616 5713 sideralionc.
661 5661 794 5730 Quia
836 5664 1133 5732 humilitas,
1163 5681 1284 5738 quae
1319 5670 1575 5741 magistra
1609 5679 1694 5726 est
1719 5688 1837 5728 om-

1948 4867 2111 4924 agere
2139 4861 2420 4924 satagunt,
2451 4862 2504 4911 et
2532 4872 2563 4910 a
2592 4857 2740 4913 vitiis
2786 4861 3037 4920 celeriter
3064 4869 3330 4942 mundare
3361 4871 3517 4928 festi-

1951 4956 2101 5004 nant.
2128 4947 2365 5019 Accepto
2395 4949 2631 5020 Spiritus
2656 4956 2830 5010 sancti
2859 4958 3022 5024 dono,
3045 4960 3101 5015 in
3130 4962 3216 5018 his
3241 4979 3358 5035 quae
3375 4963 3523 5032 justa

1951 5050 2008 5097 et
2055 5049 2242 5096 sancta
2285 5049 2342 5096 et
2387 5052 2538 5100 recta
2586 5046 2940 5116 delectantur,
2976 5061 3032 5107 et
3060 5069 3181 5123 qua:
3227 5057 3522 5125 delectant,

1950 5132 2218 5202 sagaciter
2249 5133 2476 5203 implere
2499 5139 2851 5206 contendunt,
2877 5149 2939 5196 ut
2961 5141 3076 5211 ejus
3103 5160 3383 5203 sacrarum
3407 5165 3526 5205 me-

1950 5233 2173 5280 reantur
2207 5225 2344 5284 ellici
2373 5231 2629 5302 templum
2656 5234 2744 5289 cui
2775 5251 2833 5290 se
2859 5235 2928 5290 ab
2961 5237 3118 5293 initio
3152 5224 3521 5298 conversionis

1946 5318 2194 5372 monachi
2239 5334 2358 5376 esse
2398 5336 2696 5389 voverunt;
2729 5334 2789 5379 ut
2833 5327 3122 5397 impleatur
3163 5332 3216 5386 in
3262 5333 3342 5388 eis
3388 5335 3519 5391 illud

1945 5411 2292 5478 apostolicum
2321 5430 2335 5466 :
2363 5412 2630 5481 Templum
2666 5416 2762 5471 Dei
2790 5419 2934 5482 estis,
2963 5431 3010 5474 et
3039 5421 3270 5492 Spiritus
3303 5436 3518 5481 sanctus

1943 5498 2143 5553 habitat
2171 5501 2224 5556 in
2248 5504 2387 5559 vobis
2410 5504 2464 5574 (l
2521 5505 2644 5562 Cor.
2691 5509 2796 5579 In).
2824 5511 2940 5578 Quo
2973 5513 3179 5584 Spiritu
3208 5527 3398 5572 sancto
3425 5519 3514 5574 do~

1944 5598 2102 5644 cente
2144 5606 2263 5660 qua:
2308 5593 2550 5650 facienda
2587 5609 2713 5654 sunt
2745 5601 2964 5665 faciunt,
3013 5604 3106 5658 illo
3137 5604 3425 5672 adiuvante
3447 5607 3523 5662 ad

1944 5677 2240 5748 perfectum
2287 5685 2584 5754 deducunt,
2614 5689 2704 5746 illo
2745 5694 2991 5750 trahente
3022 5695 3376 5753 desiderando
3403 5705 3514 5754 sta—
