3944 6456
289 326 388 384 831

1573 316 1928 377 SIARAGDI
1965 318 2265 377 ABBATJS

3464 333 3572 391 832

290 439 525 495 laudem.
554 438 628 496 Os
652 444 832 494 autem
846 435 1052 492 dicitur
1073 434 1322 506 corporis
1340 432 1649 489 membrum
1672 440 1730 488 et
1749 446 1873 487 cor-
1897 432 1953 494 A
1977 439 2084 499 tur,
2117 434 2258 491 doxa
2284 441 2468 491 autem
2492 435 2662 507 gloria
2686 446 2933 495 vocatur.
2961 439 3104 511 Ergo
3144 444 3433 503 orthodoxi
3465 450 3571 507 viri

292 531 377 585 dis
424 543 704 585 arcanum.
745 526 900 584 Unde
935 535 994 583 et
1029 524 1321 582 elﬁcaciter
1351 524 1473 580 laus
1519 524 1702 580 divina
1746 539 1877 579 can-

291 630 460 677 tatur.

362 712 462 769 Cui
505 710 902 784 subjungendus
943 720 1020 766 est
1067 711 1253 765 tertius
1298 707 1533 781 psalmus
1575 715 1626 763 et
1669 705 1874 762 Gloria.

291 804 537 861 Psalmns
576 818 678 874 pro
703 804 1017 873 operatione
1043 791 1301 873 ponitur:
1330 799 1515 855 Gloria
1544 800 1664 856 laus
1687 810 1773 855 est
1795 798 1881 853 di-

291 899 439 964 vina,
464 914 625 968 quam
650 899 824 969 angeli
847 899 901 952 in
926 897 1084 960 caelo,
1111 896 1361 951 homines
1382 903 1606 951 cantant
1632 896 1686 949 in
1708 902 1876 957 terra,

290 991 431 1046 sicut
456 990 546 1045 ille
572 990 787 1045 divinus
812 990 1101 1044 inchoatur
1122 989 1358 1058 hymnus
1383 1005 1396 1041 :
1420 984 1603 1040 Gloria
1629 987 1683 1039 in
1708 984 1879 1040 excel-

289 1085 363 1138 sis
389 1083 520 1148 Deo,
548 1093 599 1137 et
639 1084 697 1137 in
725 1093 868 1137 terra
901 1097 1006 1153 pas:
1050 1079 1348 1134 hominibus
1396 1078 1546 1132 bona
1593 1076 1876 1131 voluntatis

293 1175 447 1247 (Luc.
472 1175 556 1247 ιι).

364 1267 493 1323 Post
516 1269 656 1323 hunc
683 1266 915 1337 psalmus
946 1264 1312 1334 nonagesimus
1341 1271 1561 1333 quartus
1588 1278 1706 1316 cum
1734 1252 1876 1315 auti-

289 1360 465 1431 phona
484 1402 499 1423 ,
528 1369 621 1413 aut
656 1368 792 1412 certe
820 1355 1203 1411 decantandus.
1252 1354 1561 1423 Antiphona
1591 1368 1661 1408 ex
1686 1350 1878 1407 Graeco

292 1451 685 1520 interpretatur
711 1464 818 1504 vox
838 1448 1136 1518 reciproca,
1167 1442 1389 1501 duobus
1406 1444 1615 1499 scilicet
1642 1443 1878 1498 alterna-

290 1543 386 1597 tim
438 1538 793 1613 psallentibus
842 1539 1034 1595 ordine
1082 1543 1432 1593 commutato.
1504 1534 1658 1602 Quod
1707 1549 1879 1605 genus

288 1635 553 1705 psallendi
580 1634 754 1689 Graeci
799 1631 1067 1687 invenisse
1102 1629 1413 1684 traduntur.
1447 1626 1604 1696 Apud
1650 1625 1876 1680 Latinos

290 1735 469 1781 autem
492 1724 820 1796 imprimitus
837 1721 1183 1779 beatissimus
1204 1712 1525 1774 Ambrosius
1548 1716 1878 1787 antiphonas

290 1815 543 1871 instituit.

356 1907 496 1962 inde
524 1916 775 1979 sequatur
802 1905 1204 1961 Ambrosianus.
1248 1902 1306 1957 Id
1336 1908 1421 1958 est
1462 1903 1716 1972 hymnus.
1749 1899 1881 1953 Am-

291 1999 604 2054 brosianum
634 1998 783 2064 dicit,
808 1998 892 2053 vel
924 1997 1187 2061 divinum,
1213 1995 1296 2050 vel
1323 1994 1571 2059 cmleste,
1598 1993 1652 2049 id
1681 2002 1766 2047 est
1799 1991 1881 2047 di-

287 2090 492 2145 vinitus
517 2090 600 2143 vel
628 2089 842 2145 caelitus
868 2088 1210 2159 inspiratam.
1239 2085 1344 2140 Alii
1365 2084 1785 2140 Ambrosianum
1809 2084 1879 2139 ab

238 2241 247 2248 _
286 2180 578 2236 Ambrosio
609 2180 932 2251 hymnorum
958 2179 1218 2251 magistro
1249 2177 1353 2233 dici
1380 2176 1587 2231 volunt.

361 2270 564 2325 Deinde
607 2288 699 2326 sea:
734 2270 924 2341 psalmi
961 2287 1079 2325 cum
1105 2269 1427 2341 antiphonis.
1463 2267 1666 2333 Quibus
1695 2267 1875 2331 dictis,

291 2362 433 2416 dicto
482 2379 652 2429 versu,
682 2363 952 2417 benedicat
994 2361 1178 2416 abbas.
1228 2360 1283 2415 ld
1315 2368 1397 2415 est
1424 2367 1547 2431 post
1592 2372 1813 2414 versum
1844 2371 1876 2411 a

289 2459 543 2508 cantante
569 2454 773 2508 dictum
795 2452 941 2509 dicat
964 2453 1169 2507 abbas:
1193 2450 1455 2505 Precibus
1484 2448 1726 2504 omnium
1754 2461 1878 2503 san-

288 2552 501 2597 ctorum
529 2558 750 2598 suorum
776 2542 949 2598 salvet
966 2550 1022 2597 et
1045 2541 1332 2596 benedicat
1361 2553 1459 2594 nos
1484 2538 1765 2603 Dominus,
1790 2536 1877 2591 vel

290 2631 454 2686 aliam
483 2632 720 2703 aliquam
748 2631 1056 2701 hujusmodi
1084 2630 1532 2686 benedictionem.

362 2722 435 2776 Et
457 2723 754 2778 sedentibus
779 2723 1018 2778 omnibus
1040 2724 1094 2778 in
1116 2723 1365 2788 scamnis,
1388 2721 1632 2793 legantur
1649 2720 1876 2775 vicissim

289 2833 324 2869 (ι
357 2815 610 2884 fratribus
633 2817 688 2870 in
713 2817 910 2871 codice.
950 2816 1200 2873 Vicissim
1231 2816 1385 2882 dicit,
1406 2815 1461 2870 id
1480 2822 1564 2871 est
1583 2829 1683 2886 per
1705 2815 1872 2880 vices,

288 2905 622 2975 alternatim,
655 2908 739 2963 vel
785 2917 1004 2977 mutuo,
1030 2908 1085 2965 id
1131 2916 1232 2977 est,
1262 2917 1394 2965 tunc
1434 2909 1559 2977 iste,
1585 2915 1717 2964 tunc
1760 2908 1873 2974 ille,

286 3017 433 3057 nunc
460 3001 608 3068 hinc,
635 3018 779 3058 nunc
807 3002 929 3058 inde

362 3089 536 3161 Super
557 3091 858 3163 analogiam
888 3102 990 3148 tres
1019 3090 1284 3149 lectiones.
1314 3093 1635 3165 Analogium
1666 3093 1869 3149 dictum

287 3184 356 3238 ab
381 3197 445 3238 eo
475 3186 617 3253 quod
644 3199 824 3242 sermo
854 3185 979 3240 inde
1005 3186 1218 3241 divinus
1242 3194 1336 3241 aut
1362 3186 1593 3259 legatur,
1617 3192 1708 3240 aut
1731 3201 1872 3257 pra:-

289 3275 499 3329 dicetur
522 3290 537 3329 :
561 3275 707 3346 logos
734 3277 878 3332 enim
905 3277 1045 3347 apud
1075 3277 1293 3333 Graecos
1318 3292 1498 3333 sermo
1525 3277 1742 3333 dicitur.

356 3365 506 3420 Inter
543 3380 695 3438 quas,
723 3376 773 3421 et
809 3369 912 3422 tria
944 3370 1272 3439 responsoria
1300 3379 1575 3424 canentur.
1624 3369 1743 3424 Duo
1785 3386 1870 3424 re-

284 3459 565 3528 sponsoria
609 3460 721 3513 sine
770 3456 953 3514 Gloria
1002 3460 1268 3514 dicantur.
1318 3458 1449 3515 Post
1497 3461 1703 3515 tertiam
1753 3477 1872 3515 vero

285 3549 581 3615 lectionem,
610 3551 700 3621 qui
725 3558 927 3612 cantat,
950 3550 1092 3604 dicat
1122 3549 1326 3606 Gloria.
1379 3550 1551 3618 Quam
1579 3552 1706 3605 dum
1738 3552 1872 3607 inci-

283 3639 359 3709 pit
384 3649 574 3714 cantor.
587 3639 779 3706 dicere,
802 3656 925 3694 mox
945 3656 1121 3695 omnes
1145 3641 1209 3694 de
1228 3642 1478 3696 sedilibus
1498 3643 1608 3697 suis
1629 3652 1869 3714 surgant,

287 3730 350 3783 ob
380 3729 629 3784 honorem
657 3738 705 3784 et
734 3730 1074 3784 reverentiam
1100 3739 1296 3785 sanctae
1327 3731 1622 3788 Trinitatis.
1655 3731 1871 3789 Codices

284 3827 462 3873 autem
488 3817 730 3888 legantur
749 3817 804 3872 in
820 3818 1010 3889 vigiliis
1030 3830 1137 3874 tam
1164 3817 1360 3877 Veteris
1379 3821 1695 3878 Testamenti
1713 3842 1871 3897 quam

288 3909 429 3964 Novi
457 3909 649 3965 divina:
679 3911 1029 3966 auctoritatis.
1055 3911 1114 3967 Id
1141 3920 1225 3968 est
1253 3913 1376 3968 libri
1406 3913 1868 3985 Moysis,Genesis,

287 4003 531 4066 Exodus,
555 4002 847 4070 Leviticus,
877 4002 1167 4072 Numerus,
1195 4006 1694 4075 Deuteronomium,
1724 4009 1873 4065 Judi-

285 4108 432 4159 cum,
479 4092 643 4159 Ruth,
681 4092 913 4165 Regum,
950 4094 1420 4167 Paralipomenon,
1454 4098 1576 4166 Joh,
1624 4100 1873 4157 Psalmo—

283 4198 429 4248 rum,
471 4182 745 4251 Salomon,
780 4185 1071 4256 Sapientiae
1098 4186 1252 4251 liber,
1291 4189 1732 4258 Ecclesiasticus,
1763 4193 1871 4248 To-

284 4273 423 4339 bias,
456 4273 672 4343 Esther,
722 4273 928 4341 Juditb,
972 4276 1205 4345 Esdras,
1242 4277 1655 4350 Prophetarum,
1704 4283 1758 4339 id
1788 4292 1873 4340 est

276 4361 477 4430 lsaias,
526 4362 827 4429 Jcremias,
870 4364 1118 4421 Ezechiel
1159 4375 1214 4423 et
1253 4369 1458 4435 Daniel,
1509 4369 1683 4436 Oscae,
1731 4372 1867 4441 Joel,

1902 1791 1952 1850 B

1978 532 2141 581 recte
2165 525 2351 598 gloria:
2378 528 2485 583 dici
2507 537 2752 599 possunt.
2784 529 3047 588 Catholici
3069 548 3199 590 vero
3226 537 3570 599 universales

1979 632 2077 674 seu
2104 619 2382 690 generales
2404 620 2849 692 interpretantur.
2870 623 2989 680 Non
3015 627 3161 681 enim
3191 643 3291 698 per
3310 631 3565 689 haeresim

1978 714 2074 761 aut
2098 707 2332 764 schisma
2356 710 2425 765 ab
2454 711 2749 768 universali
2773 723 3129 785 segregantur
3156 716 3423 774 Ecclesia.

2050 794 2179 852 Post
2208 797 2306 854 llas
2330 816 2449 855 vero
2492 810 2595 856 tres
2633 801 2878 858 lectiones
2906 820 3027 859 cum
3061 811 3404 877 responsoriis
3431 814 3566 880 suis,

1978 901 2266 962 sequantur
2296 894 2485 966 reliqui
2530 913 2625 951 sea:
2669 897 2861 968 psalmi
2907 916 3026 955 cum
3056 900 3286 957 Alleluia
3319 907 3562 961 canendi.

1980 981 2109 1037 Post
2139 985 2231 1039 hos
2255 983 2407 1040 lectio
2433 986 2670 1057 Apostoli
2696 999 2968 1060 sequatur,
2991 1006 3056 1044 ex
3077 992 3232 1045 corde
3262 995 3566 1059 recitando,-

1978 1084 2027 1127 et
2057 1091 2234 1130 versus
2263 1085 2313 1130 et
2344 1079 2659 1148 supplicatio
2684 1079 2907 1146 litanite,
2938 1081 2995 1134 id
3023 1091 3120 1145 est,
3151 1080 3318 1152 Kyrie
3337 1083 3567 1150 eleison;

1979 1176 2027 1221 et
2061 1167 2137 1221 sic
2165 1167 2424 1236 finiantur
2466 1170 2658 1241 vigilite
2706 1181 3000 1227 nocturnis.
3031 1172 3197 1243 Kyrie
3235 1175 3383 1230 enim
3424 1178 3567 1246 apud

1978 1256 2197 1314 Grmcos
2221 1259 2449 1317 Domine
2490 1262 2720 1329 dicitur;
2751 1263 2969 1330 eleison,
2998 1265 3260 1322 miserere
3289 1267 3562 1339 interpre-

1979 1358 2144 1405 tatur.
2191 1351 2453 1409 Similiter
2477 1363 2533 1409 et
2560 1353 2766 1411 Christe
2784 1355 3004 1422 eleisen,
3028 1357 3267 1425 Christe,
3301 1361 3565 1417 miserere

1980 1443 2393 1514 interpretatur.

2599 1537 2829 1595 CAPUT
2870 1540 2939 1595 Χ.

2084 1627 2330 1694 Qualiter
2354 1631 2553 1685 (astatis
2581 1640 2808 1703 tempore
2835 1642 3027 1703 agatur
3050 1645 3308 1690 nocturna
3328 1636 3470 1693 lous.

2049 1718 2095 1771 Α
2122 1716 2335 1774 Pascha
2372 1730 2549 1775 autem
2582 1738 2746 1792 usque
2778 1722 2849 1775 ad
2905 1721 3169 1778 Kalendas
3221 1723 3564 1793 Novembris,

1980 1810 2182 1875 omnis,
2213 1820 2269 1865 ut
2298 1828 2460 1882 supra
2485 1812 2685 1867 dictum
2723 1823 2798 1867 est
2815 1852 2835 1879 ,
2875 1812 3184 1884 psalmodiis
3207 1818 3476 1885 quantitas
3499 1827 3574 1872 te-

1979 1912 2200 1968 neatur;
2225 1913 2460 1974 excepto,
2485 1905 2627 1976 quod
2652 1904 2901 1959 lectiones
2926 1906 2983 1959 in
3005 1906 3201 1970 codice,
3222 1916 3436 1977 propter
3455 1908 3575 1962 bre-

1978 1996 2190 2050 vitatem
2236 1996 2467 2050 noctium
2490 2036 2506 2061 ,
2556 1997 2770 2050 minime
2830 1995 3077 2065 legantur
3114 2009 3134 2048 :
3169 1997 3261 2051 sed
3298 2014 3394 2066 pro
3442 1999 3570 2069 ipsis

1978 2088 2144 2141 tribus
2175 2086 2511 2151 lectionibus,
2546 2104 2653 2141 una
2680 2087 2747 2140 de
2800 2084 2967 2140 Veteri
3010 2085 3339 2141 Testamento
3380 2104 3576 2144 memo-

1978 2179 2109 2232 riter
2126 2180 2353 2244 dicatur,
2377 2195 2536 2250 quam
2561 2178 2706 2233 breve
2721 2178 3107 2247 responsorium
3130 2177 3498 2248 subsequatur,
3519 2191 3574 2236 et

1978 2269 2182 2342 reliqua
2207 2271 2417 2332 omnia,
2449 2279 2508 2323 ut
2537 2269 2738 2323 dictum
2764 2277 2863 2333 est,
2890 2267 3240 2337 impleantur;
3268 2268 3324 2321 id
3358 2276 3437 2323 est
3455 2308 3473 2334 ,
3510 2279 3570 2325 ut

1978 2356 2248 2432 n’unquam
2286 2362 2461 2415 minus
2496 2378 2530 2415 a
2576 2359 2852 2415 duodecim
2892 2359 3219 2431 psalmorum
3245 2361 3568 2432 quantitate,

1978 2453 2047 2508 ad
2077 2452 2284 2524 vigilias
2312 2461 2600 2507 nocturnas
2628 2452 2859 2519 dicatur,
2883 2452 3112 2523 exceptis
3141 2453 3296 2507 tertio
3317 2461 3368 2507 et
3393 2468 3563 2508 nona-

1977 2546 2174 2617 gesimo
2199 2552 2386 2616 quarto
2411 2542 2635 2616 psalmo.

2602 2632 2829 2691 CAPUT
2856 2633 2949 2689 XI.

2126 2728 2370 2796 Qualiter
2410 2727 2702 2782 Dominicis
2740 2725 2924 2781 diebus
2952 2725 3144 2795 vigilia:
3174 2733 3421 2795 agantur.

2049 2819 2326 2873 Dominico
2345 2817 2430 2871 die
2454 2817 2734 2888 temperius
2754 2825 3009 2885 surgatur
3024 2814 3096 2869 ad
3118 2813 3345 2884 vigilias.
3362 2812 3429 2867 In
3447 2813 3567 2884 qui-

1978 2914 2074 2969 bus
2094 2911 2288 2984 vigiliis
2329 2920 2569 2966 teneatur
2611 2925 2888 2973 mensura,
2925 2907 2985 2962 id
3029 2915 3125 2972 est,
3165 2906 3466 2971 modulatis,
3508 2914 3566 2959 ut

1979 3022 2142 3077 supra
2168 3004 2543 3074 disposuimus,
2582 3017 2675 3056 sea:
2726 2998 2944 3070 psalmis
2980 3008 3029 3053 et
3058 3014 3228 3053 versu.
3264 2996 3566 3068 Temperius

1979 3098 2138 3163 dixit,
2177 3098 2231 3152 id
2251 3105 2354 3161 est,
2397 3096 2589 3161 citius,
2613 3094 2783 3163 prius,
2813 3100 2993 3147 antea.
3018 3090 3336 3160 Temperius
3360 3088 3503 3143 enim
3531 3103 3562 3141 a

1974 3197 2217 3259 tempore
2234 3186 2535 3254 ,oadverbio
2559 3184 2838 3255 primitivo
2860 3182 2923 3236 ﬁt
2950 3180 3385 3251 comparativus;
3426 3178 3568 3233 sicut

1974 3297 2006 3337 a
2030 3283 2184 3337 tarde
2211 3281 2450 3345 tardius,
2493 3285 2551 3333 et
2574 3293 2606 3331 a
2626 3277 2736 3331 cito
2758 3274 2821 3329 ﬁt
2839 3274 3020 3330 citius.
3051 3271 3361 3336 Modulatis,
3404 3271 3563 3333 dixit,

1972 3387 2065 3426 sea:
2094 3370 2313 3442 psalmis
2330 3410 2344 3434 ,
2375 3368 2431 3423 id
2460 3372 2564 3431 est,
2595 3365 2861 3429 cantatis,
2890 3363 2946 3418 in
2973 3378 3108 3418 voce
3134 3360 3451 3431 compositis
3476 3358 3565 3413 vel

1972 3460 2243 3517 formatis.
2274 3457 2568 3514 Modulatio
2594 3456 2739 3511 enim
2768 3453 2967 3510 dicitur
2991 3452 3241 3518 dulcedo,
3270 3451 3357 3507 vel
3379 3450 3565 3506 suavi-

1973 3561 2057 3609 tas
2080 3560 2292 3615 cantus,
2318 3564 2438 3620 quae
2457 3547 2520 3604 ﬁt
2541 3548 2595 3602 in
2626 3546 2903 3603 modulata
2932 3561 3130 3601 canora
3157 3559 3311 3600 voce.

2043 3643 2403 3699 Residentibus
2423 3642 2621 3697 cunctis
2644 3640 2892 3712 disposite
2915 3648 2965 3693 et
2985 3656 3081 3710 per
3103 3638 3340 3693 ordinem
3358 3637 3415 3691 in
3438 3636 3563 3691 sub-

1968 3734 2153 3800 selliis,
2181 3734 2425 3804 legantur
2453 3734 2509 3787 in
2532 3732 2730 3798 codice,
2768 3741 2824 3785 ut
2847 3748 3011 3801 supra
3046 3730 3301 3794 diximus,
3327 3737 3558 3799 quatuor

1972 3826 2218 3880 lectiones
2245 3841 2364 3878 cum
2400 3822 2742 3895 responsoriis
2766 3823 2898 3878 suis.
2922 3821 3026 3877 Ubi
3058 3831 3264 3876 tantum
3298 3821 3354 3875 in
3371 3828 3563 3890 quarto

1974 3916 2306 3987 responsorio
2335 3915 2550 3969 dicatur
2568 3931 2603 3967 a
2627 3922 2896 3978 cantante,
2919 3910 3126 3967 Gloria.
3161 3911 3430 3968 Subsellia
3450 3927 3555 3968 ca-

1972 4017 2214 4063 terorum
2243 4006 2522 4061 hominum
2549 4013 2697 4070 sunt,
2724 4005 3007 4060 doctorum
3033 4013 3213 4060 autem
3244 4003 3435 4060 sedilia
3457 4016 3549 4059 cae

1976 4099 2183 4154 thedree
2212 4104 2494 4153 vocantur.
2535 4095 2671 4150 Nam
2695 4096 2852 4151 sedes
2881 4095 3226 4166 singulariter
3263 4103 3319 4150 et
3343 4094 3558 4165 proprio

1973 4190 2124 4259 regni
2144 4197 2249 4254 est,
2279 4187 2535 4244 subsellia
2554 4195 2736 4242 autem
2760 4201 2793 4241 a
2818 4186 3077 4252 sedendo,
3106 4185 3260 4255 quasi
3287 4185 3559 4241 subsessia

1974 4289 2372 4349 nuncupantur.

2048 4371 2219 4438 Quam
2247 4370 2375 4425 dum
2397 4372 2606 4442 incipit,
2633 4384 2758 4425 mox
2785 4385 2962 4425 omnes
2989 4385 3109 4424 cum
3140 4368 3424 4424 reverentia
3441 4384 3561 4422 sur-

284 4453 474 4549 hmos,
512 4452 739 4549 dbdias,
787 4453 972 4519 Jonas,
1021 4457 1257 4514 Micheas
1278 4499 1293 4526 ,
1322 4457 1553 4524 Nahum,
1593 4461 1864 4531 Habacuc,
1892 4489 1946 4549 Ι)
1972 4472 2119 4534 gant.
2145 4460 2273 4519 Post
2293 4478 2426 4534 quas
2447 4462 2717 4527 lectiones,
2747 4469 3038 4532 sequantur
3062 4476 3129 4514 ea:
3150 4460 3334 4514 ordine
3351 4458 3446 4512 alii
3466 4474 3562 4513 sea:

286 4545 625 4615 Sophonias,
656 4546 904 4619 Aggzeus,
951 4549 1262 4615 Zacharias,
1310 4550 1623 4617 Malachias,
1656 4564 1711 4609 et
1754 4555 1868 4610 Ma—
1892 4545 1930 4549 ⁷
1967 4555 2157 4625 psalmi
2199 4572 2319 4610 cum
2363 4553 2665 4625 antiphonis
2691 4594 2706 4620 ,
2742 4555 2880 4608 sicut
2925 4554 3235 4617 anteriores,
3276 4562 3331 4607 et
3358 4566 3554 4606 versus.

283 4636 650 4692 chabteornm.
722 4638 1138 4711 Evangeliorum
1186 4648 1422 4710 quatuor
1454 4641 1612 4709 libri,
1658 4644 1712 4700 id
1761 4654 1865 4713 est,

285 4731 588 4797 Matthteus,
617 4731 849 4799 Marcus,
879 4734 1051 4789 Lucas
1073 4742 1128 4790 et
1147 4732 1404 4788 Joannes.
1435 4734 1690 4805 Epistolas
1713 4735 1868 4793 Pauli

283 4821 711 4891 quatuordecim,
731 4823 787 4877 id
812 4831 896 4877 est
920 4823 987 4878 ad
1010 4822 1283 4878 Romanos
1305 4839 1433 4890 una,
1463 4825 1532 4880 ad
1553 4825 1867 4884 Corinthios

283 4914 422 4979 dum,
449 4913 517 4969 ad
546 4912 764 4969 Galatas
791 4929 921 4979 una,
941 4917 1008 4969 ad
1033 4914 1294 4984 Ephesios
1319 4931 1445 4981 una,
1470 4916 1537 4971 ad
1558 4917 1866 4990 Philippeu-

283 5018 371 5058 scs
399 5017 527 5069 una,
564 5002 631 5057 ad
671 5001 1183 5059 Thessalonicenses
1233 5003 1372 5069 duae,
1402 5006 1470 5060 ad
1513 5006 1862 5066 Colossenses

283 5109 413 5160 una,
444 5093 511 5149 ad
542 5094 883 5149 Timotheum
913 5094 1064 5159 dum,
1094 5093 1161 5146 ad
1199 5092 1381 5149 Titum
1410 5112 1535 5161 una,
1578 5099 1644 5153 ad
1681 5099 1846 5155 Phile

283 5199 497 5239 nionem
549 5199 674 5248 una,
709 5182 778 5237 ad
828 5181 1082 5239 Hebrzeos
1124 5199 1265 5251 una,
1305 5185 1491 5244 Jacobi
1536 5206 1665 5257 una,
1713 5190 1861 5246 Petri

283 5278 421 5344 duae,
448 5275 670 5332 Joannis
717 5282 858 5340 tres,
889 5273 1041 5331 Judxe
1086 5291 1215 5344 una,
1252 5278 1420 5335 Actus
1469 5281 1859 5351 apostolorum,

282 5365 652 5441 Apocalypsis.

356 5457 463 5512 Sed
490 5468 539 5512 et
582 5458 927 5529 expositiones
969 5474 1168 5524 earum,
1195 5476 1313 5531 qua;
1351 5476 1384 5514 a
1424 5461 1859 5517 nominatissimis

283 5548 580 5603 doctoribus
597 5549 899 5605 orthodoxis
917 5558 967 5605 et
982 5551 1252 5606 catholicis
1269 5551 1521 5605 Patribus
1540 5552 1696 5621 factm
1714 5563 1856 5609 sunt.

285 5637 581 5694 Orthodoxi
622 5639 874 5697 dicuntur
918 5641 1021 5696 viri
1059 5641 1344 5705 catholici,
1369 5640 1425 5695 in
1470 5641 1576 5697 ﬁde
1620 5643 1773 5709 recti,
1803 5645 1856 5700 in

287 5729 393 5784 vita
428 5730 750 5799 probabiles.
781 5730 949 5788 Ortbo
973 5732 1117 5787 enim
1144 5732 1285 5803 apud
1313 5730 1529 5788 Graecos
1555 5743 1699 5789 recte
1729 5736 1861 5794 dici-

1967 4646 2097 4702 Post
2122 4663 2250 4719 quos
2281 4646 2472 4700 iterum
2498 4644 2739 4715 legantur
2758 4644 2881 4699 alia:
2898 4654 3131 4715 quatuor
3164 4643 3404 4698 lectiones
3438 4657 3558 4695 cum

1966 4738 2309 4810 responsoriis
2330 4738 2440 4792 suis
2459 4736 2646 4791 ordine
2673 4754 2776 4808 quo
2798 4754 2980 4807 supra.
3007 4736 3164 4794 Sicut
3180 4737 3333 4792 enim
3346 4736 3432 4791 die
3452 4735 3559 4789 Do-

1964 4830 2168 4886 minico
2207 4827 2490 4883 duodecim
2521 4826 2634 4880 vult
2664 4826 2897 4897 pleniter
2924 4827 3159 4898 psallere
3190 4826 3450 4897 psalmos,
3480 4825 3558 4880 ita

1965 4922 2080 4978 vult
2113 4918 2398 4977 duodecim
2426 4917 2609 4988 legere
2636 4916 2916 4984 lectiones,
2944 4926 3003 4974 et
3027 4916 3251 4974 totidem
3271 4930 3558 4988 responso-

1963 5013 2045 5068 ria
2073 5011 2379 5066 decantare.

2038 5103 2166 5160 Post
2192 5120 2323 5175 quas
2342 5104 2535 5157 iterum
2556 5102 2808 5157 dicantur
2825 5102 2929 5155 tria
2953 5102 3160 5156 cantica
3181 5102 3246 5156 de
3264 5100 3551 5173 prophetis,

1961 5210 2081 5265 qua:
2106 5194 2394 5249 instituerit
2417 5192 2603 5248 abbas.
2632 5193 2711 5248 Ea
2732 5192 2877 5248 enim
2910 5192 3193 5249 instituere
3226 5191 3437 5247 cantica
3456 5192 3554 5245 de-

1965 5285 2058 5341 bet
2088 5285 2257 5339 abbas
2297 5299 2419 5355 quae
2445 5282 2810 5352 temporibus,
2841 5278 3225 5336 festivitatibus
3253 5287 3556 5351 cangruant

1967 5383 2024 5430 et
2050 5375 2261 5431 diebus.

2039 5467 2171 5533 Quae
2199 5469 2406 5522 cantica
2435 5482 2555 5521 cum
2576 5464 2795 5520 alleluia
2815 5462 3134 5534 psallantur.
3171 5463 3392 5520 Cantica
3419 5473 3553 5522 tunc

1967 5556 2178 5627 Moyses
2222 5558 2456 5626 primum
2503 5555 2708 5611 invexit
2750 5552 2967 5624 quando
3011 5567 3271 5623 percussa
3310 5553 3554 5627 Egypto

1967 5645 2151 5701 decem
2175 5645 2379 5716 plagis,
2427 5654 2483 5700 et
2522 5645 2809 5700 Pharaone
2844 5648 3130 5702 submerso
3163 5659 3285 5698 cum
3315 5644 3549 5714 populis,

1966 5750 2064 5806 per
2086 5736 2289 5793 insueta
2314 5735 2481 5790 maris
2504 5734 2701 5791 itinera
2725 5735 2791 5789 ad
2819 5736 3094 5793 desertum
3121 5732 3550 5805 gratulabundus
