3944 6450
319 300 423 354 853

1370 295 1722 353 COMMENT.
1765 298 1830 352 IN
1875 299 2029 357 ΠΕΟ.
2074 304 2132 357 S.
2175 303 2556 362 BENEDICTL

3466 312 3572 368 836

321 423 576 480 egressus
620 413 706 459 est
752 406 937 460 dicens
979 424 990 458 :
1035 404 1316 458 Cantemus
1362 405 1587 459 Dommo
1619 447 1633 469 ,
1682 408 1905 476 gloriose
1931 423 1982 481 Α
2008 419 2086 475 ut,
2119 413 2244 480 quia
2276 413 2328 466 in
2356 415 2607 469 omnibus
2630 413 2887 470 fratribus
2919 416 3252 488 negligenter
3283 434 3450 490 agens
3474 422 3571 475 dc-

321 499 457 552 enim
487 497 867 563 honoriﬁcatus
893 504 967 548 est
1013 493 1210 563 (Exod.
1256 493 1342 565 xv)
1368 511 1381 557 ;
1433 495 1625 550 deinde
1656 495 1901 550 Debbora

323 603 428 642 non
462 587 714 659 ignobilis
735 586 935 640 femina
960 586 1014 638 in
1042 584 1181 639 libro
1203 583 1450 639 Judicum
1475 587 1578 640 hoc
1600 587 1902 642 ministerio

325 680 507 732 functa
551 677 868 746 reperitur;
905 681 1089 745 postea
1123 675 1323 730 multos
1368 691 1475 730 non
1512 677 1686 730 solum
1719 678 1898 744 viros,

323 770 416 826 sed
452 771 616 825 etiam
652 769 882 822 feminas
913 768 1115 836 Spiritu
1143 769 1326 822 divino
1354 769 1649 838 completas
1686 769 1778 824 Dei
1814 785 1904 824 ce-

323 858 523 913 cinisse
551 857 830 927 mysteria.

394 946 546 1000 Dicto
570 947 728 998 etiam
753 961 904 998 versu
947 955 996 999 et
1041 947 1369 1000 benedicente
1422 947 1626 1012 abbate,
1662 947 1905 1017 legantur

321 1037 445 1090 alite
490 1045 717 1106 quatuor
768 1034 1011 1089 lectiones
1049 1035 1111 1089 de
1160 1035 1309 1088 Novo
1349 1035 1694 1100 Testamento,
1723 1036 1905 1090 ordine

321 1144 425 1198 quo
451 1143 631 1195 supra.
660 1123 790 1178 Post
813 1135 1058 1195 quartum
1073 1136 1242 1179 autem
1272 1127 1658 1196 responsorium
1689 1126 1904 1196 incipiat

325 1215 486 1268 abbas
518 1215 785 1283 hymnum,
821 1214 893 1268 Te
929 1215 1096 1268 Deum
1147 1214 1448 1269 laudamus.
1509 1214 1626 1278 Quo
1663 1214 1902 1284 perdicto

321 1304 461 1375 legat
486 1304 645 1358 abbas
667 1303 936 1357 lectionem
953 1304 1018 1358 de
1043 1303 1346 1374 Evangelia,
1370 1319 1488 1357 cum
1509 1305 1705 1356 honore
1725 1313 1772 1356 et
1796 1312 1904 1355 tre-

327 1413 472 1450 more
513 1394 771 1450 stantibus
823 1395 1080 1448 omnibus.
1116 1395 1235 1459 Qua
1285 1393 1530 1464 perlecta,
1561 1393 1904 1462 respondeant

323 1503 522 1550 omnes,
550 1487 736 1539 Amen.
769 1483 838 1537 Et
864 1485 1207 1555 subsequatur
1251 1499 1372 1536 mox
1421 1482 1582 1536 abbas
1631 1482 1900 1551 hymnum,

326 1575 396 1628 'l‘e
423 1575 564 1628 decet
590 1573 728 1627 laus.
760 1571 828 1625 Et
858 1571 985 1625 data
1015 1571 1403 1636 benedictione,
1426 1571 1681 1641 incipiant
1719 1569 1903 1622 Matu-

322 1665 480 1716 tinos.
529 1662 674 1716 Dicit
709 1661 855 1716 enim
908 1661 1134 1730 incipiat
1183 1660 1352 1714 abbas
1396 1649 1675 1730 himnum,
1709 1658 1901 1713 lectio—

2006 499 2186 568 liqnit,
2233 504 2300 556 ab
2353 505 2601 559 omnibus
2659 505 2996 562 satisfaciens
3045 508 3310 574 videatur,
3370 519 3425 565 et
3473 527 3573 580 pro

2002 592 2119 661 ejus
2148 593 2344 648 delicto
2371 595 2584 649 veniam
2611 596 2679 649 ab
2702 597 2951 652 omnibus
2992 597 3422 669 Cunctipotentis
3473 601 3574 654 im-

2001 683 2218 751 plorare
2248 684 2694 739 misericordiam.

2606 775 2831 830 CAPUT
2856 777 2966 830 ΧΙΙ.

2177 866 2418 932 Qualiter
2455 869 2828 920 matutinorum
2867 868 3164 923 solemnitas
3189 881 3396 940 agatur.

2076 958 2400 1013 Solemnitas
2445 958 2642 1012 dicitur
2687 959 3053 1028 religiositatis
3094 959 3391 1026 festivitas,
3446 979 3578 1017 con-

2004 1061 2196 1105 ventus
2227 1051 2444 1115 lzetitiae,
2471 1066 2590 1120 qua:
2617 1051 2731 1104 fieri
2761 1067 2881 1105 cum
2909 1061 3178 1107 conventu
3218 1054 3571 1123 jncnnditatis

2004 1144 2159 1197 solet.
2207 1143 2532 1199 Solemnitas
2575 1145 2718 1198 enim
2772 1145 2839 1200 ab
2891 1160 2956 1199 eo
3005 1145 3148 1212 quod
3201 1145 3336 1200 solet
3379 1163 3578 1202 nomen

2004 1236 2231 1304 accepit.

2079 1324 2140 1377 In
2171 1325 2446 1378 Matutinis
2477 1325 2750 1378 Dominico
2778 1325 2862 1378 die
2895 1325 2950 1378 in
2986 1326 3168 1395 primis
3190 1324 3400 1378 dicatur
3425 1342 3578 1380 sexa-

2002 1414 2226 1482 gesimus
2246 1423 2422 1467 sextus
2446 1412 2678 1484 psalmus
2707 1414 2818 1466 sine
2860 1415 3145 1484 antiphona
3194 1415 3250 1467 in
3295 1413 3571 1468 directum.

2004 1501 2132 1557 Post
2155 1520 2304 1574 quem
2325 1505 2534 1558 dicatur
2555 1504 3012 1575 qumquagesimus
3037 1521 3153 1558 cum
3177 1504 3422 1558 Alleluia.
3450 1505 3579 1559 Post

2002 1611 2151 1666 quem
2181 1594 2392 1648 dicatur
2417 1595 2725 1648 centesimus
2757 1595 3006 1664 septimus
3033 1595 3282 1657 decimus,
3332 1605 3381 1649 et
3427 1612 3580 1649 sexa-

2003 1685 2228 1748 gesimus
2259 1685 2538 1738 secundus.
2572 1685 2704 1738 Inde
2733 1685 3132 1749 benedictioncs,
3157 1695 3206 1738 et
3247 1687 3462 1751 Iaudes;
3502 1686 3578 1740 le-

324 1769 555 1823 uemque
575 1753 854 1823 Evangelii
875 1752 1046 1823 legat;
1099 1761 1283 1807 tamen
1307 1767 1414 1806 non
1437 1752 1554 1806 haec
1579 1767 1770 1806 omnes
1803 1753 1898 1806 de-

2004 1775 2107 1826 ctio
2131 1791 2236 1826 una
2265 1774 2330 1826 de
2357 1774 2670 1844 Apocalypsi
2700 1790 2764 1828 ex
2791 1774 2964 1837 corde,
2993 1783 3043 1826 et
3075 1774 3501 1844 Responsorium,
3529 1787 3577 1830 et

323 1849 453 1900 bent
489 1846 777 1913 valentque
823 1844 1002 1899 facere
1047 1845 1289 1900 abbates.
1331 1842 1471 1898 Sunt
1498 1844 1645 1898 enim
1687 1843 1779 1912 qui
1807 1852 1901 1896 aut

324 1937 649 2007 impediente
693 1935 850 2006 culpa
916 1951 1025 1990 non
1073 1935 1290 1998 debent,
1323 1946 1417 1988 aut
1471 1934 1903 2003 impossibilitate

323 2039 549 2098 cogente
578 2042 685 2080 non
715 2027 914 2080 valent.
938 2025 1107 2096 Igitur
1146 2033 1271 2080 sunt
1307 2026 1532 2079 abbates
1571 2025 1662 2093 qui
1688 2040 1790 2078 nec
1813 2040 1902 2078 sa-

320 2118 580 2183 cerdotis,
610 2132 710 2172 nec
738 2117 912 2172 levitas
963 2118 1260 2186 funguntur
1296 2115 1630 2181 ministerio,
1674 2124 1730 2170 et
1772 2114 1897 2170 ideo

323 2225 423 2264 nec
439 2217 850 2264 sacrosanctum
888 2208 1070 2277 legere
1097 2214 1325 2276 possunt
1359 2205 1732 2276 Evangelium.
1762 2205 1898 2260 Can-

322 2303 456 2356 toris
481 2317 587 2356 non
616 2309 828 2371 gestant
869 2299 1122 2364 cilicium,
1145 2306 1200 2352 et
1227 2299 1348 2352 ideo
1377 2313 1485 2352 non
1509 2305 1739 2367 possunt
1767 2296 1902 2350 Am-

322 2394 638 2448 brosianum
690 2391 997 2446 altiboando
1050 2391 1287 2458 incipere
1341 2390 1619 2459 hymnum.
1670 2387 1902 2456 Gregem

322 2493 504 2538 tamen
539 2497 662 2536 cum
718 2495 954 2550 superno
999 2479 1277 2547 juvamine
1322 2486 1548 2548 possunt
1597 2479 1902 2546 gubernare

319 2574 424 2628 sibi
453 2571 825 2636 commissum,
850 2579 906 2624 et
937 2579 1226 2638 propterea
1265 2567 1538 2638 eligantur
1573 2568 1642 2620 ad
1687 2566 1900 2620 abbatis

320 2663 683 2718 ministerium
721 2662 1106 2732 peragendum.
1161 2660 1416 2713 Attamen
1461 2660 1509 2713 si
1557 2659 1730 2726 ipsum
1761 2673 1900 2727 Opus

319 2755 456 2808 bene
481 2753 662 2807 facere
697 2753 856 2807 debet
901 2759 995 2804 aut
1047 2749 1324 2820 praevalet,
1353 2749 1520 2804 abbas
1566 2748 1751 2802 faciat.
1801 2747 1899 2802 Sin

320 2850 500 2897 autem
523 2856 629 2896 non
653 2841 825 2907 valet,
856 2840 1125 2896 valentem
1154 2840 1333 2895 facere
1373 2841 1674 2910 permittat,
1700 2857 1894 2897 secun-

319 2930 449 2984 dum
477 2931 623 3000 quod
652 2930 797 2985 idem
825 2931 1020 2985 beatus
1047 2930 1368 2984 Benedictus
1389 2929 1497 2983 alio
1532 2929 1652 2985 loco
1681 2945 1893 3000 prace-

315 3022 402 3091 pit
421 3023 607 3078 dicens
632 3039 645 3075 ε
674 3022 905 3077 Cautare
923 3031 1104 3075 autem
1140 3029 1197 3075 et
1225 3036 1411 3091 regere
1439 3035 1546 3075 non
1581 3029 1890 3091 praesumat,

2003 1863 2438 1928 Ambrosianum;
2474 1881 2672 1929 versus,
2705 1866 2966 1918 canticum
2993 1866 3056 1920 de
3104 1865 3404 1938 Evangelia,
3434 1867 3578 1922 Lita-

2001 1953 2123 2016 nia;
2162 1962 2210 2006 et
2238 1952 2550 2021 completum
2573 1963 2665 2006 est.

2593 2057 2822 2114 CAPUT
2853 2059 2984 2115 XIII.

2145 2148 2384 2213 Qualiter
2414 2149 2631 2218 privatis
2665 2149 2849 2203 diebus
2900 2151 3141 2205 matutini
3193 2164 3434 2222 agantur.

2071 2237 2304 2292 Privatis
2329 2239 2473 2292 enim
2503 2239 2690 2294 diebus
2717 2240 2846 2294 dicit
2899 2241 2952 2296 id
2989 2241 3295 2307 est,oﬂiciis
3323 2246 3574 2314 publicis,

2001 2327 2276 2382 extraneis
2317 2327 2400 2380 vel
2449 2329 2744 2398 segregatis
2809 2329 3018 2384 Prtvari
3056 2333 3200 2386 enim
3227 2334 3446 2402 ponitur
3477 2353 3576 2405 pro

2001 2418 2166 2483 malo,
2194 2417 2438 2472 utJacob
2468 2419 2689 2473 Racheli
2713 2419 2786 2472 ait
2818 2438 2830 2474 :
2866 2419 2918 2473 Ν
2925 2437 3010 2474 um
3040 2439 3133 2492 pro
3165 2422 3274 2476 Deo
3307 2440 3399 2492 ego
3427 2442 3570 2489 sum,

1997 2508 2088 2578 qui
2121 2509 2344 2577 privavit
2367 2517 2416 2560 te
2441 2508 2617 2578 fructu
2655 2510 2848 2562 ventris
2875 2511 2951 2562 tui
2981 2507 3134 2580 (Cen.
3170 2510 3342 2583 xxx)?
3368 2513 3578 2567 Dicitur

1999 2607 2054 2652 et
2096 2599 2340 2668 privatus
2385 2599 2613 2663 amicus,
2649 2599 2699 2652 id
2729 2607 2828 2661 est,
2862 2599 2930 2654 ab
2981 2599 3101 2653 aliis
3145 2611 3489 2672 segregatus,
3524 2613 3580 2658 et

1999 2689 2316 2744 familiarius
2346 2691 2561 2744 caeteris
2597 2690 2652 2744 in
2685 2691 2921 2745 amicitia
2944 2690 3190 2758 junctus.

2069 2777 2262 2831 Diebus
2288 2787 2462 2831 autem
2486 2779 2702 2847 privatis
2732 2779 3116 2836 Matutinarum
3151 2781 3450 2837 solemnitas
3503 2785 3579 2839 ita

1997 2877 2207 2935 agatur,
2238 2875 2292 2920 ut
2334 2868 2684 2936 sexagesimus
2731 2878 2907 2922 sextus
2944 2870 3180 2940 psalmus
3223 2873 3432 2925 dicatur
3464 2875 3576 2929 sine

1996 2955 2305 3026 antiphona,
2343 2955 2692 3010 subtrahendo
2723 2958 2940 3022 modice,
2971 2959 3104 3012 sicut
3142 2961 3197 3014 in
3241 2961 3514 3016 Dominico
3553 2979 3573 3017 :

1997 3054 2054 3097 ut
2083 3062 2259 3099 omnes
2295 3055 2570 3100 occurrant
2597 3045 2666 3099 ad
2686 3047 3186 3118 quinquagesimum,
3215 3052 3307 3119 qui
3334 3067 3451 3104 cum
3475 3070 3577 3106 an-

322 3111 425 3165 nisi
465 3113 557 3181 qui
585 3121 762 3182 potest
791 3112 965 3179 ipsum
995 3109 1227 3164 cilicium
1257 3109 1512 3177 implere,
1541 3118 1600 3164 ut
1626 3111 1890 3165 aedificen-

2004 3135 2212 3206 tipltona
2252 3135 2477 3189 dicatur.
2506 3134 2631 3190 Post
2667 3103 2943 3207 q'uem'alii
2969 3138 3073 3190 duo
3097 3103 3286 3208 psalmi
3328 3139 3576 3194 dicantur

319 3210 411 3255 tur
437 3202 733 3256 audientes.
771 3201 925 3268 Quod
960 3211 1142 3256 autem
1177 3199 1328 3264 dicit,
1355 3200 1594 3269 perfecta
1622 3200 1897 3271 Evangelii

320 3288 594 3357 ιέὲιίοιιθ,⁵
616 3291 980 3360 respondeant
1014 3302 1224 3353 omnes,
1245 3289 1450 3354 Amen;
1502 3289 1798 3359 incongrue
1817 3289 1899 3344 di-

322 3391 465 3439 ctum
490 3400 522 3437 a
553 3383 827 3453 plerisque
853 3381 1061 3434 videtur
1086 3391 1141 3434 et
1168 3380 1390 3434 factum.
1433 3379 1575 3434 Dicit
1609 3381 1754 3435 enim
1789 3396 1897 3436 non

327 3472 378 3525 in
421 3473 671 3526 omnibus
715 3471 992 3538 Evangelii
1033 3469 1232 3545 finibus
1279 3471 1535 3524 comenit
1572 3471 1898 3539 respondere

319 3559 521 3625 Amen;
554 3568 611 3614 et
638 3560 758 3614 ideo
804 3556 1132 3628 superﬂuum
1166 3559 1379 3612 videtur
1412 3573 1534 3613 esse
1567 3559 1898 3628 descriptum

323 3662 484 3721 atque
522 3653 816 3722 prolatum.
849 3651 1083 3725 Quibus.
1109 3651 1541 3718 respondendum
1589 3659 1693 3706 est.
1723 3651 1898 3705 Amen

319 3746 466 3800 enim
495 3748 636 3812 apud
653 3743 874 3796 Latinos
891 3745 1027 3796 duas
1044 3743 1208 3796 habet
1236 3744 1662 3812 significationes
1689 3760 1704 3798 :
1735 3760 1897 3799 unam

319 3834 551 3897 orantis,
575 3833 660 3886 vel
688 3833 943 3901 optantis,
967 3833 1184 3899 quando
1208 3832 1430 3900 ponitur
1446 3847 1546 3900 pro
1569 3834 1680 3898 fiat,
1701 3844 1761 3888 ut
1788 3846 1896 3900 est,

319 3929 392 3983 Et
430 3929 555 3981 dicit
601 3927 769 3980 omnis
795 3925 1036 3996 populus,
1067 3924 1262 3989 Amen,
1282 3939 1454 3988 amen,
1485 3939 1583 3994 pro
1611 3925 1725 3990 ﬁat,
1760 3926 1893 3992 ﬁat;

323 4015 664 4078 atlirmantis,
689 4022 768 4080 ut,
791 4030 943 4068 amen
969 4013 1086 4066 dico
1108 4013 1273 4078 vobis,
1300 4022 1405 4067 etc.
1425 4014 1556 4069 Sine
1585 4029 1691 4067 una
1717 4028 1785 4066 ex
1806 4014 1892 4068 bis

322 4109 532 4162 duabus
560 4104 1044 4176 significationibus
1083 4103 1247 4158 linem
1295 4103 1574 4174 Evangelii
1619 4119 1896 4172 nunquam

324 4201 584 4256 invenies.
613 4200 683 4253 Et
706 4199 827 4252 ideo
854 4213 960 4252 non
989 4197 1306 4266 incongrue,
1332 4195 1427 4250 sed
1459 4196 1594 4250 satis
1623 4204 1767 4265 apte,
1806 4211 1894 4250 ra-

325 4292 654 4348 tionabiliter
681 4293 736 4346 in
765 4289 1014 4345 omnibus
1041 4287 1456 4359 Evangeliorum
1478 4288 1674 4344 ﬁnibus
1690 4305 1721 4343 a
1739 4291 1896 4347 nobis

328 4383 754 4453 respondendum
783 4389 868 4436 est
891 4380 1084 4444 Amen,
1116 4387 1175 4432 ut
1201 4393 1302 4437 nos
1327 4377 1558 4433 dicendo
1587 4396 1765 4445 amen,
1797 4390 1912 4436 aut.

2000 3225 2282 3278 secundum
2310 3225 2750 3287 consuetudinem,
2768 3226 2824 3279 id
2837 3236 2932 3291 est,
2951 3228 3179 3282 secunda
3196 3227 3349 3298 feria,
3367 3230 3579 3300 quintus

2001 3326 2049 3370 et
2066 3318 2356 3371 tricesimus
2370 3319 2584 3388 quintus
2598 3318 2748 3372 tertia
2771 3319 2924 3388 feria,
2938 3320 3368 3390 quadragesimus
3387 3338 3576 3377 secuit-

1997 3407 2113 3470 dus,
2145 3417 2192 3460 et
2229 3407 2687 3478 quinquagesimus
2716 3418 2928 3473 sextus;
2969 3392 3156 3479 qudrta
3185 3409 3339 3479 feria,
3367 3427 3580 3480 sexage-

1996 3498 2159 3550 simus
2188 3497 2390 3562 tertius,
2426 3505 2473 3550 et
2521 3497 2872 3567 sexagesimus
2910 3507 3163 3568 quartus;
3211 3499 3393 3568 quinta
3417 3497 3577 3567 ferta,

1998 3587 2341 3656 octogesimus
2390 3587 2659 3656 septimus,
2690 3597 2737 3639 et
2774 3587 3116 3657 octogesimus
3167 3604 3376 3650 nonus;
3423 3600 3575 3642 sexta

1996 3676 2150 3745 feria,
2182 3677 2592 3746 septuagesimus
2633 3677 2844 3747 quintus
2870 3686 2919 3730 et
2948 3678 3313 3747 nonagesimus
3340 3679 3575 3748 primus;

1995 3764 2212 3817 sabbato
2242 3774 2416 3818 autem
2436 3806 2450 3830 ,
2479 3767 2788 3820 centesimus
2816 3767 3248 3837 quadragesimus
3297 3769 3578 3836 secundus,

1995 3861 2045 3904 et
2089 3853 2350 3906 canticum
2407 3853 2817 3917 Deuteronomii,
2850 3855 2990 3924 quod
3032 3855 3298 3909 dividatur
3343 3859 3399 3910 in
3445 3857 3578 3912 duas

1997 3936 2228 3991 Glorias.
2278 3937 2424 3992 Nam
2451 3942 2654 3994 ca'teris
2677 3941 2858 3995 diebus
2885 3945 3146 3996 canticum
3176 3947 3580 4017 unumquodque

1995 4025 2080 4079 die
2108 4042 2204 4079 suo
2231 4042 2296 4079 ex
2319 4029 2582 4098 prophetis
2625 4030 2760 4083 sicut
2798 4031 2977 4100 psallit
3030 4030 3262 4086 Ecclesia
3311 4033 3576 4102 Romana,

1995 4114 2223 4168 dicatur.
2280 4113 2410 4170 Post
2453 4117 2566 4170 Ita’c
2625 4127 2914 4189 sequantur
2949 4119 3132 4173 laudes
3159 4135 3177 4172 :
3208 4120 3395 4175 deinde
3423 4122 3577 4179 lectio

1994 4220 2102 4258 una
2153 4203 2390 4275 Apostoli
2443 4207 2742 4260 memoriter
2791 4208 3062 4261 recitando
3100 4221 3118 4259 :
3167 4211 3572 4278 responsorium,

1995 4295 2418 4360 Ambrosianum,
2443 4298 2923 4362 versus,canticum
2961 4298 3026 4352 de
3061 4297 3388 4368 Evangelia:
3421 4299 3576 4355 Lita-

2001 4385 2119 4448 nia,
2143 4394 2190 4438 et
2229 4385 2538 4455 completum
2579 4395 2674 4441 est.
2731 4385 2900 4442 Planc
2939 4388 3144 4458 agenda
3191 4389 3475 4456 Matutino,
3498 4391 3576 4446 vel

323 4446 576 4549 praedicta
599 4477 829 4531 ﬁdeliter
849 4475 1088 4537 credere,
1107 4481 1200 4526 aut
1222 4487 1341 4526 uuae
1361 4471 1748 4540 promittuntur
1771 4491 1898 4543 pro-
1922 4446 1976 4504 Β
2014 4446 2316 4543 Vespertina
2342 4446 2446 4528 non
2484 4485 2716 4530 transeat
2739 4446 3047 4548 aliquando,
3070 4477 3171 4530 nisi
3200 4479 3254 4532 in
3282 4446 3473 4533 ultimo.
3490 4497 3578 4534 or-

325 4569 461 4623 ticua
508 4567 754 4622 obtinere
799 4579 899 4619 nos
951 4563 1119 4628 velle,
1147 4562 1384 4630 optando
1409 4569 1465 4616 et
1499 4563 1706 4618 orando
1745 4580 1898 4618 mon-

323 4667 573 4713 stremus.

398 4750 500 4814 Qui
555 4747 683 4802 ordo
729 4745 1047 4815 vigiliarum,
1075 4760 1214 4798 omni
1262 4751 1512 4812 tempore,
1543 4752 1652 4798 tam
1698 4749 1896 4802 aestatis

323 4855 479 4910 quam
511 4837 714 4900 hiemis,
731 4834 1003 4905 (equaliter
1027 4835 1082 4889 in
1095 4837 1180 4890 die
1195 4837 1471 4892 Dominico
1494 4848 1766 4902 teneatur;
1795 4840 1894 4892 nisi

327 4932 462 5000 forte
497 4929 654 5000 (quod
698 4926 854 4997 absit)
885 4927 1092 4982 tardius
1139 4940 1381 4999 surgant,
1411 4940 1458 4984 et
1489 4930 1689 5000 aliquid
1727 4929 1791 4983 de
1818 4930 1886 4984 le-

325 5022 582 5075 ctionibus
607 5021 940 5076 breviandum
958 5033 1032 5076 est
1053 5033 1144 5076 aut
1173 5025 1530 5095 responsoriis.
1549 5024 1702 5089 Quod
1725 5033 1897 5077 tamen

327 5115 538 5168 omnino
568 5125 815 5168 caveatur
839 5131 901 5168 ne
917 5116 1206 5183 proveniat.
1239 5115 1391 5180 Quod
1410 5117 1456 5169 si
1492 5117 1792 5185 contigerit,
1815 5115 1897 5168 di-

325 5220 424 5272 gne
443 5203 563 5256 inde
583 5203 875 5272 satisfaciat
898 5203 1006 5257 Deo
1031 5204 1087 5256 in
1102 5206 1356 5268 oratorio,
1377 5220 1470 5274 per
1492 5205 1646 5273 cujus
1674 5205 1894 5258 evenerit

327 5293 632 5362 neglectum.
663 5293 834 5363 Digne
862 5291 1206 5358 satisfacere,
1231 5303 1317 5348 est
1351 5295 1642 5349 secundum
1674 5295 1892 5348 modum

326 5383 496 5451 culpae
535 5383 833 5453 regularem
864 5384 1156 5438 vindictam
1189 5384 1476 5438 sustinere.
1503 5382 1638 5436 Nam
1675 5384 1767 5451 qui
1796 5398 1896 5452 pro

328 5473 430 5527 levi
460 5473 618 5543 culpa
647 5474 909 5544 graviter,
941 5483 1035 5527 aut
1069 5488 1168 5542 pro
1200 5474 1352 5543 gravi
1384 5474 1576 5528 leviter
1596 5472 1894 5540 judicatur,

327 5566 487 5635 digne
513 5565 828 5620 satisfacere
853 5581 960 5620 non
990 5565 1224 5620 videtur.
1253 5565 1375 5620 Ideo
1404 5574 1583 5620 autem
1610 5580 1709 5636 per
1745 5564 1896 5622 cuius

328 5657 538 5726 culpam
561 5656 803 5713 evenerit
835 5656 890 5712 in
915 5654 1176 5723 oratorio,
1200 5668 1323 5710 eum
1356 5653 1674 5712 satisfacere
1710 5655 1892 5727 jubet;

2004 4566 2145 4630 dine,
2174 4563 2358 4618 Oratio
2383 4565 2681 4631 Dominico,
2708 4565 2944 4620 omnibus
2985 4567 3337 4632 audientibus,
3365 4569 3576 4624 dicatur

2003 4673 2034 4708 a
2057 4655 2249 4724 priore,
2272 4665 2479 4725 propter
2497 4655 2866 4710 scandalorum
2885 4657 3082 4727 spinas,
3107 4673 3222 4728 qua:
3247 4658 3378 4711 oriri
3405 4655 3574 4713 solent

1999 4747 2055 4800 in
2093 4750 2406 4801 monasterio
2432 4761 2450 4798 :
2479 4758 2534 4801 ut
2565 4749 2800 4802 conventi
2827 4764 2920 4819 per
2942 4749 3106 4819 ipsius
3134 4751 3387 4804 orationis
3412 4766 3572 4816 spon-

1999 4838 2216 4902 sionem,
2243 4855 2346 4908 qua
2393 4839 2570 4892 dicunt
2615 4852 2634 4889 .'
2680 4839 2898 4893 Dimitte
2942 4841 3088 4894 nobis
3133 4839 3305 4894 debita
3355 4849 3571 4908 nostra,

1994 4930 2125 4983 sicut
2149 4941 2197 4983 et
2228 4948 2319 4984 nos
2348 4931 2659 4985 dimittimus
2678 4931 2996 4986 debitoribus
3018 4935 3208 4987 nostris
3239 4932 3569 5005 (Matt/va),

1992 5031 2210 5090 purgent
2241 5037 2296 5074 se
2325 5021 2390 5073 ab
2417 5021 2721 5090 hujusmodi
2755 5023 2897 5076 vitio.
2929 5021 3143 5078 Ceteris
3173 5041 3293 5078 vero
3331 5024 3567 5094 agendis,

1993 5112 2178 5164 ultima
2223 5127 2348 5180 pars
2395 5111 2509 5179 ejus
2561 5113 2813 5166 orationis
2860 5113 3070 5167 dicatur
3095 5130 3114 5167 :
3146 5122 3204 5167 ut
3233 5113 3298 5166 ab
3327 5112 3567 5166 omnibus

1995 5201 2388 5270 respondeatur,
2411 5201 2502 5254 sed
2521 5201 2685 5254 libera
2714 5219 2808 5256 nos
2827 5223 2861 5259 a
2883 5204 3044 5258 malo.
3076 5202 3246 5258 Plane
3284 5203 3570 5272 aliquoties

1994 5307 2094 5360 pro
2124 5306 2248 5344 vere
2277 5297 2332 5344 et
2357 5298 2540 5356 certe,
2567 5291 2822 5347 adverbio
2863 5293 3180 5348 alﬁrmantis
3227 5295 3465 5362 ponitur,
3507 5302 3568 5348 ut

1995 5379 2262 5450 Propheta
2293 5381 2369 5434 ait
2398 5399 2412 5434 :
2445 5379 2558 5450 Ego
2587 5380 2698 5434 dixi
2727 5381 2883 5450 plane
2916 5402 2929 5436 :
2954 5383 3066 5437 lucc
3102 5385 3348 5454 iniquitas
3373 5399 3566 5452 magna

1995 5481 2090 5536 est,
2114 5482 2163 5525 et
2190 5473 2408 5542 portabo
2436 5471 2582 5525 illam
2622 5471 2836 5542 (Ezec/t.
2899 5473 2995 5545 ιν).
3029 5474 3128 5528 Hic
3157 5482 3334 5528 autem
3363 5487 3463 5542 pro
3486 5481 3566 5526 ta-

1997 5578 2120 5617 men
2145 5562 2230 5616 vel
2260 5577 2382 5616 nam
2404 5561 2871 5632 conjunctionibus
2914 5563 3150 5632 ponitur.
3177 5561 3566 5618 Scandalorum

1997 5661 2175 5711 autem
2198 5653 2365 5725 spina:
2391 5653 2496 5710 hoc
2517 5653 2574 5710 in
2603 5653 2724 5710 loco
2745 5653 3115 5726 intelliguntur
3141 5654 3255 5720 irae,
3282 5653 3433 5719 ήκω,
3456 5653 3568 5707 dis.
