3944 6422
1651 256 1930 315 SHARAG

2068 252 2330 309 tBBATlS
3521 249 3625 306 856

377 374 1784 452 sensiones,detractiones,mmulationes,velaliqua:
1800 388 1950 428 com-
1976 379 2030 439 Α
2052 379 2220 436 ΐθεηο
2248 369 2609 452 οοηετθεειιεν
2638 368 2704 452 ιιῐί
2721 360 2862 452 ξίφη
2889 359 3117 452 non}???
3143 359 3417 452 ιξτίιξείρεξξ
3445 357 3629 452 £0013-

379 446 630 536 motionis
659 446 1035 533 contentiones
1059 446 1181 542 qum
1205 472 1347 536 inter
1369 471 1567 526 fratres
1593 468 1768 523 solent
1793 466 1944 522 oriri.
2051 457 2145 512 sia:
2167 455 2222 508 in
2244 451 2654 522 Septuagesima
2679 450 2959 516 ἀὶωὶιῐιωι
2984 446 3232 515 “lania,
3250 449 3327 503 ila
3354 449 3631 504 ἀίωίῑιειηι

376 573 422 625 Α
451 572 646 641 quibus
683 569 826 623 inter
859 582 917 622 se
962 579 1151 636 pacem
1196 564 1478 624 habentes,
1523 560 1952 626 charitatemque
2049 557 2105 602 ct
2162 545 2432 641 ῐῐὶοιὶειίῑὶιί⁸
2474 543 2566 641 (illi
2597 543 2674 641 in
2733 543 2922 641 θοάεῐι]
2978 549 3104 641 sui“
3130 557 3299 641 ι’θβηο
3323 542 3625 641 consilii?“-

378 634 689 716 coutinuam
715 634 1127 720 conservantes,
1157 668 1314 708 mane
1349 663 1405 706 et
1430 651 1483 705 in
1513 663 1739 719 vespere
1767 660 1953 701 mona-
2053 641 2209 697 Omni
2243 655 2361 694 vero
2395 638 2670 692 Dominica
2708 645 2857 691 extra
2883 634 3376 708 Quadragesimam,
3402 635 3625 697 cantica,

379 753 466 808 chi
497 767 555 806 sc
575 749 774 804 debent
800 761 1054 818 purgare.
1087 745 1262 809 Mane,
1291 759 1359 798 ne
1387 741 1583 811 aliquis
1603 755 1665 794 ex
1692 739 1777 792 his
1807 735 1952 789 vitiis
2051 726 2546 796 Matutini,Prima,
2563 726 2760 793 Tertia,
2775 724 2954 818 Sexta,
2975 723 3254 818 Namque,
3271 741 3389 778 cum
3401 725 3631 818 Alleluia

379 858 547 913 usque
579 841 646 896 ad
674 817 928 896 oooaismo
983 838 1114 892 solis
1149 843 1484 906 permaneat,
1511 833 1639 902 quia
1693 829 1952 898 scriptum
2051 820 2326 873 dicantur:
2342 835 2549 889 vespera
2564 833 2680 872 vero
2696 817 3146 913 cumantiphona;
3172 817 3500 913 responsoria
3513 833 3632 872 vero

375 906 504 988 est:
537 929 627 986 Sol
650 946 754 984 non
780 928 983 984 occidat
1007 943 1167 996 super
1201 924 1534 979 iracundiam
1579 931 1820 976 vestram.
1854 919 1957 973 Ve—
2053 927 2320 981 nunquam
2345 910 2593 964 dicantur
2613 925 2733 962 cum
2759 906 3016 975 Alleluia,
3043 908 3146 962 nisi
3169 925 3205 962 a
3236 906 3444 962 Pascha
3469 924 3633 979 usque

378 1039 559 1094 spere,
588 1037 656 1077 ne
681 1035 854 1090 usque
881 1019 949 1074 ad
991 1028 1171 1074 ortum
1215 1016 1345 1072 solis
1390 1022 1717 1084 pernoctans
1763 1010 1935 1065 vitiun

991 1028 1171 1074 ortum
1215 1016 1345 1072 solis
1390 1022 1717 1084 pernoctans
1763 1010 1954 1065 vitium
2052 1001 2123 1066 ad
2147 1001 2509 1055 Pentecosten.

379 1086 614 1180 maneat,
645 1121 702 1168 et
723 1086 880 1167 m—ane
903 1125 1056 1166 reum
1085 1110 1150 1164 de
1193 1107 1431 1177 peccatis
1473 1104 1801 1160 monachum
1856 1099 1957 1153 fm-
2371 1179 2375 1180 γ
2638 1087 2868 1144 CAPUT
2895 1086 3034 1143 XVI.

381 1209 618 1275 dumque
649 1206 702 1258 in
731 1211 1020 1271 conspectu
1073 1198 1285 1252 Domini
1333 1196 1541 1250 reddat.
1577 1193 1644 1248 Ut
1681 1191 1916 1247 conuenti
1939 1229 1954 1255 ,
2135 1271 2178 1275 __
2237 1179 2869 1275 Qualiterdivina‘opera
2898 1196 2991 1275 per
3023 1181 3162 1275 diem
3205 1188 3452 1275 agantur.

382 1298 438 1352 id
461 1270 564 1360 est,
580 1309 676 1364 per
702 1270 874 1362 ipsius
898 1291 1189 1344 Dominicaa
1219 1288 1484 1343 orationis
1516 1284 1931 1356 promissionem

2132 1271 2199 1327 Ut
2226 1273 2299 1326 ait
2334 1270 2622 1342 Propheta,
2666 1271 2866 1344 Septies
2911 1274 2967 1328 in
3011 1273 3098 1328 die
3141 1272 3352 1327 laudent
3391 1274 3504 1328 dixi
3543 1276 3635 1330 tibi

381 1406 500 1462 quae
531 1363 663 1444 dicit
694 1406 707 1442 :
738 1388 953 1441 Dimitte
983 1385 1130 1440 nobis
1174 1385 1347 1439 debita
1393 1394 1598 1445 nostra,
1627 1383 1762 1435 sicut
1789 1389 1838 1434 et
1865 1396 1938 1433 no;

2085 1363 2237 1420 Psal.
2269 1363 2478 1436 cxvm).
2502 1363 2701 1418 Senties
2722 1364 2866 1433 quod
2894 1365 2971 1419 ait
2999 1366 3054 1418 in
3077 1364 3183 1431 die,
3206 1365 3480 1436 signiﬁcat
3499 1381 3637 1420 sem-

380 1455 692 1536 dintittimus
725 1477 1045 1533 debitoribus
1070 1477 1261 1530 nostris
1298 1473 1529 1547 (Matth.
1557 1489 1610 1527 vt
1632 1472 1682 1544 );
1724 1473 1934 1527 dimitta

2078 1471 2175 1510 rer.
2202 1455 2351 1510 Solet
2370 1456 2567 1526 quippe
2590 1455 2694 1510 iste
2713 1469 2975 1510 numerus
2985 1456 3357 1512 universitatis
3378 1457 3635 1512 indicium

380 1571 754 1640 unusquisque
781 1567 938 1622 fratri
961 1583 1060 1622 suo
1079 1583 1150 1621 ex
1173 1567 1358 1621 corde.
1385 1566 1452 1619 Et
1481 1566 1561 1620 sic
1589 1573 1876 1635 purgatus,
1907 1564 1937 1617 lt

2081 1562 2214 1612 esse;
2247 1548 2372 1616 quia
2395 1562 2493 1617 per
2517 1555 2726 1616 septem
2748 1545 2864 1601 dies
2895 1547 3183 1602 universus
3209 1547 3448 1602 volvitur
3485 1564 3638 1603 mun-

379 1671 464 1717 cst
517 1635 556 1716 a-
599 1635 1140 1723 vitiis-emendatus,
1169 1667 1263 1711 aut
1289 1672 1446 1712 mane
1474 1656 1541 1710 ad
1569 1671 1706 1726 Opus
1738 1654 1961 1710 accedat
2063 1636 2182 1700 dus,
2223 1645 2279 1689 ει
2313 1650 2505 1691 θοτωῐι
2549 1649 2776 1726 “lim?”
2823 1635 3034 1691 ἀίεΐυω
3080 1637 3333 1692 “nive?”
3383 1638 3643 1693 Dominus

380 1751 700 1806 obedientim
743 1749 1127 1820 peragendum,
1156 1756 1249 1801 aut
1290 1762 1516 1816 vespere
1558 1724 1635 1801 ad
1668 1745 1933 1800 nocturna

2086 1727 2270 1781 :reavit
2294 1733 2557 1796 tempora.
2590 1724 2694 1792 Qui
2743 1740 3001 1782 numerus
3041 1735 3266 1796 propter
3312 1726 3643 1798 septiformis

381 1842 638 1896 excubias
667 1816 1071 1895 celebrandum.
1100 1838 1331 1894 (laeteris
1354 1853 1483 1892 vero
1509 1837 1750 1906 agendis,
1785 1837 1836 1890 id
1861 1844 1960 1898 est,
2068 1816 2305 1886 δρίτίιυε
2357 1817 2609 1886 gratiam,
2663 1831 2786 1886 qua?
2844 1816 3268 1872 misericorditer
3323 1818 3644 1872 "memibus

383 1932 595 1985 caeteris
623 1932 773 1985 horis
801 1930 1162 1993 celebrandis,
1203 1937 1412 1983 tantum
1461 1928 1650 1982 ultima
1691 1943 1818 1996 pars
1848 1926 1940 1996 eju

2083 1912 2234 1965 Deum
2265 1910 2626 1974 distribuitur,
2640 1911 2875 1964 maxime
2900 1919 3146 1966 sacratus
3167 1925 3286 1966 esse
3303 1911 3640 1981 perhibetur.

383 2023 663 2087 orationis,
697 2021 749 2075 id
784 2029 902 2086 est,
930 2022 997 2075 Et
1041 2037 1104 2075 ne
1133 2037 1225 2075 nos
1256 2019 1478 2073 inducas
1517 2021 1572 2072 in
1608 2020 1940 2071 tentationcm

1066 2037 1104 2074 re
1133 2037 1225 2075 nos
1256 2019 1478 2073 inducas
1517 2021 1572 2072 in
1608 2020 1964 2080 tentationem,
2070 2003 2225 2059 unde
2255 2011 2312 2057 ει
2339 2005 2623 2073 εεαυὶιιιτε

385 2112 492 2165 alta
531 2127 663 2166 voce
691 2113 920 2176 dicatur,
945 2121 1001 2164 ut
1032 2113 1098 2166 ab
1135 2112 1384 2166 omnibus
1414 2110 1598 2164 audita
1624 2150 1638 2175 ,
1670 2108 1773 2164 Sed
1805 2109 1942 2164 liben

2143 2095 2246 2160 Qui
2273 2096 2598 2164 septenarius
2617 2104 2858 2150 sacratus
2883 2112 3130 2151 numerus
3165 2114 3198 2150 a
3245 2097 3393 2152 nobis
3435 2099 3511 2152 sic
3543 2099 3646 2151 im-

387 2219 480 2256 no,
515 2219 548 2254 α
571 2200 735 2266 malo,
761 2203 1169 2271 respondeatur.
2067 2185 2311 2257 plebitur,
2336 2186 2382 2238 si
2409 2184 2707 2250 Matutinus,
2740 2185 2957 2252 Primus,
2983 2185 3190 2252 Tertiae,
3221 2188 3424 2252 Sextia,
3451 2188 3644 2250 Nona’,

2077 2276 2316 2346 Vespera:
2369 2275 2805 2348 Completoriique
2855 2285 3116 2347 tempore,
3159 2287 3351 2332 nostra:
3387 2277 3652 2331 seruitutis

985 2335 1211 2391 CAPUT
1244 2335 1386 2391 XIV~
2072 2335 2238 2438 amrin
2265 2335 2650 2438 persolvo-mus,
2676 2335 2800 2438 quia
2836 2367 2902 2420 de
2945 2335 3025 2421 liis
3077 2335 3221 2422 horis
3266 2367 3472 2422 diurnis
3515 2369 3651 2422 dixit

459 2444 697 2512 Qualiter
726 2445 782 2499 in
809 2445 1060 2500 natalitiis
1099 2457 1406 2502 sanctorum
1431 2457 1661 2519 agantur
1686 2448 1896 2519 vigilite.
2072 2457 2376 2527 Propheta:
2401 2455 2600 2526 Septies
2629 2458 2685 2511 in
2713 2457 2800 2510 die
2847 2455 3058 2511 laudern
3090 2457 3203 2512 dixi
3241 2457 3354 2511 tibi.
3403 2457 3547 2511 Nam
3586 2458 3653 2512 de

459 2558 520 2612 In
548 2557 812 2614 natalitiis
840 2567 1153 2614 sanctorum
1191 2561 1342 2626 dicit,
1375 2561 1430 2616 in
1477 2559 1864 2618 festivitatibus
1916 2571 1973 2618 ct

2094 2550 2341 2602 tacturnis
2405 2547 2611 2618 Vigiliis
2651 2547 2789 2602 idem
2838 2550 2947 2618 ipse
2995 2548 3260 2620 Propheta
3306 2551 3380 2603 ait
3416 2561 3437 2601 :
3473 2548 3651 2603 Media

390 2647 827 2703 solemnitatibus
852 2665 1061 2714 eorum,
1091 2650 1145 2704 in
1179 2652 1374 2720 quibus
1401 2652 1467 2707 de
1489 2652 1594 2708 hoc
1621 2653 1819 2707 saeculo
1853 2652 1974 2708 feli—
2073 2649 2220 2692 nocte
2247 2639 2526 2709 surgebam
2551 2639 2622 2693 ad
2654 2639 3005 2708 conﬁtendum
3035 2641 3149 2696 tibi.
3177 2640 3317 2712 Ergo
3341 2641 3424 2695 his
3455 2649 3655 2711 tempo-

389 2749 484 2790 ces
512 2736 887 2807 migraverunt
915 2738 980 2792 ad
1007 2739 1224 2794 cmlum.
1258 2739 1424 2796 Nobis
1460 2741 1606 2796 enim
1635 2743 1853 2808 mortui,
1879 2758 1946 2798 δα

2097 2728 2221 2783 ’ἱὸιιε
2251 2728 2543 2798 referamus
2564 2728 2747 2784 laudes
2771 2727 3009 2785 Creatori
3047 2741 3225 2786 nostro
3260 2746 3418 2802 super
3448 2732 3654 2802 judicia

392 2824 504 2880 Deo
526 2834 580 2879 et
605 2826 830 2897 angelis,
858 2836 912 2881 et
939 2829 1143 2884 sanctis
1187 2829 1304 2899 ejus
1350 2832 1538 2886 vivunt
1580 2833 1636 2887 in
1686 2844 1947 2888 internum

2092 2820 2293 2874 ’ustitia:
2313 2835 2457 2883 sum;
2489 2820 2546 2874 id
2566 2830 2660 2884 est,
2694 2819 3214 2887 Hatutinis,Printa,
3242 2823 3439 2889 Tertia,
3466 2821 3649 2888 Sexta,

392 2913 558 2968 Nobis
595 2923 772 2969 autem
802 2915 1082 2983 absentes,
1116 2919 1223 2974 illis
1254 2929 1435 2975 autem
1466 2929 1595 2976 sunt
1616 2924 1886 2993 perspicui
1917 2940 1946 2978 e

2095 2908 2256 2978 Nona,
2293 2910 2538 2983 Vespera,
2560 2909 2946 2982 Completorio;
2989 2923 3039 2968 et
3077 2922 3224 2968 nocte
3262 2930 3541 2985 surgamus
3582 2916 3652 2968 ad

393 3013 708 3074 praesentes.
741 3005 904 3061 Nobis
934 3009 1156 3075 mortui,
1197 3010 1305 3066 illis
1346 3027 1477 3067 vero
1515 3022 1642 3068 sunt
1684 3015 1817 3069 nati.
1863 3016 1974 3072 Nec
2011 3068 2042 3075 ,
2075 3002 2428 3071 “uiuendum
2454 3004 2523 3058 εί-
2559 3004 2629 3058 Ει
2654 3005 2720 3060 de
2755 3004 2945 3059 “ﬁdem
2993 3005 3144 3060 horis
3185 3004 3482 3060 CaSSiamls
3533 3005 3654 3060 an:

395 3068 591 3148 novum
620 3095 780 3150 debet
805 3099 1057 3167 cuiquam
1102 3068 1292 3165 videri,
1326 3103 1373 3156 si
1410 3089 1575 3159 natus.
1608 3104 1830 3172 dicitur,
1999 3068 2044 3130 Ο
2076 3068 2345 3148 Ποίπυω
2375 3101 2554 3148 autem
2581 3094 2843 3177 ἱρεξτυων
2870 3096 2925 3149 in
2969 3095 3165 3164 quibus
3206 3095 3317 3150 Deo
3355 3110 3456 3166 De?
3485 3103 3656 3151 ίοίυῐη

389 3200 457 3238 cx
505 3186 607 3241 hac
655 3187 764 3240 vita
820 3190 1154 3259 migraverit.
1205 3192 1484 3260 Quomodo
1515 3196 1663 3251 enim
1718 3210 1975 3254 consuele
2075 3185 2182 3240 diei
2204 3185 3177 3257 spatiumobsequiareddimus,ratio
3201 3187 3656 3242 haecest:Prima

397 3279 550 3333 nasci
588 3281 807 3346 dicitur,
835 3298 956 3336 cum
998 3285 1120 3352 quis
1155 3286 1220 3341 de
1251 3295 1407 3342 utero
1445 3291 1639 3346 matris
1680 3292 1976 3361 procedens
2077 3291 2175 3345 Ρτο
2206 3277 2551 3333 ίηοιιοθιίοηθ
2577 3277 2713 3343 diei;
2772 3277 2961 3341 ωτῑίίιν
2989 3277 3120 3346 quia
3153 3276 3392 3347 Spiritus
3435 3287 3660 3333 δθηθῑυε

397 3372 536 3426 hanc
565 3371 616 3424 in
649 3372 823 3427 lucem
865 3376 1143 3443 egreditur
1174 3395 1187 3430 :
1224 3378 1297 3432 ita
1327 3379 1492 3434 etiam
1545 3383 1848 3438 rectissime
1886 3399 1979 3452 po-
2079 3369 2134 3423 ίη
2165 3369 2354 3424 eadem
2381 3369 2514 3423 hom
2542 3382 2703 3436 ειψθτ
2728 3368 3002 3438 aP05le
3038 3368 3381 3423 descendisse
3409 3369 3662 3438 Ρτίωίίῑιε

395 3469 502 3514 test
535 3470 696 3514 natus
723 3463 1002 3531 appellari,
1020 3466 1111 3534 qui
1143 3467 1350 3522 solutus
1375 3485 1406 3523 a
1435 3471 1664 3526 vinculis
1700 3475 1884 3530 carnis
1909 3476 1979 3530 ad
2078 3460 2492 3528 comPrObaml';
2523 3466 2698 3524 30m,
2719 3473 2818 3528 ῐπο
2845 3473 2912 3514 eo
2936 3459 3078 3530 qmd
3106 3459 3452 3514 immaculata
3479 3461 3662 3516 Ῑῖοδιίὲ

397 3551 570 3605 lucem
599 3552 921 3607 sublimatur
954 3563 1238 3610 reternam.
1291 3557 1443 3613 Unde
1470 3575 1588 3616 mos
1617 3563 1851 3618 obtinuit
1885 3581 1954 3620 ec

2105 3553 2340 3607 )ominus
2369 3560 2552 3607 noster
2573 3550 2731 3606 Jesus
2759 3550 3008 3607 Christus
3037 3551 3224 3607 eadem
3254 3553 3388 3606 hora
3433 3567 3662 3623 suspen-

397 3641 730 3696 clcsiasticus
752 3652 812 3696 ut
838 3644 954 3699 dies
981 3645 1263 3700 beatorum
1291 3658 1588 3720 martyrum
1614 3654 1727 3708 sive
1769 3655 1954 3711 confes

2106 3659 2174 3697 .us
2205 3643 2257 3697 in
2279 3657 2440 3698 cruce
2467 3643 2732 3698 obnoxios
2757 3643 2824 3698 de
2846 3643 3061 3698 atteruis
3094 3651 3439 3714 peccatorum
3468 3643 3663 3697 vincu-

398 3745 582 3784 sorum
614 3732 837 3797 Christi,
871 3734 963 3802 qui
1012 3734 1078 3788 de
1123 3737 1319 3792 saeculo
1370 3741 1726 3809 transierunt,
1775 3747 1982 3802 natales
2081 3732 2150 3788 “3
2177 3733 2455 3797 liberam;
2487 3747 2647 3796 ηοηθν
2678 3747 2778 3802 Pro
2797 3746 2864 3787 θο
2877 3733 3022 3803 (μιοά
3039 3733 3226 3787 eadem
3240 3731 3375 3786 hora
3396 3730 3661 3785 Dominus

400 3837 532 3876 voce
562 3829 718 3875 tenus
746 3837 932 3877 eorum
964 3825 1249 3893 solemnia,
1272 3844 1379 3884 non
1409 3829 1679 3899 funebria,
1705 3837 1802 3892 sed
1827 3847 1957 3892 nata

2102 3831 2268 3877 noster
2292 3822 2623 3877 descendens
2642 3823 2709 3876 ad
2733 3821 2938 3878 inferos
2958 3830 3268 3877 sanctorum
3293 3820 3526 3884 animas,
3541 3833 3659 3889 quae

401 3913 516 3967 litia
545 3913 812 3968 dicantur.
859 3915 924 3970 In
973 3928 1275 3974 sanctorum
1320 3939 1440 3976 νει-ο
1484 3924 1872 3998 [εειξυίιαιίρω,
1907 3931 1983 3985 ,εει
2081 3913 2282 3967 clausae
2309 3911 2550 3967 tenebris
2572 3912 2913 3975 tenebantur,
2939 3911 3136 3967 exinde
3182 3911 3456 3976 liberavit,
3485 3919 3541 3964 et
3578 3925 3663 3965 se-

403 4003 642 4058 omnibus
667 4004 1100 4073 solemnitatibus,
1141 4011 1274 4064 sicut
1301 4013 1533 4069 diximus
1571 4016 1849 4074 Dominico
1898 4020 1960 4073 di

2105 4019 2211 4059 :um
2249 4003 2318 4056 ad
2366 4001 2535 4057 caelos
2577 4001 2942 4072 Completorio
2986 4001 3315 4068 transvexit;
3345 4000 3662 4056 duodecima

404 4094 688 4164 agendum,
711 4095 783 4148 ita
806 4106 1000 4166 agatur
1032 4111 1052 4150 .'
1081 4110 1292 4170 excepto
1347 4104 1486 4174 quod
1524 4106 1716 4175 psalmi
1757 4118 1851 4162 aut
1887 4127 1961 4163 an

2106 4107 2216 4148 rero
2236 4099 2460 4162 propter
2485 4090 2926 4146 terminationem
2951 4092 3057 4146 diei
3079 4091 3221 4146 sicut
3245 4091 3422 4159 prima
3444 4089 3663 4144 inchoa-

403 4183 628 4254 tiphona:
653 4184 728 4238 vel
759 4184 1000 4242 lectiones
1034 4189 1104 4242 ad
1147 4191 1320 4260 ipsum
1371 4194 1509 4249 diem
1533 4198 1871 4266 pertinentes,
1900 4199 1960 4251 di

2102 4186 2236 4241 :ione
2253 4193 2522 4240 cantatur.
2537 4183 2718 4239 Prima
2730 4199 2860 4240 vero
2879 4193 2936 4239 et
2947 4184 3300 4255 oompletorio
3324 4182 3659 4249 duodecima,

403 4284 612 4330 cantur.
630 4276 821 4332 Modus
854 4289 1030 4334 autem
1051 4282 1384 4351 supradictus
1407 4295 1662 4342 teneatur.
2086 4292 2186 4349 pro
2214 4275 2563 4332 inchoatione
2583 4284 2639 4331 et
2665 4275 3043 4331 terminatione
3069 4274 3178 4329 diei
3207 4281 3396 4344 postea
3420 4288 3451 4327 a
3479 4271 3661 4326 Patri-

1005 4413 1232 4471 CAPUT
1270 4415 1368 4472 XV
2011 4413 2063 4472 Β
2087 4370 2191 4424 bus
2237 4376 2384 4472 sunt.
2408 4367 2694 4472 adjuncta.
2750 4367 2993 4472 Tertiam
3039 4374 3226 4472 autem
3271 4373 3327 4421 et
3362 4372 3572 4472 sextam
3608 4372 3665 4419 et

747 4522 782 4536 η
1007 4456 1120 4536 V“:
1145 4456 1180 4471 ν
1199 4456 1222 4470 ⁵
1609 4531 1619 4536 _
1665 4533 1676 4536 _
2011 4456 2060 4472 ⁵¹
2092 4475 2289 4514 nonam
2312 4461 2479 4514 etiam
2505 4461 2574 4515 ab
2600 4459 2859 4529 apostolis
2892 4459 3119 4530 legimus
3148 4456 3315 4513 fuisse
3341 4456 3659 4512 celebratas.

656 4519 855 4589 Quibus
884 4529 1195 4598 temporibus
1239 4530 1451 4584 dicatur
1483 4530 1730 4586 Alleluia.
2093 4551 2213 4607 Non

2107 4552 2227 4607 Nam
2269 4553 2427 4606 tertia
2467 4552 2601 4606 hora
2633 4519 2796 4620 super
2824 4519 3099 4620 apostolos
3127 4549 3183 4604 in
3217 4542 3524 4604 orationum
3549 4546 3664 4603 olli-

479 4633 526 4686 A
552 4645 731 4689 sancto
769 4635 974 4692 Pascha
1002 4655 1163 4710 usque
1217 4640 1286 4694 ad
1316 4638 1654 4697 Pentecosten
1681 4645 1794 4698 sine
1826 4646 1988 4699 inter-
2092 4646 2179 4698 cio
2226 4643 2548 4698 constitutos
2601 4639 2837 4710 Spiritus
2891 4649 3112 4696 sanctus
3161 4639 3455 4695 descendit.
3497 4637 3665 4693 Sexta

410 4725 656 4779 missione
694 4726 902 4782 dicatur
947 4728 1196 4797 Alleluia,
1242 4741 1350 4784 tam
1404 4733 1460 4786 in
1505 4733 1720 4802 psalmis
1747 4753 1904 4806 quam
1931 4740 1987 4792 in
2093 4745 2271 4790 autem
2301 4735 2433 4790 hora
2464 4734 2691 4806 legimus
2711 4732 3093 4797 Petrum,dum
3115 4731 3170 4786 in
3190 4731 3436 4786 navicula
3459 4737 3660 4794 oraret,

412 4822 771 4892 responsoriis.
819 4822 948 4878 Sine
989 4825 1389 4880 intermissione
1438 4829 1588 4890 dicit,
1637 4839 1697 4884 ut
1739 4832 1830 4886 ubi
1880 4833 1987 4887 dici
2092 4828 2272 4883 subito
2303 4828 2356 4882 in
2395 4840 2622 4882 excessu
2669 4826 2869 4881 mentis
2919 4840 3016 4880 vas
3061 4823 3193 4879 illud
3239 4824 3381 4893 quod
3431 4830 3665 4892 quatuor

412 4914 594 4980 debet,
615 4924 671 4969 et
699 4925 807 4969 tam
847 4917 900 4971 in
934 4917 1159 4986 psalmis
1191 4933 1353 4986 quam
1397 4921 1448 4973 in
1485 4925 1842 4991 responsoriis
1880 4941 1988 4980 non
2094 4919 2264 4974 initiis
2298 4917 2452 4987 quasi
2497 4916 2754 4981 linteum,
2787 4916 2854 4971 de
2895 4916 3034 4970 ctelo
3077 4915 3404 4969 submissum
3441 4913 3658 4968 vidisse.

412 5006 616 5074 passim
659 5007 1124 5075 praetermittatur,
1168 5009 1265 5064 sed
1305 5008 1490 5065 sedule
1535 5011 1871 5083 lirmiterque
1901 5015 1986 5070 di-
2094 5009 2169 5064 De
2192 5023 2332 5062 nona
2355 5015 2533 5062 autem
2562 5007 2831 5078 legimus:
2865 5005 3054 5060 Petrus
3075 5021 3195 5059 vero
3223 5015 3271 5058 et
3310 5004 3544 5057 Joannes
3579 5019 3665 5055 as-

412 5105 589 5149 ca1UP-
2091 5099 2376 5152 cendebant
2417 5099 2475 5152 in
2515 5097 2800 5169 templum,
2829 5096 2900 5150 ad
2937 5097 3123 5150 horam
3173 5093 3426 5148 orationis
3470 5108 3664 5146 nonam

487 5185 532 5237 Α
572 5186 876 5240 Pentecoste
901 5196 1074 5239 autent
1101 5204 1263 5259 usque
1293 5190 1360 5242 ad
1378 5203 1535 5261 caput
1565 5193 1991 5265 Quadragesima:
2095 5187 2234 5259 (Act.
2265 5187 2371 5258 ut).
2405 5188 2756 5258 Vespertinas
2783 5194 2960 5240 autem
2981 5185 3066 5240 vel
3087 5184 3376 5238 matutinas
3393 5182 3665 5238 orationes

412 5277 660 5329 omnibus
693 5274 929 5328 noctibus
956 5292 1074 5330 cum
1101 5295 1192 5332 sex
1213 5283 1584 5348 posteribribus
1619 5284 1833 5354 psalmis
1881 5295 1992 5338 tan-
2092 5294 2202 5334 nou
2245 5278 2418 5332 solum
2460 5279 2528 5332 ab
2557 5277 2834 5347 apostolis,
2859 5277 2952 5330 scd
2995 5274 3160 5328 etiam
3187 5275 3240 5326 in
3272 5270 3454 5327 Veteri
3483 5271 3667 5326 Testa-

417 5374 529 5420 tum
555 5365 626 5419 ad
662 5372 946 5418 nocturnas
970 5365 1192 5421 dicatur.
1230 5368 1486 5434 Quamvis
1541 5374 1732 5427 beatus
1772 5373 1993 5426 Denedi-
2093 5374 2275 5421 mento
2300 5367 2527 5436 legimus
2553 5381 2649 5420 eas
2685 5367 2740 5419 in
2779 5364 2981 5434 templo
3007 5363 3222 5417 Domini
3257 5377 3473 5431 semper
3499 5360 3666 5417 fuisse

415 5466 542 5512 ctus
579 5473 611 5511 a
653 5457 974 5527 Pentecoste
1014 5475 1182 5529 usque
1228 5463 1296 5516 ad
1330 5473 1493 5533 caput
1519 5464 1988 5533 Quadragesimm,
2091 5456 2321 5512 oblatas.
2357 5455 2508 5512 Unde
2552 5464 2609 5511 et
2642 5455 2811 5509 David
2841 5455 2975 5510 dicit
3003 5455 3069 5510 de
3098 5454 3436 5522 Vesperuuis
3468 5470 3481 5506 :
3515 5452 3663 5506 Diri-

419 5566 542 5606 cum
583 5567 679 5606 sex
707 5553 1102 5619 posterioribus
1125 5557 1345 5626 psalmis
1378 5559 1565 5626 iubeat
1605 5555 1672 5610 ad
1700 5561 1976 5609 nocturna!

2108 5555 2248 5612 ratur
2271 5547 2438 5600 oratio
2463 5562 2581 5600 mea
2627 5548 2761 5600 sicut
2789 5545 3058 5599 incensum
3112 5544 3170 5598 in
3219 5551 3491 5613 conspectu
3538 5550 3665 5605 tuo;

419 5645 600 5701 dicere
620 5643 875 5710 Alleluia,
903 5646 1106 5715 placuit
1133 5655 1316 5701 tamen
1343 5648 1546 5718 synodo
1567 5646 1623 5702 in
1653 5644 1990 5700 Francorum
2088 5641 2307 5698 elevatio
2361 5656 2614 5696 manuum
2667 5654 2901 5694 mearum
2956 5636 3277 5705 sacriﬁcium
3322 5636 3666 5704 vespertinam
