3944 6440
339 277 438 331 857

1373 282 1724 338 COMMENT.
1768 283 1833 338 IN
1875 282 2034 340 REG.
2079 283 2138 340 S.
2179 284 2557 346 BENEDICTI.

3491 304 3597 360 838

335 387 506 458 (Psal.
535 387 681 460 cu).
715 387 791 443 De
821 387 1106 445 Matutinis
1154 403 1334 447 autem
1382 397 1514 451 dicit
1548 415 1560 450 :
1594 398 1736 453 Deus
1771 399 1908 452 Deus
1938 405 1988 463 Α
2013 414 2176 470 usque
2227 403 2296 456 ad
2339 403 2695 473 Dominicam,
2724 407 2971 464 dicantur
3021 429 3113 483 per
3162 413 3396 471 ordinem
3457 423 3595 475 terni

334 496 502 543 meus,
533 479 603 532 ad
633 488 682 532 te
702 480 768 534 de
801 478 915 534 luce
945 483 1098 552 vigilo
1125 497 1142 535 :
1170 493 1217 538 et
1246 488 1299 539 in
1325 490 1594 542 matutinis
1625 490 1916 544 meditabor

330 570 385 624 in
421 581 488 634 te,
510 571 636 640 quia
657 570 807 640 fuisti
839 573 1056 643 adjutor
1091 593 1235 630 meus
1274 575 1447 648 (Psal.
1480 581 1636 652 LXII).

902 687 1147 744 CAPUT.
1168 689 1308 746 XVII

440 754 642 819 Quanti
665 757 856 826 psalmi
884 775 978 828 per
1004 760 1212 813 easdem
1238 763 1396 818 horas
1421 767 1643 820 canendi
1663 769 1786 822 sint.

399 842 523 895 Jam
540 843 604 896 de
631 843 920 899 Nocturnis
943 845 1018 899 vel
1042 846 1318 903 Matutinis
1343 852 1651 922 digessimus
1673 858 1908 912 ordinem

323 931 654 999 psalmodiaz,
674 950 811 986 nunc
827 933 889 986 de
905 938 1231 1005 sequentibus
1253 942 1396 993 horis
1417 943 1700 998 videamus.
1723 945 1905 1001 Prima

322 1020 454 1074 hora
492 1021 740 1076 dicantur
762 1023 950 1093 psalmi
973 1035 1094 1092 tres,
1125 1027 1458 1098 singillatim,
1478 1043 1526 1086 et
1545 1051 1647 1088 non
1667 1036 1762 1088 sub
1796 1054 1904 1092 una

325 1109 527 1166 Gloria.
560 1113 800 1194 Hymnus
823 1115 1055 1184 ejusdem
1085 1119 1250 1186 [ιον-(ι’,
1272 1133 1388 1191 post
1415 1140 1640 1192 versum,
1674 1127 1817 1183 Deus
1847 1129 1916 1195 in,

322 1207 654 1275 adjutorium
677 1224 849 1260 meum
871 1209 1097 1274 intende,
1117 1223 1395 1284 antequam
1421 1216 1611 1286 psalmi
1637 1220 1900 1291 incipian-

321 1313 426 1357 tur.
459 1305 587 1359 Post
615 1307 958 1370 expletionem
981 1325 1101 1363 vero
1131 1311 1290 1362 trium
1333 1310 1678 1380 psalmorum,
1707 1313 1894 1366 recite-

318 1407 407 1451 tur
433 1398 584 1453 lectio
609 1417 737 1466 una,
765 1418 962 1468 versus,
985 1412 1034 1456 et
1063 1401 1226 1473 Kyrie
1267 1403 1478 1468 eleison,
1501 1417 1545 1458 et
1568 1405 1741 1458 missis
1769 1405 1892 1459 sint.

322 1487 498 1543 Tertia
542 1508 682 1558 vero,
709 1491 870 1546 Sexta
899 1503 946 1547 et
983 1493 1142 1548 Nona
1186 1495 1364 1548 eodem
1396 1495 1577 1549 ordine
1605 1496 1897 1550 celebratur

314 1582 507 1646 oratio,
535 1582 591 1641 id
641 1593 738 1648 est,
781 1601 960 1638 versus
992 1599 1011 1637 :
1046 1580 1224 1654 hymni
1265 1587 1566 1640 earumdem
1616 1587 1888 1653 horarum,

313 1675 450 1725 terni
473 1673 682 1743 psalmi,
713 1675 884 1740 lectio,
918 1693 1121 1737 versus,
1164 1675 1328 1745 Kgrie
1376 1675 1591 1742 eleison,
1622 1689 1668 1731 et
1717 1677 1892 1732 misste

2013 491 2236 556 psalmi,
2275 510 2434 565 usque
2485 497 2554 551 ad
2599 515 2790 552 nonum
2853 501 3110 556 decimum
3156 506 3438 575 psalmum.
3505 510 3594 564 Ita

2013 594 2140 632 sane
2193 591 2249 633 ut
2291 600 2458 638 nonus
2508 586 2740 656 psalmus
2789 599 2835 643 et
2889 593 3136 662 septimus
3190 597 3420 652 decimus
3459 600 3593 654 divi-

2011 669 2205 723 dantur
2226 672 2280 726 in
2307 673 2454 728 binas
2476 674 2703 731 Clarias.
2728 679 2797 732 Et
2827 681 2902 734 sic
2932 682 3029 751 ﬁat
3052 693 3109 737 ut
3131 685 3200 738 ad
3237 686 3450 757 I’igilias
3479 690 3591 745 Do-

2009 759 2201 812 minica
2228 778 2428 832 semper
2447 782 2480 818 a
2503 767 2741 822 vicesimo
2765 770 3065 840 incipiatur.
3091 776 3169 828 Ad
3194 775 3421 833 Tertiam
3442 797 3584 846 vero,

2009 846 2223 902 Sextum
2247 861 2296 905 et
2324 852 2538 908 Nonum
2565 859 2807 912 secunda:
2837 859 2982 926 ferite
3005 879 3178 917 novem
3203 867 3585 936 capitula,qua:

2008 940 2221 994 residua
2250 953 2374 996 sunt
2397 944 2461 998 de
2498 948 2775 1001 centesimo
2804 951 3002 1005 decimo
3031 963 3210 1009 oetam
3227 957 3581 1032 psalmo,ipsa

2006 1039 2156 1084 terna
2203 1049 2298 1102 per
2340 1035 2548 1090 easdem
2598 1037 2756 1092 horas
2810 1040 3072 1096 dicantur.
3135 1045 3376 1116 Expenso
3421 1052 3584 1122 igitur

2001 1118 2202 1186 psalmo
2258 1125 2539 1180 centesimo
2589 1137 2766 1182 octavo
2817 1131 3020 1188 decimo
3051 1134 3255 1191 duobus
3292 1118 3492 1208 diebus,
3527 1146 3582 1197 id

2001 1223 2097 1277 est,
2124 1213 2399 1270 Dominica
2433 1227 2482 1271 et
2510 1221 2739 1275 secunda
2781 1223 2938 1292 feria,
2962 1227 3118 1280 tertia
3167 1229 3302 1298 feria
3345 1233 3466 1302 jam
3511 1237 3583 1289 ad

2004 1301 2252 1369 Tertiam,
2277 1303 2491 1360 Sextum
2514 1307 2594 1361 vel
2617 1309 2827 1364 Nonum
2848 1313 3146 1382 psallantur
3170 1320 3305 1372 terni
3331 1301 3522 1390 psalmi
3546 1343 3579 1379 a

1998 1393 2274 1447 centesimo
2305 1412 2441 1449 nono
2467 1396 2667 1452 decimo
2701 1417 2862 1471 usque
2890 1404 2959 1456 ad
3002 1409 3337 1462 centesimum
3390 1413 3573 1466 vicesi-

1997 1497 2136 1534 munt
2161 1487 2461 1552 septimum,
2499 1488 2556 1541 id
2583 1498 2679 1556 est,
2703 1491 2894 1560 psalmi
2919 1511 3118 1549 novem.
3149 1497 3355 1570 Quique
3383 1503 3574 1571 psalmi

1994 1593 2192 1646 semper
2208 1596 2369 1650 usque
2399 1581 2468 1635 ad
2496 1581 2823 1638 Dominicam
2851 1603 2942 1655 per
2969 1589 3174 1642 easdem
3199 1592 3354 1646 horas
3394 1595 3574 1650 itidem

1993 1679 2314 1737 repetantur,
2328 1671 2637 1741 hymnorum
2664 1674 3018 1742 nihilominus,
3049 1677 3329 1734 lectionum
3353 1683 3429 1736 vel
3459 1702 3573 1738 ver-

310 1764 435 1817 είηε,
471 1766 532 1819 Si
561 1766 734 1836 major
772 1769 1101 1837 congregatio
1153 1768 1341 1836 fuerit,
1380 1785 1498 1822 cum
1545 1770 1843 1840 αηιεριιοηίε
1867 1787 1886 1835 ;
1917 1751 1964 1812 Β
1992 1775 2143 1810 suum
2167 1759 2506 1830 dispositione
2530 1764 2784 1833 uniformi
2810 1769 3010 1822 cunctis
3040 1769 3220 1824 diebus
3249 1785 3470 1828 servata.
3502 1775 3574 1829 Et

311 1855 357 1906 si
385 1872 499 1908 vero
531 1857 722 1920 minor,
746 1858 800 1910 in
830 1857 1082 1911 directum
1105 1857 1418 1927 psallantur.
1456 1857 1760 1928 Vespertina
1791 1877 1890 1913 au-

313 1955 413 1997 tent
442 1947 657 2015 synaxis
687 1958 914 2018 quatuor
948 1946 1176 2002 Psalmis
1205 1966 1322 2002 cum
1369 1949 1666 2019 antiphonis
1718 1950 1891 2006 termi-

309 2044 479 2098 netur,
505 2044 618 2105 post
637 2053 766 2104 quos
790 2037 1020 2107 psdmos
1044 2039 1278 2109 Apostoli
1303 2038 1454 2093 lectio
1485 2041 1752 2094 recitanda
1789 2050 1887 2106 est,

307 2123 428 2177 inde
446 2127 851 2194 responsorium,
874 2128 1296 2194 Ambrosianum,
1319 2147 1517 2196 versus,
1543 2133 1805 2185 canticum
1826 2133 1890 2187 de

308 2214 614 2285 Evangelia,
639 2217 824 2273 litania
852 2230 900 2273 et
935 2222 1104 2275 oratio
1133 2221 1430 2289 Dominica,
1457 2233 1505 2277 et
1535 2224 1666 2292 ﬁant
1690 2228 1882 2280 missae.

307 2305 710 2376 Completorium
734 2319 907 2362 autem
937 2312 1095 2365 trium
1130 2311 1455 2382 psalmorum
1503 2315 1730 2368 dictione
1778 2327 1886 2369 ter-

308 2395 555 2449 minetur.
592 2395 695 2461 Qui
741 2397 930 2467 psalmi
974 2401 1269 2456 directanee
1303 2404 1416 2456 sine
1464 2406 1750 2473 antiphona
1805 2407 1887 2465 di-.

306 2485 457 2538 cendi
488 2497 628 2540 sunt.
675 2485 802 2541 Post
840 2506 968 2560 quos
995 2491 1217 2560 hymnus
1258 2494 1493 2562 ejusdem
1538 2495 1701 2558 horae,
1732 2495 1883 2552 lectio

305 2593 436 2641 una,
459 2594 657 2645 versus,
680 2577 844 2649 Kyrie
873 2581 1088 2646 eleison,
1118 2583 1428 2648 benedictio,
1458 2595 1505 2638 et
1550 2594 1666 2655 post
1707 2588 1883 2642 missus

304 2668 456 2735 fiant.
483 2669 636 2736 Quod
671 2671 791 2726 aliis
819 2672 873 2726 in
902 2671 1036 2728 locis
1070 2673 1216 2735 dicit,
1248 2683 1296 2728 et
1319 2674 1628 2745 completum
1654 2686 1750 2742 est,
1778 2679 1883 2734 hac

306 2756 361 2810 iu
391 2757 649 2825 clausula,
671 2769 720 2813 et
747 2762 921 2816 missa:
955 2773 1098 2828 sunt,
1128 2763 1282 2830 dicit,
1305 2773 1355 2818 et
1381 2765 1555 2819 missa:
1581 2766 1711 2834 ﬁant
1733 2782 1884 2838 repe-

306 2849 388 2901 tit.
411 2847 692 2906 Orationes
713 2853 858 2908 enim
885 2853 1069 2920 ollicii,
1086 2871 1205 2926 qua:
1224 2872 1255 2910 a
1281 2857 1436 2911 nobis
1454 2857 1752 2928 completas,
1768 2858 1880 2915 Deo

302 2946 428 2991 sunt
481 2939 681 3008 missae,
719 2944 845 3012 quia
891 2943 946 2998 in
999 2945 1140 3000 illius
1187 2946 1389 3002 honore
1419 2955 1542 3002 sunt
1570 2948 1873 3004 celebratae.

300 3025 476 3082 Aliter
507 3029 797 3098 orationes,
828 3033 881 3087 id
911 3045 993 3090 est
1019 3035 1273 3100 collectas,
1300 3053 1420 3107 qua:
1447 3037 1503 3091 in
1535 3038 1642 3092 ﬁne
1680 3054 1875 3097 cursus

302 3129 333 3168 a
368 3119 647 3175 sacerdote
676 3123 931 3178 dicuntur
953 3126 1149 3191 missae,
1176 3127 1228 3180 id
1243 3136 1360 3199 .est,
1393 3127 1504 3183 Deo
1541 3130 1873 3186 transmissa:

300 3219 578 3263 vocantur.
611 3212 654 3265 Α
679 3217 960 3270 sacerdote
984 3217 1125 3271 enim
1150 3218 1454 3284 mittuntur,
1479 3221 1571 3274 sed
1596 3236 1626 3274 a
1653 3221 1762 3276 Deo
1785 3237 1876 3276 ac-

301 3301 593 3370 cipiuntur.
630 3306 765 3361 Hinc
803 3318 855 3361 et
887 3309 1070 3363 litania
1101 3309 1440 3365 solemnitate
1476 3311 1742 3380 aliqua'in
1774 3313 1875 3368 Ec-

298 3389 460 3446 clesia
481 3395 770 3460 celebrata,
787 3399 992 3452 elevata
1021 3415 1176 3465 voce,
1193 3409 1248 3456 et
1275 3416 1373 3472 per
1392 3402 1688 3457 sacerdotis
1713 3403 1873 3457 mini-

296 3483 520 3538 sterium
541 3484 652 3553 jam
679 3486 788 3541 Deo
808 3496 890 3543 est
916 3491 1100 3544 missa.

864 3599 1089 3656 CAPUT
1122 3600 1299 3656 XVIII.

615 3665 731 3729 Quo
757 3669 938 3722 ordine
959 3671 1148 3738 psalmi
1185 3671 1390 3725 dicendi
1418 3673 1542 3725 sint.

368 3755 434 3808 In
482 3759 666 3826 primis
713 3777 913 3828 semper
944 3763 1148 3815 diurnis
1187 3764 1329 3816 horis
1380 3765 1588 3818 dicatur
1641 3783 1816 3820 versus
1848 3781 1867 3819 :

293 3845 458 3909 Deus,
485 3846 540 3898 in
570 3846 892 3914 adjutorium
921 3867 1090 3904 meum
1119 3850 1359 3913 intende;
1389 3850 1631 3916 Domine,
1665 3854 1735 3906 ad
1765 3847 1865 3907 ad-

283 3933 579 4001 juvandum
618 3951 698 3988 me
720 3935 909 4005 festina
935 3954 954 3991 :
983 3947 1031 3992 et
1074 3935 1277 3994 Gloria.
1329 3939 1466 3994 Hinc
1512 3939 1867 3995 Cassiodorus

293 4024 370 4077 ait
399 4041 411 4076 :
448 4023 597 4078 Tunc
623 4026 764 4079 enim
805 4027 1132 4097 adjutorium
1160 4030 1460 4098 poscimus,
1484 4029 1699 4098 quando
1728 4030 1867 4098 peri-

292 4114 413 4170 culo
437 4113 793 4183 subjacemus,
823 4127 883 4172 ut
906 4119 1086 4188 aliquo
1117 4120 1354 4174 remedio
1399 4120 1689 4184 sublevati,
1723 4120 1866 4174 cala-

291 4207 507 4261 mitates
560 4207 896 4264 diversarum
952 4212 1220 4281 possimus
1272 4211 1488 4266 vincere
1527 4212 1858 4281 passionum.

293 4295 512 4350 Intende
537 4298 686 4362 dicit,
715 4301 976 4370 propitius
997 4303 1234 4371 respice;
1258 4303 1384 4372 quia
1405 4303 1586 4358 omnia
1605 4303 1863 4358 Dominus

292 4389 454 4442 etiam
477 4404 599 4442 cum
622 4407 727 4445 non
760 4403 996 4464 rogatur,
1027 4395 1286 4466 agnoscit.
1314 4395 1531 4450 Festina
1569 4411 1700 4467 ergo
1729 4397 1863 4452 dicit
1886 4436 1939 4495 D

292 4481 535 4546 Domino,
566 4484 656 4553 qui
691 4483 980 4538 festinabat
1017 4485 1084 4539 de
1122 4484 1278 4553 huius
1316 4486 1493 4542 saculi
1531 4486 1684 4541 clade
1729 4486 1863 4541 libe-

292 4574 422 4627 rari.
447 4566 781 4630 Generaliter
806 4575 950 4631 hunc
987 4575 1165 4632 locum
1209 4576 1623 4632 facundissimus
1653 4578 1865 4633 Cassia-

293 4677 392 4718 nus
420 4664 471 4717 in
509 4662 715 4719 decima
750 4664 1033 4720 collatione
1077 4666 1308 4736 plurima
1349 4667 1415 4721 de
1463 4667 1579 4737 ejus
1630 4665 1864 4722 utilitate

290 4755 582 4820 disserens,
608 4765 756 4809 tanto
780 4758 981 4811 honore
1006 4757 1444 4822 concelebrat,ut
1464 4758 1723 4827 quidquid
1747 4775 1864 4814 mo—

291 4845 449 4899 nachi
485 4847 894 4915 assumpserint,
925 4846 1041 4901 sine
1068 4847 1227 4915 hujus
1253 4847 1505 4902 versiculi
1529 4848 1669 4902 trina
1697 4849 1862 4904 itera-

289 4931 435 4986 tione
461 4950 568 4988 non
591 4935 864 5002 inchoant,
889 4951 1049 5004 quem
1075 4938 1304 5007 repetita
1335 4937 1531 5006 sapius
1553 4937 1710 4992 laude
1731 4955 1860 4994 con-

288 5029 569 5096 geminans
597 5028 757 5084 nimis
786 5030 969 5085 utilem
1000 5032 1193 5101 probat
1215 5046 1336 5085 esse
1361 5030 1476 5098 ejus
1517 5033 1856 5086 memoriam.

357 5114 491 5171 Inde
515 5118 737 5187 hymnus
767 5121 1178 5191 uniuscujusque
1230 5120 1393 5174 horae.
1447 5120 1646 5174 Deinde
1689 5122 1862 5190 prima

289 5206 418 5260 hora
447 5207 740 5276 Dominica,
765 5211 986 5266 dicenda
1013 5221 1238 5283 quatuor
1263 5210 1493 5280 capitula
1532 5211 1720 5280 psalmi
1743 5229 1862 5266 cen-

289 5301 455 5354 tesimi
485 5304 650 5356 octavi
668 5303 876 5360 decimi.
901 5303 1134 5376 Reliquis
1157 5321 1271 5358 vero
1294 5303 1458 5368 horis,
1478 5303 1532 5355 id
1552 5313 1645 5366 est,
1663 5301 1861 5368 Tertia,

289 5388 448 5444 Sexta
468 5402 514 5445 et
542 5392 882 5460 Nona,terna
907 5394 1134 5466 capitula
1158 5394 1500 5466 suprascripti
1524 5392 1714 5464 psalmi
1742 5409 1862 5446 cen-

289 5481 458 5534 tesimi
486 5485 655 5539 octavi
679 5485 867 5540 decimi
892 5486 1158 5541 dicantur.
1189 5486 1272 5540 Ad
1303 5483 1541 5540 Primam
1575 5493 1748 5539 autem
1775 5500 1860 5538 se-

288 5575 472 5628 cundm
493 5577 661 5646 ferite.
683 5578 930 5633 dicantur
949 5589 1053 5632 tres
1077 5578 1286 5649 psalmi,
1320 5578 1374 5631 id
1401 5587 1508 5642 est,
1531 5578 1753 5649 primus,
1781 5592 1863 5631 sc-

287 5664 487 5720 cundus
509 5675 557 5718 et
583 5678 779 5721 sextus.
803 5669 867 5722 Et
895 5670 966 5723 ita
992 5686 1084 5732 per
1103 5667 1334 5734 sinqulos
1362 5667 1473 5720 dies
1497 5667 1566 5720 ad
1601 5664 1857 5732 Primam,

1990 1849 2064 1902 ita
2105 1851 2321 1916 seilicet,
2355 1863 2411 1906 ut
2438 1870 2640 1924 semper
2666 1855 2943 1911 Dominica
2989 1876 3022 1912 a
3066 1864 3343 1918 centesimo
3391 1878 3569 1922 octavo

1991 1938 2532 2012 decimo‘incipiatur.
2581 1941 2803 2015 Vespera
2849 1956 3022 2001 autem
3069 1953 3300 2020 quotidie
3339 1966 3567 2026 quatuor

1988 2028 2310 2098 psalmorum
2326 2033 2680 2088 modulatione
2703 2046 2945 2090 canatur.
2967 2037 3071 2103 Qui
3094 2041 3283 2110 psalmi
3304 2045 3564 2115 incipian-

1989 2126 2077 2169 tur
2099 2135 2130 2171 a
2161 2122 2438 2175 centesimo
2466 2139 2603 2176 nono
2629 2141 2792 2195 usque
2819 2126 2889 2180 ad
2919 2131 3252 2184 centesimum
3279 2136 3567 2206 quadrage-

1987 2209 2175 2262 simum
2229 2213 2524 2282 septimum,
2575 2218 2800 2287 exceptis
2851 2217 2932 2272 his
2965 2221 3057 2290 qui
3080 2221 3135 2274 in
3173 2222 3387 2279 diversis
3419 2227 3563 2282 horis

1986 2315 2051 2352 ea:
2095 2301 2169 2353 eis
2198 2312 2606 2372 sequestrantur,
2637 2307 2693 2359 id
2730 2316 2827 2371 est,
2859 2326 2892 2360 a
2927 2312 3204 2367 centesimo
3230 2318 3446 2385 septimo
3469 2319 3562 2372 de-

1985 2392 2119 2445 cimo
2165 2410 2327 2459 usque
2371 2395 2441 2449 ad
2489 2399 2819 2452 centesimum
2850 2400 3146 2456 vicesimum
3177 2407 3472 2476 septimum,
3508 2420 3560 2463 et

1985 2484 2260 2538 centesimo
2287 2485 2549 2540 tricesimo
2570 2488 2722 2542 tertio
2740 2529 2756 2553 ,
2777 2497 2824 2542 et
2853 2492 3130 2546 centesimo
3157 2495 3558 2567 quadragesimo

1982 2574 2228 2628 secundo.
2279 2573 2489 2646 Reliqui
2527 2593 2702 2633 omnes
2732 2579 2789 2633 in
2824 2577 3049 2652 Vespera
3076 2583 3284 2646 dicendi
3318 2597 3457 2641 sunt.
3488 2589 3561 2644 Et

1979 2664 2103 2732 quia
2141 2664 2314 2719 minus
2343 2668 2551 2720 veniunt
2590 2677 2694 2722 tres
2731 2669 2944 2739 psalmi,
2969 2671 3086 2727 ideo
3114 2674 3380 2730 dividendi
3432 2690 3556 2733 sunt

1979 2755 2070 2824 qui
2093 2755 2146 2807 in
2189 2771 2404 2809 numero
2449 2759 2810 2828 suprascripto
2844 2759 3089 2831 fortiores
3116 2763 3470 2834 inveniuntur,
3497 2771 3555 2824 id

1978 2853 2074 2907 est,
2098 2843 2406 2898 centesimus
2432 2846 2725 2901 tricesimus
2748 2859 2984 2917 octavus,
3010 2861 3060 2906 et
3089 2857 3399 2911 centesimus
3418 2875 3553 2930 qua-

1977 2935 2299 3005 dragesimus
2323 2937 2532 3003 tertius,
2547 2945 2598 2990 et
2623 2939 2930 2994 centesimus
2943 2942 3374 3014 quadragesimus
3399 2965 3559 3020 quar-

1977 3038 2080 3082 tus.
2105 3026 2432 3084 Centesimus
2461 3046 2580 3084 vero
2601 3039 2779 3086 sextus
2805 3031 3059 3100 decimus,
3083 3037 3209 3105 quia
3242 3055 3432 3106 parvus
3455 3052 3555 3108 est,

1977 3133 2093 3169 cum
2115 3118 2388 3172 centesimo
2405 3119 2789 3190 quintodecimo
2805 3123 3174 3194 conjungatur.
3193 3127 3405 3197 Digesto
3431 3149 3557 3203 ergo

1976 3209 2158 3263 ordine
2185 3209 2508 3281 psalmorum
2549 3213 2976 3282 vespertinorum,
3002 3213 3222 3286 reliqua,
3253 3218 3309 3272 id
3351 3229 3447 3283 est,
3471 3221 3550 3276 le-
3632 3242 3635 3243 ν

1974 3300 2168 3355 ctiones
2185 3341 2200 3368 ,
2227 3303 2556 3373 responsoria
2573 3344 2588 3369 ,
2621 3304 2820 3374 hymni,
2849 3322 3024 3360 versus
3049 3306 3126 3360 vel
3154 3311 3382 3376 cantica,
3405 3312 3545 3364 sicut

1973 3393 2133 3460 supra
2176 3392 2493 3460 taxavimus,
2521 3393 2855 3465 impleantur.
2894 3394 2977 3449 Ad
3009 3395 3401 3468 completorium
3429 3419 3553 3457 vero

1973 3482 2130 3537 iidem
2152 3483 2344 3554 psalmi
2365 3494 2667 3556 repetantur
2699 3487 2950 3558 quotidie,
2977 3489 3033 3542 id
3061 3497 3156 3554 est,
3189 3501 3430 3562 quartus,
3457 3512 3556 3549 no-
3647 3555 3650 3558 ,

1973 3575 2268 3644 nagesimus
2304 3585 2352 3628 et
2381 3576 2688 3630 centesimus
2711 3576 3008 3632 tricesimus
3029 3580 3232 3634 tertius.
3276 3581 3547 3651 Disposito

1974 3663 2154 3717 ordine
2197 3664 2504 3735 psalmodite
2553 3666 2796 3733 diurnae,
2825 3667 3011 3740 reliqui
3052 3686 3227 3726 omnes
3251 3672 3441 3743 psalmi
3460 3678 3560 3746 qui

1970 3763 2280 3824 supersunt,
2319 3755 2590 3826 wqualiter
2627 3757 2934 3812 dividantur
2983 3759 3039 3813 in
3084 3770 3276 3830 septem
3318 3765 3549 3818 noctium

1971 3843 2196 3912 vigilias,
2210 3845 2486 3914 partiendo
2501 3845 2696 3900 scilicet
2709 3850 2798 3918 qui
2820 3850 2956 3902 inter
2981 3866 3068 3904 eos
3087 3851 3400 3919 prolixiores
3426 3869 3554 3910 sunt

1969 3933 2176 4004 psalmi,
2205 3943 2254 3987 et
2289 3935 2564 3989 duodecim
2595 3953 2686 4006 per
2715 3953 3134 4010 unamquamque
3155 3943 3544 3999 constituantur

1969 4034 2190 4077 noctem.
2226 4023 2340 4078 Hoc
2368 4027 2630 4095 prcecipue
2658 4039 3037 4083 commonentes
3076 4041 3134 4084 ut
3179 4033 3224 4086 si
3277 4034 3365 4086 cui
3409 4036 3549 4105 forte

1967 4115 2078 4168 ha'c
2111 4115 2409 4182 distributio
2457 4117 2778 4186 psalmorum
2837 4119 3184 4191 displicuerit,
3233 4126 3457 4192 ordinet,
3499 4131 3550 4182 si

1966 4204 2151 4260 melius
2176 4205 2330 4260 aliter
2348 4207 2678 4275 iudicaverit.
2713 4209 2866 4265 Hanc
2887 4220 3062 4266 autem
3083 4214 3410 4282 psalmorum
3433 4220 3547 4274 dis-
3572 4233 3586 4238 ·

1967 4297 2315 4351 tributionem
2351 4313 2460 4353 non
2500 4306 2672 4353 totum
2726 4299 2958 4354 oliicium
2993 4302 3186 4360 beatus
3218 4305 3542 4364 Benedictus

1967 4386 2021 4440 in
2048 4384 2340 4454 judicantis
2364 4389 2542 4459 posuit
2564 4391 2870 4454 arbitrium.
2896 4393 2999 4449 hoc
3026 4395 3294 4465 praecipue
3314 4413 3549 4458 monens

1969 4483 2028 4530 ut
2051 4475 2143 4545 qui
2163 4476 2279 4530 vult
2296 4478 2436 4532 hanc
2449 4477 2776 4546 psalmorum
2803 4480 3232 4538 distributionem
3247 4487 3543 4544 secundum

1969 4580 2120 4619 suam
2149 4573 2332 4620 tenere
2356 4565 2784 4635 dispositionem,
2809 4575 3008 4623 teneat.
3035 4569 3138 4637 Qui
3164 4581 3343 4628 autem
3380 4575 3548 4632 aliter

1967 4656 2161 4712 melius
2177 4654 2528 4724 iudicaverit,
2572 4657 2716 4713 illam
2767 4666 2978 4726 tenens,
3023 4662 3185 4718 istam
3220 4665 3338 4721 sine
3382 4669 3543 4739 culpa

1967 4746 2223 4800 dimittat.
2253 4746 2361 4803 Nos
2395 4756 2575 4802 autem
2621 4747 2902 4804 hortamur
2928 4766 3052 4806 eum
3101 4754 3195 4822 qui
3241 4757 3544 4814 secundum

1967 4838 2109 4894 hanc
2131 4839 2381 4909 promisit
2403 4853 2464 4896 se
2502 4839 2684 4894 vivere
2713 4841 2973 4912 regulam,
2998 4843 3053 4898 in
3081 4854 3345 4915 quantum
3373 4849 3543 4915 valet,

1962 4927 2190 4984 ﬁrmiter
2235 4938 2418 4985 teneat
2451 4939 2508 4987 et
2555 4940 2840 4988 conservet
2879 4949 3022 5002 eam,
3053 4944 3110 4992 et
3147 4939 3428 4998 conﬁdens
3474 4945 3546 4999 de

1962 5018 2056 5074 Dei
2080 5021 2448 5076 misericordia
2475 5022 2660 5077 credat
2692 5023 2818 5093 quia
2847 5027 3275 5086 custodientibus
3300 5047 3419 5087 eam
3446 5049 3540 5102 pa-

1961 5114 2153 5166 tebunt
2180 5111 2369 5167 ccelica
2399 5128 2585 5182 regna.
2620 5114 2875 5185 Sequitur
2915 5135 2928 5170 :
2963 5117 3103 5172 Dum
3129 5122 3439 5177 omnimodis
3482 5125 3539 5176 id

1963 5202 2267 5256 attendatur
2288 5213 2345 5256 ut
2379 5203 2705 5260 hebdomada
2742 5204 3062 5264 Psalterium
3103 5227 3170 5265 ea:
3212 5214 3412 5284 integro
3439 5231 3540 5268 nu-

1963 5309 2104 5348 mero
2129 5305 2335 5348 centum
2365 5295 2745 5367 quinquaginta
2768 5297 3091 5368 psalmorum
3137 5302 3414 5372 psallatur.
3462 5304 3531 5357 Et

1961 5383 2236 5440 Dominica
2269 5385 2355 5440 die
2377 5402 2578 5457 semper
2613 5405 2646 5442 a
2672 5390 2840 5444 cavite
2886 5401 3150 5462 repetatur
3194 5394 3264 5448 ad
3305 5395 3538 5464 vigilias,

1961 5478 2087 5548 quia
2116 5477 2268 5532 nimis
2295 5478 2436 5532 iners
2457 5477 2744 5533 devotionis
2792 5496 2904 5535 suae
2945 5484 3210 5537 servitium
3249 5484 3536 5539 ostendunt

1961 5567 2225 5633 monachi,
2245 5569 2335 5639 qui
2354 5568 2526 5622 minus
2547 5565 2809 5624 Psalterio
2833 5586 2951 5625 cum
2992 5572 3210 5626 canticis
3249 5583 3534 5628 consuetu-

1962 5661 2184 5715 dinariis
2204 5676 2298 5732 per
2322 5659 2626 5730 septimana?
2651 5660 2905 5714 circulum
2933 5661 3200 5731 psallunt;
3250 5681 3365 5719 cum
3387 5667 3540 5737 tega-
