3944 6426
367 267 475 325 839

1640 233 1922 293 SMARAG
1931 232 1995 288 Di
2033 224 2321 284 ABBATIS

3517 208 3626 268 8-50

369 392 483 431 mus
505 378 709 427 sanctos
734 365 918 418 Patres
939 366 1140 414 nostros
1162 370 1267 409 uno
1292 352 1377 406 die
1402 352 1498 404 hoc
1522 357 1728 403 strenue
1757 343 1938 415 implc-
1960 348 2010 413 Α
2040 350 2217 412 spectu
2247 335 2549 431 Divinitalis
2585 341 2634 388 ct
2668 332 2971 404 angelorum
3004 330 3120 401 ejus
3154 343 3265 383 esse
3293 342 3312 380 :
3348 335 3397 382 et
3409 327 3498 431 ἐξα
3522 337 3632 431 su.-

369 466 521 528 risse,
543 457 679 532 quod
710 471 803 509 nos
828 449 988 521 tepidi
1014 447 1217 500 utinam
1253 441 1543 513 septimana
1577 438 1780 506 integra
1820 448 1941 504 per-

367 553 645 609 solvamus.
951 603 1179 662 CAPUT
1215 599 1359 655 xm.

816 699 894 753 De
922 695 1197 766 disciplina
1226 687 1503 761 psallendi.

442 819 640 889 Ubique
683 812 941 867 credimus
985 806 1217 860 divinam
1264 817 1374 854 esse
1420 794 1769 869 pra'sentiam.
1816 788 1949 842 Nam

372 882 724 969 omnia-nuda
763 914 809 959 et
845 912 1024 973 aperta
1061 907 1204 962 sunt,
1244 903 1303 950 ut
1342 893 1416 946 ait
1459 887 1766 958 Apostolus,
1789 882 1950 938 oculis

376 1006 493 1071 Dei,
527 1014 573 1057 et
602 1015 712 1054 non
746 1007 819 1052 est
841 968 966 1048 [ulla
1003 1000 1243 1045 creatura
1280 982 1552 1039 invisibilis
1591 980 1643 1032 in
1681 984 1951 1045 conspectu

374 1064 489 1165 ejus
521 1091 707 1166 (Hebr.
739 1087 835 1157 IV).
864 1085 933 1138 Et
958 1081 1078 1135 ideo
1105 1078 1183 1132 sic
1207 1074 1460 1129 assistere
1484 1078 1607 1166 ante
1633 1066 1817 1166 oculos
1838 1064 1952 1166 ejus

380 1154 659 1247 debemus,
687 1154 826 1235 sicut
847 1181 970 1230 ante
989 1170 1171 1225 oculos
1187 1163 1448 1221 creatoris
1473 1156 1748 1228 etjudicis.
1767 1154 1954 1209 Nullus

379 1468 580 1531 quanto
610 1428 782 1525 magis
811 1450 901 1520 qui
930 1445 1141 1501 accedit
1166 1440 1232 1495 ad
1261 1436 1544 1532 Dominum
1576 1444 1841 1532 nusquam
1866 1428 1959 1483 de-

382 1530 469 1608 bet
498 1562 717 1606 movere
751 1542 963 1599 oculum
990 1535 1188 1596 cordis,
1220 1530 1313 1586 sed
1340 1530 1579 1581 intentus
1607 1536 1727 1577 esse
1756 1530 1809 1574 in
1832 1532 1956 1572 eum

381 1642 470 1712 qui
501 1645 776 1695 scrutatur
803 1645 961 1687 renes
987 1636 1043 1682 et
1070 1621 1263 1679 corda!
1287 1617 1509 1686 Quando
1537 1613 1958 1712 enimnproopec-

382 1698 518 1788 eatis
565 1727 763 1783 nostris
808 1719 1085 1777 humiliter
1129 1710 1510 1782 supplicamus,
1555 1702 1625 1758 ad
1672 1698 1957 1755 Dominum

384 1838 480 1877 nos
506 1818 649 1888 loqui
677 1812 1074 1884 cognoscimus.

454 1914 522 1966 Et
558 1882 732 1964 oculos
750 1882 974 1958 —Domini
1005 1899 1059 1951 in
1098 1894 1238 1950 omni
1275 1890 1387 1943 loco
1424 1883 1684 1957 speculari
1726 1882 1885 1935 bonos
1914 1888 1962 1932 et

384 2002 582 2066 malos;
631 1996 857 2051 maxime
906 2001 1077 2044 tamen
1124 1985 1220 2038 hoc
1266 1981 1377 2035 sine
1422 1975 1600 2045 aliqua
1643 1970 1964 2066 dubitatione

386 2058 679 2151 credamus,
715 2101 832 2138 cum
872 2081 939 2134 ad
970 2094 1096 2149 opus
1134 2073 1365 2127 divinum
1395 2064 1707 2120 assistimus.
1747 2059 1815 2113 Et
1844 2058 1965 2112 ideo

389 2182 579 2236 timere
608 2150 866 2231 debemus
902 2186 968 2225 ne
1005 2167 1143 2223 forte
1183 2164 1226 2218 si
1270 2158 1502 2228 aliquid,
1543 2154 1682 2224 quod
1712 2150 1964 2222 petimus,

386 2270 703 2340 cogitamus,
736 2263 932 2317 divinae
972 2253 1274 2325 majestati,
1307 2261 1433 2304 ante
1459 2260 1619 2318 quam
1650 2253 1794 2298 stare
1822 2240 1969 2294 vide-

391 2377 533 2425 mur,
563 2357 814 2426 injuriam
843 2351 1123 2423 faciamus.

458 2422 587 2502 Ideo
613 2422 823 2516 semper
858 2422 1110 2494 memores
1151 2436 1313 2488 simus
1350 2429 1488 2501 quod
1527 2427 1599 2481 ait
1640 2422 1905 2494 Propheta
1947 2434 1966 2472 :

394 2540 597 2595 Servite
622 2513 841 2590 Domino
871 2534 926 2586 in
956 2532 1139 2584 timore
1164 2523 1335 2598 (Psal.
1362 2522 1445 2593 tl).
1473 2520 1543 2575 Et
1568 2521 1753 2573 iterum
1776 2531 1794 2569 .'
1821 2513 1971 2569 Psal-

391 2631 480 2683 lite
514 2620 775 2698 sapienter
814 2619 995 2693 (Psal.
1038 2615 1217 2689 XLVI).
1262 2614 1343 2697 Ea
1370 2626 1499 2681 ergo
1536 2622 1760 2698 semper—
1787 2606 1970 2698 lingua

391 2695 633 2792 proferat
659 2731 777 2786 qum
806 2710 1081 2768 Couditori
1104 2696 1369 2777 placeant,
1392 2701 1545 2792 juxta
1573 2695 1967 2792 illud-Psama-

394 2784 583 2880 grapbi
624 2784 948 2875 prurcouium
992 2815 1006 2852 :
1052 2796 1268 2857 Servite,
1315 2790 1520 2880 inquit,
1566 2785 1790 2841 Domino
1819 2785 1874 2880 in
1905 2784 1973 2837 ti-

392 2873 555 2962 more,
673 2889 926 2946 exsultate
955 2887 1002 2941 ei
1032 2901 1149 2939 cum
1185 2894 1425 2937 tremore.
1465 2877 1617 2933 Tunc
1653 2890 1782 2946 ergo
1810 2873 1973 2930 Crea-

394 2987 495 3041 tori
523 2984 763 3040 timendo
785 2979 1037 3043 servitur,
1060 2977 1102 3031 si
1125 2990 1259 3045 opus
1275 2974 1474 3028 bonum
1496 2967 1703 3024 devotis
1720 2966 1969 3021 laudibus

2047 448 2162 485 ntus
2196 430 2264 483 ad
2302 426 2661 499 psallendum,
2698 435 2755 479 ut
2789 440 2932 479 mens
2976 431 3157 477 nostra
3194 419 3471 474 concordet
3514 420 3630 475 voci

2047 531 2256 577 nostraz.
2294 520 2377 575 Ad
2404 527 2611 573 tantum
2648 531 2777 588 ergo
2803 523 2858 570 et
2886 513 3003 593 tale
3026 511 3259 568 oilicium
3297 525 3391 565 eor
3425 511 3633 580 pariter

2049 628 2169 667 cum
2193 611 2373 681 lingua
2393 607 2711 673 conveniat;
2741 622 2862 661 cum
2886 605 3081 659 timore
3106 602 3335 658 Domino
3360 601 3634 670 quotidia-

2050 718 2175 758 num
2199 702 2432 757 debitum
2462 700 2611 755 reddi
2634 698 2809 753 debet.
2840 695 2909 750 Et
2940 702 3088 750 notet
3114 694 3215 749 sibi
3246 692 3299 746 in
3326 693 3509 758 corde,
3535 691 3634 763 qui

2048 791 2253 862 psallit,
2288 790 2354 844 ad
2384 788 2591 860 singula
2619 787 2800 843 onmia
2831 783 3134 840 testimonia
3165 797 3285 851 qua:
3313 780 3473 848 dicit,
3503 781 3634 852 quia

2052 879 2245 950 singuli
2274 894 2477 942 versus,
2508 876 2551 932 si
2572 884 2846 941 notentur,
2875 872 3165 945 proﬁciunt
3189 870 3382 924 animm
3400 871 3468 925 ad
3492 869 3635 924 salu-

2052 979 2194 1036 tem,
2235 979 2290 1023 et
2327 969 2380 1022 in
2408 969 2486 1023 eis
2514 977 2681 1021 totum
2711 965 2983 1021 invenitur
3009 963 3153 1033 quod
3179 961 3474 1032 quaeritur;
3505 959 3634 1031 quia

2052 1059 2232 1113 omnia
2276 1057 2343 1110 ad
2380 1038 2791 1109 aedificationem
2833 1051 3070 1122 loquitur
3105 1048 3380 1119 psalmus,
3421 1048 3635 1109 dicente

2052 1151 2319 1222 Propheta
2349 1167 2362 1203 :
2395 1146 2633 1202 Psallam
2664 1156 2710 1200 et
2741 1143 3027 1214 intelligam
3057 1141 3229 1215 (Psal.
3259 1139 3331 1214 c).

2651 1233 2876 1291 CAPUT
2913 1232 3035 1287 XX.

2502 1328 2579 1383 De
2608 1327 2887 1382 reverentia
2915 1325 3169 1380 orationis

2128 1421 2186 1477 Si
2223 1438 2341 1476 cum
2382 1418 2677 1475 hominibus
2710 1414 3004 1488 potentibus
3034 1414 3272 1469 volumus
3304 1413 3481 1486 aliqua
3512 1432 3637 1488 sug-

2055 1531 2249 1586 gerere,
2268 1531 2369 1569 non
2380 1511 2743 1584 prwsumimus
2757 1509 2858 1562 nisi
2881 1523 3001 1562 cum
3013 1505 3308 1561 humilitate
3332 1517 3380 1562 et
3407 1523 3641 1561 reveren-

2059 1606 2132 1659 tia
2153 1619 2173 1658 :
2192 1614 2385 1676 quanto
2407 1604 2572 1673 magis
2598 1601 2816 1655 Domino
2843 1599 2952 1654 Deo
2977 1599 3334 1654 universorum
3356 1617 3472 1656 cum
3497 1601 3640 1655 omni

1986 1683 2033 1743 B
2060 1694 2351 1748 humilitate
2381 1701 2429 1747 et
2456 1692 2701 1763 puritatis
2727 1689 2995 1744 devotione
3021 1687 3425 1758 supplicandum
3451 1698 3549 1743 est.
3581 1687 3641 1744 Si

2062 1781 2368 1838 hominibus
2411 1779 2719 1836 carnalibus
2766 1777 2870 1833 nisi
2916 1792 3039 1833 cum
3082 1777 3382 1833 humilitate
3431 1794 3534 1833 non
3582 1778 3646 1833 fit

2062 1873 2302 1944 precatio
2322 1887 2443 1925 cum
2469 1869 2729 1926 beneﬁcia
2751 1884 2844 1925 eos
2865 1868 3045 1940 aliqua
3062 1869 3373 1939 temporalia
3399 1870 3643 1939 postula-

2062 1978 2203 2028 mus,
2221 1969 2425 2032 quanto
2439 1961 2611 2031 magis
2624 1959 2948 2014 convenitut
2958 1972 3056 2029 pro
3070 1959 3306 2028 peccatis
3331 1959 3533 2015 nostris
3563 1959 3646 2015 vel

2063 2055 2390 2110 facinoribus
2416 2054 2588 2117 omni,
2611 2067 2715 2122 qua
2738 2035 3342 2121 possumnsfchristum
3368 2066 3531 2121 prece
3560 2067 3642 2105 ro-

2064 2160 2272 2216 gemus.
2306 2142 2459 2197 Nulla
2493 2158 2622 2213 ergo
2653 2142 2814 2197 debet
2840 2156 2959 2197 esse
2988 2142 3044 2197 in
3068 2144 3311 2198 oratione
3334 2142 3644 2214 duplicitas.

2066 2235 2181 2289 Non
2218 2250 2357 2289 unus
2392 2234 2447 2287 in
2477 2249 2595 2299 ore,
2625 2233 2763 2287 alter
2792 2233 2847 2287 in
2880 2232 3041 2288 corde
3076 2230 3400 2289 inveniatur.
3430 2233 3649 2289 Puritas

2067 2326 2250 2381 cordis
2279 2327 2460 2380 omnia
2487 2325 2617 2379 vitia
2649 2323 2911 2390 excludit,
2947 2340 3135 2380 omnes
3163 2325 3390 2380 virtutes
3416 2324 3645 2380 obtinet.

2066 2418 2304 2473 Lretetur
2334 2434 2429 2472 eor
2460 2418 2819 2488 qmerentinm
2850 2418 3159 2485 Dominum,
3186 2418 3311 2489 quia
3344 2419 3415 2473 ibi
3446 2428 3527 2473 est
3553 2418 3653 2473 ha-

2069 2509 2365 2564 bitaculum
2410 2508 2645 2578 Spiritus
2689 2508 2864 2563 sancti
2891 2506 2984 2562 ubi
3018 2507 3179 2563 fuerit
3214 2507 3423 2580 paritas
3449 2509 3647 2564 cordis.

2073 2598 2223 2655 Unde
2253 2607 2306 2653 et
2334 2598 2579 2669 sequitur
2606 2617 2619 2653 :

2141 2692 2212 2745 Et
2237 2698 2340 2745 non
2366 2691 2421 2745 in
2441 2690 2793 2763 multiloquio,
2816 2691 2908 2746 sed
2931 2692 2984 2745 in
3004 2692 3231 2762 puritate
3251 2690 3422 2747 cordis
3446 2701 3493 2746 ct
3516 2707 3653 2746 com-

2070 2782 2353 2852 punctione
2382 2779 2735 2851 lacrymarum
2764 2798 2856 2836 nos
2880 2780 3121 2836 exaudiri
3157 2782 3401 2837 sciamus.
3434 2778 3502 2837 Et
3530 2781 3650 2838 ideo

2070 2872 2235 2927 brevis
2260 2869 2407 2924 debet
2428 2887 2536 2925 esse
2561 2881 2611 2926 et
2636 2889 2769 2942 pura
2792 2874 2981 2926 oratio.
3010 2870 3134 2927 Ideo
3153 2872 3333 2927 brevis
3356 2873 3511 2927 debet
3536 2871 3655 2928 fieri

2071 2963 2266 3029 oratio,
2304 2979 2383 3033 ne
2409 2976 2509 3033 per
2545 2962 2885 3018 occasionem
2920 2962 3125 3032 prolixa
3163 2963 3426 3020 orationis
3459 2965 3657 3019 obdor-

1117 3028 1464 3121 Psaliiiistam
1492 3060 1724 3117 dicitur:
1753 3054 1972 3111 Psallite
1999 3028 2042 3090 (ἶ
2074 3028 2266 3119 miant,
2291 3028 2385 3107 aut
2406 3028 2545 3108 forte
2575 3053 2663 3108 diu
2685 3028 3195 3123 iacentes—diabolus
3220 3053 3300 3109 eis
3323 3063 3448 3108 ante
3472 3053 3657 3110 oculos

392 3169 670 3240 sapienter.
701 3161 982 3233 Sapienter
1012 3158 1212 3213 etenim
1240 3156 1468 3225 quisque
1499 3151 1695 3222 psallit,
1726 3149 1817 3220 qui
1840 3163 1975 3203 voce

396 3257 635 3313 laudanti
664 3254 842 3309 noxiis
865 3250 1118 3321 operibus
1145 3264 1249 3302 non
1276 3243 1632 3307 contradicit;
1664 3250 1718 3296 et
1741 3241 1976 3311 qualiter

391 3357 640 3422 oporteat
668 3346 860 3402 divinae
884 3342 1141 3414 potentia:
1166 3338 1413 3393 famulari
1442 3336 1671 3392 sollicita
1701 3348 1834 3389 cura
1862 3348 1977 3422 om-

396 3420 559 3509 nique
593 3437 770 3492 studio
808 3432 1171 3506 prosequitur.
1219 3428 1309 3483 Sic
1344 3442 1473 3497 ergo
1496 3440 1648 3480 mens
1674 3433 1861 3478 nostra
1890 3420 1977 3477 in-

397 3539 545 3585 tenta
568 3527 634 3582 ad
658 3524 993 3596 psallendum
1018 3521 1249 3584 incedat,
1271 3517 1503 3588 qualiter
1525 3515 1668 3570 nullo
1688 3514 1977 3586 praepedita

398 3618 673 3677 saecularis
700 3612 955 3670 desiderii
983 3609 1282 3692 obstaculo,
1313 3607 1458 3662 nullo
1491 3605 1746 3678 temporis
1770 3604 1978 3659 fuscata

398 3708 558 3771 vitio,
604 3703 697 3760 sed
736 3715 950 3769 semper
990 3699 1196 3752 intenta
1237 3696 1291 3750 in
1330 3694 1637 3750 coelestibus
1677 3692 1980 3747 humilitate

400 3812 465 3851 ac
503 3794 741 3865 puritate
785 3788 1291 3860 promptissimaque
1334 3785 1618 3840 devotione
1657 3782 1867 3849 ornata,
1911 3783 1979 3838 ad

402 3891 601 3938 aeterna
628 3879 846 3950 praemia
874 3877 1156 3948 pervenire
1176 3875 1483 3929 contendat.
1507 3872 1599 3928 Sic
1620 3889 1819 3944 corpus
1838 3888 1984 3928 com-

403 3974 749 4046 punctionem
784 3971 1006 4041 ﬂagret,
1039 3965 1271 4037 qualiter
1297 3966 1352 4020 in
1385 3980 1442 4021 se
1468 3964 1742 4020 Creatoris
1770 3963 1981 4018 miseri-

405 4067 643 4121 cordiam
677 4064 895 4119 excitet.

475 4157 543 4211 Et
582 4170 600 4209 .'
642 4154 708 4210 In
754 4161 1028 4223 conspectu
1072 4149 1375 4220 angelorum
1413 4146 1635 4219 psallam
1678 4146 1769 4201 tibi
1807 4143 1979 4217 (Psal.

403 4243 665 4317 cxxxvn).
720 4242 890 4297 Tanta
930 4239 1088 4295 debet
1130 4253 1250 4293 esse
1280 4237 1598 4293 reverentiae
1633 4236 1871 4307 gravitas
1899 4233 1983 4288 vel

2075 3145 2284 3201 diversa
2306 3146 2540 3217 ingerat,
2563 3144 2650 3200 vel
2672 3145 2725 3199 in
2741 3146 2903 3201 corde
2924 3144 3070 3200 aliud
3107 3146 3496 3202 subministret.
3513 3148 3657 3220 Ergo

2073 3246 2286 3308 oportet
2304 3252 2465 3293 orare
2485 3253 2608 3293 cum
2628 3239 2821 3293 timore
2841 3238 3172 3309 suppliciter,
3190 3246 3251 3293 ut
3270 3240 3362 3310 qui
3381 3249 3502 3296 orat
3520 3256 3661 3314 prie

2075 3330 2244 3385 sentis
2265 3328 2466 3385 Christi
2485 3330 2733 3384 videatur
2756 3330 2920 3400 pedes
2946 3339 3149 3386 tenere.
3166 3330 3376 3387 Etcum
3398 3339 3550 3388 tanto
3571 3333 3661 3391 de-

2036 3480 2046 3491 _
2076 3420 2265 3476 bemus
2291 3435 2448 3475 orare
2473 3421 2691 3486 timore,
2724 3428 2784 3475 ut
2811 3436 3198 3492 cognoscamus
3229 3422 3356 3494 quia
3390 3438 3516 3478 eum
3546 3424 3659 3482 Deo

2077 3508 2366 3580 loquimur.
2391 3509 2501 3565 Nec
2521 3525 2579 3564 se
2600 3511 2655 3564 in
2679 3510 3018 3579 multiloquio
3039 3511 3339 3581 quisquam,
3364 3514 3457 3568 sed
3478 3516 3659 3583 potius

2077 3600 2133 3661 in
2168 3599 2403 3668 puritate
2431 3598 2611 3653 cordis
2659 3607 2714 3653 et
2738 3597 3102 3670 lacrymarum
3128 3602 3373 3657 ubertate
3411 3604 3658 3663 exaudiri

2079 3689 2280 3744 credat.
2298 3686 2414 3741 Non
2432 3687 2575 3742 enim
2589 3687 2761 3760 longa:
2773 3691 3033 3746 orationis
3052 3692 3353 3761 prolixitas,
3368 3696 3461 3750 sed
3482 3710 3663 3766 prom-

2078 3787 2184 3848 ptae
2199 3777 2395 3832 mentis
2412 3777 2637 3833 intentio
2650 3779 2904 3849 pietatem
2925 3781 3203 3838 clementis
3220 3781 3420 3852 judicis
3433 3786 3655 3843 excitat.

2080 3869 2355 3927 Orandum
2382 3885 2510 3941 ergo
2544 3886 2757 3941 semper
2786 3880 2896 3939 est,
2930 3883 2988 3928 ut
3018 3874 3277 3946 largiatur
3302 3876 3660 3949 delinquenti-

2079 3963 2181 4017 bus
2201 3962 2435 4028 veniam,
2462 3962 2555 4032 qui
2587 3962 2863 4034 languenti
2901 3966 3098 4021 mundo
3126 3982 3221 4038 per
3248 3970 3426 4025 crucis
3454 3971 3662 4040 passio—

2081 4067 2205 4107 nem
2235 4050 2468 4105 infundit
2493 4052 2814 4107 medicinam
2841 4072 2852 4106 :
2879 4054 3023 4110 salus
3051 4056 3235 4113 mundi
3260 4066 3483 4124 aeterna,
3506 4059 3663 4115 Chri-

2081 4153 2198 4200 stus
2222 4142 2377 4199 Jesus
2401 4143 2661 4200 Dominus
2690 4153 2895 4200 noster.
3580 4208 3591 4213 ν

2157 4234 2278 4288 Nisi
2298 4234 2431 4304 forte
2448 4251 2512 4288 ex
2535 4234 2725 4304 a/I‘ectu
2750 4236 3107 4306 inspirationis
3128 4237 3317 4293 divina:
3335 4241 3519 4311 gratia:
3538 4259 3663 4311 pro-

404 4334 684 4405 disciplina
712 4330 971 4403 psallendi
991 4370 1006 4395 ,
1039 4338 1099 4384 ut
1130 4328 1415 4383 amabilius
1443 4342 1473 4381 a
1502 4325 1732 4380 Domino
1759 4338 1920 4393 quam
1949 4339 1981 4378 a
2009 4363 2059 4422 Β
2082 4325 2345 4379 tendatur.
2375 4323 2443 4380 In
2466 4336 2716 4380 conventu
2744 4336 2919 4380 tamen
2947 4329 3156 4382 omnino
3185 4329 3441 4385 brevietur
3469 4332 3657 4386 oratio.

405 4424 561 4479 nobis
594 4421 810 4485 dicitur,
841 4420 1110 4485 audiatur,
1147 4418 1287 4473 sicut
1315 4417 1391 4471 ait
1418 4409 1698 4486 Scriptura
1738 4434 1752 4469 :
1792 4413 1981 4469 Exitus

406 4510 648 4565 matutini
675 4520 723 4563 et
747 4525 967 4580 vesperae
998 4507 1276 4562 delectabis
1309 4505 1481 4578 (Psal.
1515 4504 1681 4579 thv).
1714 4505 1783 4559 Et
1808 4506 1935 4561 item
1964 4523 1977 4560 :

409 4598 628 4654 Psallite
650 4598 869 4653 Domino
890 4599 1149 4668 sapienter
1168 4594 1341 4666 (Psal.
1363 4590 1530 4666 XLVI).
1552 4593 1692 4663 Ergo
1713 4595 1985 4664 sapienter

406 4700 608 4743 etcum
644 4688 838 4741 timore
865 4685 1021 4755 jubet
1051 4685 1202 4755 psalli
1238 4702 1252 4738 :
1292 4690 1503 4754 oportet
1529 4683 1842 4753 psallentem
1882 4683 1985 4737 im-

409 4777 594 4831 mobili
624 4790 872 4846 corpore,
909 4776 1165 4830 inclinato
1195 4774 1369 4842 capite
1397 4781 1566 4839 stare,
1592 4782 1645 4827 et
1673 4772 1857 4829 laudes
1880 4774 1985 4830 Do-

409 4868 556 4922 mino
576 4868 854 4922 moderate
873 4881 1098 4931 canere;
1120 4867 1316 4935 quippe
1334 4866 1423 4934 qui
1448 4865 1808 4920 ministerium
1829 4883 1984 4923 suum

410 4965 537 5009 ante
560 4956 904 5010 Divinitatem
937 4953 1142 5023 implet,
1167 4952 1391 5007 docente
1421 4954 1522 5008 hoc
1546 4952 1832 5023 Propheta,
1864 4972 1985 5011 cum

411 5046 542 5100 dicit
579 5063 593 5098 :
637 5046 701 5099 In
746 5052 1022 5114 conspectu
1069 5041 1371 5112 angelorum
1415 5043 1636 5115 psallam
1679 5046 1771 5099 tibi
1812 5046 1984 5119 (Psal.

411 5138 673 5207 exxxvn).
704 5136 840 5189 Nam
865 5133 1209 5188 considerare
1233 5133 1391 5190 debet
1413 5136 1502 5206 qui
1526 5138 1727 5208 psallit,
1754 5154 1984 5209 semper,

413 5243 479 5280 ne
505 5227 609 5281 alio
636 5240 826 5281 sensus
852 5224 971 5293 ejus
995 5224 1286 5293 demigret;
1318 5242 1386 5282 ne
1411 5243 1533 5283 cum
1559 5231 1613 5283 in
1649 5229 1809 5283 aliam
1840 5230 1988 5297 cogi-

2083 4413 2313 4485 ldeoque
2337 4430 2464 4487 ergo
2500 4416 2673 4470 nostri
2710 4415 2899 4472 Patres
2933 4416 3136 4472 utiliter
3163 4419 3334 4488 ipsam
3363 4421 3663 4476 orationem

2081 4503 2243 4559 celeri
2271 4503 2376 4560 line
2400 4503 2646 4559 concludi
2668 4503 2968 4573 jusserunt,
2994 4522 3062 4561 ne
3086 4505 3223 4562 forte
3254 4507 3665 4565 immorantibus

2082 4596 2308 4659 nobistin
2330 4609 2392 4651 ea
2415 4597 2656 4667 quzedam
2677 4597 2858 4659 tussis,
2880 4597 2966 4652 vel
2987 4597 3307 4668 phlegmatis
3329 4598 3665 4668 aliarumque

2081 4701 2266 4742 rerum
2304 4687 2666 4755 interrumpat
2704 4688 2982 4757 strepitus,
3022 4695 3076 4742 et
3116 4688 3243 4743 dum
3279 4688 3453 4743 adhuc
3496 4686 3667 4744 fervet

2081 4777 2275 4839 oratio,
2305 4776 2454 4831 velut
2478 4793 2544 4831 ex
2571 4775 2816 4830 faucibus
2846 4777 3043 4832 diaboli
3070 4777 3328 4833 velociter
3352 4779 3662 4848 recipiatur.

2088 4866 2211 4934 Qui,
2241 4880 2366 4921 cum
2395 4866 2551 4920 nobis
2579 4879 2792 4935 semper
2826 4865 2898 4920 sit
2923 4865 3169 4931 infestus,
3200 4873 3329 4921 tunc
3360 4881 3521 4936 quam
3553 4882 3668 4920 ma-

2084 4957 2232 5010 xime
2268 4954 2474 5009 assistit
2499 4952 2746 5020 infestus,
2779 4971 2901 5010 cum
2929 4971 3028 5010 nos
3060 4956 3202 5009 intra
3229 4971 3288 5011 se
3324 4955 3519 5011 oﬂ'erre
3545 4970 3669 5026 pre-

2087 5063 2179 5104 ces
2218 5047 2444 5102 Domino
2480 5047 2705 5113 viderit,
2748 5047 3013 5103 festinans
3053 5056 3291 5104 mentem
3327 5057 3568 5104 nostram
3600 5048 3667 5103 ab

2089 5138 2384 5193 intentione
2415 5138 2696 5204 orationis,
2738 5147 2831 5193 aut
2856 5139 3270 5210 cogitationibus
3296 5146 3389 5194 aut
3417 5140 3667 5196 excitatis

2092 5228 2408 5284 humoribus
2435 5244 2708 5284 revocare.
2748 5229 3043 5299 Propterea
3072 5245 3201 5301 ergo
3230 5232 3422 5286 breves
3451 5228 3667 5300 quidem

416 5321 671 5374 tationem
712 5331 905 5372 sensus
934 5316 1103 5369 nostri
1139 5318 1519 5389 migraverint,
1558 5321 1625 5376 de
1664 5321 1818 5375 nobis
1850 5320 1994 5376 dicat
2091 5321 2382 5383 orationes,
2426 5319 2519 5375 sed
2557 5319 2869 5389 frequentes
2906 5319 3024 5375 ﬁeri
3061 5319 3251 5377 Patres
3292 5320 3462 5375 nostri
3491 5318 3666 5389 jusse-

418 5408 588 5463 Deus:
617 5405 854 5476 Populus
880 5405 975 5457 iste
1003 5403 1152 5459 labiis
1178 5423 1258 5461 me
1290 5410 1529 5475 honorat,
1568 5427 1658 5464 cor
1682 5418 1852 5463 autem
1879 5410 1991 5479 ejus

417 5496 567 5567 longe
590 5505 666 5551 est
692 5513 724 5550 a
757 5510 837 5549 me
865 5493 1001 5566 (Isa.
1034 5503 1199 5567 xxix).

487 5588 632 5661 Ergo
673 5583 1056 5641 consideremus
1095 5585 1321 5657 qualiter
1364 5596 1598 5660 oporteat
1639 5603 1732 5642 nos
1774 5594 1827 5642 tn
1869 5608 1991 5645 con-

2091 5419 2235 5465 runt.
2257 5410 2481 5477 Breves,
2506 5410 2626 5465 ideo
2651 5419 2711 5464 ut
2732 5408 2954 5466 insidias
2975 5411 3173 5466 diaboli
3201 5413 3511 5467 insistentes
3541 5419 3671 5465 tunc

2092 5499 2382 5570 praecipue,
2410 5514 2532 5553 cum
2561 5514 2798 5564 oramus,
2829 5499 2882 5553 in
2913 5500 3026 5569 ipsa
3054 5501 3319 5555 brevitate
3344 5501 3522 5556 vitare
3548 5514 3674 5572 pos-

2091 5594 2278 5648 simus.
2306 5589 2635 5660 Frcquentcs
2659 5599 2856 5658 autem,
2882 5592 3000 5648 ideo
3022 5598 3080 5646 ut
3105 5608 3201 5663 per
3225 5593 3396 5663 ipsam
3423 5591 3673 5664 frequen-
