3944 6428
267 370 363 429 θη

1294 360 1645 421 COMMENT.
1685 356 1752 415 IN
1790 354 1950 413 REG.
1995 353 2053 411 S.
2096 347 2478 409 BENEDICTI.

3417 338 3528 397 8η

264 488 396 543 tiam
423 482 712 539 Dominum
751 479 1256 552 preeantesjugitcr
1285 479 1335 533 ei
1362 479 1639 533 cohaerere
1673 453 1846 545 possi-
1872 481 1926 542 Α
1949 467 2069 524 sine
2112 463 2539 552 murmuratione
2582 473 2703 516 eum
2747 457 3021 552 hilaritate
3061 465 3117 552 et
3162 453 3531 552 tacitura-italu

266 594 406 635 ntus.
458 576 688 646 Propter
733 576 876 630 hanc
920 572 1277 643 frequentiam
1314 570 1576 626 orationis
1617 579 1675 624 et
1719 567 1851 622 illud

266 671 399 726 utile
434 675 520 723 est
553 674 614 721 ut
650 666 920 736 longiores
954 664 1191 735 psalmos
1224 677 1331 718 non
1368 676 1538 733 usque
1577 661 1646 716 ad
1689 660 1852 715 finem

265 759 581 815 continuata
624 755 1085 826 pronuntiatione,
1118 752 1211 808 sed
1240 751 1435 821 aequali
1481 766 1709 806 numero
1732 764 1853 805 ver-

268 864 362 904 sus
397 847 601 903 divisos
625 845 833 900 duabus
862 843 949 898 vel
977 842 1150 897 tribus
1180 840 1533 896 incisionibus
1569 854 1692 894 cum
1730 854 1854 894 cra-

272 939 435 996 tionis
484 936 785 992 intentione
840 934 1120 998 finiamus;
1171 933 1300 1002 quia
1351 947 1458 986 non
1512 930 1856 986 multitudine

269 1043 546 1091 versuum,
573 1026 667 1082 sed
689 1024 887 1080 mentis
914 1023 1267 1095 intelligentia
1290 1021 1549 1076 delectari
1575 1021 1853 1085 debemus,

270 1119 403 1175 illud
436 1119 639 1173 virtute
676 1122 950 1172 sectantes
977 1132 993 1169 :
1038 1112 1277 1168 Psallam
1301 1114 1513 1184 spiritu,
1539 1110 1765 1183 psallam
1805 1120 1857 1166 et

269 1218 439 1264 mente
467 1207 520 1279 (1
548 1204 673 1261 Cor.
706 1204 842 1277 stv).

343 1295 411 1351 Et
436 1297 581 1366 facta
604 1297 754 1365 signo
780 1311 814 1348 a
837 1293 1034 1365 priore,
1064 1309 1241 1349 omnes
1268 1294 1467 1365 pariter
1487 1300 1726 1362 surgant.
1752 1290 1858 1347 Iste

270 1401 391 1441 mos
417 1385 518 1440 fuit
555 1384 697 1454 apud
722 1383 975 1452 antiquos
1002 1382 1397 1459 monachorum
1422 1396 1646 1447 cuneos,
1675 1389 1737 1436 ut
1762 1395 1859 1436 au-

272 1478 388 1533 dito
417 1474 837 1547 uniuscujusque
871 1474 1024 1530 horae
1060 1474 1241 1544 signo,
1286 1472 1536 1527 celeriter
1567 1486 1756 1527 omnes
1789 1470 1859 1526 ad

271 1570 575 1625 orationem
605 1567 978 1632 convenirent,
1011 1567 1243 1643 orationi
1272 1566 1434 1621 simul
1461 1564 1857 1628 incumberent,

275 1656 438 1712 simul
467 1663 711 1721 orarent,
745 1664 802 1710 et
829 1656 899 1710 ab
923 1654 1189 1719 oratione,
1222 1654 1366 1709 facto
1400 1654 1560 1725 signo
1584 1668 1616 1707 a
1655 1652 1855 1722 priore,

272 1762 465 1803 omnes
495 1747 701 1817 pariter
738 1756 1044 1818 surgerent.
1085 1745 1241 1802 Modo
1275 1761 1406 1801 vero
1438 1746 1552 1816 jam
1588 1745 1729 1815 apud
1759 1757 1859 1797 nos

1951 557 2199 622 fecerint,
2224 555 2433 609 dicente
2462 551 2644 622 Moyse
2672 568 2685 604 :
2721 548 2879 615 Audi,
2908 545 3099 613 Israel,
3128 554 3177 601 et
3205 556 3319 601 tace
3346 544 3531 617 (Deut.

1951 666 2028 716 tv,
2061 664 2116 704 vt
2144 656 2201 702 et
2227 646 2327 714 ix).
2373 643 2526 699 Unus
2565 641 2786 696 alterius
2823 654 2989 695 onera
3027 646 3233 709 portet;
3276 644 3332 692 et
3373 649 3536 692 nemo

1952 736 2119 791 alium
2148 734 2387 805 judicet,
2415 745 2576 786 nemo
2605 729 2771 784 alium
2801 727 3069 784 detrahat.
3104 726 3241 796 Quia
3268 726 3534 798 scriptum

1953 835 2039 888 est
2064 843 2077 880 :
2111 822 2296 880 Omnis
2320 823 2584 877 detractor
2606 818 2964 875 eradicabitur
2985 818 3166 891 (Prov.
3192 819 3363 891 xstv).
3388 818 3540 877 Unus

1954 919 2025 973 ab
2051 917 2157 974 alio
2182 915 2326 987 quod
2351 930 2459 970 non
2487 914 2649 969 habet
2679 912 2944 982 accipiat,
2974 927 3113 966 unus
3141 912 3208 967 ab
3231 912 3337 967 alio
3363 912 3543 969 discat

1956 1009 2350 1074 humilitatem,
2382 1022 2520 1062 unus
2547 1006 2616 1061 ab
2643 1004 2752 1059 alio
2785 1003 3133 1065 charitatem,
3164 1018 3305 1059 unus
3340 1004 3407 1059 ab
3434 1004 3542 1059 alio

1956 1101 2294 1171 patientiam,
2316 1115 2459 1154 unus
2479 1099 2549 1153 ab
2568 1096 2675 1152 alio
2697 1095 2994 1163 silentium,
3016 1110 3157 1149 unus
3177 1094 3245 1150 ab
3270 1094 3377 1150 alio
3397 1110 3547 1149 mau-

1958 1189 2316 1246 suetudinem.
2346 1187 2645 1243 Comedant
2670 1185 2788 1241 sine
2815 1183 3034 1254 querela
3062 1184 3323 1255 quidquid
3352 1183 3434 1239 eis
3460 1200 3550 1256 ap-
3652 1228 3659 1243 .

1955 1284 2191 1354 positum
2230 1279 2415 1347 fuerit,
2441 1280 2693 1335 vestiant.
2709 1277 2854 1348 quod
2875 1276 3203 1348 acceperint.
3228 1276 3345 1331 Non
3370 1276 3547 1332 celent

1958 1376 2157 1430 fratres
2185 1372 2404 1427 decanis
2440 1371 2553 1427 suis
2577 1368 2835 1441 quidquid
2865 1384 2960 1439 per
2989 1367 3228 1439 singulos
3254 1369 3368 1424 dies
3394 1369 3546 1442 cogi-

1963 1466 2215 1524 taverint.
2259 1464 2458 1521 Decani
2488 1478 2618 1520 vero
2654 1464 2765 1520 sint
2801 1462 2881 1518 eis
2905 1462 3061 1533 quasi
3094 1470 3333 1517 rectores
3351 1470 3424 1518 ‘et
3447 1478 3547 1519 cu-

1961 1564 2175 1631 stodes,
2211 1572 2472 1635 tanquam
2504 1577 2603 1633 pro
2633 1562 2762 1632 ipsis
2795 1560 3062 1616 rationem
3099 1558 3327 1615 Domino
3364 1559 3547 1615 reddi-

1960 1654 2093 1709 turi.
2148 1654 2514 1725 Negligentias
2561 1661 2880 1708 cunctorum
2932 1651 3037 1722 ipsi
3084 1651 3444 1721 praevideant,
3494 1658 3552 1706 et

1961 1748 2282 1804 emendandi
2326 1756 2648 1819 patestatem
2692 1748 2958 1814 habeant,
3004 1757 3060 1803 et
3104 1748 3249 1817 quod
3292 1748 3394 1817 ipsi
3437 1762 3550 1804 nou

272 1838 433 1892 aliter
456 1846 621 1906 atque
645 1837 806 1892 aliter
830 1837 1077 1892 habetur.
1105 1834 1317 1903 Quanto
1341 1835 1484 1890 enim
1513 1849 1611 1888 nos
1635 1832 1857 1889 serotini
1888 1851 1934 1909 Β
1962 1837 2232 1893 valuerint
2269 1839 2592 1904 emendare,
2621 1839 2912 1908 praeposito
2941 1854 3050 1895 non
3078 1847 3361 1896 morentur
3387 1855 3552 1897 accu-

274 1945 303 1984 a
326 1928 645 2001 primitivis,
685 1936 837 1984 tanto
872 1928 1083 1998 longius
1111 1927 1238 1982 vitae
1273 1927 1469 1983 merito
1512 1927 1581 1981 ab
1621 1925 1858 1995 antiquis

276 2019 544 2075 distamus
578 2018 846 2073 Patribus.
875 2018 955 2074 [lli
984 2018 1129 2073 enim
1158 2026 1315 2073 erant
1342 2017 1536 2087 spiritu
1564 2016 1856 2081 ferventes,

275 2110 506 2166 Domino
535 2110 860 2175 servientes;
895 2123 994 2163 nos
1027 2116 1207 2163 autem
1238 2108 1402 2178 tepidi
1432 2116 1487 2161 et
1525 2122 1631 2161 non
1660 2105 1859 2162 similia

277 2203 580 2266 facientes,
638 2217 824 2258 sumus
877 2210 1058 2256 tamen
1110 2200 1166 2254 in
1222 2198 1592 2255 misericordia
1646 2196 1858 2254 Domini

275 2299 576 2363 sperantes.

864 2344 1092 2416 CAPUT
1130 2358 1273 2414 XXI.

737 2471 814 2525 De
841 2470 1051 2525 dccanis
1080 2468 1402 2523 monasterii.

349 2584 410 2641 Si
438 2583 609 2653 major
642 2581 799 2652 fuerit
833 2579 1183 2650 congregatio,
1206 2576 1468 2647 eligantur
1493 2575 1558 2629 de
1584 2574 1708 2645 ipsis
1746 2573 1862 2643 [ra-

279 2685 384 2729 tres
412 2673 531 2728 boni
554 2670 833 2725 testimonii
855 2678 904 2724 et
926 2677 1122 2723 sancta:
1145 2665 1574 2731 conversationis,
1596 2673 1645 2719 et
1671 2664 1865 2718 consti-

280 2774 499 2819 tuantur
525 2761 750 2815 decani:
774 2760 862 2830 qui
890 2757 1295 2813 sollicitudinem
1323 2765 1503 2825 gerant
1532 2770 1687 2824 super
1708 2753 1866 2806 deca-

282 2854 400 2909 nias
424 2869 548 2907 suas
573 2852 631 2905 in
655 2850 916 2915 omnibus,
943 2847 1229 2903 secundum
1254 2846 1507 2900 mandata
1532 2843 1630 2899 Dei
1655 2853 1704 2898 et
1730 2857 1866 2913 prte-

281 2955 430 3015 cepta
457 2943 658 2997 abbatis
687 2943 789 2996 sui.
828 2941 1103 3009 Praecepta
1128 2937 1273 2994 enim
1299 2936 1511 2991 abbatis
1536 2933 1865 2990 concordare

282 3051 407 3091 cum
449 3035 660 3090 Domini
701 3034 898 3090 debent
925 3031 1223 3097 mandatis;
1261 3038 1316 3085 et
1350 3028 1469 3083 ideo
1510 3026 1618 3082 illis
1659 3025 1868 3097 pariter

285 3126 507 3190 decani,
546 3126 753 3195 pariter
788 3133 843 3179 et
877 3122 971 3177 alii
1000 3121 1376 3191 obtemperare
1418 3119 1616 3174 debent
1642 3115 1862 3173 subditi.

1960 1942 2103 1984 sare.
2134 1928 2237 1996 Qui
2262 1938 2319 1984 et
2345 1930 2448 2000 ipsi
2478 1929 2752 2001 praepositi
2779 1930 2857 1985 sic
2883 1930 2986 1986 hoc
3014 1930 3263 1985 districte
3289 1938 3347 1987 et
3374 1929 3548 1986 ratio—

1961 2018 2215 2075 nabiliter
2244 2028 2439 2093 agant,
2478 2029 2540 2076 ut
2566 2020 2789 2077 abbates
2812 2036 2941 2077 suos
2979 2021 3127 2076 nullo
3160 2022 3321 2078 modo
3347 2038 3551 2094 presu-

1960 2118 2114 2164 mant
2154 2111 2482 2182 inquietare,
2521 2119 2749 2180 excepto
2788 2110 2855 2166 de
2894 2112 2982 2167 his
3018 2127 3140 2182 qua:
3180 2112 3398 2182 utrique
3440 2127 3551 2168 nou

1960 2199 2232 2257 valuerint
2272 2203 2597 2270 accelerare,
2639 2212 2697 2259 et
2736 2204 2791 2259 in
2834 2204 2937 2260 hoc
2976 2220 3117 2260 unus
3144 2204 3301 2261 alteri
3345 2215 3552 2263 tantam

1961 2294 2323 2350 humilitatem
2349 2295 2571 2360 habeat,
2598 2302 2656 2349 ut
2682 2309 2959 2365 nunquam
2987 2295 3169 2350 nullus
3193 2294 3359 2355 ullum
3382 2293 3555 2354 ασθα-

1963 2390 2090 2455 dat,
2122 2387 2221 2444 sed
2249 2403 2388 2444 unus
2414 2388 2470 2443 in
2500 2388 2672 2444 altero
2698 2396 2955 2457 tanquam
2990 2387 3235 2459 impenso
3260 2388 3517 2458 persistat
3534 2429 3554 2457 ,

1964 2481 2018 2535 id
2042 2489 2148 2546 est,
2165 2478 2411 2548 iuniores
2432 2480 2488 2536 in
2511 2478 2747 2543 decanis,
2773 2478 2963 2534 decani
2985 2479 3040 2534 in
3066 2480 3392 2549 praepositis,
3415 2495 3557 2552 prae-

1962 2578 2123 2648 positi
2155 2578 2211 2633 in
2243 2578 2552 2645 abbatibus,
2581 2592 2721 2634 unus
2750 2576 2912 2633 alium
2939 2585 3185 2648 portans,
3214 2587 3475 2651 tanquam
3499 2579 3557 2636 in

1966 2684 2123 2723 muro
2157 2669 2362 2738 lapides
2388 2670 2669 2740 quadrati,
2693 2669 2953 2738 Apostolo
2982 2676 3275 2725 attestante
3298 2670 3445 2726 sicut
3466 2687 3558 2727 su-

1965 2776 2063 2831 pra
2091 2779 2104 2812 :
2137 2760 2288 2816 Unus
2315 2759 2541 2815 alterius
2565 2753 2730 2816 onera
2754 2765 3057 2830 portantes,
3087 2761 3169 2816 sic
3192 2761 3558 2832 adimplebitis

1966 2851 2137 2923 legem
2166 2849 2369 2906 Christi
2399 2846 2540 2921 (Gal.
2567 2848 2668 2918 γι).

2040 2937 2244 3010 Quique
2266 2938 2451 2992 decani
2475 2939 2523 2992 si
2548 2954 2615 2992 es:
2636 2938 2711 2992 eis
2743 2936 2924 3009 aliqua
2960 2937 3095 3007 forte
3130 2939 3347 3008 inﬂatus
3370 2955 3558 3010 super-

1968 3031 2055 3086 bia
2086 3039 2319 3101 repertus
2349 3029 2511 3100 fuerit
2543 3028 2984 3101 repreliensibilis,
3012 3041 3278 3100 correptus
3302 3030 3484 3097 semel,
3507 3040 3559 3087 et

1966 3121 2182 3188 iterum,
2223 3130 2270 3175 et
2302 3120 2474 3186 tertio,
2505 3121 2551 3174 si
2577 3118 2855 3174 emendare
2881 3118 3128 3184 noluerit,
3164 3119 3481 3190 deﬁciatur;
3507 3129 3558 3176 et

285 3216 419 3271 Nam
447 3216 646 3272 subditi
678 3215 916 3280 decanis,
947 3221 998 3268 et
1033 3214 1219 3269 decani
1255 3212 1451 3267 debent
1483 3209 1703 3266 obedire
1726 3225 1866 3281 praa-
1891 3216 1937 3280 C
1971 3210 2107 3268 alter
2132 3211 2191 3266 in
2226 3209 2340 3265 loco
2367 3211 2504 3280 ejus,
2534 3210 2625 3282 qui
2661 3209 2852 3280 dignus
2883 3218 2996 3276 est,
3024 3209 3353 3280 subrogetur.
3395 3209 3467 3265 Et
3493 3210 3559 3266 de

284 3307 498 3377 positis,
540 3314 597 3362 et
639 3305 818 3361 omnis
862 3303 1023 3359 simul
1068 3301 1412 3374 congregatio
1450 3300 1662 3377 abbatis
1708 3300 1869 3355 debet

284 3398 445 3453 obteJ
468 3412 660 3467 perare
689 3395 995 3467 praeceptis.
1028 3395 1229 3451 Decani
1267 3395 1414 3450 enim
1451 3394 1603 3464 prius
1637 3392 1768 3448 dicti
1801 3393 1868 3448 ab

284 3501 349 3539 eo
378 3486 520 3554 quod
547 3486 730 3541 decem
757 3485 1021 3541 militibus
1044 3484 1457 3556 pratferrentur;
1501 3482 1663 3539 modo
1687 3491 1867 3538 autem

284 3587 338 3631 et
373 3577 464 3646 qui
493 3576 714 3642 decem,
753 3585 807 3631 et
845 3577 938 3646 qui
974 3576 1220 3646 pluribus
1251 3574 1633 3646 prteferuntur,
1675 3573 1868 3629 decani

286 3672 566 3719 vocantur.
600 3665 798 3718 Decani
836 3674 1015 3729 autem
1054 3666 1359 3722 sollicitudo
1392 3675 1450 3722 et
1485 3667 1720 3722 eruditio
1753 3667 1869 3721 hare

283 3756 392 3809 erit
414 3768 542 3821 erga
565 3768 940 3822 quemcunque
971 3769 1130 3823 quem
1155 3756 1257 3809 sibi
1289 3757 1358 3809 ab
1386 3758 1582 3810 abbate
1611 3756 1866 3810 traditum

284 3843 617 3912 susceperit,
644 3850 704 3895 ut
728 3841 918 3897 doceat
943 3857 1066 3897 eum
1091 3843 1342 3912 primitus
1374 3859 1499 3898 suas
1522 3845 1739 3899 vincere
1770 3860 1868 3899 vos

283 3934 541 3998 luntates,
566 3933 619 3987 in
659 3933 856 4003 quibus
893 3948 1016 3989 eum
1053 3933 1340 4004 diligenter
1378 3949 1658 3998 exercens,
1700 3934 1788 3988 illa
1816 3934 1868 3988 ei

284 4034 501 4089 semper
522 4018 587 4073 de
611 4018 876 4073 industria
899 4019 1128 4090 imperet
1148 4033 1268 4088 quae
1294 4021 1527 4075 senserit
1550 4021 1732 4075 animo
1752 4020 1869 4090 ejus

284 4123 409 4165 esse
453 4108 746 4165 contraria.
795 4108 932 4176 Quia
980 4111 1164 4166 multis
1204 4110 1310 4165 hoc
1350 4109 1735 4180 experimentis
1774 4112 1869 4165 do-

285 4208 431 4255 ctum
469 4208 585 4265 est,
623 4215 894 4270 nunquam
922 4216 1080 4270 posse
1109 4202 1436 4257 monachum
1461 4217 1588 4256 suas
1613 4202 1870 4273 concupi~

285 4292 520 4347 scentias
548 4291 844 4359 refrenare,
870 4295 971 4347 nisi
1002 4294 1151 4363 prius
1171 4308 1270 4363 per
1292 4294 1654 4349 obedientiam
1678 4296 1867 4350 morti-

287 4380 448 4435 ficare
471 4397 598 4437 suas
621 4381 870 4436 didicerit
890 4382 1214 4444 voluntates,
1243 4398 1344 4438 nec
1370 4383 1567 4453 poterit
1590 4384 1747 4450 iram,
1774 4393 1867 4440 aut

287 4473 581 4537 tristitiam,
603 4481 696 4527 aut
714 4474 960 4543 spiritum
984 4473 1356 4532 fornicationis
1375 4476 1740 4547 exstinguere,
1765 4492 1867 4532 nec

1967 3304 2249 3377 prwposito
2268 3303 2450 3359 eadem
2470 3303 2854 3357 constituimus.
2880 3301 2998 3358 Non
3028 3303 3173 3358 enim
3198 3302 3439 3373 superbi,
3461 3304 3559 3361 sed

1969 3394 2203 3451 humiles
2225 3408 2347 3450 esse
2372 3393 2573 3449 debent
2598 3393 2689 3463 qui
2720 3393 2857 3449 alios
2881 3394 3177 3465 corrigere,
3207 3394 3476 3465 castigare
3500 3402 3561 3450 et

1970 3485 2025 3540 in
2054 3485 2308 3541 omnibus
2342 3484 2617 3540 custodire
2649 3484 2866 3540 debent.
2912 3485 3146 3540 Proinde
3180 3486 3418 3556 primum
3457 3485 3562 3557 ipsi

1969 3575 2194 3631 abbates
2228 3591 2352 3631 eum
2396 3576 2509 3631 suis
2548 3576 2855 3645 praepositis
2905 3586 3070 3647 atque
3108 3576 3330 3633 decanis
3363 3586 3562 3637 semet-

1970 3665 2118 3736 ipsos
2132 3666 2442 3732 discutiant,
2458 3673 2514 3721 et
2526 3666 2699 3722 instar
2717 3666 2799 3722 sui
2806 3665 3053 3736 iuniores
3065 3676 3317 3741 arguant,
3329 3678 3563 3727 etomne

1970 3755 2176 3810 militia:
2205 3755 2531 3812 fermentum
2562 3772 2594 3811 a
2620 3758 2784 3813 corde
2813 3759 3074 3815 radicitus
3099 3760 3367 3827 evellant,
3394 3768 3451 3818 et
3478 3761 3565 3818 sic

1970 3846 2106 3903 alios
2130 3848 2358 3904 diversis
2378 3849 2529 3907 euris
2552 3858 2609 3904 et
2629 3851 2775 3904 vitiis
2800 3850 3104 3921 implicatos
3125 3853 3414 3925 castigare,
3438 3868 3571 3911 cor-

1941 3931 2150 4007 ‘rigere
2177 3946 2233 3991 et
2257 3938 2549 3994 emendare
2575 3941 2936 4006 contendant,
2970 3941 3025 3995 id
3057 3950 3170 4008 est,
3214 3944 3261 3998 si
3288 3944 3564 4001 audierint

1970 4028 2197 4084 fratrem
2235 4046 2341 4085 non
2380 4032 2773 4102 interrogatum
2812 4032 2990 4103 loqui,
3033 4045 3294 4091 moneant
3316 4052 3442 4092 eum
3475 4038 3564 4095 dl-

1970 4128 2157 4175 centes
2193 4138 2207 4175 :
2239 4119 2380 4187 Quid
2426 4121 2567 4192 agis,
2615 4120 2805 4187 frater,
2855 4122 3002 4193 quod
3043 4124 3228 4196 regula
3272 4127 3564 4195 prohibet?

1971 4211 2170 4266 habeto
2200 4212 2629 4267 taciturnitatem
2651 4228 2822 4283 usque
2843 4214 2915 4268 ad
2939 4213 3438 4285 interrogationem.
3462 4216 3563 4275 Dic

1969 4319 2093 4358 cum
2121 4302 2387 4374 Pmphcta
2415 4324 2428 4359 :
2457 4302 2625 4369 Pone,
2650 4304 2895 4371 Domine,
2922 4306 3216 4361 custodiam
3241 4307 3322 4362 ori
3346 4324 3482 4376 meo,
3511 4321 3563 4365 et

1970 4396 2160 4449 ostium
2213 4396 2622 4451 circumstantia:
2664 4395 2819 4451 labiis
2864 4397 3024 4463 meis,
3083 4414 3190 4453 non
3227 4398 3427 4455 defines
3470 4416 3564 4456 cor

1967 4502 2142 4540 meum
2171 4486 2228 4542 in
2264 4487 2420 4542 verba
2450 4487 2668 4542 malitia
2697 4485 2870 4560 (Psal.
2899 4489 3042 4561 exc).
3079 4489 3276 4547 Sedeat
3305 4506 3470 4564 super
3493 4509 3563 4550 οι

286 4579 407 4618 cum
430 4563 691 4619 fratribus
720 4566 1074 4621 humilitatem
1095 4565 1308 4621 ﬁrmam
1336 4575 1759 4640 perpetuamque
1780 4584 1866 4623 re—
1892 4568 1944 4627 D
1974 4584 2123 4630 tuum
2144 4576 2429 4646 sapientia,
2453 4593 2577 4632 cum
2609 4577 2759 4633 clave
2782 4578 3012 4650 iustitia:
3039 4587 3096 4634 et
3124 4580 3337 4637 timoris
3362 4563 3481 4650 Dei,
3504 4592 3563 4639 et

287 4656 479 4722 tlnere,
508 4672 609 4712 nec
637 4658 692 4711 in
722 4659 1137 4728 congregatione
1163 4659 1363 4714 diutius
1393 4676 1744 4731 permanere,
1773 4661 1865 4736 qui

284 4748 436 4817 prius
458 4749 762 4804 voluntates
786 4766 911 4805 suas
936 4766 1040 4805 non
1070 4752 1316 4806 didicerit
1341 4767 1619 4823 superare.

359 4841 460 4907 Qui
489 4841 672 4895 decani
703 4840 831 4895 tales
856 4841 1119 4912 eligantur
1152 4843 1207 4895 in
1240 4843 1428 4913 quibus
1456 4859 1669 4897 securus
1704 4842 1866 4897 abbas

282 4935 546 5005 partiatur
584 4950 743 4987 onera
777 4951 895 4988 sua.
935 4934 1005 4988 Et
1046 4951 1150 4988 non
1183 4934 1446 5005 eligantur
1480 4952 1573 5006 per
1603 4936 1863 5002 ordinem,

282 5024 373 5077 sed
408 5026 693 5079 secundum
728 5025 844 5079 vitm
876 5025 1122 5080 meritum
1154 5035 1202 5079 et
1241 5026 1511 5095 sapientia:
1545 5025 1860 5080 doctrinam.

285 5115 484 5170 Decani
504 5156 519 5180 ,
554 5114 647 5186 qui
678 5130 841 5184 super
868 5115 1124 5171 decanias
1154 5123 1281 5169 sunt
1316 5115 1629 5180 constituti,
1660 5126 1866 5171 tantam

286 5204 703 5260 sollicitudinem
745 5213 935 5274 gerant
970 5220 1132 5276 super
1165 5220 1259 5261 eos
1287 5220 1423 5274 quos
1460 5204 1735 5275 delegatos
1766 5207 1866 5260 ba-

286 5294 416 5348 bent
462 5293 689 5359 fratres,
735 5303 794 5349 ut
832 5295 1009 5350 nullus
1047 5296 1297 5366 proprias
1340 5296 1505 5350 faciat
1544 5296 1863 5351 voluntates.

285 5384 403 5441 Non
430 5386 720 5457 loquantur
748 5388 850 5442 nisi
874 5389 1213 5460 interrogati,
1238 5405 1336 5444 suo
1364 5389 1588 5444 arbitrio
1619 5389 1753 5443 nihil
1785 5388 1866 5443 fa-

284 5478 432 5533 ciant
452 5478 555 5533 nisi
588 5480 861 5544 mandati,
895 5478 1021 5533 alibi
1047 5494 1153 5534 non
1183 5491 1440 5552 pergant,
1470 5482 1574 5538 nisi
1604 5481 1862 5538 ordinati.

285 5564 543 5625 Seniorcs
587 5570 814 5625 timeant
852 5579 913 5625 ut
949 5571 1217 5639 dominos,
1263 5583 1448 5630 ament
1489 5582 1549 5629 ut
1587 5581 1864 5643 parentes,

284 5657 488 5715 faciant
516 5659 775 5731 quidquid
804 5660 872 5715 ab
914 5663 993 5717 eis
1023 5662 1343 5733 imperatum
1372 5663 1699 5734 acceperint.
1731 5661 1864 5717 Cre-

287 5755 415 5812 dant
444 5753 545 5809 sibi
573 5752 839 5820 salutare,
871 5753 1129 5825 quidquid
1156 5758 1231 5813 illi
1263 5757 1652 5829 prmceperint,
1688 5756 1733 5811 si
1762 5754 1867 5811 hoc

528 5849 806 5912 Panos.
850 5852 986 5915 Cll.

1972 4667 2089 4737 ipsa
2119 4666 2276 4722 bonis
2306 4666 2537 4738 eloquiis
2563 4668 2795 4740 aperiat,
2823 4678 2880 4724 et
2904 4670 3065 4727 malls
3088 4671 3321 4744 eloquiis
3343 4674 3562 4733 claudat

1970 4752 2113 4809 labia
2148 4764 2261 4810 tua.
2303 4755 2361 4811 Si
2392 4758 2742 4814 mentientem
2771 4760 3045 4815 audierint
3077 4759 3299 4818 fratrem
3319 4803 3335 4830 ,
3364 4766 3558 4822 admo-

1968 4854 2133 4901 neant
2155 4862 2281 4902 eum
2298 4848 2570 4903 dicentes:
2589 4847 2728 4917 Quid
2751 4850 3019 4917 mentiris,
3037 4849 3243 4908 frater?
3269 4869 3395 4910 cum
3409 4855 3554 4912 scias

1971 4936 2232 5006 scriptum
2258 4956 2271 4992 :
2300 4936 2373 4993 0s
2402 4940 2542 5009 quod
2566 4940 2817 4995 mentitur
2840 4941 3029 4996 occidit
3057 4944 3289 4999 animam
3314 4944 3466 5019 (Sep.
3491 4946 3556 5021 ι).

1969 5026 2054 5093 Ει,
2081 5027 2278 5085 Perdes
2302 5047 2480 5085 omnes
2501 5031 2591 5102 qui
2614 5030 2901 5103 loquuntur
2921 5033 3253 5091 mendacium
3276 5035 3451 5109 (Psal.
3477 5040 3556 5111 v).

1972 5126 2031 5180 Si
2080 5123 2353 5178 audierint
2399 5123 2622 5179 fratrem
2674 5125 2902 5181 multum
2941 5124 3252 5195 iurantem,
3300 5139 3559 5186 moneant

1969 5230 2095 5271 eum
2119 5215 2393 5270 dicentes:
2416 5212 2634 5280 Retine,
2660 5213 2854 5281 frater,
2877 5216 3118 5289 linguam
3157 5220 3332 5274 tuam!
3366 5221 3558 5291 utquid

1964 5305 2155 5375 juras?
2183 5320 2307 5360 cum
2349 5303 2613 5374 scriptum
2642 5304 2715 5360 sit
2753 5322 2768 5360 :
2814 5305 2940 5360 Non
2968 5307 3181 5376 jurabis
3219 5325 3313 5378 per
3345 5308 3553 5377 calum,

1968 5393 2094 5464 quia
2122 5392 2267 5447 sedes
2290 5392 2388 5446 Dei
2421 5400 2528 5456 est,
2553 5408 2716 5462 neque
2739 5408 2833 5462 per
2863 5402 3091 5461 terram,
3118 5395 3241 5467 quia
3269 5394 3555 5452 scabelluns

1968 5482 2159 5553 pedum
2181 5483 2294 5553 ejus
2314 5493 2405 5546 est,
2424 5499 2587 5554 neque
2607 5499 2698 5553 per
2718 5492 2873 5555 caput
2890 5493 3120 5540 oestrum
3131 5484 3554 5565 jurabitis,etc.,

1970 5572 2066 5628 sed
2088 5574 2154 5628 sit
2180 5589 2349 5629 sermo
2373 5582 2537 5629 uester
2562 5582 2661 5639 est,
2689 5582 2788 5640 est,
2820 5590 2948 5639 non,
2985 5590 3091 5629 non
3120 5573 3335 5647 (Matth.
3451 5592 3487 5631 ν
3509 5577 3555 5652 ).

1973 5665 2033 5721 Si
2072 5666 2309 5722 viderint
2353 5666 2698 5731 irascentem,
2746 5663 3076 5721 admoneant
3119 5680 3240 5720 eum
3268 5665 3553 5727 dicentes:

1973 5756 2112 5826 Quid
2136 5756 2272 5829 agis,
2293 5756 2493 5814 frater?
2510 5754 2567 5811 ln
2589 5755 3001 5812 mansuetudine
3026 5765 3080 5813 et
3103 5756 3368 5816 claaritate
3386 5773 3553 5833 opera

3031 5840 3112 5913 27
