3944 6428
367 272 471 335 845

1644 275 1928 333 SMARAG
1940 276 2002 331 Dl
2039 276 2214 331 ABBA
2224 276 2331 332 TIS

3511 275 3615 333 ΒΗ

367 402 455 455 tua
485 388 705 463 perfice,
737 388 863 460 quia
890 388 1149 458 scriptum
1178 394 1259 441 est
1287 406 1299 439 :
1335 386 1523 441 Desine
1549 388 1610 441 ab
1642 389 1746 449 ira,
1774 399 1819 441 et
1850 387 1936 442 de—
1967 391 2015 449 Α
2042 397 2094 442 et
2119 388 2360 458 requiem
2396 386 2637 457 corporis
2659 395 2712 441 et
2740 387 2974 456 quietem
3011 386 3209 441 habeat
3232 387 3429 442 cordis.
3460 388 3618 461 Cogi-

368 478 597 551 relinque
619 478 848 549 furorem
875 476 1047 550 (Psal.
1080 478 1285 548 xxxvn).
1318 479 1404 544 Et,
1440 478 1543 545 Qui
1568 481 1754 534 dixerit
1783 480 1936 550 fratri

365 588 478 634 suo,
513 569 711 631 Rat-Ita,
741 584 859 621 reus
882 568 979 621 erit
1003 567 1203 635 iudicio
1228 567 1441 640 (Matth.
1464 585 1496 623 v
1543 569 1583 631 ).
1609 569 1868 625 Similiter
1887 578 1942 623 ct

365 662 420 717 in
445 658 566 718 aliis
594 657 678 713 bis
706 648 977 711 similibus
1006 656 1404 725 impedimentis
1431 657 1599 712 variis
1627 668 1681 713 et
1713 657 1942 713 diversis

365 742 510 808 vitiis
542 759 835 821 occupatos
869 749 1068 806 fratres
1109 750 1398 806 admonere
1424 749 1661 820 quotidie
1689 756 1743 803 et
1775 747 1939 803 casti-

365 857 494 915 gare
519 838 792 915 praepositi
823 839 1041 907 debent,
1071 841 1200 912 quia
1229 841 1354 896 dum
1389 842 1504 897 haec
1532 838 1772 910 quotidie
1797 837 1943 894 solli-

364 933 459 989 citi
492 932 545 987 in
573 930 881 988 commissis
908 929 1012 985 sibi
1038 927 1296 985 fratribus
1324 928 1559 993 faciunt,
1593 936 1647 983 et
1675 926 1776 998 ipsi
1810 941 1940 998 pro-

366 1004 575 1090 ficiunt,
603 1029 660 1079 et
679 1020 817 1077 alios
844 1019 1181 1075 admonendo
1207 1018 1469 1090 prolicere
1493 1018 1715 1073 faciunt.
1748 1016 1943 1072 Multos

365 1111 511 1170 enim
537 1116 593 1167 et
623 1108 689 1167 de
726 1108 909 1164 multis
936 1116 991 1163 et
1016 1109 1183 1163 variis
1209 1107 1411 1163 habent
1439 1106 1711 1178 praepositi
1748 1120 1939 1162 mona-

365 1205 499 1259 chos
547 1215 892 1273 compescere
940 1201 1107 1256 curis.
1162 1199 1350 1255 Solent
1395 1199 1636 1255 nonnulli
1686 1213 1787 1271 pro
1830 1199 1943 1254 suis

366 1290 627 1347 uxoribus
648 1296 809 1359 atque
833 1289 981 1356 ﬁliis,
1001 1300 1094 1343 aut
1112 1288 1277 1346 etiam
1303 1290 1605 1361 quibusque
1628 1288 1943 1360 pr0pinquis

366 1395 549 1436 curam
579 1380 784 1437 habere
820 1393 968 1435 more
998 1379 1230 1450 pietatis.
1258 1379 1508 1449 Plerique
1535 1394 1684 1446 vero,
1715 1379 1807 1450 qui
1834 1393 1942 1433 non

366 1479 492 1526 sunt
517 1471 572 1526 in
605 1469 806 1525 talibus
834 1468 1112 1540 implicati,
1139 1484 1237 1539 pro
1264 1469 1523 1525 alimento
1552 1479 1679 1524 sunt
1708 1467 1940 1524 solliciti.

364 1563 472 1618 Alii
510 1574 642 1618 vero
682 1560 916 1616 tristitiae
942 1560 1132 1615 morbo
1172 1560 1404 1615 interius
1437 1568 1846 1626 consumuntur,
1889 1565 1944 1613 et

2043 482 2381 549 tationcsquc
2418 495 2615 550 pravas
2656 494 2685 533 a
2722 494 2780 533 se
2825 479 3049 548 repellat
3089 478 3349 549 bonisque
3391 480 3623 548 objectis

2016 581 2225 643 turpes
2260 586 2290 623 a
2333 585 2394 625 se
2420 567 2651 638 rejieiat.
2699 569 2832 623 Nam
2876 568 3039 623 animi
3085 576 3260 623 motus
3299 570 3623 640 imaginibus

2039 660 2154 715 suis
2187 661 2385 730 agitat,
2418 668 2472 714 et
2505 658 2681 728 qualis
2708 657 2952 728 vigilanti
2978 657 3234 727 cogitatio
3270 655 3466 725 fuerit,
3497 660 3622 717 talis

2040 757 2095 803 et
2135 748 2312 818 imago
2351 762 2449 818 per
2486 762 2735 818 soporem
2779 745 3038 802 occurrit.
3082 745 3414 802 Fructuosus
3437 748 3619 805 dicit:

2042 838 2158 892 Duo
2192 838 2247 892 in
2268 852 2378 893 uno
2410 838 2549 893 lecto
2579 852 2685 891 non
2712 836 2950 905 jaceant,
2975 850 3077 891 nec
3095 836 3332 892 dormire
3356 845 3509 893 extra
3529 854 3623 895 cu-

2041 926 2147 983 bile
2196 927 2471 997 proprium
2521 927 2716 995 cuique
2756 924 2971 979 licentia
3019 932 3222 995 pateat.
3277 925 3621 983 intervallum

2040 1015 2371 1088 singulorum
2421 1015 2742 1071 lectulorum
2787 1014 3012 1086 singulis
3058 1014 3253 1072 cubitis
3302 1016 3620 1083 intercedat,

2039 1120 2112 1160 ne
2138 1106 2267 1159 dum
2300 1104 2601 1160 adinvicem
2626 1105 2933 1175 proximam
2957 1117 3219 1175 corpora,
3235 1108 3481 1162 nutriant
3504 1108 3625 1163 libi-

2040 1193 2184 1249 dinis
2210 1194 2497 1249 incentiva.
2523 1193 2580 1247 In
2606 1192 2845 1247 tenebris
2867 1208 3026 1248 nemo
3050 1194 3303 1264 loquatur
3321 1196 3502 1264 alteri,
3523 1212 3627 1254 nec

2043 1285 2265 1341 accedat
2300 1286 2411 1341 ullo
2448 1285 2611 1341 modo
2643 1286 2827 1356 junior
2877 1287 3106 1357 quilibet
3158 1290 3224 1342 ad
3262 1288 3461 1345 lectum
3491 1291 3625 1346 alte-

2044 1376 2157 1432 rius
2175 1385 2299 1447 post
2328 1376 2700 1446 completoria.
2731 1375 3018 1433 Ferreolus
3043 1378 3119 1430 ait
3147 1394 3160 1430 :
3191 1377 3261 1433 Ut
3285 1378 3411 1445 duo,
3432 1393 3626 1449 quam-

2043 1471 2175 1529 libet
2199 1472 2433 1542 proximi
2460 1472 2543 1528 vel
2572 1473 2752 1537 amici,
2781 1481 3004 1543 propter
3031 1482 3297 1528 secretam
3323 1475 3627 1529 orationem

2042 1578 2164 1632 qua:
2180 1563 2371 1618 melius
2391 1563 2458 1619 ad
2478 1563 2648 1618 Deum
2671 1563 2816 1618 nullo
2839 1572 2978 1619 teste
2996 1564 3280 1635 dirigatur,
3298 1579 3409 1619 uno
3426 1565 3628 1620 lectulo

369 1665 625 1723 tanquam
645 1650 1019 1707 vestimentum
1041 1663 1073 1703 a
1093 1651 1236 1704 tinea
1260 1648 1590 1703 intrinsecus
1612 1648 1809 1703 mentis
1832 1662 1944 1702 Suae
1971 1718 2008 1723 __
2043 1668 2149 1707 non
2186 1661 2487 1718 teneantur,
2525 1661 2585 1706 ut
2613 1652 2873 1722 majorem
2908 1653 3183 1709 licentiam
3212 1653 3403 1709 orandi
3439 1655 3631 1710 credat

366 1718 623 1801 aviditate
646 1744 993 1808 devorantur,
1027 1748 1083 1797 et
1116 1756 1239 1796 eum
1266 1740 1384 1811 ipso
1419 1740 1662 1795 rancoris
1688 1740 1942 1810 languore
1971 1718 2016 1777 Β
2044 1744 2145 1798 sibi
2172 1759 2326 1800 mens
2348 1753 2667 1814 compuncta
2694 1718 3007 1800 concessam
3025 1786 3041 1813 ,
3072 1744 3202 1800 dum
3241 1746 3511 1805 neminem
3549 1747 3628 1802 vi-

364 1834 674 1893 dllabuntur
720 1834 774 1889 in
824 1833 1273 1903 desperationem.
1323 1831 1426 1886 Alii
1471 1845 1703 1900 namque
1750 1828 1941 1900 spiritu

365 1922 740 1981 fornicationis
766 1920 1191 1986 inﬂammantur,
1212 1929 1268 1975 et
1293 1933 1435 1990 sape
1464 1919 1555 1974 tali
1581 1918 1799 1974 stimulo
1824 1933 1942 1973 car—

365 2015 452 2070 nis
476 2013 707 2079 incitati,
740 2011 998 2067 interiore
1024 2011 1183 2067 oculo
1208 2011 1416 2073 e'ecati,
1448 2010 1649 2080 captivi
1674 2011 1945 2065 ducuntur

364 2106 586 2162 vinculo
610 2102 929 2176 perditionis
955 2102 1124 2174 ligati.
1156 2101 1260 2155 Alii
1292 2100 1495 2157 aeediae
1531 2099 1724 2169 spiritu
1750 2097 1939 2163 inﬂati,

364 2199 484 2253 otio
504 2205 558 2253 et
580 2210 774 2252 somno
794 2208 990 2251 vacare
1020 2195 1264 2266 cupiunt,
1288 2202 1343 2249 et
1368 2193 1598 2248 curiosis
1624 2190 1821 2247 fabulis
1840 2190 1944 2247 sol-

365 2288 676 2355 liniuntur;
707 2295 763 2343 et
786 2286 929 2358 quod
956 2283 1109 2355 peius
1137 2292 1250 2347 est,
1299 2298 1329 2338 a
1369 2283 1589 2355 proprio
1615 2281 1944 2338 monasterio

366 2396 427 2437 se
453 2377 669 2436 auferre
692 2378 1004 2449 disponunt.
1032 2375 1140 2431 Alii
1167 2390 1321 2431 vanas
1356 2374 1538 2446 gloriae
1560 2373 1812 2429 elationis
1839 2373 1944 2429 telo

366 2473 420 2527 in
448 2470 678 2528 diversis
703 2469 948 2542 partibus
973 2467 1376 2534 confodiuntnr,
1415 2476 1472 2522 et
1498 2466 1588 2522 alii
1623 2467 1728 2522 alia
1753 2466 1943 2524 defen-

365 2564 589 2628 dentes,
632 2569 690 2617 et
725 2575 854 2618 suas
892 2574 1091 2619 causas
1128 2558 1563 2630 magniﬁcantcs,
1596 2559 1723 2615 dum
1756 2559 1946 2615 nolunt

367 2654 570 2710 Christi
597 2651 929 2723 pauperibus
953 2650 1162 2708 similes
1186 2663 1329 2715 esse,
1368 2650 1735 2720 unusquisque
1762 2649 1817 2704 in
1846 2664 1944 2703 va-

364 2743 453 2799 nis
480 2742 603 2798 istis
624 2738 1043 2813 cogitationibus
1065 2738 1376 2803 elabuntur,
1406 2747 1461 2794 et
1486 2739 1638 2808 quasi
1670 2739 1747 2793 nil
1776 2754 1807 2794 a
1836 2739 1948 2795 Deo

366 2831 701 2904 acceperint,
743 2829 811 2887 de
848 2829 1084 2901 propriis
1119 2829 1330 2885 viribus
1366 2829 1725 2897 extolluntur,
1744 2840 1800 2886 et
1823 2846 1945 2887 cum

367 2921 675 2978 laudatores
708 2935 818 2977 non
857 2921 1168 2987 inveniunt,
1195 2920 1299 2991 ipsi
1329 2920 1434 2977 sibi
1461 2922 1517 2977 in
1549 2923 1665 2979 suis
1699 2923 1949 2981 laudibus

362 3012 667 3085 prosiliunt.
708 3011 864 3066 Alius
901 3010 1209 3083 genealogis
1243 3019 1299 3065 et
1325 3011 1393 3067 de
1427 3026 1525 3067 sua
1560 3021 1718 3084 gente
1749 3010 1950 3069 fatetur

2044 1834 2187 1905 giliae
2212 1849 2323 1888 sum
2348 1842 2440 1888 aut
2469 1842 2659 1889 testem
2685 1834 3020 1904 pertimescit
3046 1843 3139 1889 aut
3160 1835 3417 1906 indicem.

2115 1923 2480 1989 Lectisternia,
2498 1940 2592 1995 pro
2609 1924 2763 1979 modo
2781 1926 3207 1992 conversationis,
3224 1926 3507 1982 secundum
3522 1927 3628 1982 dis-

2046 2014 2401 2083 pensationem
2425 2014 2628 2069 abbatis
2653 2016 2738 2069 sui
2760 2014 2956 2085 singuli
2970 2015 3249 2085 accipiant.
3268 2015 3628 2071 Leetisternia

2045 2103 2319 2170 dicuntur,
2331 2104 2422 2159 ubi
2445 2104 2875 2176 bominesjacere
2888 2105 3186 2176 sedereque
3210 2115 3627 2163 consueverunt.

2044 2196 2378 2268 Augustinus
2399 2205 2577 2253 autem
2607 2197 2766 2253 dicit:
2796 2197 3032 2269 Populus
3060 2198 3151 2254 diu
3176 2199 3513 2269 multumque
3543 2198 3629 2253 fa~

2046 2286 2245 2357 tigatus
2266 2301 2405 2341 nova
2426 2286 2780 2353 lectisternia,
2811 2288 2956 2358 quod
2985 2304 3262 2359 nunquam
3292 2298 3419 2344 ante
3473 2288 3625 2345 fece-

2046 2384 2150 2442 rat,
2165 2375 2464 2431 exliibenda
2488 2377 2783 2433 arbitratus
2808 2384 2913 2434 est.
2949 2378 3099 2434 Lecti
3113 2387 3292 2435 autem
3316 2382 3631 2436 sterneban-

2047 2474 2136 2521 tur
2154 2466 2209 2521 in
2238 2466 2500 2523 honorem
2520 2467 2763 2523 deorum.
2805 2467 2961 2526 Unde
2982 2468 3087 2525 hoc
3112 2485 3327 2526 sacrum
3350 2471 3435 2527 vel
3448 2472 3632 2542 potius

2047 2557 2366 2629 sacrilegum
2393 2573 2587 2613 nomen
2616 2558 2836 2628 accipit.

2118 2644 2181 2703 Si
2199 2655 2361 2718 potest
2378 2647 2522 2715 ﬁeri,
2536 2663 2712 2702 omnes
2734 2649 2791 2701 in
2810 2665 2915 2704 uno
2933 2648 3048 2704 loco
3067 2650 3335 2706 dormiant
3348 2671 3367 2710 :
3388 2653 3627 2709 siautem

2046 2735 2330 2790 multitudo
2357 2752 2462 2791 non
2473 2737 2614 2801 sinit,
2630 2737 2750 2792 deni
2769 2748 2862 2792 aut
2873 2740 3039 2793 viceni
3048 2756 3166 2794 cum
3178 2741 3470 2796 senioribus
3492 2743 3625 2807 suis,

2047 2827 2137 2898 qui
2156 2842 2313 2897 super
2322 2842 2412 2881 eos
2428 2826 2642 2881 solliciti
2655 2829 2779 2895 sint,
2798 2838 3033 2899 pausent.
3049 2830 3183 2884 Nam
3203 2838 3259 2885 et
3271 2829 3593 2886 lsidorusait
3611 2849 3626 2884 :

2047 2916 2273 2971 Fratres
2295 2931 2505 2981 omnes,
2532 2918 2575 2971 si
2603 2918 2859 2988 possibile
2883 2927 2989 2987 est,
3012 2919 3066 2974 in
3085 2936 3195 2976 uno
3214 2920 3453 2976 conclavi
3479 2936 3629 2977 com-

2049 3006 2252 3062 morari
2277 3005 2452 3062 decet.
2503 3006 2657 3074 Quod
2685 3008 2737 3063 si
2760 3008 2973 3065 dillicile
3007 3008 3194 3077 fuerit,
3246 3019 3394 3067 certe
3423 3010 3507 3066 vel
3536 3011 3630 3066 de-

363 3119 486 3161 esse
517 3104 800 3175 princeps;
828 3102 971 3158 alius
996 3104 1063 3159 de
1092 3103 1427 3173 parentibus,
1467 3104 1608 3161 alius
1638 3105 1706 3161 de
1730 3121 1945 3176 germa-
1970 3098 2017 3163 C
2047 3112 2187 3164 cem,
2213 3097 2410 3169 (litibus
2437 3115 2578 3154 unus
2622 3109 2708 3154 est
2748 3101 3139 3170 [imponendos
3167 3102 3427 3169 decanus,
3473 3103 3631 3172 quasi

363 3196 469 3266 uis,
502 3195 650 3251 ‘alius
676 3197 745 3252 de
767 3195 1037 3267 cognatis,
1064 3195 1203 3251 alius
1240 3196 1306 3251 de
1341 3194 1603 3252 fratribus
1625 3205 1682 3252 et
1708 3212 1943 3253 consan-

364 3288 598 3360 guineis,
632 3294 690 3342 et
712 3285 940 3350 idoneis,
966 3284 1107 3341 alius
1136 3286 1203 3342 de
1239 3286 1461 3352 divinis,
1495 3286 1632 3342 alius
1660 3288 1729 3343 de
1750 3289 1947 3359 spiritu

358 3379 679 3452 iuventutis,
706 3377 851 3433 alius
877 3378 944 3434 de
986 3377 1129 3434 bello
1168 3376 1520 3446 fortitudinis,
1552 3379 1692 3437 allus
1730 3381 1796 3436 de
1820 3397 1943 3452 per-

365 3469 687 3525 lustratione
715 3476 1011 3535 terrarum,
1040 3468 1180 3523 alius
1209 3468 1277 3523 de
1310 3469 1562 3537 artificio,
1596 3470 1734 3527 alius
1758 3473 1824 3527 de
1850 3487 1943 3528 sa-

363 3566 590 3636 pientia,
616 3565 756 3623 alius
777 3566 844 3622 de
865 3566 1183 3622 assertionis
1202 3566 1531 3638 eloquentia,
1557 3568 1697 3623 alius
1718 3568 1787 3624 de
1810 3568 1944 3623 taci-

367 3653 652 3722 turnitate,
672 3653 893 3711 aliusde
916 3652 1239 3717 humilitate,
1262 3654 1401 3709 alius
1421 3654 1487 3709 de
1503 3655 1784 3719 charitatc,
1809 3655 1947 3711 alius

364 3747 434 3800 de
477 3743 730 3815 largitate
770 3757 1085 3808 munerum,
1117 3745 1258 3799 alius
1283 3747 1349 3801 de
1390 3746 1668 3813 castitate,
1709 3748 1849 3803 alius
1876 3749 1945 3804 de

365 3832 698 3905 virghiitate,
723 3831 865 3887 alius
883 3832 950 3888 de
975 3841 1313 3904 paupertate,
1338 3833 1477 3894 alius
1501 3835 1571 3891 de
1594 3837 1941 3907 abstinentia,

364 3921 504 3978 alius
528 3920 600 3979 de
638 3923 943 3979 orationum
984 3922 1319 3994 frequentia,
1353 3926 1492 3983 alius
1538 3928 1606 3984 de
1644 3929 1943 4000 vigilantia,

367 4010 506 4067 alius
531 4012 599 4068 de
622 4012 953 4079 obcdieutia,
983 4013 1124 4070 alius
1150 4015 1217 4071 de
1238 4016 1709 4075 abi-enuntiatione
1738 4036 1940 4089 rerum,

365 4102 505 4159 alius
528 4102 595 4158 de
635 4102 884 4175 legendo,
925 4104 1068 4160 alius
1090 4105 1157 4161 de
1186 4108 1495 4176 scribendo,
1525 4110 1663 4167 alius
1697 4111 1766 4167 de
1792 4115 1944 4169 vocis

365 4195 751 4254 modulatione.
796 4196 922 4253 Hzec
950 4199 1132 4253 omnia
1157 4215 1278 4270 quae
1314 4218 1476 4273 supra
1500 4205 1939 4274 perstrinximus,

365 4289 736 4360 unusquisque
760 4290 891 4344 dum
913 4290 1200 4362 aliquoties
1224 4294 1351 4349 talia
1378 4311 1482 4351 non
1509 4295 1646 4365 jussi
1672 4297 1940 4354 immode-

366 4388 483 4435 rata
514 4379 828 4450 loquuntur,
860 4382 1022 4438 toties
1053 4383 1106 4437 in
1136 4384 1427 4441 elationem
1461 4402 1613 4441 vanae
1637 4388 1821 4458 gloriae
1844 4389 1940 4444 de-

2045 3195 2226 3244 rector
2247 3196 2305 3243 et
2328 3195 2532 3243 custos.

2113 3277 2349 3335 Candela
2378 3280 2580 3352 jugiter
2607 3282 2665 3335 in
2688 3281 2868 3336 eadem
2892 3281 3023 3336 cella
3056 3282 3242 3338 ardeat
3275 3300 3436 3356 usque
3448 3301 3623 3340 mane.

2044 3366 2173 3436 Qua:
2185 3369 2408 3426 candela
2423 3377 2548 3425 ante
2560 3370 2913 3440 completoria
2925 3371 3166 3442 quotidie
3198 3373 3546 3437 accendatur,
3563 3383 3627 3428 ut

2044 3461 2263 3517 videant
2275 3462 2471 3518 diversi
2494 3464 2764 3533 quomodo
2782 3464 3154 3536 unusquisque
3183 3464 3441 3520 lectulum
3463 3480 3626 3521 suum

2044 3553 2338 3623 componit,
2363 3568 2528 3623 seque
2548 3553 2820 3611 collocatis
2840 3554 3037 3611 lectulo
3063 3563 3253 3626 ponat,
3276 3556 3279 3559 ’
3300 3556 3355 3610 ἱη
3377 3571 3485 3625 quo
3512 3556 3622 3611 fre-

2044 3651 2274 3714 quenter
2293 3644 2585 3699 decantans
2607 3644 2751 3700 dicat
2775 3662 2791 3698 :
2833 3645 3039 3701 Larabo
3066 3663 3159 3717 per
3185 3645 3423 3717 singulas
3450 3657 3630 3701 noctes

2043 3736 2233 3791 lectum
2262 3753 2433 3791 meum
2457 3755 2476 3791 :
2513 3737 2763 3809 lacrymis
2802 3739 2929 3793 meis
2967 3749 3189 3793 stratum
3226 3756 3396 3794 meum
3444 3741 3629 3811 rigubo

2046 3824 2340 3899 (Psal.vi).
2401 3827 2518 3894 Quo
2568 3827 2726 3883 factis
2764 3828 3006 3898 impleto,
3050 3828 3411 3900 subjungatet
3428 3829 3623 3885 dicat:

2045 3915 2248 3971 Mentor
2280 3917 2359 3986 {ui
2384 3918 2440 3971 in
2461 3927 2610 3972 nocte
2644 3917 2866 3972 nominis
2894 3919 2990 3985 tui,
3014 3917 3254 3984 Domine,
3297 3929 3347 3972 et
3373 3920 3629 3975 custodiri

2044 4007 2205 4078 legem
2232 4017 2381 4061 tuam
2397 4005 2568 4079 (Psal.
2592 4008 2802 4080 cxvm).
2863 4008 2976 4067 lloc
3000 4024 3130 4081 ergo
3148 4018 3208 4064 ut
3228 4010 3452 4065 devotus
3477 4011 3628 4080 quis-

2043 4111 2150 4168 que
2177 4098 2462 4153 vacatione
2496 4113 2757 4155 concessa
2782 4099 2968 4155 utilius
2999 4102 3169 4170 possit
3200 4101 3442 4171 implere,
3466 4104 3627 4157 strati

2045 4188 2151 4252 sui,
2180 4196 2241 4241 ut
2262 4203 2424 4258 supra
2447 4189 2700 4254 diximus,
2739 4191 2846 4245 erit
2868 4191 3014 4246 solus
3040 4195 3155 4262 ipse
3189 4207 3488 4263 possessor,
3522 4193 3626 4247 ba-

2044 4279 2177 4334 bens
2224 4295 2408 4336 secum
2458 4281 2677 4338 meliore
2706 4284 3125 4339 commutatione
3176 4298 3275 4354 pro
3326 4284 3627 4340 dormiente

2048 4369 2215 4426 fratre
2242 4370 2528 4426 Dominum
2546 4372 2877 4443 vigilantem.

364 4470 643 4538 labuntur,
668 4480 725 4528 et
746 4472 865 4543 ipso
886 4475 1095 4541 morbo,
1118 4477 1246 4533 dum
1275 4481 1416 4548 quod
1442 4450 1943 4538 dicuntvvindicare
1967 4450 2022 4510 D
2130 4479 2309 4536 Vestiti
2331 4483 2614 4547 dormiant,
2665 4494 2715 4538 et
2740 4485 2897 4538 cincti
2914 4485 3146 4555 cingulis
3175 4494 3265 4539 aut
3307 4484 3546 4555 funibus,
3574 4495 3623 4540 et

363 4561 740 4629 contendunt,
797 4562 855 4618 in
899 4567 1209 4634 superbiam
1261 4570 1689 4638 praecipitantur.
1741 4570 1941 4626 Contra

365 4651 540 4722 ipsum
565 4666 694 4722 ergo
721 4651 910 4707 vitium
939 4655 1102 4709 debet
1129 4657 1498 4725 unusquisque
1524 4672 1783 4729 pugnare,
1815 4675 1945 4714 eon-

368 4750 451 4796 tra
485 4741 630 4812 quod
665 4757 726 4797 se
753 4745 1032 4813 cognoscit
1072 4752 1349 4799 certamen
1393 4746 1611 4810 habere,
1653 4755 1710 4803 et
1737 4748 1802 4802 de
1827 4750 1944 4818 ipso

366 4848 423 4889 se
449 4841 733 4904 correptus
757 4836 1069 4901 emendare,
1092 4845 1155 4888 ut
1183 4837 1501 4893 emendatus
1522 4840 1693 4906 possit
1721 4841 1942 4909 salvari,

368 4932 428 4979 ut
458 4930 513 4977 et
537 4922 639 4977 sibi
666 4922 896 4978 salutem
924 4934 1185 4978 attemam
1209 4931 1266 4978 et
1289 4923 1495 4980 doctori
1521 4942 1619 4984 suo
1640 4932 1945 4986 mercedem

362 5025 633 5086 pmparet
661 5018 1065 5087 sempiternam.

947 5107 1176 5164 CAPUT
1212 5108 1376 5166 XXII.

733 5197 1007 5264 Quomodo
1034 5197 1299 5254 dormiant
1328 5206 1588 5259 monachi.

436 5286 644 5364 Singuli
669 5306 765 5363 per
783 5289 1019 5362 singulos
1047 5291 1206 5348 lectos
1229 5294 1510 5351 dormiant.
1547 5297 1686 5355 [line
1705 5298 1945 5355 Isidorus

371 5382 446 5437 ait
474 5401 490 5437 :
522 5383 641 5439 Lux
665 5391 850 5439 autem
880 5391 1038 5440 nocte
1061 5384 1443 5441 dormientium
1476 5386 1653 5442 locum
1691 5388 1945 5455 illustret,

370 5479 431 5526 ut
467 5472 705 5545 depulsis
749 5472 988 5529 tenebris
1031 5474 1397 5530 testimonium
1436 5485 1621 5546 pateat
1660 5478 1948 5549 singularis

369 5561 585 5629 quietis.
637 5561 885 5618 Monachi
914 5570 1119 5618 stratus
1145 5562 1199 5616 in
1241 5564 1385 5618 nulla
1430 5565 1571 5635 turpi
1617 5568 1945 5635 cogitatione

371 5663 631 5720 versemr,
675 5655 773 5711 sed
810 5655 865 5711 in
905 5656 1018 5711 sola
1045 5655 1506 5723 contemplatione
1548 5656 1642 5712 Dei
1678 5659 1946 5717 accubans

2046 4571 2281 4628 cultellos
2302 4573 2371 4627 ad
2394 4571 2541 4628 latus
2561 4590 2664 4628 non
2688 4575 2910 4629 habeant
2939 4579 3063 4629 dum
3088 4576 3373 4642 dormiunt,
3406 4593 3468 4631 ne
3490 4576 3629 4646 forte

2044 4682 2137 4736 per
2178 4682 2418 4720 somnum
2460 4648 2800 4722 vulnerentur
2840 4667 3173 4722 dormientes.
3243 4667 3378 4723 Hinc
3403 4669 3624 4740 quidam

2051 4757 2318 4828 magister
2339 4758 2415 4812 ait
2452 4775 2464 4810 :
2504 4757 2640 4813 Cum
2669 4759 2944 4813 dormiunt
2969 4759 3248 4825 monachi,
3278 4760 3456 4815 vestiti
3500 4761 3626 4815 dor-

2048 4848 2303 4904 miantet
2325 4848 2519 4911 cincti,
2554 4848 2606 4902 id
2641 4856 2756 4912 est,
2811 4856 2904 4903 aut
2948 4848 3205 4920 cingulis,
3255 4856 3347 4903 aut
3394 4850 3624 4913 retibus,

2051 4945 2146 4991 aut
2191 4936 2424 5006 corrigia
2478 4935 2684 5007 gracili.
2716 4936 2925 4991 Bracile
2964 4936 3187 4991 fratrem
3244 4937 3298 4992 in
3331 4945 3491 4992 nocte
3542 4937 3626 4991 uti

2052 5024 2174 5078 ideo
2206 5023 2557 5093 prohibemus
2580 5065 2595 5088 ,
2636 5038 2703 5080 ne
2733 5024 2860 5080 dum
2894 5040 2954 5081 se
2994 5034 3209 5097 regyrat
3250 5040 3347 5096 per
3374 5039 3622 5080 somnum

2051 5132 2343 5187 oppressus
2365 5157 2380 5180 ,
2418 5118 2605 5174 exiens
2647 5119 2811 5174 etiam
2843 5135 2941 5190 per
2969 5120 3179 5175 thecam
3211 5135 3396 5175 mucro
3420 5120 3623 5176 cultelli

2050 5207 2199 5262 carni
2231 5208 2349 5277 ejus
2374 5207 2601 5279 ﬁgatur;
2627 5210 2710 5264 vel
2742 5211 2862 5265 ideo
2895 5212 3121 5267 vestitos
3147 5225 3211 5266 ac
3256 5212 3461 5266 cinctos
3493 5212 3621 5268 dor-

2050 5299 2187 5354 mire
2209 5299 2442 5355 diximus
2471 5299 2689 5367 fratres,
2727 5310 2788 5355 ut
2817 5317 2939 5357 cum
2965 5302 3098 5357 hora
3127 5304 3306 5373 operis
3346 5303 3439 5357 Dei
3462 5304 3624 5357 adve-

2048 5391 2192 5445 nerit
2214 5431 2229 5453 ,
2263 5400 2318 5445 et
2343 5393 2567 5446 oratorii
2596 5393 2757 5448 index
2782 5393 3075 5459 sonave‘rit,
3107 5403 3267 5448 noctu
3292 5408 3417 5449 mox
3444 5393 3623 5463 parati

2048 5491 2399 5550 consurgant.
2436 5481 2531 5538 Vel
2575 5492 2861 5554 propterea
2891 5486 3076 5540 vestiti
3124 5493 3179 5540 et
3226 5486 3388 5541 cincti
3424 5484 3621 5540 debent

2049 5569 2247 5627 fratres
2270 5572 2507 5627 dormire
2528 5614 2543 5637 ,
2573 5574 2699 5642 quia
2728 5590 2834 5629 non
2871 5574 2998 5630 licet
3024 5573 3179 5628 fratri
3210 5573 3350 5629 nuda
3377 5575 3620 5629 membra

2045 5679 2141 5718 sua
2179 5664 2514 5734 contingere,
2544 5680 2666 5721 nam
2691 5664 2883 5722 exinde
2910 5667 3312 5722 immunditites
3334 5666 3619 5722 libidinum
