3944 6410
305 337 411 395 8-ιὸ

1338 330 1683 390 COMMENT.
1729 329 1792 383 IN
1833 327 1992 382 κερ.
2035 327 2088 382 S.
2133 326 2510 383 BENEDICTI.

3420 322 3528 381 Sili

306 456 360 510 in
388 453 567 508 animo
591 453 936 525 ingeruntur;
967 467 1088 506 cum
1113 447 1708 505 membrorum'nuditas
1725 453 1870 500 tactu
1899 445 1948 504 Α
1973 449 2029 496 et
2057 439 2329 512 perjurum
2350 443 2444 497 Dei
2468 457 2679 519 servum
2706 457 2826 500 esse
2855 462 2958 502 non
2983 455 3168 516 decet;
3203 451 3402 522 corripi
3428 455 3532 522 ρι-ί.

304 542 655 613 contingitur,
684 540 1164 596 feminarumiliico
1190 555 1284 594 cor
1312 539 1577 595 desiderio
1600 537 1868 604 titillatur,

304 644 359 690 et
409 634 534 688 inde
584 648 683 704 per
741 649 989 690 somnum
1053 633 1295 687 membra
1351 631 1569 687 sordida
1629 630 1872 700 coinqui-

303 734 521 781 nantur.

372 815 442 871 Et
473 826 531 870 ut
551 818 724 888 parati
746 819 849 873 sint
862 819 1100 874 monachi
1127 837 1342 891 semper,
1361 828 1408 874 et
1432 819 1570 889 facta
1590 817 1735 887 signo
1760 815 1873 869 abs-

300 923 398 976 que
422 923 568 960 mora
587 916 854 976 surgentes
881 909 1118 978 festinent
1141 911 1356 965 invicem
1387 926 1440 963 se
1476 906 1756 978 praevenire
1805 905 1872 958 ad

301 1012 429 1067 opus
455 994 572 1060 Dei,
599 1013 714 1050 cum
731 998 870 1051 omni
895 1007 1066 1052 tamen
1086 1001 1356 1069 gravitate,
1379 1007 1425 1052 et
1441 997 1714 1052 modestia.
1741 993 1876 1048 Gra-

300 1087 462 1151 vitas,
494 1085 753 1141 fortitudo
788 1087 875 1143 vel
910 1087 1136 1144 ﬁrmitas
1158 1089 1477 1159 intelligitur
1511 1089 1723 1142 animae.
1765 1086 1876 1142 Mo-

302 1177 473 1232 destia
502 1186 682 1233 autem
709 1217 725 1244 ,
771 1180 1128 1235 mansuetudo
1153 1221 1170 1245 ,
1215 1180 1508 1244 honestas,
1543 1178 1629 1233 vel
1671 1186 1874 1246 tempe-

302 1267 474 1321 rantia
504 1267 720 1322 dicitur.
751 1268 886 1323 Cum
908 1269 1106 1340 quibus
1133 1269 1424 1324 virtutibus
1456 1268 1632 1337 parati
1663 1283 1876 1337 semper

302 1357 498 1411 debent
546 1371 666 1412 esse
704 1358 986 1424 monachi,
1045 1368 1101 1413 et
1162 1359 1305 1413 facto
1364 1358 1517 1428 signo
1551 1357 1620 1411 ad
1657 1372 1874 1411 cursum

300 1461 422 1501 cum
457 1445 799 1503 festinatione
823 1456 1105 1519 surgentes
1131 1448 1341 1518 signum
1372 1447 1550 1502 crucis
1600 1444 1873 1500 frontibus

302 1537 534 1593 inferant
580 1539 693 1594 suis
721 1579 736 1606 ,
764 1537 1031 1610 simulque
1057 1554 1180 1594 cum
1208 1538 1426 1594 silentio
1455 1537 1638 1591 dicant
1673 1553 1686 1588 :
1732 1535 1874 1589 Deus

301 1631 354 1686 in
368 1630 691 1699 adjutorium
717 1647 886 1684 meum
907 1630 1150 1686 intende:
1170 1630 1409 1694 Domine,
1430 1629 1498 1681 ad
1518 1627 1875 1697 adiuvandum

300 1739 381 1777 me
410 1723 599 1793 festina
631 1720 805 1794 (Psal.
838 1720 1010 1793 LXIX).

1973 548 2119 586 mum
2150 549 2180 587 a
2211 535 2512 588 senioribus
2539 534 2716 590 verbis
2737 545 2967 606 oportet,
2994 548 3054 593 ut
3086 545 3302 598 recedat
3327 561 3358 598 a
3380 546 3530 600 vitio.

1973 622 2100 678 Post
2127 623 2242 678 haec
2264 624 2310 678 si
2346 639 2446 678 nec
2477 623 2558 678 sic
2584 626 2988 694 emendaverit,
3021 631 3180 687 tertio
3206 649 3389 690 coram
3426 635 3534 691 fra-

1973 712 2146 766 tribus
2177 713 2526 768 convenietur
2551 752 2566 778 ,
2633 721 2693 766 ut
2739 713 2965 770 desistat
3017 722 3184 777 tantis
3233 739 3536 792 pererrare.

1975 803 2030 858 Si
2053 818 2152 857 nec
2172 804 2251 859 sic
2271 807 2656 875 emendaverit,
2675 809 2972 880 ﬂagell‘etur
2990 815 3274 880 acerrime,
3298 823 3354 870 et
3376 819 3541 874 trium

1974 897 2238 950 mensium
2287 899 2463 968 spatio
2510 903 3085 959 excommunicationis
3132 907 3424 963 vindictam
3454 925 3545 964 su-

1973 987 2208 1058 scipiens
2243 991 2343 1044 sub
2388 993 2722 1062 poenitentia:
2750 995 3089 1051 districtione
3117 997 3265 1052 solus
3292 999 3542 1054 recluda-

1976 1085 2066 1131 tur
2094 1077 2146 1132 in
2175 1079 2329 1144 cella,
2361 1082 2425 1136 de
2452 1083 2663 1152 vesperi
2695 1083 2748 1138 in
2777 1099 3003 1156 vespere
3041 1101 3108 1141 ex
3141 1087 3423 1144 hordeacei
3451 1105 3541 1160 pa-

1975 1167 2059 1222 nis
2089 1182 2182 1222 sex
2211 1169 2382 1223 unciis
2414 1177 2470 1224 et
2488 1186 2642 1240 aqua:
2678 1187 2930 1228 mensura
2971 1175 3195 1243 parvula
3229 1186 3541 1232 sustentan-

1975 1255 2095 1310 dus.
2153 1256 2289 1312 Ilinc
2321 1265 2377 1312 et
2431 1258 2622 1314 beatus
2648 1258 2881 1315 Basilius
2929 1261 3006 1314 ait
3034 1279 3047 1314 ε
3085 1261 3140 1315 Si
3172 1263 3238 1317 de
3261 1264 3406 1318 omni
3435 1279 3550 1319 ser-

1976 1361 2134 1402 mone
2162 1348 2335 1403 otioso
2362 1349 2623 1404 reddituri
2656 1359 2783 1404 sunt
2812 1352 3057 1407 homines
3085 1354 3349 1408 rationem
3380 1355 3432 1408 in
3461 1354 3550 1409 die

1969 1436 2179 1506 judicii,
2212 1438 2348 1492 nihil
2399 1447 2614 1508 oportet
2643 1449 2900 1510 tanquam
2953 1456 3180 1512 parvum
3213 1444 3415 1512 sperni.
3447 1443 3550 1511 Qui

1976 1528 2120 1583 enim
2149 1529 2355 1598 spernit
2382 1530 2624 1595 minima,
2670 1530 2932 1600 paulatim
2963 1531 3166 1587 deﬂuit.
3200 1532 3307 1587 Sed
3334 1541 3390 1588 et
3415 1549 3547 1604 quo-

1977 1616 2136 1670 modo
2159 1616 2280 1685 quis
2305 1618 2522 1672 audebit
2546 1618 2728 1674 dicere
2747 1628 2840 1673 aut
2863 1634 3090 1689 parvum
3117 1621 3396 1688 delictum,
3419 1638 3544 1679 cum

1974 1708 2264 1777 Apostolus
2318 1710 2461 1765 dicat
2504 1725 2518 1764 :
2568 1708 2707 1776 Quia
2755 1727 2849 1781 per
2888 1713 3370 1782 prmvaricationem
3419 1713 3549 1785 legis

371 1787 814 1867 A'dolescentiores
845 1787 1034 1882 fratres
1051 1812 1210 1882 juxta
1227 1829 1281 1866 se
1312 1828 1415 1866 non
1441 1810 1663 1864 habeant
1691 1809 1870 1873 lectos,
1901 1787 1947 1845 Β
1976 1798 2115 1853 Deus
2144 1805 2503 1854 exhonoralu"
2538 1801 2711 1873 (Rom-
2739 1802 2825 1872 ")-
2863 1800 2971 1858 Sed
3015 1810 3071 1858 οἱ
3098 1803 3314 1859 Ἆοῑηευε
3357 1807 3549 1860 "1011is

299 1901 389 1955 sed
399 1900 645 1972 permixti
660 1917 774 1955 cum
788 1899 1097 1954 senioribus.
1115 1899 1393 1970 Surgentes
1408 1915 1524 1954 vero
1535 1898 1604 1951 ad
1616 1914 1744 1968 opus
1756 1897 1874 1962 Dei,

301 1991 518 2044 invicem
557 2007 612 2044 se
635 1991 896 2045 moderate
930 1991 1263 2044 cohortentur
1285 1999 1495 2061 propter
1523 1986 1876 2042 somnolentu-

302 2095 418 2130 rum
452 2079 833 2135 excusationes.
871 2077 1256 2134 Adulescentes
1284 2076 1480 2132 fratres
1499 2076 1654 2146 juxta
1681 2092 1740 2131 se
1770 2091 1878 2131 non

299 2167 499 2223 debent
526 2168 728 2222 habere
767 2167 959 2233 lectos,
991 2169 1086 2224 sed
1117 2169 1274 2225 lectis
1323 2183 1514 2223 eorum
1565 2167 1738 2223 lectos
1773 2167 1876 2222 ha-

301 2258 430 2313 bent
475 2259 747 2330 praepositi
775 2267 998 2331 prepter
1021 2259 1280 2330 aliquam,
1311 2267 1370 2314 ut
1415 2259 1652 2314 diximus
1675 2300 1690 2324 ,
1721 2259 1878 2312 vitio-

303 2365 422 2404 rum
468 2350 680 2420 culpam
723 2351 776 2404 in
821 2352 904 2407 eis
942 2351 1334 2408 cmendandam
1365 2391 1380 2418 ,
1434 2358 1494 2405 ut
1541 2350 1878 2406 reverentius

300 2449 566 2512 praesente
591 2440 794 2510 majore
818 2441 1089 2497 dormiant
1108 2483 1124 2508 ,
1157 2451 1213 2498 et
1244 2457 1275 2498 a
1301 2442 1596 2514 majoribus
1621 2443 1875 2499 custoditi

299 2544 356 2588 et
376 2533 603 2587 honeste
625 2532 882 2588 admoniti
915 2541 1155 2604 surgant,
1180 2542 1235 2590 et
1256 2534 1465 2590 alacres
1492 2533 1730 2590 cilicium
1768 2535 1874 2589 Do-

302 2624 435 2680 mini
460 2621 782 2695 compleant.

862 2715 1090 2774 CAPUT
1123 2716 1309 2774 XXIII.

581 2805 659 2860 De
705 2809 1242 2862 excommunicatione
1290 2807 1586 2877 culparum.

373 2895 432 2952 Si
450 2896 565 2968 quis
589 2898 756 2967 frater
783 2908 1085 2964 contumax,
1111 2907 1202 2951 aut
1226 2898 1544 2963 inobediens,
1575 2907 1665 2953 aut
1695 2915 1874 2968 super-

302 2989 422 3054 bus,
469 2998 560 3043 aut
582 3005 939 3056 murmurans,
968 2989 1046 3044 vel
1090 2989 1145 3043 in
1177 2989 1282 3043 alio
1325 2991 1622 3044 contrarius
1649 2990 1874 3045 existens

302 3088 498 3132 sanctw
527 3077 740 3150 regular,
757 3087 803 3133 et
826 3080 1093 3150 praeceptis
1114 3080 1375 3135 seniorum
1403 3095 1618 3134 suorum
1648 3091 1876 3136 contem-

302 3177 421 3237 ptor
439 3178 668 3239 repertus
689 3168 866 3239 fuerit,
899 3169 982 3222 hic
1004 3170 1291 3224 secundum
1324 3169 1534 3223 Domini
1563 3172 1728 3224 nostri
1746 3188 1878 3241 prm-

302 3265 502 3327 ccptum
536 3257 750 3330 (Matth.
795 3257 948 3330 mn)
995 3258 1340 3313 admoneatur
1364 3258 1543 3324 semel,
1579 3267 1626 3313 et
1648 3261 1874 3315 secundo

303 3356 494 3401 secrete
520 3365 552 3402 a
580 3348 872 3402 senioribus
898 3349 1026 3402 suis.
1103 3348 1255 3415 Quod
1300 3358 1478 3404 autem
1526 3350 1675 3413 dicit,
1727 3350 1803 3404 rel
1823 3353 1877 3406 in

299 3436 478 3505 aliquo
509 3438 803 3491 contrarius
824 3439 1047 3493 existens
1073 3450 1268 3495 sanctae
1296 3441 1506 3511 regula',
1535 3456 1641 3496 non
1659 3443 1724 3498 de
1751 3459 1876 3515 gra-

303 3526 566 3592 vioribus,
597 3530 691 3583 sed
714 3528 780 3584 de
812 3529 1102 3586 levioribus
1128 3531 1330 3587 dixisse
1358 3531 1766 3602 intelligendum
1797 3542 1881 3590 est

299 3613 493 3684 culpis.
547 3616 624 3670 De
665 3619 1002 3686 gravioribus
1028 3621 1174 3674 enim
1221 3621 1545 3677 criminibus
1574 3625 1672 3679 sub
1703 3625 1879 3694 publi-

301 3717 426 3757 cam
449 3704 820 3772 puanitentiam
852 3707 1172 3776 regulariter
1194 3708 1559 3775 subjiciendus
1588 3721 1673 3768 est
1695 3729 1881 3769 mona-

303 3793 470 3856 chus,
517 3807 642 3846 nam
677 3794 843 3849 semel
885 3805 941 3849 et
991 3797 1230 3850 secundo
1276 3813 1305 3850 a
1338 3799 1644 3856 senioribus
1687 3804 1876 3859 admo-

303 3883 534 3937 nendus.

372 3973 430 4028 Si
461 3991 564 4028 non
591 3975 966 4043 emendaverit,
999 3976 1303 4049 objurgetur
1325 3979 1530 4049 publice
1550 3998 1728 4036 coram
1758 4000 1873 4037 om-

302 4067 475 4121 nibus.
512 4065 572 4122 Si
601 4083 720 4121 vero
749 4085 912 4140 neque
943 4071 1018 4124 sic
1056 4073 1358 4136 correxerit,
1379 4073 1423 4126 si
1445 4073 1686 4142 intelligit
1706 4075 1876 4145 qualis

303 4179 454 4232 perna
480 4161 568 4227 sit,
595 4164 1121 4218 excommunicationi
1155 4165 1448 4234 subjaceat.
1485 4165 1544 4220 Si
1574 4177 1748 4220 autem
1779 4169 1876 4220 im-

303 4248 494 4317 probus
513 4258 591 4303 est
608 4288 622 4312 ,
647 4250 890 4304 vindictm
910 4251 1172 4322 corporali
1207 4253 1483 4307 subdatur.
1515 4253 1652 4322 Quid
1681 4256 1748 4311 de
1775 4257 1878 4313 hoc

304 4337 762 4407 capitulodiversi
788 4340 976 4396 Patres
1005 4354 1313 4408 senserunt,
1339 4345 1440 4399 hoc
1477 4346 1530 4400 in
1556 4347 1671 4402 loco
1696 4357 1875 4404 ratum

305 4428 556 4484 duximus
581 4444 801 4500 ponere.
842 4432 932 4487 Ait
951 4433 1168 4502 quidam
1196 4433 1418 4490 Patrum
1452 4456 1464 4490 :
1499 4437 1554 4492 Si
1598 4441 1720 4510 quis
1748 4457 1876 4497 vero

305 4517 488 4580 frater,
520 4520 805 4592 instigante
841 4522 1084 4594 diabolo,
1115 4533 1430 4594 contumax,
1461 4529 1544 4583 vel
1574 4532 1836 4601 superbus
1859 4574 1872 4598 ,

305 4623 401 4664 seu
428 4609 741 4667 inobediens
780 4613 862 4668 vel
885 4631 1229 4672 murmurans
1252 4621 1582 4688 apparuerit,
1601 4621 1684 4676 vel
1711 4624 1876 4678 etiam

307 4698 361 4753 in
398 4713 720 4772 quocunque
763 4719 894 4758 casu
948 4704 1132 4774 lapsus
1177 4709 1451 4764 seniorum
1493 4723 1762 4783 praecepta
1795 4715 1877 4770 vel

306 4797 508 4846 sancta:
536 4790 752 4863 Regulae
783 4809 1026 4849 normam
1069 4797 1270 4852 violare
1304 4801 1595 4855 tentaverit
1614 4845 1628 4868 ,
1677 4803 1766 4857 hic
1793 4821 1878 4860 se-

307 4881 540 4935 cundum
574 4893 897 4953 prazceptum
927 4885 1138 4941 Domini
1165 4898 1377 4945 secreto
1409 4907 1438 4944 a
1461 4895 1762 4950 senioribus
1791 4912 1877 4952 se-

308 4969 414 5026 mel
437 4972 617 5027 verbis
647 4975 988 5044 corripiatur.
1042 4977 1098 5032 Si
1134 4981 1426 5036 emendare
1451 4983 1712 5050 noluerit,
1748 4995 1875 5042 tunc

307 5061 468 5114 simul
515 5063 588 5120 ab
628 5065 775 5117 omni
813 5069 1228 5138 congregatione
1255 5070 1584 5143 objurgetur.
1616 5076 1686 5130 Et
1725 5078 1768 5130 si
1798 5079 1877 5132 sic

306 5153 592 5207 emendare
641 5155 913 5222 noluerit,
955 5166 1081 5212 tunc
1130 5169 1292 5228 prout
1341 5163 1509 5233 culpze
1564 5168 1876 5235 magnitudo

307 5243 640 5309 poposcerit,
679 5247 975 5300 secundum
1021 5247 1281 5320 Regulam
1306 5251 1615 5320 judicetur,
1669 5256 1723 5310 id
1769 5266 1872 5322 est,

309 5339 402 5383 aut
429 5336 978 5391 excommunicationi
1011 5338 1307 5409 subjaceat,
1338 5341 1383 5394 si
1413 5341 1530 5411 ejus
1555 5345 1620 5397 ad
1647 5358 1767 5398 eam
1791 5346 1871 5400 in-

309 5420 554 5479 tellectus
606 5426 813 5497 viguit,
866 5437 961 5482 aut
1007 5429 1054 5483 si
1107 5430 1392 5486 obstinata:
1422 5433 1652 5488 etdurae
1681 5436 1880 5490 mentis

311 5515 607 5580 tenacitas,
661 5518 830 5587 culpae
879 5527 935 5572 et
990 5520 1304 5590 improbitas
1358 5533 1699 5594 perseveret,
1752 5535 1882 5581 tunc

311 5608 577 5675 corporali
615 5607 911 5678 disciplinae
955 5612 1274 5681 suhjacebit.
1322 5613 1458 5667 Hinc
1510 5615 1703 5669 beatus
1746 5614 1883 5669 Fru-

313 5702 534 5752 ctuosus
553 5699 655 5753 ait:
693 5700 1024 5768 Mendacem,
1048 5700 1241 5770 furem,
1269 5718 1642 5773 percussorem
1667 5720 1880 5775 quoque

1902 4491 1954 4550 D

1977 1897 2259 1958 peceatum
2306 1903 2428 1944 esse
2488 1890 2725 1956 dicitur;
2760 1899 2952 1946 etnon
3002 1892 3140 1947 dixit
3189 1894 3298 1948 tale
3327 1894 3410 1949 vel
3443 1893 3550 1949 tale

1975 1990 2279 2049 peccatum,
2310 1982 2402 2036 sed
2431 1997 2592 2036 omne
2619 1991 2920 2052 peccatum.
2962 1984 3130 2057 Magis
3160 1987 3556 2042 immisericors-

1977 2077 2082 2136 est,
2109 2071 2201 2140 qui
2231 2071 2541 2126 intermittit
2565 2079 2621 2126 et
2649 2074 2890 2145 negligit,
2917 2089 3079 2144 quam
3105 2077 3193 2131 ille
3216 2079 3308 2148 qui
3337 2080 3546 2150 arguit;

1977 2161 2117 2217 sicut
2151 2161 2239 2216 hic
2268 2163 2361 2232 qui
2407 2163 2462 2217 in
2501 2178 2684 2219 morsu
2736 2167 3005 2236 serpentis
3053 2169 3320 2238 permittit
3365 2170 3552 2224 delite‘

1977 2266 2132 2308 scere
2184 2267 2452 2308 venenum
2477 2293 2492 2319 ,
2546 2269 2708 2324 quam
2740 2255 2829 2310 ille
2859 2256 2953 2326 qui
3004 2259 3186 2312 educit
3213 2265 3268 2313 et
3298 2259 3547 2313 attrahit.

1978 2340 2084 2396 Sed
2111 2350 2168 2398 et
2193 2343 2514 2399 charitatem
2549 2345 2782 2400 destruit
2813 2347 2900 2401 ille
2931 2348 3022 2416 qui
3070 2350 3364 2403 secundum
3406 2348 3553 2405 Scri-

1975 2440 2165 2502 pturas
2199 2449 2430 2503 parcens
2471 2435 2665 2490 baculo
2695 2434 2810 2491 odit
2858 2437 3046 2492 filium.
3079 2439 3180 2506 Qui
3213 2449 3394 2496 autem
3425 2443 3548 2497 dili-

1977 2522 2073 2592 git,
2127 2523 2413 2594 diligenter
2466 2526 2691 2594 corripit
2736 2541 2879 2580 eum.
2942 2527 3083 2582 llinc
3130 2528 3322 2585 beatus
3357 2531 3544 2603 Augu-

1977 2613 2151 2666 stinus
2199 2613 2254 2667 in
2288 2613 2490 2685 Regula
2519 2630 2617 2670 sua
2667 2615 2796 2672 dicit
2827 2636 2839 2671 :
2882 2617 2941 2672 Si
2973 2628 3095 2689 post
3129 2621 3554 2678 admonitionem

1978 2703 2196 2768 iterum,
2225 2703 2310 2758 vel
2339 2705 2447 2760 alio
2478 2721 2692 2776 quoque
2721 2709 2807 2762 die
2851 2709 3084 2780 idipsum
3116 2726 3238 2767 cum
3267 2712 3444 2769 facere
3475 2714 3554 2768 vi-

1977 2796 2190 2861 deritis,
2213 2794 2328 2865 jam
2355 2797 2502 2851 velut
2521 2798 2860 2854 vulneratum
2891 2804 3188 2857 sanandum
3209 2807 3422 2872 prodat,
3443 2807 3558 2876 qui-

1975 2903 2191 2959 cunque
2218 2891 2454 2959 potuerit
2484 2892 2598 2945 haec
2634 2891 2894 2947 invenire.
2922 2893 3082 2950 Prius
3109 2902 3290 2950 tamen
3319 2905 3374 2952 et
3396 2897 3555 2952 alteri

1975 2980 2061 3037 vel
2119 2982 2280 3037 tertio
2337 2982 2836 3048 demonstrandum,
2896 2990 2957 3038 ut
3001 2984 3231 3039 duorum
3281 2986 3365 3040 vel
3393 2987 3554 3041 trium

1977 3071 2150 3141 possit
2202 3086 2297 3127 ore
2321 3072 2592 3137 convinci,
2628 3079 2685 3128 et
2709 3073 3038 3142 competenti
3078 3076 3366 3132 severitate
3395 3091 3553 3133 coer-

1980 3161 2112 3216 ceri.
2139 3159 2248 3216 Nec
2263 3177 2358 3217 vos
2366 3162 2621 3233 judicctis
2642 3176 2761 3218 esse
2774 3162 3086 3230 malevolos,
3112 3167 3325 3234 quando
3341 3168 3457 3223 haec
3473 3169 3556 3222 in-

1981 3253 2192 3310 dicatis.
2221 3253 2391 3322 Magis
2410 3253 2606 3325 quippe
2633 3254 2948 3311 innocentes
2976 3271 3082 3311 non
3098 3257 3250 3323 estis,
3281 3258 3326 3314 si
3355 3257 3556 3314 fratres

1979 3353 2210 3411 vestros,
2249 3361 2384 3416 quos
2418 3347 2706 3402 indicando
2735 3348 3010 3418 corrigere
3035 3349 3293 3419 potestis,
3325 3352 3554 3406 tacendo

1980 3437 2161 3508 perire
2189 3437 2527 3507 permittitis.
2559 3436 2616 3491 Si
2647 3437 2790 3492 enim
2821 3436 2992 3492 frater
3021 3446 3144 3494 tuus
3170 3439 3365 3495 vulnus
3393 3441 3557 3497 habe-

1980 3535 2065 3582 ret
2096 3527 2148 3582 in
2195 3542 2446 3598 corpore,
2503 3528 2647 3598 quod
2693 3527 2858 3584 vellet
2885 3529 3179 3594 occultare,
3229 3545 3354 3584 cum
3403 3533 3557 3586 timet

1981 3619 2176 3685 secari,
2205 3635 2384 3676 nonne
2413 3619 2706 3676 crudeliter
2744 3619 2841 3675 abs
2873 3630 2926 3676 te
2956 3620 3230 3689 sileretur,
3262 3630 3316 3677 et
3345 3623 3560 3678 miseri-

1979 3710 2222 3765 corditer
2251 3711 2630 3766 indicaretur?
2658 3711 2871 3778 Quanto
2904 3727 3031 3782 ergo
3059 3712 3238 3782 potius
3273 3714 3437 3770 debes
3458 3715 3559 3770 hoc

1980 3801 2353 3870 manifestare,
2409 3821 2478 3860 ne
2534 3807 2894 3875 perniciosius
2943 3817 3222 3877 putrescat
3279 3807 3334 3862 in
3373 3810 3555 3864 corde.

1981 3889 2086 3945 Sed
2118 3901 2405 3961 antequam
2453 3894 2574 3950 aliis
2601 3897 3022 3961 demonstretur,
3051 3913 3150 3967 per
3176 3913 3311 3968 quos
3335 3901 3556 3954 convin-

1979 3982 2183 4036 cendus
2237 3991 2341 4047 est,
2379 3983 2426 4037 si
2481 3987 2764 4053 negaverit
2823 3989 2994 4058 prius,
3051 3989 3342 4057 prmposilo
3401 3989 3559 4044 debet

1979 4071 2212 4137 ostendi,
2241 4073 2287 4127 si
2347 4075 2657 4131 admonitus
2710 4077 3010 4147 neglexerit
3071 4081 3293 4148 corrigi,
3326 4097 3393 4134 ne
3421 4082 3559 4137 forte

1980 4162 2242 4217 secretius
2291 4172 2572 4234 correptus
2609 4168 2780 4236 possit
2820 4183 2924 4222 non
2957 4169 3292 4225 innotescere
3323 4175 3550 4227 caeteris.

1980 4249 2036 4304 Si
2073 4260 2249 4306 autem
2282 4255 2576 4323 negaverit,
2643 4265 2770 4312 tunc
2801 4259 3058 4314 nescienti
3105 4260 3394 4315 adhibendi
3428 4271 3556 4316 sunt

1980 4342 2097 4409 alii,
2120 4350 2177 4397 ut
2199 4341 2310 4411 jam
2341 4361 2524 4398 coram
2553 4347 2806 4404 omnibus
2830 4349 3019 4417 possit,
3052 4365 3159 4405 non
3189 4349 3257 4404 ab
3284 4367 3392 4406 uno
3419 4360 3554 4408 teste

1979 4435 2152 4503 argui,
2194 4435 2287 4489 sed
2317 4450 2345 4488 a
2377 4436 2586 4492 duobus
2613 4437 2698 4492 vel
2737 4439 2908 4495 tribus
2958 4441 3225 4496 convinci.
3259 4441 3553 4497 Convictus

1983 4537 2113 4594 ergo
2147 4526 2440 4579 secundum
2491 4529 2782 4596 puepositi.
2814 4530 2895 4585 vel
2925 4531 3086 4586 etiam
3131 4534 3456 4604 presbyteri,
3489 4535 3556 4587 ad

1985 4616 2139 4685 cujus
2195 4616 2651 4685 dispensationem
2704 4620 2961 4688 pertinet,
3022 4623 3332 4689 arbitrium,
3399 4623 3557 4678 debet

1984 4706 2413 4761 emendatoriam
2462 4709 2730 4763 sustinere
2777 4710 3091 4765 vindictam.
3131 4711 3300 4780 Quam
3339 4713 3384 4769 si
3415 4713 3558 4770 ferre

1985 4797 2338 4862 recusaverit,
2373 4797 2586 4853 etiamsi
2615 4799 2728 4869 ipse
2767 4816 2874 4855 non
2905 4803 3248 4870 abscesserit,
3280 4805 3346 4860 de
3373 4815 3554 4861 vestra

1983 4890 2242 4946 societate
2266 4891 2601 4962 projiciatur.
2626 4892 2741 4947 Non
2773 4894 2917 4948 enim
2945 4905 2997 4950 et
3025 4894 3127 4950 hoc
3157 4896 3215 4950 fit
3240 4899 3551 4966 crudeliter,

1980 4981 2073 5034 sed
2113 4979 2559 5046 misericorditer,
2606 4998 2675 5037 ne
2707 4983 3029 5055 contagione
3075 4983 3335 5054 pestifera
3390 4987 3556 5059 pluri-

1980 5086 2099 5126 mos
2124 5071 2334 5139 perdat.
2367 5069 2502 5126 Nam
2543 5081 2598 5128 et
2637 5075 2704 5129 de
2732 5074 2835 5129 hoc
2864 5075 3098 5147 capitulo
3122 5075 3322 5132 Paulus
3352 5086 3406 5132 et
3436 5078 3556 5133 Ste-

1980 5165 2195 5234 phanus
2223 5164 2448 5219 abbates
2477 5165 2548 5219 ita
2599 5167 2933 5234 scripserunt
2963 5186 2974 5220 :
3009 5167 3064 5222 Si
3097 5169 3218 5236 quis
3248 5168 3474 5223 alterum
3499 5169 3551 5223 iu

1983 5267 2304 5322 quacunque
2337 5263 2492 5323 parte
2520 5256 2714 5309 viderit
2739 5257 2983 5312 illicitum
3015 5258 3306 5328 quidquam
3330 5257 3416 5314 vel
3442 5273 3556 5312 ser-

1988 5357 2147 5397 mone
2197 5342 2282 5398 vel
2316 5359 2478 5413 opere
2515 5343 2826 5411 facientem,
2870 5353 2925 5400 et
2954 5347 3122 5417 priori
3161 5346 3431 5402 distulerit
3457 5362 3556 5417 pu-

1987 5433 2210 5499 blicare,
2244 5443 2500 5504 agnoscat
2547 5451 2606 5491 se
2631 5451 2750 5491 esse
2776 5439 3100 5494 nutritorem
3131 5439 3360 5509 peccati,
3386 5446 3441 5494 et
3461 5455 3558 5509 per

1985 5526 2166 5580 omnia
2221 5527 2482 5597 mqualem
2533 5529 2818 5598 peccanti;
2861 5532 2985 5600 quia
3037 5541 3090 5586 et
3120 5532 3307 5586 anima:
3341 5545 3472 5596 suae,
3503 5540 3558 5585 et

1987 5617 2061 5671 illi
2119 5624 2224 5683 cst,
2263 5633 2421 5688 quem
2481 5620 2630 5691 tegit,
2665 5619 2989 5677 durissimus
3030 5622 3297 5676 inimicus.
3331 5621 3408 5675 Ex
3449 5621 3556 5677 hoc

1989 5707 2126 5778 apud
2159 5707 2348 5774 Deum,
2378 5711 2467 5778 qui
2498 5711 2636 5764 male
2667 5710 2802 5778 odit,
2832 5719 2886 5766 et
2911 5710 3051 5778 apud
3083 5719 3333 5768 cunctam
3362 5711 3558 5768 fratcr-
