3944 6414
297 292 399 349 sn
488 362 494 371 ι

1567 281 1921 340 SMARAGDI
1958 279 2251 337 ABBATIS

3449 275 3605 353 ειμι⁹

294 409 523 465 nitatem
577 402 927 463 exsecrabilis
966 409 1023 457 et
1075 400 1305 456 infidelis
1356 398 1666 463 habebitur,
1725 397 1867 468 quod
1897 402 1946 461 Α
1971 398 2197 454 alterius
2227 410 2446 451 manum
2477 395 2728 459 tenuerit,
2784 396 2830 451 si
2856 395 3102 468 joeulare
3139 394 3345 465 aliquid
3370 394 3455 451 vel
3482 397 3561 453 ri-

294 515 394 571 per
422 496 806 552 abundantiam
848 492 1070 548 malitia:
1121 491 1296 546 noluit
1331 489 1579 561 prodere,
1615 496 1680 542 ut
1703 487 1889 543 οοηοίσ.

294 604 424 661 gere
459 586 724 658 potuisset
770 590 1088 650 errantem;
1122 591 1179 638 et
1204 582 1329 639 odio
1357 579 1654 651 disciplinae
1685 578 1875 635 dilexit

294 680 578 746 malitiam,
608 683 666 733 et
685 664 855 732 astitit
881 675 1032 733 omni
1063 675 1164 730 viai
1184 689 1294 731 non
1321 675 1495 730 bonae.

855 763 1085 822 CAPUT
1118 763 1309 820 XXIV.

406 857 593 926 Qualis
619 858 803 914 debeat
838 873 950 913 esse
984 855 1170 911 modus
1191 850 1769 910 excommunicationis.

365 949 665 1007 Secundum
701 949 917 1005 modum
966 947 1156 1020 culpae,
1207 943 1764 1002 excommunicationis
1799 939 1879 996 vel

293 1030 588 1112 disciplinae
639 1040 786 1095 debet
842 1038 1053 1095 extendi
1112 1029 1409 1094 mensura:
1465 1035 1555 1107 qui
1602 1033 1878 1105 culparum

294 1130 482 1187 modus
512 1131 568 1185 in
597 1129 799 1185 abbatis
818 1129 1041 1201 pendeat
1076 1128 1305 1198 judicio.
1344 1125 1717 1196 Interrogatus
1744 1123 1880 1178 bea-

300 1232 391 1278 tus
417 1221 652 1277 Basilius
682 1220 935 1292 qualibus
983 1215 1419 1288 correptionibus
1455 1215 1532 1271 uti
1561 1220 1777 1284 oportet
1799 1211 1882 1267 in-

298 1321 381 1368 ter
417 1310 615 1387 fratres
644 1312 713 1366 ad
738 1309 1176 1367 emendationem
1197 1322 1388 1363 eorum
1414 1306 1508 1377 qui
1539 1304 1876 1374 delinquunt,

298 1401 595 1474 respondit.
632 1399 749 1459 Hoc
797 1400 870 1457 sit
925 1399 981 1455 in
1021 1398 1228 1469 judicio
1286 1397 1522 1469 positum
1564 1409 1755 1451 eorum
1786 1394 1880 1464 qui

295 1502 556 1565 praesunt,
586 1492 671 1548 vel
719 1501 923 1565 quanto
952 1500 1216 1562 tempore,
1258 1490 1345 1545 vel
1370 1488 1518 1561 quali
1570 1488 1734 1544 modo
1762 1501 1883 1542 cor-

300 1586 404 1655 ripi
433 1584 670 1641 debeant
695 1601 710 1651 ;
743 1584 869 1654 quia
894 1592 950 1639 et
971 1592 1126 1649 tetas,
1156 1591 1211 1638 et
1236 1580 1490 1645 eruditio,
1524 1578 1750 1634 multam
1779 1578 1881 1632 ha-

298 1678 431 1733 bere
481 1676 611 1732 facit
665 1674 1027 1731 differentiam
1057 1688 1249 1745 preme.
1289 1673 1426 1727 item
1472 1686 1540 1726 ex
1571 1669 1755 1741 regula
1781 1683 1880 1722 cu-

1978 488 2061 544 sui
2118 494 2305 557 aptum
2358 487 2411 541 in
2438 492 2708 541 conventu
2734 485 2963 542 fratrum
2991 486 3240 558 proferre
3292 501 3559 556 praesum-

1976 577 2169 647 pserit,
2193 575 2279 631 vel
2330 576 2424 648 qui
2452 590 2577 630 cum
2599 576 2908 647 junioribus
2935 577 3099 631 verba
3128 576 3304 631 otiosa
3330 591 3561 632 narrare

1977 667 2227 733 voluerit,
2251 675 2346 722 aut
2373 665 2573 721 habere
2596 665 2865 721 amicitias
2899 665 3075 721 aetatis
3099 664 3352 732 infirmae,
3383 665 3563 722 incre-

1977 758 2205 829 pationi,
2240 766 2303 813 ut
2325 758 2521 827 dignus
2547 765 2651 823 est,
2680 755 2997 828 subiacebit.
3051 754 3109 812 Si
3157 755 3281 825 quis
3307 754 3564 826 quaelibet

1980 847 2267 913 invenerit,
2329 848 2545 903 inventa
2598 862 2707 903 non
2760 846 2920 913 celet,
2963 853 3019 901 et
3054 846 3426 917 cognoscenda
3452 859 3561 899 non

1978 938 2233 995 occultet.
2266 938 2421 1006 Quod
2450 938 2497 993 si
2541 946 2757 1008 reperta
2782 938 2946 993 unius
2982 936 3089 992 diei
3137 936 3315 1006 spatio
3340 934 3565 992 convin-

1977 1030 2123 1084 citur
2176 1012 2481 1084 retentasse
2532 1026 2759 1094 furtum,
2790 1026 3108 1098 contagiose
3146 1025 3476 1082 maculatum
3502 1040 3563 1081 se

1980 1132 2101 1173 esse
2127 1125 2436 1187 cognoscat.
2492 1115 2552 1171 Si
2576 1117 2698 1186 quis
2727 1131 2852 1172 cum
2892 1119 2985 1187 qui
3009 1115 3409 1173 districtioncm
3446 1131 3564 1173 mo-

1980 1207 2205 1265 nasterii
2251 1223 2361 1263 non
2393 1206 2601 1274 ferens,
2646 1206 2830 1277 fugam
2875 1207 3135 1263 meditari
3183 1208 3485 1280 agnoverit,
3516 1208 3566 1263 si

1980 1314 2091 1354 non
2117 1298 2301 1354 statim
2326 1298 2647 1369 prodiderit,
2703 1298 3024 1370 perditionis
3072 1298 3216 1355 illius
3245 1299 3566 1370 participem

1982 1403 2182 1445 seesse
2211 1404 2318 1445 non
2351 1389 2579 1444 dubitet.
2638 1388 2706 1444 Et
2735 1388 2924 1445 tandiu
2974 1395 3058 1444 est
3093 1403 3125 1443 a
3154 1396 3424 1444 conventu
3457 1386 3569 1443 fra-

1982 1488 2126 1534 trum
2173 1480 2620 1550 sequestrandus,
2666 1479 2902 1551 quandiu
2954 1478 3044 1534 ille
3069 1478 3250 1534 valeat
3297 1478 3563 1534 revocari.

1984 1567 2042 1624 Si
2081 1568 2204 1639 quis
2242 1569 2360 1624 haec
2393 1583 2501 1624 non
2558 1569 2707 1624 omni
2765 1570 2971 1626 virtute
3023 1569 3288 1625 studuerit
3337 1567 3571 1625 Domino

1982 1659 2245 1729 placitura
2296 1675 2537 1726 scrvare,
2582 1670 2636 1717 et
2690 1662 2855 1717 semel
2903 1677 2970 1717 ac
2996 1662 3235 1718 secundo
3285 1667 3569 1730 correptus

291 1767 505 1838 jusdam
536 1763 1113 1822 excommunicationis
1154 1775 1407 1817 mensura
1436 1758 1614 1830 qualis
1643 1772 1765 1813 esse
1790 1756 1882 1810 de-
1910 1752 1957 1811 B
1986 1769 2092 1808 non
2143 1754 2535 1819 emendaverit,
2564 1755 2891 1825 reprehensa
2916 1755 3071 1826 juxta
3125 1754 3305 1809 anatis
3334 1752 3566 1808 formam

302 1860 447 1923 beat,
472 1854 679 1926 justum
701 1855 999 1913 scientibus
1027 1854 1261 1909 liberare
1281 1850 1544 1923 judicium
1571 1848 1743 1919 culpae
1770 1861 1885 1901 mo-

292 1953 396 2008 dus
447 1950 717 2007 ostendat.
755 1948 1072 2004 Levioribus
1128 1946 1274 2002 enim
1325 1943 1500 2014 culpis
1528 1942 1702 1998 levior
1729 1939 1884 1996 adhi-

292 2042 468 2099 benda
498 2050 584 2097 est
622 2039 916 2110 correptio,
946 2037 1291 2110 gravioribus
1317 2048 1445 2090 vero
1472 2032 1770 2089 ferventior
1796 2038 1881 2086 est

293 2131 600 2189 exhibenda
659 2129 958 2186 damnatio.
1016 2126 1252 2184 Proinde
1309 2124 1489 2191 abbati
1542 2121 1883 2193 pensandum

294 2230 408 2289 est,
433 2231 495 2278 ut
521 2221 567 2278 si
596 2219 794 2292 aliquis
820 2218 988 2275 frater
1013 2218 1068 2273 in
1095 2216 1394 2273 levioribus
1422 2213 1593 2285 culpis
1615 2212 1887 2268 invenitur

294 2308 588 2375 obnoxius,
620 2323 795 2379 usque
825 2308 893 2363 ad
916 2307 1177 2362 indictam
1206 2304 1311 2361 sibi
1334 2304 1529 2359 horam
1559 2316 1750 2359 mensa
1774 2300 1887 2372 pri-

299 2409 478 2456 vetur.
511 2399 588 2454 De
612 2398 952 2471 gravioribus
998 2412 1130 2452 vero
1159 2410 1257 2452 seu
1287 2395 1517 2460 dierum,
1571 2393 1659 2448 vel
1686 2391 1887 2448 hebdo-

295 2491 602 2555 madarum,
620 2490 705 2546 vel
728 2490 996 2546 mensium
1013 2487 1263 2544 diliinitio
1288 2486 1344 2542 in
1371 2486 1582 2557 longius
1606 2492 1887 2557 protracta

299 2584 645 2654 correptione
676 2581 915 2637 finiatur.

369 2674 426 2731 Si
456 2675 572 2747 quis
594 2683 771 2729 tamen
797 2673 965 2744 frater
992 2672 1047 2727 in
1082 2671 1360 2728 levioribus
1388 2671 1556 2741 culpis
1592 2668 1881 2733 invenitur,

296 2775 504 2820 tantum
552 2781 585 2818 a
632 2779 825 2819 mensae
870 2762 1270 2835 participatione
1317 2760 1567 2833 privetur.
1636 2757 1885 2814 Levioris

295 2858 469 2928 culpae
498 2872 626 2912 reus
651 2863 758 2921 est,
790 2862 850 2911 ut
875 2855 954 2911 ait
985 2854 1243 2921 lsidorus,
1280 2853 1372 2925 qui
1398 2852 1607 2910 otiows
1641 2866 1762 2907 esse
1793 2849 1879 2907 di-

293 2947 513 3012 luxerit,
544 2946 639 3016 qui
668 2945 736 3001 ad
767 2944 1026 3012 cilicium,
1079 2944 1166 3000 vel
1193 2943 1260 2999 ad
1308 2942 1670 3008 collationem,
1698 2940 1784 2997 vel
1817 2941 1889 2997 ad

295 3054 543 3096 mensam
575 3039 783 3095 tardius
821 3039 1072 3103 venerit;
1124 3036 1218 3108 qui
1256 3036 1308 3091 in
1335 3036 1501 3092 choro
1526 3034 1712 3091 riserit
1734 3032 1887 3088 fabu-

302 3130 442 3185 lisve
467 3128 773 3194 vacaverit;
804 3128 922 3198 qui,
975 3127 1167 3182 relicto
1196 3123 1373 3183 cilicio
1400 3124 1485 3181 vel
1516 3138 1699 3195 opere,
1731 3131 1888 3179 extra
1915 3102 1959 3165 (ἶ

297 3220 641 3277 necessitatis
687 3234 909 3276 causam
965 3216 1114 3273 foras
1161 3216 1515 3280 discesserit;
1563 3215 1657 3289 qui
1708 3223 1891 3284 torpo-

295 3328 414 3369 rem
452 3300 510 3368 ct
553 3326 805 3367 somnum
862 3309 1147 3374 amaverit,
1205 3307 1296 3378 qui
1356 3307 1552 3378 saepius
1582 3304 1888 3376 ,juraverit,

295 3403 390 3474 qui
418 3401 770 3472 multiloquus
823 3399 1012 3466 fuerit,
1043 3400 1137 3470 qui
1190 3398 1555 3454 ministerium
1600 3395 1891 3467 cujuslibet

297 3495 481 3566 operis
513 3492 818 3563 injunctum
848 3490 951 3547 sibi
981 3490 1100 3546 sine
1134 3489 1511 3545 benedictione
1568 3489 1890 3558 susceperit,

295 3595 394 3643 aut
422 3593 647 3659 peracto
672 3597 836 3655 opere
861 3581 1301 3639 benedictionem
1333 3581 1557 3637 minime
1585 3580 1892 3651 postulave-

299 3679 395 3744 rit,
425 3677 519 3748 qui
550 3660 852 3745 iujunctum
874 3688 1012 3744 opus
1045 3672 1385 3744 negligenter
1419 3672 1506 3726 vel
1560 3672 1767 3728 tardius
1794 3687 1890 3727 ex—

301 3766 535 3840 pleverit
565 3781 579 3819 :
615 3763 709 3836 qui
759 3778 888 3818 casu
917 3777 1014 3818 vas
1066 3760 1286 3833 aliquod
1314 3760 1562 3833 fregerit,
1618 3761 1710 3831 qui
1737 3760 1892 3816 dam-

301 3876 433 3915 num
482 3856 562 3913 rei
614 3871 800 3929 parva:
854 3853 1119 3919 intulerit,
1180 3854 1272 3925 qui
1327 3853 1514 3910 codice
1562 3853 1894 3926 negligenter

297 3965 431 4006 usus
458 3947 643 4015 fuerit,
695 3946 789 4018 qui
844 3945 1042 4002 alicubi
1073 3944 1143 4001 ad
1200 3953 1535 4001 momentum
1579 3945 1888 4009 secesserit,

301 4038 395 4110 qui
424 4037 637 4094 occulte
665 4036 736 4092 ab
765 4035 951 4107 aliquo
1001 4034 1217 4093 litteras
1245 4034 1332 4091 vel
1384 4034 1660 4107 quodlibet
1696 4050 1895 4091 munus

305 4129 605 4201 acceperit.
641 4126 726 4184 vel
753 4127 1041 4198 epistolam
1072 4126 1376 4196 suscipiens
1401 4124 1775 4189 occultaverit,
1800 4135 1895 4180 aut

299 4223 418 4277 sine
466 4219 681 4275 abbatis
733 4233 1004 4275 consensu
1061 4215 1430 4286 rescripserit,
1481 4214 1567 4270 vel
1597 4214 1896 4285 quemlibet

298 4321 610 4383 parentum,
662 4325 759 4366 seu
805 4309 1143 4366 saecularium
1181 4307 1300 4364 sine
1344 4304 1499 4377 jussu
1538 4305 1773 4362 senioris
1802 4314 1898 4361 aut

300 4401 523 4466 viderit,
555 4410 650 4455 aut
681 4415 806 4455 cum
839 4415 908 4456 eo
937 4399 1149 4455 locutus
1178 4395 1380 4464 fuerit;
1419 4397 1513 4467 qui
1545 4396 1748 4453 seniori
1776 4397 1894 4453 ino-

298 4491 525 4547 bcdiens
551 4488 736 4557 fuerit,
768 4490 862 4562 qui
914 4490 1314 4546 contumaciter
1366 4487 1570 4544 seniori
1598 4489 1893 4558 responde-

302 4585 397 4649 rit,
430 4584 522 4653 qui
553 4598 680 4655 erga
711 4583 984 4639 seniorem
1019 4581 1263 4654 linguam
1291 4596 1399 4637 non
1429 4581 1772 4644 renresserit,
1796 4580 1892 4650 qui

301 4673 538 4730 lascivus
598 4672 655 4728 in
683 4673 866 4745 lingua
919 4672 1106 4739 fuerit,
1139 4672 1232 4742 qui
1262 4672 1548 4728 inhoneste
1580 4672 1890 4737 incesserit,

301 4765 394 4834 qui
415 4763 702 4833 joeaverit,
759 4763 852 4835 qui
890 4765 1023 4819 satis
1055 4764 1261 4830 riserit,
1293 4763 1387 4832 qui
1425 4778 1549 4817 cum
1579 4778 1896 4820 excommu-

302 4856 486 4909 nicato
529 4852 744 4908 locutus
772 4852 956 4917 fuerit,
986 4852 1245 4915 oraverit,
1304 4851 1624 4917 comederit,
1654 4851 1746 4922 qui
1776 4851 1895 4905 illu-

302 4947 514 5001 sionem
569 4950 899 4997 nocturnam
953 4939 1107 4996 Patri
1157 4954 1266 4995 non
1296 4939 1638 5010 patefecerit.
1680 4939 1806 4996 Haec
1839 4948 1897 4996 et

300 5036 392 5091 his
420 5032 620 5089 similia
651 5031 939 5104 disciplina
961 5031 1540 5089 excommunicationis
1558 5034 1895 5090 emendanda

305 5136 450 5183 sunt.
480 5125 620 5181 Nam
647 5134 703 5181 et
733 5123 863 5180 alibi
893 5124 1039 5181 inter
1061 5123 1294 5180 leviores
1322 5124 1509 5196 culpas
1556 5126 1658 5183 has
1689 5126 1898 5181 inveni-

304 5235 428 5275 mus
465 5226 803 5283 numeratas,
822 5215 876 5270 id
908 5224 1010 5281 est,
1042 5214 1089 5271 si
1118 5213 1419 5272 decantans
1450 5216 1573 5287 quis
1599 5216 1893 5287 psalmum,

304 5312 390 5367 vel
415 5308 687 5367 modicum
715 5308 847 5379 quid
877 5307 1211 5376 titubaverit,
1239 5308 1286 5366 si
1315 5307 1401 5364 vel
1430 5307 1624 5364 leviter
1653 5324 1897 5364 murmu-

306 5400 530 5465 raverit,
560 5399 606 5455 si
641 5398 866 5455 dimissa
917 5398 1109 5471 synaxi
1142 5414 1249 5456 non
1301 5398 1549 5456 concitus
1603 5398 1671 5454 ad
1700 5398 1894 5455 cellam

307 5476 591 5549 recurrere
619 5490 981 5558 festinaverit,
1014 5492 1061 5547 si
1090 5491 1399 5557 lectionem,
1442 5503 1630 5560 opera,
1662 5490 1746 5546 vel
1770 5491 1895 5547 ohe-

309 5584 526 5641 dientia:
551 5583 834 5655 proferens
854 5582 1049 5651 cilicia,
1070 5591 1273 5639 statuta
1303 5582 1521 5653 segnius
1548 5581 1713 5638 fuerit
1738 5598 1897 5639 exse-

311 5685 470 5733 cutus
494 5693 508 5744 ;
539 5677 583 5731 si
616 5692 741 5732 cum
773 5676 956 5748 aliquo
983 5677 1066 5733 vel
1095 5676 1161 5732 ad
1190 5674 1463 5731 modicum
1491 5675 1817 5742 substiterit,
1846 5676 1894 5731 si

1984 1843 2237 1899 convenit
2263 1842 2511 1898 indicari.
2550 1841 2843 1914 Hucusque
2872 1852 2929 1899 et
2965 1845 3020 1899 in
3049 1844 3356 1916 huiusmodi
3386 1860 3451 1900 ac
3494 1846 3569 1901 si-

1983 1933 2202 1989 milibus
2255 1935 2506 1990 admissis
2553 1936 2797 2007 procedit
2823 1935 3223 1991 animadversio
3276 1935 3562 2008 spiritalis.

1984 2023 2221 2079 Besidua
2248 2040 2380 2080 vero
2405 2041 2526 2096 qua:
2554 2028 2695 2097 apud
2726 2042 2828 2083 nos
2870 2027 3244 2084 indifferenter
3269 2029 3506 2085 admissa
3536 2045 3569 2085 a

1984 2114 2141 2170 nobis
2164 2131 2380 2187 quoque
2436 2118 2955 2187 reprehensihilibus
2994 2119 3350 2188 sustinentur,
3381 2120 3435 2176 id
3463 2128 3569 2187 est,

1985 2212 2172 2276 aperta
2201 2206 2472 2273 convicia,
2499 2207 2770 2264 manifesti
2801 2218 3161 2280 contemptus,
3188 2211 3570 2267 contradictio-

1986 2308 2084 2351 nes
2123 2295 2366 2362 tumidae,
2396 2295 2569 2352 libera
2597 2304 2652 2353 et
2681 2296 2943 2354 effrenata
2968 2299 3267 2369 processio,
3292 2298 3573 2359 familiari-

1988 2393 2070 2441 tas
2108 2384 2253 2456 apud
2284 2384 2537 2452 feminas,
2593 2386 2712 2452 irae,
2740 2387 2895 2455 rixae,
2933 2388 3238 2445 simultates
3291 2398 3347 2446 et
3368 2389 3571 2462 jurgia,

1984 2474 2165 2543 operis
2193 2473 2482 2544 peculiaris
2522 2476 2895 2546 praesumptio,
2924 2476 3271 2550 pbilargyritc
3299 2478 3570 2550 contagio,

1986 2563 2241 2622 an‘cctus'
2268 2573 2429 2636 atque
2471 2566 2745 2637 possessio
2804 2582 2987 2622 rerum
3032 2567 3424 2638 superfluarum
3452 2584 3574 2638 quae
3612 2554 3617 2559 ’

1988 2673 2018 2711 a
2045 2656 2259 2712 caeteris
2294 2655 2558 2712 fratribus
2584 2672 2692 2713 non
2729 2657 3021 2723 habentur,
3043 2658 3478 2714 extraordinaria
3507 2673 3574 2714 ae

1987 2744 2268 2801 fructifera
2293 2745 2399 2800 cibi
2430 2744 2688 2814 refectio;
2729 2746 2848 2803 haec
2880 2756 2935 2803 et
2967 2748 3165 2804 similia
3210 2763 3317 2803 non
3375 2748 3466 2803 illa
3490 2749 3576 2803 in-

1987 2835 2302 2906 crepatione
2315 2851 2420 2906 qua
2450 2835 2686 2893 diximus
2716 2837 2968 2910 spiritali,
2985 2840 3082 2896 sed
3097 2839 3179 2896 vel
3194 2840 3365 2914 plagis
3389 2856 3576 2898 emen-

1988 2926 2208 2993 dantur,
2237 2926 2324 2982 vel
2353 2927 2672 2998 expulsione
2701 2937 3021 3002 purgantur.

2062 3033 2268 3092 Privati
2295 3048 2472 3095 autem
2494 3055 2527 3093 a
2556 3056 2749 3095 mensae
2774 3042 3035 3096 consortio
3063 3043 3166 3096 ista
3190 3044 3291 3098 erit
3320 3043 3475 3107 ratio,
3516 3052 3576 3097 ut

1990 3128 2046 3183 in
2072 3130 2306 3184 oratorio
2339 3129 2603 3202 psalmum
2647 3141 2739 3187 aut
2791 3133 3133 3204 antiphonam
3186 3151 3291 3189 non
3318 3136 3576 3207 imponat,

1990 3238 2154 3293 neque
2178 3220 2450 3277 lectionem
2478 3223 2654 3278 recitet
2682 3240 2844 3294 usque
2868 3223 2937 3278 ad
2965 3223 3398 3295 satisfactionem.
3431 3224 3575 3280 Hine

1990 3313 2208 3383 quidam
2240 3316 2627 3371 monachorum
2657 3316 2915 3386 magister
2969 3315 3045 3371 ait
3076 3334 3089 3370 :
3142 3315 3336 3372 Frater
3362 3317 3455 3387 qui
3484 3316 3566 3371 le-

1991 3419 2112 3460 vem
2143 3405 2357 3477 culpam
2382 3407 2663 3472 habuerit,
2693 3415 2748 3462 et
2777 3416 2902 3476 post
2921 3407 3151 3476 primam
3179 3415 3234 3463 et
3257 3408 3577 3472 secundam,

1991 3504 2047 3551 et
2088 3497 2309 3552 tertiam
2365 3496 2721 3551 monitionem
2781 3497 2847 3551 de
2898 3511 3225 3565 unoquoque
3280 3496 3411 3551 vitio
3467 3512 3579 3553 non

1992 3584 2395 3649 emendaverit,
2435 3599 2465 3638 a
2527 3598 2716 3638 mensa
2758 3582 3289 3647 exeommunicetur,
3348 3598 3456 3637 non
3505 3585 3581 3640 ab

1992 3677 2253 3734 oratorio.
2288 3676 2419 3744 Quae
2435 3677 2925 3733 excommunicatio
2946 3678 3133 3733 tandiu
3167 3679 3429 3737 inoffensa
3451 3696 3579 3752 per-

1938 3822 1941 3827 ,
1992 3774 2243 3831 maneat,
2280 3766 2517 3836 quandiu
2548 3766 2604 3821 in
2636 3781 2729 3822 reo
2758 3767 2981 3838 majoris
3003 3767 3326 3826 humilitatis
3351 3770 3571 3827 satisfa-

1994 3856 2103 3913 ctio
2129 3856 2412 3912 humiliato
2435 3856 2503 3912 ad
2530 3871 2704 3928 genua
2731 3858 2910 3929 capite
2949 3873 3008 3914 se
3051 3858 3117 3914 de
3148 3867 3345 3915 caetero
3368 3863 3576 3931 promi-

1994 3946 2127 4002 serit
2154 3944 2453 4002 emendari.
2476 3944 2571 4001 llle
2594 3961 2723 4001 vero
2752 3944 2923 4002 frater
2942 3950 3035 4018 qui
3070 3950 3575 4006 excommunicatus

1993 4052 2024 4092 a
2052 4052 2267 4101 mensa,
2324 4052 2435 4093 non
2462 4036 2532 4091 ab
2580 4037 2818 4093 oratorio
2853 4036 3048 4104 fuerit,
3088 4039 3276 4095 tandiu
3333 4041 3581 4113 antipha-

1994 4143 2119 4184 nam
2156 4137 2249 4185 aut
2272 4128 2560 4185 lectionem
2594 4143 2701 4185 non
2733 4129 2974 4201 imponat
2996 4170 3014 4196 ,
3043 4130 3283 4201 quandiu
3325 4132 3391 4188 de
3418 4132 3580 4203 culpa

1997 4220 2087 4275 illa
2109 4221 2486 4277 emendatione
2512 4220 2785 4291 promissa
2809 4221 3175 4290 satisfecerit,
3228 4232 3323 4279 aut
3366 4224 3582 4283 abbatis

1996 4317 2305 4387 prresentis,
2336 4325 2432 4372 aut
2452 4316 2730 4388 praepositi
2760 4317 2845 4374 sui
2891 4318 2960 4373 ad
3007 4332 3183 4389 genua
3239 4318 3580 4377 incurvatus.

2001 4406 2469 4462 Exccmmunicati
2494 4422 2625 4463 vero
2650 4405 2850 4465 fratres
2872 4449 2888 4476 ,
2919 4409 2966 4465 si
2997 4409 3070 4464 ita
3111 4409 3331 4480 superbi
3357 4408 3584 4466 exstite—

1999 4497 2139 4563 rint,
2170 4504 2265 4553 aut
2299 4497 2357 4552 in
2390 4498 2644 4568 superbia
2679 4499 2859 4555 cordis
2904 4508 3318 4571 perseverantes
3364 4500 3421 4556 in
3456 4506 3580 4556 ter-

1996 4587 2074 4641 tia
2103 4587 2192 4644 die
2217 4587 2352 4642 hora
2378 4602 2520 4643 nona
2548 4586 2864 4645 satisfacere
2876 4574 3375 4657 abbati'noluerint,
3396 4597 3583 4646 custo-

1997 4678 2096 4734 diti
2118 4693 2289 4748 usque
2317 4678 2387 4734 ad
2407 4694 2595 4735 necem
2622 4681 2903 4739 caedantur
2916 4682 3103 4754 virgis.
3157 4682 3226 4738 Et
3247 4683 3293 4739 si
3316 4681 3585 4753 placuerit
3612 4731 3619 4737 .

1998 4769 2213 4834 abbati,
2265 4769 2332 4824 de
2357 4771 2691 4827 monasterio
2716 4772 3083 4842 expellantur,
3131 4775 3258 4845 quia
3288 4756 3428 4830 Italis
3469 4774 3582 4829 vita

2000 4859 2340 4916 necessarios
2366 4875 2473 4915 non
2506 4860 2672 4917 habet
2707 4861 3016 4933 corporales
3044 4863 3130 4920 vel
3159 4864 3452 4920 societates
3470 4862 3585 4918 fra-

2000 4958 2145 5006 trum
2195 4964 2332 5021 quos
2374 4950 2430 5006 in
2461 4951 2644 5008 anima
2683 4955 2918 5026 superba
2954 4955 3198 5025 possidet
3223 4970 3394 5011 mors.
3443 4952 3582 5011 Nam

1999 5041 2196 5097 merito
2220 5041 2355 5097 tales
2381 5041 2581 5099 debent
2601 5044 2776 5117 plagis
2810 5046 3032 5102 mactati
3069 5044 3263 5115 expelli
3280 5084 3298 5107 ,
3334 5044 3427 5116 qui
3456 5056 3582 5101 esse

1999 5149 2123 5189 cum
2164 5134 2384 5191 Christo
2411 5137 2738 5194 humilitatis
2774 5137 3004 5194 Domino
3029 5153 3136 5194 non
3164 5145 3462 5202 merentur.
3485 5134 3583 5193 sed

1999 5226 2110 5281 sint
2132 5240 2163 5280 a
2186 5228 2463 5296 perpetuis
2491 5228 2776 5297 promissis
2807 5228 2907 5287 Dei
2931 5243 3054 5284 cum
3090 5237 3314 5285 auctore
3341 5242 3441 5284 suo
3461 5228 3583 5283 dia-

2000 5317 2125 5373 bolo
2148 5319 2407 5388 separati,
2439 5320 2533 5390 qui
2554 5320 2621 5376 de
2641 5320 2902 5377 calorum
2931 5321 3115 5392 regnis
3137 5328 3359 5392 propter
3393 5334 3584 5392 super-

2000 5408 2147 5464 biam
2177 5424 2331 5464 suam
2359 5408 2636 5481 projectus
2662 5419 2767 5466 est.
3098 5416 3103 5421 '

2075 5498 2426 5569 Refecticnem
2465 5510 2639 5555 autem
2677 5501 2777 5556 cibi
2828 5510 2944 5572 post
2991 5502 3218 5572 fratrum
3250 5499 3584 5571 refectionem

1998 5590 2261 5661 accipiat,
2305 5607 2552 5645 mensura
2587 5590 2664 5647 vel
2700 5591 2833 5646 hora
2874 5609 2981 5663 qua
3013 5591 3312 5662 prteviderit
3352 5589 3514 5645 abbas
3537 5590 3587 5644 ei

1999 5689 2325 5750 competere:
2371 5689 2429 5735 ut
2462 5681 2530 5748 si,
2560 5679 2699 5735 verbi
2718 5681 2916 5752 gratia,
2948 5681 3139 5752 fratres
3171 5679 3411 5748 reﬁciunt
3436 5688 3585 5734 sexta
