3944 6416
288 397 396 457 8&9

1321 401 1674 460 COMMENT.
1716 403 1783 458 IN
1825 403 1982 460 REG.
2025 406 2085 460 S.
2127 404 2508 462 BENEDICTI.

3452 412 3558 466 850

285 517 440 580 liora,
496 513 585 568 ille
627 513 811 584 frater,
841 530 1018 580 nona;
1059 514 1106 570 si
1134 514 1322 585 fratres
1350 535 1510 584 nona,
1553 516 1642 572 ille
1669 535 1868 589 vesper-
1895 520 1948 580 Α
1970 518 2122 585 sculi,
2156 521 2335 577 relicto
2357 524 2588 580 naturali
2619 543 2717 580 usu
2747 527 2990 596 femineo,
3015 537 3322 581 exarserunt
3343 528 3397 581 in
3422 529 3559 583 desi-

285 604 398 659 tina
422 620 441 668 ;
488 619 652 678 usque
679 603 807 657 dum
831 604 1188 674 satisfactione
1209 623 1439 676 congrua
1459 608 1666 661 ueniam
1691 624 1870 662 conse-

285 706 500 768 quatur.
529 695 778 768 Congrua
806 696 1003 752 dicitur
1040 695 1371 763 satisfactio,
1427 699 1644 767 quando
1679 712 1872 753 secun-

287 787 417 842 dum
448 787 666 840 modum
691 785 861 857 culpa
887 787 1066 857 agitur
1096 788 1396 857 pmnitudo.
1445 787 1541 842 Est
1568 787 1716 842 enim
1750 803 1872 858 pro-

286 877 578 934 videndum
612 891 680 931 ne
717 877 899 948 gravis
921 892 1021 946 pro
1048 877 1291 942 levibus,
1319 892 1421 932 nec
1460 877 1595 932 levis
1634 893 1734 948 pro
1758 877 1873 932 cul-

286 969 372 1039 pis
395 967 736 1038 gravioribus
767 966 1104 1037 poenitentiae
1126 966 1260 1022 ultio
1285 965 1570 1022 inferatur.
1622 965 1870 1022 Mensura

286 1071 543 1127 namque,
568 1057 873 1128 etpondere
894 1073 1050 1127 aequo
1062 1056 1401 1128 iustitiaque,
1417 1059 1505 1130 pia
1519 1060 1872 1115 miseratione

285 1146 543 1202 continua
569 1144 729 1200 Pater
756 1146 841 1201 vel
869 1149 1191 1217 praepositus
1207 1149 1367 1205 debet
1385 1149 1677 1214 excellere,
1707 1158 1766 1204 ut
1791 1150 1872 1205 sic

288 1235 484 1292 vulnus
505 1246 660 1292 curet
684 1239 898 1310 aegroti,
925 1248 1194 1308 quatenus
1213 1241 1442 1296 salutem
1467 1249 1651 1297 etnon
1682 1241 1872 1297 debili-

287 1333 454 1380 tatem
485 1325 684 1382 inferat
709 1328 970 1394 membri;
1004 1329 1132 1399 quia
1161 1330 1302 1386 sicut
1327 1331 1669 1386 subditorum
1699 1332 1868 1386 vitam

283 1419 625 1489 prmpositus,
685 1419 760 1473 ita
787 1428 842 1475 et
888 1422 1302 1490 praepositorum
1359 1421 1720 1493 negligentias
1772 1438 1870 1492 per

287 1509 638 1579 semetipsum
679 1509 822 1566 Deus
845 1509 1132 1580 iudicabit.

860 1622 1089 1679 CAPUT
1119 1623 1285 1678 XXV.

745 1712 826 1768 De
861 1714 1187 1785 grauioribus
1217 1713 1406 1784 culpis.

355 1803 410 1858 Is
448 1803 614 1874 frater
647 1804 736 1874 qui
765 1805 1020 1874 grauioris
1067 1803 1234 1874 culpae
1277 1820 1416 1857 noxa
1457 1814 1679 1860 tenetur.
1713 1806 1866 1862 Noxa

1971 611 2130 665 deriis
2150 612 2260 666 suis
2275 613 2510 677 invicem,
2545 615 2766 670 masculi
2790 617 2844 670 in
2869 615 3130 672 masculos
3180 619 3559 688 turpitudinem

1972 712 2263 771 operantes,
2310 712 2359 757 et
2388 705 2671 760 mercedem
2714 724 2871 777 quam
2904 710 3130 778 oportuit
3159 711 3354 764 erroris
3381 711 3466 765 sui
3505 710 3560 764 in

1970 791 2258 861 semetipsis
2275 794 2598 862 recipientes.
2631 795 2699 849 Et
2726 797 2860 850 sicut
2889 815 2990 851 non
3016 799 3363 868 probaverunt
3387 799 3559 854 Deum

1971 882 2160 936 habere
2206 885 2261 937 in
2293 885 2554 950 notitiam,
2585 886 2804 939 tradidit
2858 886 2976 940 illos
3008 886 3149 941 Deus
3191 889 3246 942 in
3281 887 3556 956 reprobum

1971 991 2202 1038 sensum,
2232 985 2289 1029 ut
2327 976 2528 1044 faciant
2555 993 2616 1031 ea
2645 995 2763 1045 qua:
2811 995 2914 1033 non
2951 979 3282 1034 conveniunt.
3311 979 3553 1050 Repletos

1972 1067 2112 1118 omni
2140 1065 2432 1136 iniquitate.
2457 1067 2682 1133 malitia,
2710 1069 3079 1138 fornicatione,
3107 1071 3350 1134 auaritia,
3380 1073 3558 1142 nequi-

1973 1158 2065 1219 tia.
2097 1158 2275 1228 plenos
2301 1160 2858 1227 invidiaJromicidiis,
2887 1164 3242 1227 contentione,
3272 1162 3417 1229 dolo,
3444 1179 3560 1217 rna-

1972 1247 2210 1316 lignitate
2231 1261 2250 1300 :
2280 1266 2616 1317 susurrones,
2655 1251 2993 1316 detractores,
3023 1253 3134 1308 Deo
3160 1253 3398 1319 odibiles,
3433 1272 3560 1308 con-

1973 1338 2294 1406 tumeliosos,
2355 1341 2624 1411 superbos,
2680 1340 2870 1407 elatos,
2921 1344 3212 1397 inventores
3272 1342 3556 1407 malorum,

1970 1431 2272 1499 parentibus
2324 1449 2428 1487 non
2457 1433 2770 1500 obedientes,
2802 1434 3123 1505 insipientes,
3152 1437 3549 1506 incompositos,

1971 1522 2082 1576 sine
2130 1525 2428 1593 affectione,
2467 1526 2659 1598 absque
2713 1525 2840 1595 fide,
2889 1527 3002 1580 sine
3029 1527 3414 1580 misericordia.
3450 1525 3556 1592 Qui

1971 1629 2090 1667 cum
2134 1613 2404 1683 justitiam
2459 1614 2556 1668 Dei
2605 1617 2985 1686 cognovissent,
3044 1633 3150 1670 non
3190 1615 3558 1671 intellexerunt

1969 1706 2219 1774 quoniam
2249 1707 2338 1774 qui
2371 1705 2500 1760 talia
2537 1716 2701 1778 agunt
2748 1708 2894 1779 digni
2925 1718 3047 1762 sunt
3090 1718 3292 1772 morte;
3334 1725 3436 1762 non
3468 1725 3557 1762 so-

1971 1794 2080 1848 lum
2104 1795 2194 1865 qui
2222 1794 2424 1864 faciunt
2455 1813 2537 1860 ea,
2568 1798 2659 1851 sed
2681 1806 2729 1851 et
2753 1799 2844 1867 qui
2881 1799 3212 1852 consentiunt
3241 1797 3556 1867 facientibus

281 1868 482 1953 dicitur
541 1868 717 1965 culpa,
756 1868 842 1951 vel
880 1868 1183 1950 criminalia
1244 1895 1460 1950 delicta.
1523 1896 1674 1952 Noxa
1719 1898 1866 1953 enim
1896 1868 1943 1926 Β
1973 1881 2151 1952 (Rom-
2177 1884 2238 1955 ι).
2272 1885 2399 1942 Haec
2426 1889 2720 1944 secundum
2748 1889 3067 1958 Αροδιοιυιιι
3090 1890 3233 1944 dicta
3261 1888 3551 1944 sumciam.

281 1989 567 2054 noeibilia,
610 1987 696 2044 vel
733 1987 896 2042 noxia
924 1987 1182 2042 dicuntur
1217 1987 1400 2057 gravia
1437 1997 1682 2058 peccata.

355 2079 720 2149 Suspendatur
748 2096 782 2132 a
812 2095 990 2132 mensa
1021 2077 1181 2132 simul
1233 2087 1282 2131 et
1324 2077 1388 2131 ab
1413 2080 1671 2133 oratorio.
1729 2077 1867 2134 Hinc

283 2171 472 2227 beatus
496 2169 734 2226 Isidorus
761 2171 838 2224 ait
869 2189 879 2223 :
904 2169 1186 2225 Gravioris
1203 2181 1384 2224 autem
1405 2171 1576 2240 culpre
1601 2170 1868 2226 obnoxius

279 2269 396 2326 est,
429 2261 474 2317 si
504 2260 832 2316 temulentus
855 2260 1088 2330 quisque
1120 2261 1230 2324 sit,
1265 2260 1312 2314 si
1361 2260 1590 2325 discors,
1623 2260 1668 2316 si
1699 2261 1868 2331 turpi-

282 2353 499 2424 loquus,
526 2352 572 2408 si
601 2351 929 2406 feminarum
961 2350 1267 2418 familiaris,
1287 2352 1333 2406 si
1359 2351 1636 2406 seminans
1661 2351 1868 2406 discor-

281 2441 432 2508 dias,
469 2442 515 2496 si
545 2440 840 2495 iracundus
865 2480 880 2504 ,
920 2440 970 2494 si
1008 2440 1132 2494 alue
1178 2449 1235 2495 et
1264 2448 1461 2495 erecta:
1503 2439 1732 2495 cervicis
1755 2479 1770 2505 ,
1820 2441 1866 2495 si

283 2540 462 2588 mente
501 2533 772 2596 tumidus,
803 2531 888 2586 vel
909 2529 1153 2600 iactante
1180 2531 1396 2586 incessu
1432 2531 1823 2586 immoderatus
1849 2573 1863 2596 ,

280 2624 328 2679 si
351 2624 652 2688 detractor,
698 2637 922 2678 susurro
947 2663 962 2687 ,
1003 2621 1087 2676 vel
1124 2622 1358 2687 invidus,
1409 2623 1456 2676 si
1508 2631 1869 2693 praesumptor

282 2715 359 2770 rei
380 2713 686 2785 peculiaris,
713 2713 756 2768 si
781 2713 1026 2784 pecuniae
1051 2714 1299 2784 contagio
1329 2713 1657 2783 implicatus,
1688 2713 1734 2768 si
1760 2714 1863 2768 ali-

281 2805 411 2876 quid
435 2813 632 2875 praeter
668 2803 969 2875 regularem
1021 2803 1480 2874 dispensationem
1526 2803 1860 2874 superfluum

282 2895 599 2965 possidens,
629 2895 674 2949 si
715 2893 996 2948 fraudator
1024 2893 1104 2947 rei
1137 2901 1402 2963 acceptai,
1432 2901 1525 2948 aut
1563 2893 1868 2949 commissa:

285 2985 411 3051 sibi,
443 2994 536 3040 aut
559 2985 736 3040 minus
765 2987 1090 3042 commissze.
1123 2985 1269 3040 inter
1298 2987 1414 3041 haec
1439 2987 1489 3041 si
1514 2988 1580 3042 de
1602 2987 1762 3043 rebus
1785 3004 1868 3043 se-

282 3093 406 3131 cum
433 3075 608 3131 allatis
631 3091 689 3131 se
710 3076 986 3141 extulerit,
1011 3075 1094 3131 vel
1114 3075 1182 3132 de
1211 3076 1295 3132 his
1324 3093 1421 3147 per
1450 3077 1867 3133 inobedientiam

283 3167 734 3233 murinuraverit;
780 3167 826 3222 si
858 3167 934 3222 rei
978 3166 1200 3236 majoris
1222 3168 1480 3224 damnum
1511 3169 1773 3236 intulerit,
1818 3171 1865 3225 si

1971 1976 2264 2032 Videamus
2309 1979 2584 2047 quomodo
2611 1981 2677 2034 de
2733 1979 2818 2034 his
2857 1979 3038 2034 noxiis
3083 1978 3409 2050 gravibusve
3452 1994 3559 2033 ca:-

1972 2068 2072 2121 teri
2105 2067 2296 2126 Patres
2353 2079 2408 2124 et
2465 2071 2579 2140 ipse
2625 2071 2834 2140 iudicet
2860 2071 3052 2128 beatus
3098 2070 3439 2125 Benedictus.
3467 2069 3561 2123 Ait

1970 2157 2116 2211 enim
2145 2158 2286 2214 idem
2316 2160 2370 2214 in
2397 2153 2893 2230 subsequentibus:

2043 2250 2242 2326 Nullus
2261 2254 2308 2306 ei
2335 2252 2562 2322 fratrum
2590 2255 2644 2308 in
2668 2253 2776 2308 ullo
2792 2254 3353 2325 jnngaturconsortio,
3381 2269 3551 2323 neque

1969 2344 2025 2398 in
2055 2343 2335 2412 colloquio.
2367 2344 2524 2400 Solus
2555 2348 2622 2401 sit
2662 2347 2733 2400 ad
2758 2364 2888 2417 opus
2914 2347 3012 2402 sibi
3038 2347 3358 2417 injunctum,
3388 2348 3556 2417 persi-

1969 2443 2110 2488 stens
2127 2435 2180 2488 in
2194 2435 2510 2505 paenitentia:
2531 2435 2698 2489 luctu.
2722 2435 2861 2491 Hinc
2883 2445 2938 2493 et
2951 2436 3248 2492 aliiPatres
3260 2437 3549 2490 dixerunt:

1973 2522 2031 2578 Si
2055 2525 2176 2593 quis
2208 2540 2338 2580 vero
2379 2528 2678 2583 monachus
2709 2528 2912 2582 furtum
2942 2528 3150 2594 fecerit,
3205 2529 3348 2598 quod
3379 2528 3559 2599 potius

1971 2617 2318 2688 sacrilegium
2344 2619 2448 2672 diei
2477 2627 2673 2688 potest,
2704 2622 2755 2676 id
2797 2622 3108 2676 censuimus
3151 2620 3475 2685 ordinando,
3501 2627 3571 2674 ut.

1965 2705 2154 2775 iunior
2178 2707 2348 2778 virgis
2402 2725 2598 2776 cresus,
2630 2712 2762 2765 tanti
2805 2712 3052 2767 criminis
3107 2727 3234 2768 reus
3281 2727 3554 2782 nunquam

1969 2799 2206 2854 ollicium
2232 2801 2522 2858 clericatus
2549 2805 2804 2875 excipiat.
2837 2805 2894 2860 Si
2931 2820 3060 2860 vero
3088 2803 3200 2872 iam
3245 2804 3477 2859 clericus
3503 2805 3557 2857 in

1972 2892 2024 2946 id
2054 2889 2264 2948 facinus
2299 2893 2466 2950 fuerit
2487 2895 2882 2965 deprehensus,
2915 2896 3150 2951 nominis
3184 2895 3355 2966 ipsius
3381 2894 3561 2964 digni-

1974 2989 2084 3037 tate
2112 2984 2374 3053 privetur.
2404 2985 2501 3041 Cui
2522 2986 2770 3042 sulllcere
2789 2995 2969 3057 potest
2995 3002 3094 3056 pro
3115 2994 3270 3042 actus
3301 2986 3397 3040 sui
3421 2985 3557 3040 levi-

1975 3081 2107 3139 tate,
2137 3075 2355 3144 impleta
2389 3077 2588 3145 praevia
2634 3077 3029 3142 satisfactione,
3060 3077 3389 3131 communio.
3421 3073 3560 3129 llinc

1976 3165 2168 3220 beatus
2200 3164 2488 3222 Ferreolus
2512 3169 2625 3223 ait:
2657 3169 2808 3224 Furti
2839 3168 3139 3231 conscium,
3171 3167 3216 3222 si
3250 3167 3428 3222 adhuc
3457 3181 3557 3221 vo-

282 3254 496 3312 furatus
533 3255 718 3322 fuerit,
763 3257 812 3312 si
870 3256 1269 3327 periuraverit,
1325 3261 1372 3314 si
1414 3259 1608 3314 falsum
1644 3260 1865 3328 dixerit,
1896 3233 1940 3295 C
1971 3271 2098 3312 care
2123 3259 2445 3312 monachum
2482 3275 2790 3330 possumus,
2822 3258 2977 3330 quasi
3005 3257 3328 3321 adulterum,
3361 3271 3558 3312 secun-

283 3348 329 3404 si
355 3349 736 3406 contentiones
788 3348 872 3402 vel
903 3350 1051 3404 rixas
1100 3351 1389 3416 amaverit,
1421 3352 1464 3406 si
1521 3352 1866 3408 manikstum

281 3440 588 3494 convicium
623 3438 781 3493 fratri
821 3439 1104 3505 intulerit,
1140 3439 1185 3494 si
1224 3455 1512 3510 personam
1565 3441 1868 3497 innocentis

283 3525 418 3585 falso
446 3530 674 3585 crimine
695 3529 1068 3596 maculaverit,
1094 3531 1141 3585 si
1156 3532 1465 3587 contumaci
1483 3531 1665 3586 animo
1689 3533 1868 3587 senio—

283 3633 400 3673 rem
444 3619 790 3688 despexerit,
844 3619 891 3674 si
925 3633 1209 3675 rancorem
1243 3620 1505 3675 adversus
1532 3619 1756 3674 fratrem
1788 3628 1868 3676 ιρι»

282 3710 485 3773 nucrit,
519 3710 564 3763 si
603 3711 850 3778 peccanti
907 3710 962 3764 in
993 3725 1051 3764 se
1077 3719 1135 3764 et
1183 3720 1372 3778 postea
1426 3705 1868 3781 supplicanti've-

279 3801 430 3858 niam
459 3815 565 3854 non
591 3800 942 3864 concesserit,
971 3800 1015 3853 si
1053 3815 1175 3854 cum
1206 3802 1447 3868 parvulis
1467 3802 1756 3870 jocaverit,
1790 3805 1864 3857 ri-

282 3889 422 3945 serit
451 3889 537 3944 vel
565 3903 660 3958 eos
708 3887 982 3944 osculatus
1029 3888 1210 3953 fuerit,
1239 3889 1285 3944 si
1312 3906 1437 3944 cum
1467 3891 1639 3946 altero
1675 3892 1728 3945 in
1759 3909 1866 3948 uno

280 3981 422 4040 lecto
441 3981 704 4052 iacuerit,
749 3982 797 4037 si
830 3990 983 4037 extra
1021 3996 1364 4040 communem
1413 3997 1657 4038 mensam
1685 3984 1868 4052 priva-

283 4081 385 4138 tim
408 4079 490 4135 vel
526 4079 712 4134 furtim
741 4078 1017 4148 quippiam
1045 4077 1358 4147 sumpserit,
1393 4078 1438 4132 si
1466 4077 1661 4132 alicubi
1713 4086 1864 4132 extra

285 4186 610 4228 consensum
655 4171 936 4241 praepositi
979 4171 1062 4226 vel
1090 4170 1302 4227 abbatis
1351 4172 1636 4227 discedens
1689 4173 1866 4227 medio

285 4263 373 4319 die
406 4263 490 4318 vel
518 4263 749 4332 amplius
776 4271 1160 4328 commoretur,
1212 4264 1280 4326 si,
1315 4271 1376 4318 ut
1401 4264 1608 4319 otiosus
1640 4266 1732 4329 sit,
1761 4264 1863 4318 fal-

286 4371 400 4411 sam
417 4354 782 4410 infirmitatem
799 4354 1152 4425 praetenderit
1169 4373 1181 4408 :
1203 4356 1317 4410 haec
1328 4365 1384 4411 et
1404 4357 1488 4411 his
1505 4357 1700 4413 similia
1710 4359 1864 4428 juxta

283 4446 566 4502 arbitrium
579 4447 780 4516 prioris
793 4447 944 4502 diutu
954 4462 1050 4502 rna
1065 4449 1471 4503 excommunica
1479 4448 1622 4503 tione
1638 4465 1869 4520 purgan-

287 4535 352 4590 da
373 4544 519 4600 sunt,
536 4544 596 4590 ut
623 4535 714 4605 qui
737 4536 974 4606 graviter
993 4553 1220 4605 peccare
1237 4546 1552 4602 noscuntur,
1571 4539 1767 4594 acriori
1787 4555 1870 4595 se-

1971 3347 2100 3403 dum
2133 3346 2358 3419 ﬂagellis
2404 3349 2584 3416 subdi,
2631 3358 2693 3405 et-
2737 3365 2934 3422 magna
2995 3349 3204 3403 conteri
3259 3346 3556 3404 afflictione

1965 3437 2242 3509 iubemus,
2257 3441 2450 3497 dantes
2477 3441 2550 3496 illi
2567 3457 2728 3496 unam
2746 3457 2869 3497 cum
2884 3441 3186 3497 fornicante
3203 3441 3527 3495 sententiam
3539 3482 3554 3505 ,

1969 3530 2098 3599 quia
2120 3537 2176 3584 et
2203 3529 2318 3599 ipse
2343 3530 2648 3585 luxuriatus
2677 3540 2785 3594 est,
2816 3546 2942 3586 cum
2985 3530 3282 3585 fumretur.
3338 3529 3557 3586 Similes

1969 3621 2116 3674 enim
2152 3635 2246 3675 eos
2280 3636 2386 3676 non
2413 3621 2708 3692 incongrue
2735 3619 2987 3685 dicimus,
3016 3636 3153 3692 quos
3181 3621 3232 3674 in
3261 3635 3417 3674 sacra
3440 3620 3550 3675 lec-

1972 3709 2117 3764 tione
2149 3710 2356 3779 pariter
2378 3711 2584 3781 positos
2613 3712 2940 3767 invenimus.
2974 3712 3115 3766 Dicit
3138 3725 3267 3782 ergo
3293 3711 3556 3767 Dominus

1968 3815 2069 3868 per
2093 3801 2412 3868 prophetam
2442 3822 2455 3854 :
2487 3799 2611 3855 Non
2632 3811 2706 3854 est
2737 3802 2956 3855 scientia
3004 3801 3100 3856 Dci
3144 3818 3303 3878 super
3360 3811 3555 3855 terram

1971 3887 2116 3958 (Ose.
2141 3889 2319 3959 iv).Et
2354 3890 2518 3958 paulo
2532 3898 2656 3958 post
2679 3890 2942 3945 :Furtum
2978 3901 3027 3944 et
3055 3891 3375 3946 adulterium
3397 3892 3555 3946 inun-

1967 3978 2223 4032 daverant
2253 3979 2551 4052 (Ibid.).Et
2576 3981 2769 4035 iterum
2789 3983 2842 4035 in
2860 3982 3069 4052 psalmo
3091 4001 3102 4036 :
3121 3981 3180 4036 Si
3210 3983 3419 4037 videbas
3469 3983 3558 4052 fu-

1969 4086 2098 4134 rem,
2134 4071 2380 4124 currebas
2411 4089 2526 4126 cum
2554 4089 2638 4138 eo,
2690 4083 2738 4126 et
2777 4089 2896 4126 cum
2953 4073 3210 4128 adulteris
3258 4074 3555 4144 portionem

1967 4169 2114 4214 tuam
2126 4161 2350 4230 ponebas
2367 4162 2537 4233 (Psat.
2555 4163 2703 4237 xux)
2722 4163 2992 4234 .Legimus
3007 4164 3170 4218 etiam
3192 4165 3245 4218 in
3258 4164 3555 4236 Evangelia

1968 4251 2252 4306 Dominum
2307 4253 2554 4309 dixisse:
2589 4252 3016 4321 Fornicationes,
3074 4254 3252 4324 furta,
3320 4264 3405 4320 et,
3451 4271 3554 4310 nec

1970 4358 2122 4397 mora
2177 4343 2342 4405 addit.
2402 4345 2514 4399 lure
2561 4355 2683 4398 sunt
2730 4362 2848 4416 qua:
2897 4345 3234 4416 coinquinant
3290 4346 3552 4400 hominem

1969 4435 2184 4506 (Matth.
2218 4433 2332 4506 xv).
2359 4434 2440 4489 Ex
2469 4436 2554 4490 his
2580 4435 2827 4505 profectu
2863 4436 3422 4508 intelligereepossunt
3463 4438 3558 4494 ho-

1970 4541 2091 4580 rum
2118 4525 2384 4581 scelerum
2404 4527 2548 4582 servi
2569 4527 2694 4596 quia
2715 4527 2857 4583 sicut
2877 4527 3256 4596 :equaliterhis
3272 4527 3557 4582 dominan-

285 4627 514 4682 veritate
538 4637 910 4683 coerceantur.
935 4628 1069 4684 Nam
1095 4639 1151 4685 et
1176 4630 1293 4686 hmo
1312 4631 1442 4686 vitia
1465 4633 1647 4701 gravia
1668 4632 1867 4690 Paulus

1973 4627 2061 4674 tur
2073 4620 2222 4683 vitia,
2236 4617 2518 4688 aequaliter
2530 4619 2824 4674 debeturet
2838 4633 3015 4689 paena.
3032 4617 3170 4673 Hine
3184 4619 3375 4674 beatus
3390 4617 3562 4672 Fruc-

285 4717 564 4786 apostolus
603 4718 657 4772 in
696 4718 935 4788 Epistola
972 4720 1042 4774 ad
1072 4719 1293 4776 Galatas
1321 4731 1606 4777 enunieret
1631 4723 1816 4778 dicens
1851 4741 1863 4777 :

288 4805 573 4874 Manifesta
613 4815 788 4861 autem
829 4816 950 4863 sunt
971 4825 1129 4879 opera
1171 4811 1370 4874 carnis,
1406 4827 1525 4880 qua:
1557 4821 1678 4865 sunt
1702 4811 1871 4881 forni-

287 4897 444 4962 catio,
476 4896 831 4962 iinmunditia,
884 4896 1117 4975 luxuria,
1150 4898 1412 4953 idolorum
1447 4902 1692 4967 servitus,
1718 4919 1870 4956 uene-

287 4985 432 5054 ﬁcio,
482 4985 787 5050 inimicitiae,
851 4989 1226 5052 contentiones,
1285 4988 1669 5055 wnsulationcs,
1731 4993 1853 5056 ira',

288 5077 440 5140 rixae,
471 5075 838 5139 dissensiones,
867 5089 1043 5142 sectae,
1080 5077 1312 5140 invidia},
1343 5078 1648 5144 homicidia,
1695 5079 1865 5134 ebrie-

287 5177 439 5232 tates,
496 5167 917 5233 comessationes,
972 5177 1021 5222 et
1070 5168 1150 5222 his
1210 5169 1427 5233 similia,
1474 5186 1593 5238 qua:
1641 5171 1870 5241 pra-dico

287 5259 450 5323 vobis,
504 5259 639 5312 sicut
688 5275 804 5328 quae
856 5259 1102 5328 pra’dixi,
1145 5260 1392 5329 quoniam
1434 5260 1524 5330 qui
1554 5259 1683 5314 talia
1709 5272 1871 5332 agunt

291 5364 505 5419 regnum
549 5348 648 5403 Dei
685 5366 788 5403 non
817 5360 1197 5420 consequentur
1225 5347 1371 5418 (Gal.
1401 5351 1476 5420 v).
1516 5351 1583 5404 Et
1637 5365 1731 5405 eos
1777 5353 1870 5421 qui

287 5440 486 5495 talibus
522 5448 648 5494 sunt
676 5440 826 5496 vitiis
853 5437 1126 5510 applicati,
1181 5441 1325 5497 idem
1365 5442 1642 5512 apostolus
1666 5443 1722 5498 in
1749 5443 1873 5513 Epi-

289 5533 424 5589 stola
441 5533 508 5587 ad
531 5531 806 5590 Romanos
830 5533 1170 5603 blasphemat
1195 5536 1380 5590 dicens
1403 5550 1418 5588 :
1454 5534 1738 5604 Propterea
1770 5545 1875 5590 tra-

290 5626 422 5680 didit
452 5624 570 5680 illos
617 5626 759 5680 Deus
809 5627 866 5680 in
911 5627 1179 5696 passiones
1223 5628 1544 5695 ignominiae.
1605 5627 1748 5681 Nam
1795 5630 1872 5698 fe-

293 5719 447 5771 minie
470 5716 683 5771 illorum
714 5717 1118 5771 immutaverunt
1166 5716 1460 5770 naturalem
1496 5717 1726 5770 usumin
1754 5735 1869 5771 eum

294 5824 440 5864 usum
472 5809 558 5880 qui
587 5817 660 5864 cst
701 5819 880 5863 contra
895 5816 1154 5865 naturam.
1199 5807 1455 5864 Similiter
1491 5819 1732 5864 autemet
1762 5825 1872 5864 ina-

1971 4721 2159 4767 tuosus
2187 4710 2476 4781 episc0pus
2493 4711 2569 4766 ait
2594 4728 2606 4763 :
2637 4709 2930 4766 Monachus
2953 4708 3299 4780 parvulorum
3333 4725 3559 4766 consec-

1971 4814 2137 4870 tator,
2169 4805 2254 4860 vel
2283 4806 2593 4876 quicunque
2621 4805 2862 4874 qualibet
2886 4805 3174 4860 occasione
3205 4806 3349 4876 turpi
3373 4821 3561 4875 repre-

1968 4897 2175 4951 hensus
2208 4895 2370 4951 fuerit
2389 4896 2620 4960 inhiare,
2651 4910 2775 4950 cum
2821 4895 3046 4965 probata
3105 4903 3356 4964 patenter
3395 4894 3561 4950 fuerit

1970 5001 2067 5054 per
2088 4995 2437 5041 accusatores
2464 4986 2776 5041 verissimus
2802 4986 2918 5041 sive
2951 4993 3120 5040 testes
3141 5001 3325 5049 causa,
3343 4987 3558 5055 publice

1971 5078 2310 5141 verberetur,
2334 5092 2591 5132 coronam
2607 5077 2804 5148 capitis
2822 5091 2999 5147 quam
3034 5078 3282 5147 gestabat
3319 5079 3556 5142 amittat,

1972 5167 2432 5235 disealciatusque
2444 5167 2676 5236 turpiter
2700 5167 3049 5237 opprobrium
3063 5175 3266 5236 pateat,
3283 5167 3557 5220 omnium-

1971 5274 2078 5327 que
2106 5267 2262 5327 sputa
2298 5259 2352 5312 in
2389 5273 2514 5311 eum
2565 5259 2713 5314 illata
2751 5263 3057 5330 probraque
3081 5275 3235 5329 aeque
3273 5259 3554 5330 suscipiat,

1971 5351 2312 5421 vinculisque
2339 5360 2578 5406 arctatus
2613 5352 2805 5408 ferreis
2825 5394 2839 5418 ,
2875 5354 3114 5410 carceris
3146 5369 3239 5408 sex
3282 5353 3558 5406 mensibus

1973 5443 2223 5515 angustia
2264 5451 2606 5509 maceretur;
2645 5452 2698 5496 et
2739 5445 2987 5499 triduana
3031 5459 3128 5513 per
3191 5443 3557 5497 hebdomadas

1977 5537 2216 5608 singulas
2259 5535 2554 5590 refectione
2596 5535 2754 5604 panis
2792 5538 2967 5606 exigui
3024 5535 3306 5590 hordeacei
3337 5547 3555 5602 vesper~

1979 5630 2092 5684 tino
2111 5635 2354 5698 tempore
2386 5627 2717 5681 sublevetur.
2760 5625 2888 5681 Post
2931 5627 3124 5680 deinde
3146 5625 3377 5695 expletis
3406 5639 3556 5678 meu-

1978 5719 2126 5774 sibus
2151 5719 2256 5781 his,
2285 5717 2402 5772 aliis
2429 5731 2520 5771 sex
2560 5718 2840 5772 mensibus
2897 5716 3316 5770 succedentibus
3355 5715 3456 5768 sub
3481 5725 3562 5767 se-

1981 5810 2147 5864 nioris
2163 5807 2415 5878 spiritalis
2432 5809 2672 5864 custodia
2688 5816 2970 5880 segregata
2985 5809 3038 5862 in
3058 5804 3324 5862 corticula
3337 5805 3564 5878 degens,
