3944 6436
428 342 526 400 85!

1704 327 2050 385 SMARACDI
2093 326 2383 382 ABBATIS

3560 319 3665 379 852

424 466 588 522 opere
609 461 863 504 manuum
892 445 947 499 in
987 442 1233 499 oratione
1266 441 1520 496 continua
1563 440 1635 495 sil.
1682 448 1988 503 contentus,
2020 441 2063 500 A
2093 438 2337 492 oratione
2378 450 2689 506 suspensus,
2732 436 2911 491 nullus
2956 452 3079 492 cum
3110 451 3175 491 co
3222 435 3413 492 orandi
3467 436 3666 493 habeat

422 541 622 613 vigiliis
640 547 697 595 et
733 537 947 593 fletibus
979 542 1038 592 et
1080 534 1385 590 humilitate
1415 532 1710 603 subjectus,
1738 540 1795 586 et
1819 532 1995 601 paeni-

427 633 611 688 tentiae
652 628 907 684 lamentis
932 626 1145 682 veniam
1196 624 1477 696 percipiat,
1509 630 1564 680 et
1622 623 1724 678 sub
1752 622 1995 678 custodia

426 734 641 792 semper
658 727 715 777 et
746 716 1110 774 sollicitudine
1139 716 1368 772 duorum
1415 714 1740 784 spiritalium
1766 712 1994 766 fratrum

423 815 480 868 in
508 812 837 869 monasterio
871 809 1132 876 ambulet,
1160 808 1303 863 nulla
1349 808 1562 879 privata
1591 804 1861 860 locutione
1910 802 1994 857 vel

423 902 655 960 concilio
686 902 941 970 deinceps
958 899 1247 971 juvenibus
1266 895 1691 967 conjungendus.

494 990 679 1044 Sciens
707 986 856 1044 illam
881 985 1162 1042 terribilem
1185 984 1419 1056 Apostoli
1435 983 1741 1037 sententiam
1754 980 1993 1045 dicentis,

422 1081 681 1136 traditum
705 1077 1008 1149 Imjusmodi
1058 1075 1316 1130 hominem
1366 1072 1580 1129 Satanae
1624 1073 1680 1125 in
1726 1072 1995 1125 interitum

425 1169 627 1235 carnis,
659 1178 717 1223 ut
739 1169 952 1238 spiritus
973 1165 1147 1220 salvus
1165 1165 1233 1219 sit
1256 1166 1313 1218 in
1338 1163 1423 1218 die
1449 1162 1662 1217 Domini
1684 1161 1737 1233 (Ι
1761 1160 1885 1215 Cor.
1916 1158 1994 1232 v).

428 1260 504 1314 De
528 1261 630 1315 hac
663 1257 928 1313 sententia
979 1255 1341 1326 Hieronymus
1380 1255 1497 1308 ait:
1526 1253 1763 1307 Tradere
1812 1251 1999 1320 hujus—

422 1351 570 1407 modi
597 1350 814 1407 Satanae
834 1349 888 1402 in
913 1347 1191 1402 interitum
1218 1347 1414 1410 carnis,
1444 1352 1505 1398 ut
1529 1343 1822 1414 arripiendi
1844 1342 1994 1396 illum

424 1437 777 1509 corporaliter
806 1437 1004 1492 habeat
1041 1442 1383 1506 potestatem.
1437 1433 1589 1500 Quod
1631 1433 1758 1487 dum
1797 1430 1996 1485 viderit

424 1542 483 1584 se
509 1542 609 1583 nec
631 1526 814 1583 carnis
841 1526 933 1581 bic
959 1540 1061 1581 nec
1083 1526 1138 1580 in
1161 1522 1342 1579 futuro
1367 1524 1592 1594 spiritus
1630 1522 1875 1592 requiem
1893 1522 1995 1575 ha-

424 1620 689 1686 biturum,
722 1618 949 1675 defecto
996 1618 1259 1688 pmniteat
1311 1624 1366 1670 et
1424 1616 1679 1671 salvetur.
1735 1612 1864 1668 Sive
1916 1612 1997 1668 sic

424 1711 655 1780 quisque
681 1722 781 1778 pro
810 1708 1020 1763 meritis
1039 1707 1155 1764 suis
1167 1707 1234 1761 de
1258 1706 1500 1761 Ecclesia
1522 1704 1759 1776 pellitur,
1782 1703 1997 1759 Satanae

2096 529 2390 594 licentiam,
2414 537 2705 597 antequam
2743 528 3009 583 submissa
3042 528 3095 582 in
3150 536 3296 583 terra
3346 528 3666 597 poenitentia

2094 634 2277 675 coram
2302 619 2551 675 omnibus
2577 617 2836 675 fratribus
2864 620 3185 690 supplicanti
3206 622 3256 676 ei
3283 622 3440 677 venia
3480 622 3549 678 ab
3578 622 3668 679 ab-

2092 711 2218 765 bate
2252 711 2540 766 tribuatur.
2571 708 2705 765 Nam
2741 710 2834 780 qui
2872 726 2930 766 se
2955 712 3185 766 orationi
3227 712 3312 767 vel
3357 712 3668 771 confabula-

2092 802 2229 857 tioni
2258 799 2390 870 ejus,
2426 811 2716 872 antequam
2740 817 2770 857 a
2794 803 2976 872 priore
3006 803 3316 874 recipiatur,
3356 804 3664 863 inconside-

2094 899 2207 945 rata
2231 892 2429 962 pietate
2449 892 2658 948 sociare
2682 892 3104 963 praesumpserit,
3124 894 3315 950 similis
3330 894 3667 953 damnationi

2093 978 2209 1047 ejus
2232 980 2482 1047 efficitur,
2500 983 2717 1037 tradens
2739 982 3089 1051 semetipsum
3111 983 3412 1041 voluntarie
3428 983 3662 1053 Satanae,

2095 1071 2181 1126 cui
2209 1070 2319 1136 ille,
2348 1073 2643 1126 secundum
2690 1071 2929 1141 Apostoli
2976 1073 3301 1128 sententiam
3332 1072 3387 1146 (Ι
3411 1071 3536 1130 Cor.
3584 1076 3666 1147 v),

2094 1176 2193 1233 pro
2222 1163 2305 1218 sui
2334 1173 2517 1218 reatus
2544 1164 2921 1218 emendatione
2966 1162 3142 1218 fuerat
3163 1164 3467 1235 deputatus.
3522 1166 3591 1221 Et
3610 1169 3667 1223 in

2093 1255 2200 1308 hoc
2227 1253 2446 1325 gravius
2467 1262 2675 1325 peccat,
2707 1255 2797 1323 qui
2835 1270 2893 1311 se
2916 1256 3017 1326 ipsi
3051 1257 3350 1328 conjungit,
3376 1259 3503 1328 quia
3526 1258 3667 1316 sola-

2095 1343 2229 1397 tium
2256 1342 2306 1398 ei
2336 1343 2579 1398 tribuens
2604 1358 2698 1399 cor
2730 1342 2844 1412 ejus
2868 1344 3095 1415 amplius
3146 1344 3272 1402 facit
3297 1347 3570 1416 indurare,
3612 1359 3667 1405 et

2095 1444 2202 1485 non
2231 1432 2498 1501 permittit
2522 1446 2644 1488 cum
2672 1447 2775 1502 pro
2803 1433 2906 1488 hoc
2932 1434 3073 1503 quod
3102 1434 3170 1490 ab
3194 1436 3438 1491 oratione
3490 1437 3668 1492 fuerat

2096 1527 2427 1589 segregatus,
2462 1519 2530 1575 de
2572 1519 2940 1576 satisfactione
2963 1536 3059 1576 sua
3110 1530 3165 1577 et
3194 1524 3350 1578 venia
3404 1525 3662 1595 cogitare,

2096 1608 2190 1663 sed
2233 1606 2491 1676 majorem
2548 1609 2813 1678 superbia
2875 1609 3119 1666 fomitem
3167 1621 3223 1666 et
3270 1616 3669 1670 contumaciam

2101 1698 2463 1767 delinquentis
2498 1699 2668 1753 nutrit
2694 1700 2748 1754 in
2777 1698 2950 1772 pejus.
2999 1701 3136 1757 Hinc
3160 1704 3379 1774 quidam
3410 1707 3668 1777 magister

424 1800 654 1854 traditur
684 1799 959 1868 potestati,
982 1805 1063 1863 ut,
1092 1798 1219 1853 dum
1256 1812 1385 1853 caro
1412 1796 1528 1865 ejus
1585 1811 1684 1865 per
1727 1795 1994 1867 pmniten-
2022 1795 2070 1854 B
2096 1787 2482 1842 monachorum
2508 1789 2620 1843 ait:
2651 1787 2710 1844 Si
2740 1791 2863 1860 quis
2897 1805 3030 1847 vero
3065 1791 3236 1848 frater
3258 1800 3350 1848 aut
3378 1795 3669 1865 paiauraut

424 1891 556 1943 tiam
582 1886 782 1943 amicta
826 1887 1115 1958 quemdam
1168 1887 1450 1942 interitum
1495 1887 1721 1957 patitur,
1768 1884 1990 1954 spiritus

423 1986 796 2035 conservetur.
823 1977 998 2032 [labet
1025 1977 1173 2032 enim
1218 1977 1665 2032 consuetudinem
1709 1975 1993 2045 Scriptura

421 2079 483 2125 ut
507 2070 780 2125 hominem
804 2069 859 2123 in
890 2076 1047 2138 parte
1078 2075 1246 2123 totum
1275 2067 1558 2138 intelligat.
1587 2065 1714 2121 Sive
1739 2067 1815 2120 ita
1861 2066 1988 2134 quia

431 2170 487 2217 ct
515 2161 606 2216 hic
627 2158 926 2230 Scriptura:
954 2172 1073 2214 mos
1097 2164 1206 2223 est,
1232 2165 1295 2212 ut
1313 2158 1369 2212 in
1396 2172 1562 2212 carne
1585 2155 1820 2212 carnalis
1842 2163 1997 2210 actus

422 2255 674 2319 interire,
730 2251 924 2322 spiritu
974 2265 1105 2305 vero
1161 2249 1422 2319 spiritalis
1459 2248 1799 2305 conversatio
1848 2247 1995 2302 salva

425 2344 544 2401 fieri
566 2346 984 2400 demonstretur.
1009 2339 1141 2395 item
1168 2340 1258 2394 hic
1281 2339 1519 2395 ostendit
1557 2337 1789 2405 ejectum
1839 2346 1996 2391 extra

423 2438 743 2502 Ecclesium,
778 2435 967 2505 rapido
1013 2447 1109 2488 ore
1157 2433 1461 2488 daemonum
1513 2430 1885 2495 lacerandum,
1948 2430 1996 2485 si

422 2527 784 2598 permanserit
807 2526 1175 2581 nolensvitam
1201 2522 1387 2579 carnis
1413 2522 1764 2586 mortiﬁcare,
1797 2528 1856 2573 ut
1871 2533 1998 2589 pos-

430 2619 507 2675 sit
525 2618 693 2673 vitam
716 2624 959 2672 sanctam
997 2629 1340 2686 recuperare,
1365 2621 1426 2667 ut
1449 2612 1670 2683 spiritus
1696 2610 1876 2665 salvus
1928 2610 2000 2664 sit

423 2707 481 2764 in
516 2708 605 2763 die
628 2706 839 2763 Domini
863 2704 1022 2771 Jesu;
1046 2705 1299 2776 quoniam
1326 2704 1381 2758 in
1406 2703 1599 2772 spiritu
1630 2700 1862 2758 Satanas
1903 2714 1996 2754 ac—

311 2828 315 2833 -
423 2798 610 2868 cipere
638 2810 749 2853 non
767 2804 947 2867 potest
970 2804 1316 2867 potestatem,
1341 2800 1404 2849 ut
1440 2793 1650 2848 Domini
1675 2792 1882 2863 judicio
1908 2805 1996 2845 re-

420 2895 688 2945 servetur.
712 2886 969 2958 Sequitur
993 2904 1006 2941 :

493 2976 608 3037 Cibi
630 2988 806 3034 autem
836 2978 1166 3047 refectionem
1190 2976 1335 3032 solus
1352 2977 1623 3047 percipiat,
1659 2991 1905 3029 mensura
1918 2972 1997 3030 vel

421 3065 552 3123 liora
576 3084 682 3140 qua
704 3067 998 3138 praeciderit
1025 3069 1074 3122 ei
1093 3068 1250 3123 abbas
1274 3077 1578 3138 competere.
1606 3066 1842 3120 Proinde
1868 3079 1994 3119 eum

2092 1877 2354 1933 abseonse
2377 1890 2501 1934 cum
2528 1892 2596 1934 eo
2621 1877 2789 1935 fuerit
2824 1879 3087 1939 allocutus
3116 1891 3211 1938 aut
3228 1883 3471 1953 junctus,
3520 1902 3669 1944 com-

2094 1981 2312 2025 munem
2334 1968 2514 2023 statim
2540 1984 2667 2024 ann
2689 1983 2755 2025 eo
2778 1973 3349 2029 excommunicationis
3380 1978 3671 2033 contrahat

2092 2071 2332 2129 penam,
2359 2068 2414 2115 et
2433 2061 2503 2115 ab
2525 2061 2777 2118 omnibus
2800 2076 2927 2118 reus
2951 2063 3041 2129 sit,
3064 2071 3225 2135 atque
3252 2064 3309 2120 in
3327 2065 3436 2122 alio
3455 2066 3663 2124 laboris

2096 2149 2210 2219 ipse
2236 2160 2401 2218 opere
2426 2159 2790 2221 sequestretur
2816 2167 2846 2206 a
2871 2155 3161 2224 praeposito
3184 2169 3302 2222 suo,
3321 2166 3379 2211 et
3428 2157 3502 2213 sit
3553 2159 3670 2229 ipse

2097 2248 2208 2295 tam
2228 2242 2298 2296 ab
2327 2242 2416 2297 illo
2453 2256 2549 2299 reo
2584 2258 2745 2314 quam
2772 2246 3101 2302 abomnlbus
3124 2255 3428 2319 separatus,
3451 2250 3671 2307 etsolus

2095 2338 2150 2386 et
2177 2345 2300 2386 mox
2342 2331 2676 2387 abomnium
2721 2342 2777 2388 et
2829 2334 2944 2404 ipse
2976 2335 3185 2392 alienus
3235 2336 3470 2408 eloquio.
3522 2338 3661 2396 Nam

2096 2437 2202 2481 non
2231 2423 2300 2477 ad
2346 2423 2559 2479 veniam
2582 2422 2805 2493 majoris
2827 2435 2885 2481 et
2905 2427 3019 2496 ipse
3047 2427 3334 2497 pertineat,
3359 2429 3462 2484 nisi
3492 2430 3668 2500 pinni-

2097 2514 2281 2568 tentia:
2305 2514 2498 2570 similis
2522 2516 2822 2572 satisfactio
2851 2518 2920 2573 ab
2947 2518 3027 2574 eis
3053 2518 3333 2589 mqualiter
3356 2519 3520 2575 fuerit
3542 2535 3672 2590 ope-

2095 2614 2236 2672 rata,
2263 2606 2432 2672 illius,
2454 2619 2675 2677 propter
2699 2609 2842 2679 quod
2869 2609 3079 2664 exstitit
3105 2610 3418 2666 inobediens
3448 2610 3501 2666 in
3534 2612 3669 2667 vitio

2094 2697 2178 2751 vel
2200 2705 2441 2768 peccato,
2465 2698 2640 2765 istius,
2671 2700 2815 2770 quod
2841 2701 3146 2757 mercedem
3168 2700 3551 2758 consolationis
3570 2702 3668 2757 tri-

2093 2788 2211 2845 buit
2234 2788 2500 2845 malorum
2528 2789 2747 2846 artifici.

2643 2900 2870 2959 CAPUT
2900 2900 3112 2960 XXVII.

2097 2990 2338 3057 Qualiter
2384 2993 2566 3049 debeat
2591 3011 2702 3051 esse
2726 2994 2985 3120 sollicitus
3009 2994 3168 3050 abbas
3190 2996 3330 3051 circa
3358 3007 3663 3052 excommu-

2763 3081 2881 3120 κιαι
2908 3081 2986 3120 os.

2763 3081 2986 3120 necatos.

419 3158 765 3215 considerate
797 3158 958 3215 debet
983 3157 1171 3223 abbas,
1201 3158 1290 3214 cui
1320 3156 1501 3227 qualis
1547 3156 1835 3211 conveniat
1877 3156 1990 3210 dis-
2018 3153 2063 3215 C
2167 3151 2324 3207 Omni
2355 3151 2708 3210 sollicitudine
2732 3170 2915 3211 curam
2945 3164 3092 3227 gerat
3114 3157 3276 3213 abbas
3314 3158 3457 3213 circa
3500 3158 3670 3214 delin-

418 3249 615 3319 ciplina
641 3248 728 3305 vel
759 3250 1096 3320 pwnitentia.
1123 3248 1481 3304 Considerare
1505 3248 1651 3303 enim
1681 3247 1841 3302 debet
1870 3254 1995 3303 teta—

424 3350 535 3396 tem
549 3341 832 3411 puerilem,
863 3341 950 3398 vel
982 3348 1317 3396 senectutem
1356 3338 1651 3403 infirmam,
1676 3337 1762 3391 vel
1797 3337 1994 3392 delica-

424 3433 536 3479 tum
572 3440 789 3496 corpus,
821 3425 961 3482 forte
981 3425 1066 3481 vel
1085 3423 1385 3489 imbecille;
1419 3430 1473 3478 et
1493 3423 1788 3478 secundum
1805 3423 1992 3477 unius-

419 3513 680 3586 cujusque
708 3515 1023 3584 qualitatem
1073 3516 1154 3572 sic
1194 3514 1357 3570 debet
1397 3514 1731 3583 poenitentiae
1776 3514 1992 3570 modum

419 3605 644 3675 inferre,
674 3615 733 3661 et
753 3605 1051 3675 disciplina:
1071 3605 1283 3676 pondus
1308 3604 1609 3671 imponere,
1642 3603 1994 3659 utmedicinze

418 3713 543 3753 eum
566 3696 850 3766 disciplina
875 3704 1053 3762 sanet,
1076 3710 1185 3751 non
1206 3695 1510 3765 opprimat;
1538 3693 1775 3749 vitaliter
1793 3695 1991 3761 elevet,

420 3799 530 3841 non
550 3784 1073 3853 mortalitergravet.

494 3874 608 3931 Nec
629 3892 661 3930 α
682 3892 944 3947 quoquam
965 3875 1302 3931 benedicatur
1325 3884 1652 3941 transeunte,
1703 3892 1797 3933 nec
1844 3874 1993 3932 cibus

419 3967 512 4038 qui
531 3968 581 4027 ei
605 3966 787 4023 datur.
817 3966 896 4024 De
925 3969 1031 4025 hac
1062 3969 1332 4025 sententia
1351 3969 1433 4025 sie
1461 3968 1553 4025 alii
1596 3969 1787 4027 Patres
1837 3970 1992 4026 dixe—

421 4069 549 4117 runt
565 4076 585 4114 :
612 4058 823 4119 Nullius
842 4060 1060 4132 eloquio
1082 4061 1409 4128 consoletur,
1426 4063 1594 4119 tacito
1607 4062 1846 4118 omnium
1872 4077 1993 4132 per-

422 4161 727 4211 transeatur
746 4162 988 4224 aspectu.
1009 4152 1220 4209 Petenti
1243 4153 1671 4209 benedictionem
1700 4152 1882 4207 nullus
1908 4168 1993 4207 re-

421 4244 713 4315 spondeat.
743 4242 1013 4314 Quidquid
1053 4245 1109 4301 ei
1133 4245 1451 4315 porrigitur,
1477 4260 1508 4299 a
1538 4245 1684 4301 nullo
1730 4247 1991 4314 signetur.

420 4335 691 4404 Quidquid
719 4350 850 4391 vero
899 4342 1054 4390 extra
1088 4350 1224 4405 opus
1265 4335 1599 4406 assignatum
1642 4335 1994 4404 peculiariter

2093 3253 2306 3313 quentes
2341 3244 2553 3314 fratres,
2580 3247 2705 3317 quia
2735 3262 2840 3301 non
2860 3255 2936 3302 est
2965 3264 3095 3318 opus
3122 3250 3266 3305 sanis
3293 3250 3542 3312 medicus,
3576 3252 3669 3306 sed

2095 3330 2232 3386 mle
2255 3333 2561 3389 habentibus
2592 3334 2809 3406 (Matth.
2839 3335 2939 3407 ιι).
2984 3336 3211 3393 Omnem
3254 3339 3669 3396 sollicitudinem

2094 3423 2228 3478 dicit
2263 3439 2480 3480 omnem
2513 3440 2723 3492 curam,
2769 3440 2985 3482 omnem
3033 3428 3416 3498 sagacitatem,
3451 3444 3670 3487 omnem

2094 3516 2415 3572 industriam
2453 3517 2599 3573 circa
2627 3518 3022 3588 delinquentes,
3046 3519 3098 3573 id
3111 3521 3371 3585 est,circa
3384 3529 3672 3591 peccantes

2094 3604 2311 3661 fratres.
2340 3607 2440 3663 Hic
2480 3608 2856 3677 delinquentes
2906 3608 3106 3667 fratres
3147 3611 3291 3667 male
3342 3611 3673 3669 habentibus

2092 3699 2386 3766 assimilat;
2416 3701 2667 3756 abbatem
2694 3717 2826 3759 vero
2850 3704 3058 3760 medico
3085 3714 3384 3776 comparat.
3411 3705 3544 3763 Sine
3575 3708 3670 3763 dn-

2095 3787 2186 3844 bio
2210 3789 2353 3843 enim
2385 3791 2565 3869 anima
2592 3793 2813 3862 quando
2832 3802 3044 3863 peccat,
3084 3795 3227 3852 male
3259 3797 3441 3860 habet,
3474 3799 3602 3868 quia
3639 3812 3689 3854 a‘

2092 3883 2338 3939 bonitate
2362 3884 2570 3954 pariter
2607 3885 2812 3941 recedit
2855 3895 2915 3941 et
2941 3887 3195 3943 sanitate.
3230 3887 3385 3945 Sicut
3411 3890 3555 3945 enim
3588 3897 3673 3946 est

2094 3973 2384 4029 infirmitas
2405 3975 2672 4045 corporis,
2702 3984 2789 4031 est
2811 3984 2869 4031 et
2893 3977 3012 4033 sine
3040 3977 3206 4034 dubio
3238 3977 3531 4035 inﬁrmitas
3549 3980 3669 4035 ani-
3724 4026 3729 4031 .

2096 4081 2218 4121 mm.
2241 4066 2309 4120 Et
2328 4066 2469 4122 sicut
2490 4068 2695 4139 indiget
2714 4068 2928 4124 medico
2941 4068 3189 4127 inﬁrmus
3202 4084 3451 4140 corpore,
3468 4071 3672 4143 indiget

2096 4157 2346 4214 infirmus
2368 4166 2424 4213 et
2442 4159 2642 4213 anima.
2668 4158 2714 4212 Α
2740 4175 2846 4230 qua
2876 4159 3191 4217 inﬁrmitate
3213 4161 3400 4217 volens
3446 4161 3668 4217 liberari

2095 4249 2400 4316 Psalmista,
2433 4250 2662 4307 Domino
2685 4267 2816 4308 vero
2847 4252 3057 4309 medico
3081 4254 3296 4309 diccbat
3327 4271 3343 4308 :
3390 4251 3504 4323 Ego
3532 4253 3667 4315 disi,

2097 4338 2343 4405 Domine,
2374 4341 2620 4396 miserere
2649 4342 2775 4408 mei,
2834 4360 2967 4397 sana
3010 4344 3246 4398 animum
3298 4358 3489 4407 meant,
3543 4346 3671 4414 quia

423 4424 503 4481 vel
536 4425 681 4480 ultro
719 4422 983 4491 affecerit,
1046 4425 1389 4495 dispergatur
1414 4425 1496 4480 vel
1538 4424 1848 4495 dissipetur.
1898 4424 1992 4481 Sic
2022 4493 2066 4504 ﬁ
2096 4431 2306 4500 peccavi
2335 4431 2429 4485 tibi
2456 4431 2631 4501 (Psal.
2665 4431 2778 4504 ιι).
2811 4432 2978 4503 Cujus
3015 4434 3188 4488 vicem
3218 4433 3393 4489 bonus
3412 4434 3466 4488 in
3488 4449 3672 4489 mona-

425 4517 626 4587 ubique
650 4516 800 4575 solus
829 4525 885 4574 et
909 4517 960 4572 ei
987 4516 1099 4572 sola
1120 4516 1278 4587 culpa
1307 4515 1580 4573 solatium.

982 4628 1214 4685 CAPUT
1236 4629 1278 4682 Χ
1289 4626 1425 4682 XVI.

423 4721 498 4776 De
516 4722 601 4778 Itis
619 4721 710 4795 qui
734 4722 847 4776 sine
862 4721 1108 4792 jnssione
1128 4717 1336 4800 abbatis
1363 4718 1664 4789 junguntur
1686 4734 1991 4773 excommu-

1085 4798 1295 4843 nicatts.

490 4882 551 4941 Si
576 4885 694 4955 quis
715 4883 882 4954 frater
900 4881 1291 4953 prazsumpserit
1342 4880 1456 4934 sine
1498 4879 1742 4950 jussione
1785 4881 1991 4936 abbatis

422 4977 577 5047 fratri
589 4974 1038 5032 excommunicato
1074 4972 1302 5045 quolibet
1331 4973 1486 5028 modo
1508 4991 1562 5029 se
1600 4974 1849 5044 jnnqere,
1894 4986 1991 5030 aut

421 5069 695 5141 loquicum
713 5082 795 5133 eo,
820 5065 898 5121 uel
925 5064 1237 5120 mandatum
1257 5066 1305 5120 ei
1349 5064 1598 5136 dirigere,
1631 5065 1855 5122 similem
1878 5083 1994 5122 sor-

420 5162 587 5215 tiatur
637 5156 1190 5214 excommunicationis
1237 5155 1538 5211 vindictam.
1610 5155 1749 5212 Hinc
1804 5156 1995 5211 beatus

422 5249 658 5304 lsidorus
691 5247 769 5302 ait
801 5244 923 5301 :Ad
957 5245 1481 5302 excommunicatum
1530 5246 1663 5300 nulli
1695 5246 1857 5301 liceat
1913 5245 1996 5299 in-

418 5338 573 5412 gredi
609 5338 747 5394 citra
774 5337 1058 5407 imperium
1076 5336 1335 5402 senioris.
1367 5336 1502 5392 Cum
1526 5335 1994 5395 excomntunicato

421 5446 597 5502 neque
631 5444 821 5497 orare,
854 5445 1031 5500 neque
1063 5428 1211 5499 loqui
1250 5429 1446 5499 cuique
1488 5427 1693 5482 licebit.
1729 5424 1865 5482 Cum
1904 5440 1998 5479 ex-

421 5522 821 5579 communicato
850 5522 981 5577 nulli
1005 5521 1221 5592 penitus
1253 5518 1399 5574 vesci
1428 5517 1575 5582 licet,
1609 5531 1709 5571 nec
1737 5516 1842 5586 ipsi
1872 5515 1996 5586 qui-

423 5613 545 5669 dem
577 5613 670 5684 qui
695 5613 1012 5670 alimentum
1060 5609 1225 5666 victui
1257 5606 1482 5678 przebct.
1516 5607 1655 5663 llinc
1703 5607 1996 5663 Cassianus

425 5700 501 5757 ait
531 5721 543 5756 :
573 5701 630 5759 Si
654 5703 776 5773 quis
806 5711 984 5759 autem
1010 5714 1109 5771 pro
1143 5697 1383 5771 qualibet
1405 5695 1559 5767 culpa
1590 5711 1685 5761 sua
1714 5696 1876 5753 fuerit
1929 5696 1996 5752 ab

2021 4493 2072 4554 D
2098 4493 2270 4577 sterio
2306 4493 2496 4579 tenens
2523 4524 2692 4579 abbas
2719 4493 2907 4581 curam
2935 4528 3002 4582 de
3028 4527 3259 4584 infirmis
3288 4528 3487 4584 habere
3513 4528 3672 4584 debet

2101 4610 2402 4677 animabus,
2431 4619 2491 4668 ut
2520 4623 2780 4668 sanentur
2802 4631 2832 4670 a
2867 4617 3105 4685 peccatis
3138 4626 3196 4672 et
3219 4618 3391 4683 vitiis,
3411 4624 3467 4673 et
3485 4618 3668 4688 pristi-

2100 4714 2167 4753 na
2195 4696 2411 4770 recepta
2436 4702 2691 4768 sanitate,
2708 4704 2906 4759 iterum
2928 4706 3170 4761 serviant
3192 4706 3458 4764 Creatori.

2171 4789 2240 4844 Et
2266 4791 2382 4845 ideo
2419 4793 2496 4845 uti
2532 4792 2680 4847 debet
2708 4796 2849 4848 omni
2880 4796 3057 4860 modo,
3083 4806 3143 4851 ut
3163 4798 3371 4869 sapiens
3416 4798 3667 4863 medicus,

2098 4883 2376 4937 immittere
2398 4885 2553 4953 quasi
2574 4884 2803 4940 occultos
2825 4888 3177 4945 consolatores
3204 4891 3480 4961 senipetas.
3515 4889 3671 4946 Seni-

2098 4984 2268 5045 pctas,
2294 4975 2537 5031 Graecum
2554 4986 2640 5032 est
2663 4994 2880 5045 nomen,
2913 4996 3019 5036 non
3056 4982 3326 5049 Latinum,
3353 4999 3462 5055 quo
3487 4998 3673 5040 secun-

2099 5066 2225 5119 dum
2258 5066 2427 5135 ipsius
2452 5067 2593 5122 beati
2630 5067 2901 5125 Benedicti
2926 5072 3444 5142 interpretationem,

2171 5155 2237 5209 Id
2257 5167 2355 5220 est,
2386 5159 2615 5213 seniores
2636 5161 2893 5231 sapientes
2917 5161 3131 5231 fratres,
3171 5164 3559 5234 intelliguntur.

2171 5245 2275 5311 Qui
2296 5249 2449 5319 quasi
2469 5260 2665 5304 secrete
2686 5250 3020 5305 consolentur
3039 5254 3254 5322 fratrem
3301 5255 3660 5323 ﬂuctuantem.

2099 5336 2472 5395 Fluctusntem
2494 5340 2646 5405 dicit,
2674 5340 2726 5396 id
2752 5348 2857 5405 est,
2902 5342 3266 5410 haesitantem,
3299 5344 3666 5408 tribulantcm,

2094 5429 2179 5485 vel
2203 5430 2259 5485 in
2279 5430 2507 5486 diversis
2530 5432 2947 5501 cogitationibus
2984 5435 3305 5490 reﬂantem.

2167 5516 2236 5572 Et
2253 5529 2527 5589 provocent
2539 5537 2658 5574 eum
2683 5521 3076 5579 adhumilitatis
3103 5523 3537 5594 satisfactionem.
3564 5522 3668 5579 Hu-

2098 5608 2344 5665 militatis
2381 5608 2680 5666 satisfactio
2710 5620 2815 5677 est,
2851 5613 3069 5681 quando
3092 5614 3370 5685 cognoscit
3406 5629 3468 5669 se
3508 5615 3671 5669 homo

2095 5712 2194 5767 per
2232 5698 2534 5768 superbiam
2564 5716 2835 5771 peccasse,
2862 5714 2915 5757 et
2939 5702 3222 5779 humili-ato
3271 5704 3434 5759 corde
3459 5711 3515 5760 et
3547 5717 3643 5759 cor
