3944 6408
343 326 444 383 853
1360 327 1710 383 COMMENT.
1750 327 1816 382 IN
1854 326 2011 381 REG.
2057 325 2114 380 S.
2156 326 2552 387 BENEDIC'II..
3477 325 3580 381 851

339 454 468 511 pore
522 455 621 510 pro
666 439 903 508 peccatis
968 439 1082 495 suis
1139 437 1346 493 fructus
1397 440 1585 510 dignos
1649 440 1987 511 pceniten-A
2017 446 2231 492 vocant.
2267 438 2587 510 Tyrannidis
2624 439 2871 496 Caecum
2926 457 3121 497 nomen
3171 449 3272 496 est.
3332 434 3582 512 intelligi—

343 531 430 587 tite
460 528 608 584 facit.
640 529 825 595 ,Quem
884 529 951 584 ad
996 529 1317 584 humilitatis
1358 530 1780 585 satisfactionem
1818 544 1908 585 se-
2012 534 2099 582 tur
2165 531 2307 583 enim
2368 532 2648 601 usurpatio
2723 534 2873 603 regni
2932 532 3159 603 iniusta,
3201 535 3376 589 honor
3428 534 3585 588 inde-

341 621 522 678 nieres
548 620 747 677 fratres
773 636 1069 691 provocare
1115 621 1310 675 debent
1360 622 1601 677 dicentes
1633 637 1647 675 :
1677 620 1909 675 Humilia

342 724 393 771 te
416 731 510 786 per
533 714 907 784 paenitentiam
934 714 1033 769 sub
1062 715 1265 783 potenti
1297 728 1457 767 manu
1478 712 1596 772 Dei,
1622 720 1746 766 utte
1772 711 1912 766 exal-

340 817 419 862 tet
440 807 495 861 in
529 815 768 876 tempore
794 805 1151 871 visitationis;
1195 805 1321 875 quia
1358 803 1496 858 Deus
1524 802 1755 874 superbis
1785 803 1914 856 resi-

339 896 447 961 stit,
478 894 761 949 humilibus
782 905 955 948 autem
975 895 1064 948 dat
1086 896 1332 965 gratiam.

410 982 480 1037 Et
515 983 815 1038 consoletur
834 999 976 1050 eum,
1015 1000 1077 1038 ne
1099 983 1471 1037 abundantiori
1495 981 1706 1037 tristitia
1728 982 1913 1036 absor-

338 1075 540 1129 beatur.
569 1074 1030 1129 Abundantiorctn
1057 1075 1335 1129 tristitiam
1354 1074 1502 1137 dicit,
1535 1073 1590 1127 id
1628 1072 1915 1142 est,majo-

338 1177 450 1217 rem
494 1170 551 1217 et
595 1161 1000 1232 profundiorem
1044 1178 1205 1233 quam
1263 1172 1419 1217 antea
1468 1161 1655 1216 habuit
1700 1162 1913 1230 quando

336 1256 597 1325 peccavit.
641 1252 1008 1309 Absorbeatur
1052 1253 1210 1317 dixit,
1259 1255 1313 1308 id
1363 1261 1462 1316 est,
1518 1252 1809 1307 devoretur
1860 1260 1915 1305 et

335 1347 680 1416 deglutiatur.
734 1345 885 1401 Solet
933 1347 1077 1400 enim
1118 1345 1364 1400 inﬁmus
1395 1346 1576 1399 animo
1628 1343 1798 1397 frater
1843 1342 1911 1397 de

335 1437 673 1490 correctione
700 1434 1052 1489 immoderata
1080 1434 1311 1504 amplius
1331 1449 1490 1504 quam
1521 1434 1586 1487 de
1600 1438 1909 1502 perpetrata

332 1525 645 1580 contristari
666 1525 842 1595 culpa.
878 1525 1031 1581 Unde
1056 1539 1278 1580 necesse
1303 1532 1386 1581 est
1425 1533 1486 1579 ut
1537 1538 1659 1577 eum
1707 1522 1913 1593 peccati

332 1617 528 1672 vulnus
556 1619 607 1671 in
641 1616 872 1673 subditis
897 1618 1219 1689 corrigendo
1257 1618 1625 1688 restringitur,
1664 1631 1913 1686 magnam

334 1710 459 1765 inde
490 1710 908 1766 sollicitudinem
934 1713 1097 1764 etiam
1124 1710 1389 1765 districtio
1418 1711 1531 1780 ipsa
1581 1710 1909 1772 moderetur,

2008 617 2185 682 bitus,
2237 627 2476 688 potestas
2541 621 2759 692 iniusta,
2810 623 2953 677 actio
3005 624 3255 693 superba,
3314 623 3587 678 ordinatio

2012 706 2217 776 iniqua,
2257 707 2325 762 de
2354 709 2537 766 animo
2563 711 2769 766 tumido
2792 721 2847 766 et
2871 712 3031 767 corde
3051 713 3350 783 procedens
3394 724 3581 781 super—

2010 796 2099 851 bo.
2149 796 2302 864 Quod
2353 799 2713 855 ministerium
2763 816 2869 855 non
2916 802 3152 872 suscepit
3199 798 3365 856 abbas
3423 815 3587 870 super

2012 901 2174 942 sanas
2201 889 2410 944 animas
2443 900 2721 957 exemere,
2746 891 2797 945 id
2821 900 2905 945 est
2926 905 3087 961 super
3114 891 3299 948 firmos
3345 901 3400 948 et
3449 894 3588 948 bene

2011 976 2253 1031 viventes
2275 980 2567 1034 monachos
2590 994 2770 1051 agere,
2801 979 2894 1034 sed
2916 994 3079 1050 super
3091 980 3333 1036 infirmas
3353 981 3584 1043 animus,

2012 1081 2131 1136 quae
2155 1068 2223 1123 ad
2250 1068 2559 1126 tolerandas
2603 1072 2885 1141 passiones
2924 1082 2979 1128 ct
3039 1072 3365 1129 tentationcs
3407 1074 3589 1127 εωριιιί

2014 1159 2225 1216 fortiter
2250 1163 2426 1218 adhuc
2450 1178 2556 1218 non
2580 1173 2709 1218 sunt
2731 1164 3102 1229 consolidatm,
3130 1180 3318 1220 curam
3336 1164 3587 1220 medendi

2013 1254 2250 1321 suscepit
2288 1262 2450 1323 atque
2492 1255 2741 1310 sanandi.
2789 1253 3039 1326 Suscepit
3081 1258 3226 1313 enim
3274 1264 3593 1327 peccatores

2013 1357 2224 1407 curare,
2278 1344 2520 1400 infirmos
2550 1346 2730 1402 animo
2761 1346 3039 1411 roborare,
3084 1345 3379 1403 titubantes
3404 1346 3458 1402 in
3496 1347 3588 1403 Dei

2014 1432 2234 1485 servitio
2261 1431 2514 1497 solidare,
2542 1444 2652 1487 non
2676 1448 2842 1490 sanos
2864 1444 2957 1489 aut
2996 1442 3144 1491 recte
3188 1436 3433 1492 viventes
3459 1438 3589 1492 θιὼ-

2014 1531 2244 1584 vertere,
2275 1522 2554 1578 deviantes
2582 1525 2927 1579 conturbare.

2084 1610 2153 1664 Et
2191 1621 2385 1665 metuat
2413 1614 2677 1683 propheta:
2699 1617 3180 1682 comminationem,
3211 1631 3476 1689 pet-quem
3508 1616 3590 1671 di-

2013 1702 2083 1753 cit
2109 1701 2292 1754 Deus:
2333 1701 2487 1766 Quod
2520 1716 2757 1757 crassum
2782 1704 3066 1771 videbatis,
3116 1706 3498 1773 assumebatis;
3542 1719 3593 1762 et

332 1810 599 1871 quatenus
636 1801 716 1856 sic
762 1800 887 1870 jura
932 1801 1225 1872 disciplinae
1280 1811 1465 1856 contra
1537 1799 1910 1869 delinquentes
1938 1802 1984 1859 Β
2012 1791 2149 1862 quod
2169 1790 2337 1845 debile
2358 1801 2470 1846 erat
2507 1794 2861 1864 projiciebatis
2892 1795 3108 1866 (Each.
3167 1797 3375 1867 mm).
3436 1798 3594 1865 Quod

330 1902 602 1957 exerceat,
630 1900 689 1947 ut
716 1893 929 1962 pietatis
975 1892 1184 1947 viscera
1242 1908 1350 1946 non
1411 1892 1645 1946 amittat.
1694 1891 1771 1944 De
1814 1890 1915 1945 hac

331 1985 598 2040 sententia
638 1983 995 2055 Hieronymus
1026 1984 1201 2039 dicit:
1232 1984 1306 2038 Ne
1337 1983 1477 2037 forte
1526 1980 1914 2037 abundantiori

330 2074 551 2129 tristitia
588 2074 969 2139 absorbeatur,
1003 2073 1094 2143 qui
1122 2071 1383 2141 eiusmodi
1407 2080 1509 2137 est,
1548 2088 1615 2126 ne
1650 2069 1790 2125 forte
1816 2085 1916 2140 per

328 2164 754 2235 desperationem
790 2163 1136 2233 indulgentia:
1168 2163 1528 2219 absorbeatur
1575 2164 1788 2234 gurgite
1834 2162 1914 2216 vi-

329 2256 550 2321 tiorum,
579 2264 635 2311 et
673 2272 702 2311 a
755 2257 968 2311 diabolo
998 2270 1310 2326 persuasus,
1360 2257 1428 2312 ad
1476 2257 1811 2311 infidelitatis
1860 2265 1917 2311 ct

327 2348 678 2418 blasphemia:
708 2347 911 2417 majora
961 2349 1265 2419 prmcipitia
1314 2349 1630 2403 deducatur.
1686 2348 1915 2416 Propter

331 2436 475 2506 quod
500 2437 730 2491 obsecro
779 2449 875 2491 vos
912 2446 972 2490 ut
1002 2436 1336 2492 conlirmetis
1382 2437 1434 2490 in
1467 2435 1614 2490 illum
1669 2437 1911 2491 charita-

333 2539 465 2594 tem,
496 2544 602 2599 qua
652 2529 948 2599 perfectam
995 2544 1053 2586 se
1099 2530 1343 2603 agnoscit
1397 2531 1610 2585 veniam
1656 2546 1914 2586 consecu-

332 2629 468 2675 tum.

400 2709 523 2777 Sed,
554 2712 687 2766 sicut
718 2712 792 2765 ait
834 2710 1111 2782 Apostolus
1165 2709 1251 2780 (II
1289 2709 1411 2766 Cor.
1462 2709 1547 2779 ιι),
1576 2709 1912 2779 conﬁrmetur

326 2804 384 2857 in
411 2819 472 2857 eo
498 2803 751 2867 Charitas,
784 2808 833 2857 et
855 2813 1035 2858 oretur
1057 2818 1152 2873 pro
1183 2819 1241 2858 eo
1267 2803 1330 2857 ab
1344 2803 1601 2856 omnibus.
1621 2802 1757 2858 Hine
1780 2800 1912 2857 Gre-

329 2894 512 2966 gorius
539 2892 914 2949 Nazianzenus
941 2894 1015 2949 ait
1041 2909 1056 2947 :
1082 2894 1242 2959 Eum,
1268 2894 1358 2964 qui
1388 2894 1441 2948 in
1492 2892 1752 2949 Corintho
1779 2908 1910 2963 pec-

327 2987 490 3051 cavit,
517 2995 796 3055 peceatum
825 2986 984 3055 quale
1010 3000 1109 3040 nec
1131 2986 1271 3039 inter
1300 2994 1505 3054 gentes,
1535 2985 1601 3039 ad
1643 2986 1910 3055 posuitcn-

326 3077 458 3130 tiam
488 3075 683 3131 Paulus
709 3076 965 3146 suscepit.
1000 3075 1067 3129 Et
1096 3089 1200 3129 non
1224 3075 1397 3130 solum
1430 3077 1686 3146 suscepit,
1721 3090 1904 3131 verum

2013 1889 2192 1935 autem
2223 1882 2373 1947 dicit,
2406 1883 2546 1953 quod
2574 1901 2811 1939 crassum
2837 1897 2950 1941 erat
2983 1890 3348 1957 assumebatis,
3392 1890 3594 1945 intelli-

2013 1970 2180 2041 gitur,
2202 1971 2567 2037 devorabatis,
2588 1974 3021 2043 interficiebatis,
3055 1978 3138 2033 vel
3164 1978 3587 2034 consumebatis.

2015 2061 2091 2114 De
2119 2062 2220 2116 hac
2244 2062 2510 2117 sententia
2539 2063 2731 2119 beatus
2759 2064 3088 2135 Augustinus
3119 2068 3194 2121 ait
3223 2067 3588 2139 :Sanazatqnc

2012 2164 2211 2205 crassa:
2229 2166 2360 2206 oves
2381 2167 2665 2223 perpauca:
2698 2164 2847 2221 sunt,
2893 2156 2947 2210 id
2976 2166 3078 2224 est,
3134 2158 3318 2214 solida:
3360 2159 3416 2214 in
3464 2160 3592 2215 cibo

2011 2242 2275 2306 veritatis,
2306 2252 2517 2299 utentes
2553 2245 2772 2314 pascuis
2801 2247 2939 2303 bene
2989 2248 3056 2305 de
3083 2264 3310 2306 munere
3336 2249 3453 2306 Dei.
3485 2250 3593 2307 Sed

2011 2336 2137 2390 mali
2165 2335 2239 2389 illi
2278 2346 2525 2407 pastores
2565 2355 2670 2395 non
2708 2351 2941 2412 parcunt
2989 2343 3206 2401 talibus.
3265 2345 3465 2401 Parum
3510 2354 3597 2401 est

2011 2425 2156 2493 quod
2183 2425 2303 2481 illas
2332 2426 2647 2499 languentes
2671 2438 2728 2486 et
2756 2431 3023 2499 inﬁrmas,
3053 2443 3110 2488 et
3131 2443 3381 2492 errantes
3404 2443 3595 2507 etper-

2011 2514 2154 2569 ditas
2176 2532 2281 2570 non
2320 2526 2537 2584 curant,
2581 2520 2744 2575 etiam
2776 2521 2909 2577 istas
2934 2522 3101 2579 fortes
3132 2531 3188 2579 et
3219 2526 3449 2597 pingues
3502 2536 3597 2580 n’c-

2010 2611 2157 2670 cant,
2207 2613 2470 2674 quantum
2501 2608 2556 2662 in
2586 2609 2718 2679 ipsis
2741 2618 2845 2666 est.
2880 2611 2989 2667 illm
3015 2613 3205 2669 vivunt
3261 2615 3330 2670 dc
3377 2612 3594 2671 miseri-

2015 2700 2205 2753 cordia
2252 2699 2379 2765 Dei;
2433 2708 2636 2767 tamen,
2691 2712 2953 2771 quantum
3013 2706 3081 2760 ad
3134 2717 3383 2775 pastores
3423 2707 3597 2763 maias

2012 2789 2223 2853 attinet,
2249 2790 2522 2845 occidunt.
2555 2791 2857 2859 Quomodo,
2891 2797 3085 2865 inquit,
3123 2798 3416 2853 occidunt?
3458 2798 3598 2855 nale

2012 2885 2261 2952 vivendo,
2304 2887 2505 2941 malum
2531 2888 2838 2958 exemplum
2865 2889 3439 2959 pracbeudo.Attcndlt
3451 2894 3611 2950 enim.

2011 2977 2129 3033 ovis
2165 2977 2329 3031 etiam
2356 2975 2514 3035 fortis
2540 2979 2859 3050 plerumque
2882 2983 3232 3052 praepositum
3265 2999 3421 3039 suum
3449 2980 3607 3043 male
3644 3044 3647 3047 λ

2013 3068 2315 3136 viventem;
2346 3069 2393 3125 si
2421 3070 2655 3127 declinet
2677 3073 2863 3128 oculos
2891 3088 2922 3127 a
2956 3076 3159 3146 regulis
3178 3075 3492 3143 Domini,.et
3514 3080 3595 3135 in-

325 3167 488 3221 etiam
522 3166 842 3221 c‘haritatem
871 3168 923 3221 in
969 3180 1035 3221 eo
1069 3166 1426 3223 confirmavit.
1453 3166 1900 3240 Quandoquidem

2013 3159 2260 3215 teudatin
2278 3159 2572 3226 hominem,
2590 3160 2970 3232 iucipitdicere
2987 3164 3042 3219 in
3063 3164 3227 3221 corde
3242 3181 3369 3223 suo:
3387 3166 3443 3223 Si
3457 3180 3600 3240 pra:-

324 3258 755 3313 cmcndationem
777 3258 930 3323 vidit,
956 3266 1011 3312 et
1026 3272 1246 3313 causam
1277 3256 1405 3314 facti
1422 3259 1900 3329 exposuitdieens:

331 3348 412 3404 Ne
439 3349 571 3419 forte
600 3349 843 3420 ampliori
880 3351 1093 3405 tristitia
1123 3350 1463 3406 absorbeatur
1485 3353 1574 3423 qui
1600 3350 1903 3423 hujusmodi

323 3450 399 3495 est
420 3438 636 3513 (lbid.),
687 3442 1048 3513 correptionis
1085 3443 1296 3501 scilicet
1338 3444 1617 3500 nimietate
1659 3459 1903 3516 praegra-

324 3539 499 3586 vatus.

397 3621 715 3693 Magnopere
744 3624 881 3677 enim
921 3623 1068 3679 debet
1090 3624 1495 3681 sollicitudinem
1533 3644 1711 3699 gerere
1738 3626 1899 3682 abbas

324 3715 467 3768 circa
505 3711 856 3782 delinquentes
888 3713 1097 3782 fratres.
1126 3716 1451 3786 Magnoperc
1494 3718 1645 3784 dicit,
1701 3732 1897 3789 magno

324 3803 523 3865 studio,
558 3817 748 3873 magna
784 3818 934 3867 cura,
963 3803 1043 3857 vel
1071 3819 1268 3874 magno
1284 3808 1617 3873 certamine;
1652 3809 1776 3877 quia
1793 3825 1901 3863 non

323 3894 584 3959 molliter,
618 3901 710 3947 aut
747 3893 1008 3964 segniter,
1032 3894 1125 3949 sed
1154 3893 1365 3949 fortiter
1391 3902 1445 3950 et
1474 3894 1764 3967 vigilanter
1789 3898 1905 3951 ani-

324 4002 536 4043 marum
564 3986 724 4042 debet
757 3986 923 4042 abbas
934 4002 1119 4043 curam
1135 3986 1235 4043 sibi
1258 4003 1447 4060 gerere
1469 3988 1900 4044 commissarum.

328 4078 481 4135 Unde
506 4085 562 4134 et
587 4078 865 4149 sequitur;

396 4170 464 4225 Et
487 4172 628 4226 omni
648 4172 932 4242 sagacitate
956 4181 1003 4226 et
1026 4172 1286 4227 industria
1322 4187 1510 4227 curare
1562 4190 1625 4227 ne
1672 4172 1904 4245 aliquam

326 4261 391 4316 de
420 4261 598 4315 ovibus
623 4261 723 4315 sibi
747 4261 958 4315 creditis
990 4260 1193 4332 perdat.
1248 4258 1548 4331 Sagacitas,
1598 4261 1902 4333 vigilantia,

327 4352 652 4418 sollicitudo,
676 4352 758 4408 vel
785 4352 1021 4421 prolicua
1078 4352 1398 4422 intelligitur
1444 4352 1768 4421 curiositas;
1826 4355 1906 4409 in-

2004 3257 2216 3327 positus
2236 3274 2387 3314 meus
2419 3258 2497 3315 sic
2524 3260 2677 3327 vivit,
2726 3276 2826 3332 ego
2845 3262 2967 3332 quis
2990 3276 3110 3318 sum
3137 3261 3229 3333 qui
3252 3278 3363 3319 non
3402 3264 3599 3320 faciam

2006 3348 2146 3419 quod
2164 3348 2254 3405 ille
2274 3349 2435 3405 facit?
2445 3350 2658 3407 Occidit
2686 3364 2842 3407 ovem
2858 3354 3072 3409 fortem.
3089 3351 3146 3409 Si
3163 3354 3357 3410 fortem
3371 3370 3499 3429 ergo
3512 3372 3595 3412 oc-

2005 3441 2138 3497 cidit
2154 3456 2331 3509 ovem,
2353 3442 2467 3514 jam
2502 3443 2569 3500 de
2596 3446 2809 3501 caneris
2833 3446 2961 3517 quid
2992 3445 3173 3514 faciet,
3188 3448 3283 3517 qui
3304 3444 3432 3505 illud
3452 3450 3609 3520 quod.

2004 3547 2115 3589 non
2142 3535 2258 3606 ipse
2280 3534 2693 3603 fortiﬁcaverat,
2723 3535 2821 3593 sed
2847 3536 2989 3594 forte
3014 3544 3110 3594 aut
3132 3540 3413 3597 robustum
3449 3541 3597 3599 inve-

2006 3633 2182 3694 nerat,
2210 3625 2353 3683 male
2378 3626 2607 3683 vivendo
2636 3626 2926 3685 interfecit.
2945 3629 3080 3686 Dico
3101 3630 3609 3701 charitativestrse,

2006 3712 2204 3769 iterum
2234 3714 2355 3771 dico
2386 3730 2402 3771 :
2429 3716 2530 3771 etsi
2554 3716 2746 3773 vivunt
2774 3732 2927 3786 oves,
2956 3719 3071 3776 etsi,
3112 3718 3253 3777 forte
3287 3729 3414 3778 sunt
3465 3734 3598 3780 oves

2004 3805 2060 3859 in
2092 3807 2261 3861 verbo
2283 3806 2517 3871 Domini,
2547 3816 2603 3863 et
2633 3816 2819 3865 tenent
2855 3808 2986 3865 illud
3038 3812 3183 3882 quod
3236 3813 3531 3872 audierunt
3559 3830 3595 3871 α

2009 3894 2241 3951 1)οωίηο
2279 3911 2380 3951 suo
2407 3913 2421 3949 ε
2457 3896 2589 3962 Qua:
2613 3898 2795 3952 dicunt
2819 3899 2999 3970 facite,
3029 3918 3149 3973 quae
3178 3912 3354 3959 autem
3387 3905 3609 3975 faciunt

2007 3983 2179 4053 facere
2205 3984 2365 4038 nolite
2386 3985 2602 4056 (Matth.
2631 3986 2826 4059 xxm);
2856 3997 3040 4046 tamen
3062 3991 3154 4061 qui
3187 3991 3244 4048 in
3292 4004 3613 4068 conSpectu.

2005 4075 2187 4146 populi
2235 4075 2379 4131 male
2405 4076 2558 4142 vivit,
2587 4086 2849 4149 quantum
2878 4080 2934 4135 in
2978 4078 3071 4139 illo
3106 4090 3210 4149 est,
3250 4096 3376 4142 cum
3423 4103 3455 4143 a
3483 4104 3594 4160 quo

2008 4166 2305 4222 attenditur
2329 4167 2548 4223 occidit.
2579 4168 2671 4225 Sic
2700 4171 2879 4227 omnis
2907 4173 3000 4242 qui
3046 4173 3187 4230 male
3214 4176 3353 4232 vivit
3380 4179 3435 4234 in
3464 4195 3595 4235 con,

2008 4265 2194 4327 spectu
2229 4273 2419 4314 eorum
2438 4259 2637 4329 quibus
2660 4262 2983 4332 praepositus
3006 4272 3390 4337 est,quantum
3409 4268 3461 4323 in
3479 4270 3596 4340 ipso

2003 4357 2107 4413 est,
2131 4347 2330 4404 occidit
2351 4355 2408 4403 et
2431 4347 2601 4406 fortes
2620 4364 2768 4406 oves.
2800 4351 2903 4420 Qui
2939 4368 3072 4425 ergo
3105 4355 3351 4412 imitatur
3386 4374 3597 4431 purpo-

326 4441 531 4497 dustria
561 4450 739 4497 autem
768 4440 1010 4508 solertia,
1053 4443 1136 4498 vel
1165 4442 1503 4512 providentia
1527 4452 1632 4508 est,
1661 4460 1767 4515 qua
1794 4444 1903 4501 fre-
1931 4511 1968 4518 _
2002 4440 2165 4495 situm
2194 4439 2794 4513 malum,m0l‘illll‘;q0i
2814 4456 2917 4498 non
2930 4444 3189 4513 imitatur,
3202 4448 3354 4505 vivit.
3369 4449 3594 4518 Tamen.

329 4542 417 4587 tus
444 4533 670 4603 quisque
697 4532 983 4609 providere
1035 4511 1214 4597 debet,
1260 4541 1315 4589 et
1367 4549 1474 4588 non
1528 4511 1774 4604 corpore,
1807 4537 1903 4591 sed
1927 4511 1980 4570 Β
2005 4538 2263 4599 quantum
2284 4529 2352 4585 ad
2372 4529 2519 4584 illum
2548 4511 2799 4602 pertinet.
2831 4511 3246 4594 ambosoccidit.

328 4625 526 4679 mentis
551 4631 606 4678 et
633 4623 999 4693 intelligentiae
1026 4624 1299 4695 gressibus
1326 4639 1540 4690 curare,
1569 4641 1638 4680 ne
1667 4626 1903 4697 aliquam

330 4713 395 4767 de
421 4712 611 4767 ovibus
638 4713 750 4768 suis
787 4728 885 4783 per
927 4728 1078 4767 suam
1123 4713 1525 4785 negligentiam,
1575 4718 1906 4784 tarditatem,

328 4800 413 4857 vel
436 4801 716 4870 segnitiem
771 4803 979 4873 perdat.
1028 4801 1275 4858 Monachi
1323 4804 1467 4858 enim
1512 4805 1637 4860 boni
1688 4818 1910 4879 propter

330 4892 694 4946 innocentiam
724 4892 846 4948 vita:
873 4892 1080 4949 Christi
1108 4907 1237 4949 oves
1264 4902 1547 4949 vocantur.
1591 4895 1667 4950 De
1715 4898 1910 4968 quibus

329 4984 444 5054 ipse
464 4982 725 5038 Dominus
761 4991 815 5038 et
839 4989 1023 5054 pastor
1051 5000 1238 5040 eorum
1296 4986 1511 5042 dicebat
1545 5006 1556 5041 :
1604 4987 1737 5044 Oves
1779 5007 1907 5046 mere

326 5086 503 5127 vocem
529 5088 697 5126 meam
734 5072 959 5128 audiunt
984 5092 1003 5140 ;
1038 5083 1087 5128 et
1114 5092 1366 5146 cognosco
1396 5093 1576 5144 meas;
1613 5088 1661 5132 et
1691 5096 1908 5151 cognos-

332 5173 453 5217 cunt
480 5178 561 5216 me
590 5179 717 5217 mea:
757 5173 847 5217 :et
884 5175 1063 5234 pastor
1107 5165 1271 5220 bonus
1310 5166 1541 5220 animam
1570 5182 1721 5221 suam
1759 5170 1906 5239 ponit

330 5268 427 5321 pro
456 5251 634 5305 ovibus
665 5254 774 5306 suis
804 5251 984 5324 (Joan.
1017 5256 1093 5326 χ).

404 5338 624 5397 Noverit
652 5344 791 5397 enim
816 5359 870 5398 se
896 5344 1226 5414 inﬁrmarum
1246 5363 1427 5401 curam
1462 5348 1747 5419 suscepisse
1784 5351 1903 5405 ani-

330 5446 562 5497 marum,
584 5449 685 5487 non
712 5450 869 5505 super
894 5452 1052 5490 sanas
1079 5438 1429 5508 tyrannidem.
1454 5438 1681 5511 Proprie
1718 5450 1903 5512 tyran-

331 5535 436 5576 nus
464 5521 683 5587 dieitur,
710 5524 801 5594 qui
826 5524 879 5578 in
906 5527 1180 5596 republica
1220 5544 1326 5583 non
1376 5528 1500 5599 jure
1548 5532 1904 5603 principatur.

330 5611 659 5681 Ergoomnis
675 5615 938 5683 superbus
943 5615 1094 5684 juxta
1110 5620 1325 5673 modum
1340 5619 1639 5691 proprium,
1661 5623 1905 5692 tyranni-

333 5700 455 5756 dem
469 5711 704 5761 exercet.
734 5704 1053 5777 Superbiam
1069 5724 1196 5781 ergo
1221 5710 1367 5780 impii
1398 5720 1543 5768 recte
1566 5715 1903 5784 tyrannidem

2078 4623 2148 4677 Et
2176 4624 2404 4694 pastoris
2434 4623 2554 4677 boni
2582 4624 2726 4694 pium
2757 4625 2989 4681 imitetur
3034 4630 3353 4701 exemplum.
3397 4632 3596 4691 Pastor

2008 4716 2182 4770 bonus
2206 4713 2455 4770 Christus
2479 4722 2583 4780 est,
2614 4715 2710 4785 qui
2739 4716 2878 4772 dixit
2908 4735 2921 4772 :
2947 4717 3062 4790 Ego
3086 4738 3203 4776 sum
3226 4734 3410 4793 pastor
3423 4726 3594 4783 bonus

2014 4802 2195 4876 (Joan.
2225 4804 2302 4877 χ).
2335 4804 2399 4860 Et
2428 4805 2496 4861 de
2517 4820 2577 4860 se
2605 4805 2801 4861 iterum
2835 4807 2914 4863 ait
2943 4827 2957 4863 :
2981 4808 3597 4884 Bonuspastoranimam

2012 4918 2164 4956 suam
2192 4903 2337 4973 ponit
2364 4920 2459 4975 pro
2503 4904 2685 4980 ovibus
2705 4905 2816 4961 suis
2842 4905 3055 4982 (Ibid.).
3088 4906 3254 4982 Cujus
3280 4910 3430 4984 pium
3475 4912 3594 4969 imi-

2016 4993 2119 5047 tari
2148 4992 2308 5049 debet
2336 4995 2503 5053 abbas
2523 4996 2854 5069 exemplum,
2868 5009 2924 5055 et
2951 5000 3177 5074 diligere
3195 5003 3355 5062 debet
3375 5019 3590 5077 gregem

2010 5083 2191 5138 ovium
2217 5100 2460 5152 suarum,
2492 5087 2547 5142 id
2573 5096 2658 5144 est
2683 5094 3072 5150 monachorum
3101 5110 3345 5164 suorum,
3373 5098 3515 5154 sicut
3538 5106 3597 5154 ct

2007 5171 2096 5226 ille
2123 5170 2312 5228 dilexit
2332 5191 2502 5245 genus
2529 5175 2845 5247 humanum,
2884 5183 2939 5238 in
2973 5192 3215 5252 tanaim,
3261 5196 3321 5243 ut
3353 5203 3453 5258 pro
3501 5190 3594 5246 illo

2009 5265 2169 5319 morti
2186 5266 2422 5322 traderet
2438 5271 2809 5342 semetipsum,
2830 5286 3164 5349 etsurgensa
3181 5282 3593 5339 mortuiseleva—

2007 5356 2249 5411 vitillum
2297 5357 2351 5411 in
2381 5357 2599 5426 malum,
2626 5369 2683 5417 et
2704 5365 2871 5421 choro
2912 5368 3418 5440 sociavitangelico,
3441 5381 3495 5429 et
3515 5374 3595 5429 sic

2012 5449 2192 5503 ovium
2218 5465 2437 5505 suarum
2472 5451 2863 5526 redintegravit
2911 5474 3217 5516 numerum.
3254 5459 3393 5516 Nam
3420 5463 3598 5521 abbas

2013 5549 2287 5595 errantem
2315 5543 2476 5599 debet
2510 5546 2784 5619 corrigere
2807 5552 3158 5621 monachum,
3192 5560 3250 5610 et
3284 5564 3595 5615 correctum

2014 5630 2321 5701 p‘iriterque
2345 5631 2599 5690 dilectum
2626 5653 2801 5695 cuneo
2826 5650 3146 5699 cancrorum
3173 5657 3397 5701 suorum
3426 5645 3589 5703 debet

2014 5720 2221 5776 sociare
2249 5725 2669 5796 monachorum;
2709 5738 2760 5785 et
2804 5738 2934 5789 tunc
2961 5733 3101 5789 bene
3152 5733 3395 5789 imitatur
3444 5736 3598 5792 illum
