3944 6412
386 306 492 365 855

1682 291 2035 351 SMARAGD!
2069 290 2366 348 ABBATIS

3530 294 3636 352 856

454 415 579 482 Qui,
597 414 789 470 relictis
818 414 1107 484 nonaginta
1136 427 1318 467 novem
1348 408 1528 465 ovibus
1574 410 1628 462 in
1661 404 1948 468 montibus,
1978 403 2031 464 Α
2055 404 2378 458 animarum.
2412 403 2628 459 Sienim
2643 418 2853 475 magna:
2878 405 3145 462 mercedis
3166 414 3299 463 esta
3333 416 3509 465 mone
3529 412 3639 465 eri.

382 505 513 560 abiit
539 521 699 560 unam
718 520 884 569 ovem,
904 518 1022 575 quce
1049 510 1337 566 erraverat,
1365 514 1618 571 quarerc.
1651 495 1820 566 Cujus
1876 496 1959 549 in-

380 595 624 666 firmitati
651 596 708 649 in
728 604 932 650 tantum
954 610 1256 665 compassus
1284 601 1382 656 est,
1440 601 1499 645 ut
1526 606 1644 645 eam
1684 590 1741 643 in
1792 587 1958 643 sacris

381 687 611 743 humeris
625 686 736 742 suis
760 686 1068 757 dignaretur
1090 688 1377 756 imponere,
1413 692 1463 738 et
1491 684 1569 738 sic
1600 690 1865 753 reportare
1888 678 1958 733 ad

379 795 584 849 gregem
612 777 764 851 (Luc.
796 776 908 849 xv).
946 776 1175 833 Centum
1195 791 1327 832 oves
1373 772 1701 830 universitas
1743 776 1829 825 est
1871 784 1962 823 an-

380 866 623 938 gelorum
647 875 704 923 et
726 867 1028 923 hominum.
1052 865 1172 922 Una
1191 872 1373 919 autem
1398 863 1621 926 erravit,
1651 860 1707 915 id
1725 867 1833 923 est,
1852 859 1956 912 hu-

380 974 600 1015 manum
627 975 798 1031 genus
831 958 1096 1029 peccavit.
1121 956 1423 1028 Nonaginta
1443 969 1637 1010 novem
1667 949 1957 1020 reliquitin

379 1051 678 1115 montibus,
705 1051 760 1106 id
792 1058 894 1118 est,
922 1064 1118 1105 novem
1143 1048 1360 1102 ordines
1380 1044 1695 1114 angelorum
1712 1042 1766 1097 in
1780 1040 1957 1104 cmlis,

379 1149 438 1196 et
458 1142 608 1197 venit
635 1154 879 1211 quaerere
908 1154 1069 1194 unam
1091 1139 1147 1194 in
1165 1137 1304 1193 valle
1329 1136 1714 1206 lacrymarum,
1743 1148 1849 1202 qua
1872 1132 1957 1187 in-

380 1239 544 1287 venta
574 1230 636 1285 lit
658 1230 912 1302 gaudium
932 1243 1095 1299 super
1114 1242 1179 1283 ea
1209 1225 1385 1296 magis
1408 1239 1571 1295 quam
1599 1237 1759 1293 super
1788 1236 1957 1278 nona-

381 1322 530 1393 ginta
555 1335 751 1377 novem
773 1319 865 1391 qui
881 1335 989 1374 non
1014 1324 1354 1374 erraverant.

914 1432 1142 1489 CAPUT
1184 1429 1419 1486 XXVIII.

523 1506 601 1561 De
624 1508 693 1561 iis
719 1505 811 1577 qui
835 1505 1025 1575 stepius
1047 1502 1265 1558 correcti
1298 1517 1403 1555 non
1446 1497 1811 1554 emendantur.

454 1594 515 1653 Si
547 1597 661 1669 quis
682 1596 853 1666 frater
871 1594 1168 1665 frequenter
1186 1598 1455 1661 correptus
1479 1606 1574 1660 pro
1593 1588 1824 1658 qualibet
1844 1587 1958 1642 cul-

381 1704 472 1759 po,
492 1688 539 1742 si
564 1687 721 1742 etiam
739 1682 1219 1741 ercommunicatus
1242 1697 1349 1736 non
1372 1679 1745 1744 emendaverit,
1778 1679 1959 1731 acrior

2061 510 2191 573 pere
2220 511 2440 551 carnem
2462 497 2786 568 quandoque
2800 498 3142 564 morituram,
3174 501 3364 569 quanti
3389 510 3474 557 est
3522 518 3635 559 me-

2062 574 2154 638 riti
2182 601 2215 639 a
2243 594 2418 640 morte
2439 587 2676 642 animam
2707 586 2941 642 liberare
2964 588 3020 642 in
3049 588 3257 645 caelesti
3292 593 3471 661 patria
3513 594 3639 652 sine

2061 672 2169 729 fine
2199 675 2502 729 victuram?
2752 690 2759 699 ·

2134 764 2287 829 Quod
2306 765 2353 819 si
2373 782 2463 820 nec
2478 765 2576 820 isto
2604 766 2757 820 modo
2786 776 3003 822 sanatus
3030 766 3211 837 fuerit,
3241 777 3367 823 tunc
3384 770 3504 840 jam
3524 780 3640 826 uta-

2061 862 2150 908 tur
2194 854 2355 909 abbas
2400 855 2541 925 ferro
2578 854 2935 920 abscissionis,
2982 863 3040 911 ut
3076 855 3150 909 ait
3175 854 3455 926 Apostolus
3486 860 3641 915 :Au-

2061 941 2191 1012 ferte
2220 942 2417 997 malum
2444 959 2509 997 ea:
2548 943 2688 998 vobis
2726 942 2774 1010 (ι
2817 941 2938 999 Cor.
2972 943 3049 1012 v).
3093 943 3234 999 Hinc
3280 945 3335 999 in
3357 946 3639 1016 cujusdam

2061 1033 2239 1089 Patris
2264 1033 2525 1103 scriptum
2547 1041 2632 1088 est
2661 1033 2847 1102 regula
2878 1052 2891 1087 :
2928 1032 3122 1089 Frater
3150 1035 3197 1090 si
3227 1035 3423 1105 saepius
3447 1052 3637 1094 corre-
3716 1112 3721 1117 ἢ
3816 1110 3819 1113 _

2060 1134 2189 1196 ptus
2234 1124 2527 1180 emendare
2575 1124 2810 1180 noluerit
2834 1165 2850 1189 ,
2919 1126 3480 1182 excommunicatione
3538 1144 3642 1199 pro

2063 1216 2222 1271 modo
2250 1215 2421 1285 culpa
2447 1216 2773 1287 corrigatur.
2808 1215 2866 1272 Si
2901 1231 3002 1273 nec
3031 1217 3112 1272 sic
3154 1217 3359 1288 aliquid
3385 1220 3639 1290 proﬁciat

2061 1305 2391 1375 increpantis
2415 1306 2702 1372 correctio,
2749 1313 2877 1363 tunc
2901 1306 3189 1362 verberum
3216 1307 3467 1365 vindictas
3508 1310 3637 1366 sub-

2053 1394 2279 1465 iacebit.
2312 1395 2466 1462 Quod
2504 1396 2549 1451 si
2580 1397 2660 1452 sic
2694 1398 2988 1452 emendare
3008 1397 3262 1463 noluerit,
3314 1399 3411 1454 sed
3458 1401 3639 1473 magis

2061 1487 2116 1541 in
2161 1497 2428 1541 tumorem
2465 1487 2733 1556 superbia:
2778 1486 2975 1553 elatus,
3027 1503 3193 1557 opera
3232 1487 3326 1543 vel
3366 1497 3522 1546 actus
3568 1491 3639 1547 de

2060 1577 2258 1647 quibus
2291 1576 2585 1647 corrigitur
2630 1575 2950 1641 defenderit,
2979 1585 3109 1633 tunc
3153 1577 3366 1633 abbatis
3396 1580 3639 1635 scientia

2061 1668 2326 1739 regimine
2345 1667 2669 1738 corrigatur,
2698 1668 2824 1738 quia
2846 1668 3109 1741 scriptum
3137 1677 3222 1723 est
3247 1686 3260 1724 :
3296 1668 3400 1736 Qui
3453 1671 3637 1742 objicit

382 1757 664 1834 eiaccedat
684 1776 957 1841 correctio,
985 1773 1160 1839 idest,
1213 1781 1272 1828 ut
1309 1771 1577 1827 verberum
1622 1769 1856 1825 uindicta
1901 1771 1958 1825 in
1983 1767 2036 1827 B
2059 1757 2392 1830 disciplinam
2419 1798 2435 1824 ,
2486 1757 2675 1828 infelix
2732 1757 2891 1831 (Sap.
2934 1786 2943 1815 ι
2974 1757 3097 1831 ιιι).
3144 1758 3456 1818 Moderante
3505 1776 3639 1833 ergo

381 1883 502 1921 eum
528 1865 796 1937 procedat.
834 1865 1134 1933 Correptus
1154 1861 1308 1929 dicit,
1328 1862 1630 1932 castigatus
1657 1860 1743 1915 vel
1777 1859 1961 1930 obiur-

383 1964 561 2029 gatus.
583 1954 732 2012 Inter
759 1955 1034 2026 corripere
1059 1954 1233 2019 enirn,
1257 1953 1528 2022 castigem
1549 1950 1637 2006 vel
1671 1949 1962 2022 obiurgare

387 2045 497 2101 hoc
522 2045 790 2101 interest:
825 2043 1147 2112 corripimus
1170 2042 1321 2098 enim
1340 2041 1681 2105 verberibus,
1705 2039 1958 2114 obiurga:

387 2153 513 2195 mus
535 2146 717 2194 autem
743 2135 1296 2208 verbistcastigamus
1318 2148 1449 2192 vero
1471 2142 1527 2190 et
1554 2133 1734 2189 verbis
1757 2140 1814 2189 et
1840 2147 1963 2188 ver-

392 2229 639 2286 boribus.

458 2321 614 2393 Quod
635 2321 682 2376 si
706 2336 798 2375 nec
825 2320 901 2374 ita
926 2335 981 2373 se
1008 2317 1316 2382 correxerit,
1341 2324 1433 2372 aut
1453 2315 1588 2386 forte
1614 2313 1774 2385 (quod
1802 2313 1958 2386 absit)

381 2415 441 2470 in
461 2412 761 2485 superbiam
794 2409 989 2475 elatus,
1036 2409 1197 2469 etiam
1241 2406 1521 2477 defendere
1556 2403 1774 2459 voluerit
1802 2421 1961 2474 opera

381 2524 502 2572 sua,
533 2515 658 2560 tunc
681 2503 842 2557 abbas
870 2501 1032 2573 faciat
1055 2499 1194 2572 quod
1218 2499 1428 2568 sapiens
1459 2496 1712 2552 medicus.
1738 2494 1797 2550 Si
1823 2495 1964 2548 exhi-

381 2594 492 2651 buit
517 2595 773 2665 fomenta,
792 2592 838 2647 si
859 2599 1125 2661 unguenta
1175 2589 1622 2649 adhortationum,
1660 2586 1707 2640 si
1736 2585 1962 2640 medica-

384 2689 531 2743 mina
555 2685 953 2757 Scripturarum
974 2683 1290 2748 divinarum,
1318 2683 1364 2738 si
1393 2681 1465 2736 ad
1492 2680 1757 2747 ultimum,
1795 2680 1962 2734 ustio-

380 2794 500 2833 nem
537 2774 1113 2840 excommunicdionis,
1140 2772 1216 2829 vel
1241 2773 1424 2845 plagas
1468 2773 1756 2843 virgarum.
1786 2771 1962 2828 Casti-

380 2869 759 2939 gationescum
796 2868 998 2940 pietate
1040 2874 1095 2924 et
1112 2866 1525 2922 mnsuetudine
1550 2874 1694 2922 recte
1719 2865 1957 2921 fomenta

378 2968 669 3018 vocantur.
709 2959 1126 3016 Adhortationes
1150 2944 1279 3016 vero
1304 2973 1429 3014 cum
1480 2957 1777 3014 dulcedinis
1827 2956 1962 3013 leni-

381 3063 495 3111 tate
539 3060 813 3126 unguenta
849 3052 1122 3107 dicuntur.
1167 3050 1485 3109 Divinarum
1520 3064 1651 3104 vero
1713 3047 1961 3118 Scriptu-

2060 1848 2285 1903 scientia
2315 1847 2522 1903 saniem
2549 1846 2801 1902 medendi
2835 1861 2966 1902 cura
3005 1848 3344 1905 adhibeatur.
3400 1850 3458 1906 Si
3507 1864 3642 1907 vero

2060 1936 2169 1991 tale
2191 1936 2385 1991 vulnus
2402 1952 2501 2007 per
2528 1935 2769 1992 fomenta
2798 1937 3213 2009 castigationum
3241 1948 3299 1994 et
3317 1940 3536 2010 pietatis
3568 1956 3635 1998 ac

2059 2032 2298 2093 lenitatis
2338 2040 2611 2102 unguenta
2639 2031 2891 2103 sospitati
2914 2047 3025 2087 non
3064 2033 3345 2101 redditur,
3380 2042 3509 2090 tunc
3536 2050 3629 2091 ex-

2059 2122 2567 2179 communicationis
2592 2123 2919 2179 sententiam
2948 2122 3034 2181 vel
3059 2124 3358 2195 disciplina:
3380 2140 3639 2198 corpora-

2059 2212 2127 2268 lis
2154 2228 2371 2285 pmnam
2397 2214 2662 2269 incurrat.
2710 2214 2779 2270 Et
2824 2215 2871 2270 si
2910 2229 3012 2270 nec
3055 2217 3640 2274 excommunicationis

2058 2311 2231 2369 metu,
2257 2318 2359 2359 nec
2386 2302 2581 2374 ﬂagelli
2608 2319 2771 2375 pmna
2818 2304 3110 2377 frangitur,
3150 2316 3417 2383 augeatur
3459 2308 3637 2367 adhuc

2057 2395 2279 2466 pietatis
2303 2395 2500 2462 fomes,
2530 2398 2605 2452 ita
2631 2406 2692 2454 ut
2719 2398 2788 2453 ab
2813 2400 2960 2454 omni
2981 2401 3401 2472 congregatione
3426 2417 3524 2473 pro
3569 2418 3639 2459 eo

2059 2487 2362 2542 communis
2384 2487 2645 2544 Dominus
2673 2488 2982 2544 orationum
3010 2488 3186 2545 oﬂicio
3206 2491 3545 2561 deprecetur,
3576 2501 3640 2548 ut

2060 2576 2152 2647 qui
2176 2576 2369 2647 laqueo
2402 2578 2601 2633 diaboli
2628 2579 2869 2635 irretitus
2902 2587 3135 2642 tenetur,
3180 2581 3392 2636 Domini
3422 2582 3638 2638 miseri-

2060 2669 2247 2726 cordia
2282 2686 2347 2725 ac
2371 2671 2572 2740 pietate
2608 2679 2850 2727 curetur.
2898 2670 3054 2739 Quod
3087 2672 3134 2726 si
3172 2687 3274 2728 nec
3306 2673 3387 2728 sic
3430 2672 3632 2743 corripi

2059 2760 2315 2825 voluerit,
2352 2761 2496 2815 intra
2518 2769 2672 2832 septa
2701 2762 3020 2817 monasterii
3057 2763 3158 2819 sub
3184 2763 3516 2833 paenitentia
3546 2773 3633 2819 te-

2060 2866 2218 2917 nore,
2244 2852 2311 2907 ab
2331 2851 2581 2907 omnibus
2604 2860 2802 2921 praeter
2826 2855 3078 2909 custodes
3101 2862 3433 2925 segregatus,
3452 2854 3635 2909 tandiu

2061 2942 2359 3013 castigetur
2382 2940 2612 2997 diversis
2651 2943 3100 3012 correptionibus,
3142 2959 3312 3014 usque
3345 2945 3473 2999 dum
3516 2943 3636 3012 eius

2061 3033 2343 3088 humilitas
2391 3032 2645 3087 omnibus
2679 3048 2807 3087 vera
2853 3033 3172 3089 credulitate
3218 3033 3460 3102 pateﬁat,
3507 3034 3636 3105 quia

378 3160 570 3203 rarum
617 3122 926 3200 ίεειίιιωηία
958 3141 1044 3196 vel
1072 3155 1226 3196 sacra
1270 3139 1405 3211 legis
1428 3146 1692 3208 pmcepta
1723 3154 1831 3192 non
1873 3137 1957 3193 in.
1986 3123 2031 3185 C
2062 3131 2118 3178 et
2155 3122 2323 3177 invita
2352 3137 2493 3193 saepe
2528 3122 2676 3178 salus
2699 3130 3007 3193 praestatur.
3046 3123 3182 3178 Nam
3212 3124 3334 3180 ideo
3378 3139 3638 3195 separau-

379 3249 618 3307 congrue
641 3242 903 3289 vocantur
926 3230 1304 3287 medicamina.
1328 3226 1536 3283 Sanant
1568 3227 1714 3284 enim
1746 3226 1955 3281 anima-

380 3341 504 3389 rum
532 3323 951 3382 custodientium
971 3329 1028 3378 ct
1052 3319 1460 3377 observantium
1485 3333 1551 3373 ea
1602 3325 1952 3388 peccatorum

376 3415 623 3470 vulnera.
672 3413 826 3471 Unde
844 3411 1130 3470 Psalmista
1158 3410 1370 3465 Domini
1386 3409 1697 3464 custodiens
1713 3423 1953 3479 praecep-

378 3517 434 3565 ta
461 3507 672 3564 diccbat
703 3524 718 3562 :
749 3505 861 3576 Ego
889 3504 1023 3571 dixi,
1071 3502 1315 3567 Domine,
1346 3501 1592 3555 miserere
1644 3500 1771 3564 mei,
1820 3517 1954 3555 sana

376 3599 609 3657 animam
639 3613 826 3662 meam,
852 3595 978 3667 quia
998 3591 1207 3665 peccavi
1237 3592 1330 3645 tibi
1362 3589 1537 3662 (Psal.
1577 3590 1692 3663 XL).
1724 3591 1955 3646 Excom—

375 3673 764 3747 manicationis
798 3693 980 3742 autem
1000 3697 1187 3738 severa
1208 3682 1496 3747 districtio,
1528 3696 1647 3752 qua:
1679 3682 1954 3750 peccatori

375 3780 676 3850 iniungitur
699 3792 798 3847 pro
822 3783 1068 3847 peccato,
1103 3773 1488 3828 convenienter
1533 3775 1677 3828 ustio
1703 3781 1949 3829 vocatur.

377 3869 535 3925 Sicut
558 3868 704 3923 enim
721 3866 925 3922 ustulat
947 3873 1109 3935 atque
1130 3874 1341 3920 cremat
1373 3880 1588 3935 corpus,
1619 3865 1696 3920 ita
1730 3865 1952 3921 distric-

375 3959 455 4015 tio
477 3957 1047 4015 excommunicationis
1079 3956 1315 4011 animam
1343 3954 1552 4027 afﬂigit,
1594 3956 1803 4028 pariter
1827 3971 1955 4011 con-
1992 3994 1995 3997 -

373 4057 582 4106 cremat
627 4058 788 4118 atque
815 4063 1030 4119 corpus.
1059 4045 1165 4103 Sed
1193 4047 1335 4117 ustio
1357 4046 1457 4101 ista
1493 4062 1523 4100 a
1548 4046 1762 4116 peccati
1805 4045 1954 4100 ruli-

373 4140 500 4211 gine
561 4139 818 4194 humilem
858 4146 1053 4208 purgat
1094 4138 1353 4202 animam,
1402 4137 1690 4206 superbam
1718 4151 1850 4191 vero
1901 4135 1952 4190 in

371 4227 573 4300 plumbi
593 4226 866 4284 convertit
910 4235 1177 4281 naturam.
1226 4224 1303 4281 De
1345 4225 1511 4296 virga:
1554 4240 1681 4281 vero
1742 4225 1952 4296 ﬂagello

373 4316 627 4372 Salomon
658 4315 734 4370 ait
766 4333 779 4369 :
811 4311 1035 4369 Percute
1053 4314 1224 4384 ﬁlium
1250 4314 1583 4384 tuumvirga,
1622 4324 1671 4368 et
1701 4315 1949 4370 liberabis

371 4406 605 4461 animant
623 4405 797 4474 ejusa
825 4414 990 4460 morte
1038 4402 1220 4479 (Erae.
1271 4406 1457 4475 xxxii).
1505 4405 1592 4470 Et,
1654 4402 1718 4460 Si
1768 4404 1945 4476 diligis

369 4496 539 4567 ﬁlium
568 4505 742 4562 tuum,
772 4495 1102 4552 assiduatilli
1125 4494 1337 4567 flagella
1361 4494 1552 4567 (Eccli.
1585 4498 1739 4565 xxx).

441 4586 619 4643 Etiam
652 4588 698 4642 si
719 4587 901 4642 uiderit
928 4585 1058 4641 nihil
1080 4603 1231 4641 suam
1275 4585 1559 4657 prrevalcre
1584 4586 1902 4641 industriam
1933 4627 1948 4643 .

369 4680 615 4735 adhibeat
638 4681 795 4736 etiam
821 4679 981 4751 (quod
1012 4679 1187 4749 majus
1214 4676 1310 4744 est)
1337 4694 1486 4731 suam
1509 4687 1557 4731 et
1580 4678 1815 4731 omnium
1839 4677 1953 4753 fra-

370 4780 510 4824 trum
545 4786 640 4840 pro
667 4784 726 4822 eo
748 4769 1071 4830 orationem;
1109 4776 1163 4819 ut
1196 4765 1474 4830 Dominus,
1504 4766 1593 4835 qui
1631 4765 1808 4817 omnia
1852 4782 1949 4835 po-

368 4868 488 4924 test,
516 4867 758 4928 0peretur
785 4850 1007 4911 salutem
1040 4856 1181 4909 circa
1228 4852 1497 4921 inﬁrmum
1524 4854 1763 4923 fratrem.
1810 4853 1948 4909 Hinc

369 4955 426 5001 et
451 4946 726 5017 apostolus
754 4939 829 4999 ait
856 4963 869 4997 :
902 4942 1237 5012 Conﬁtentini
1270 4941 1582 4996 alterutrum
1607 4952 1819 5013 peccata
1867 4962 1950 4998 vc-

367 5046 502 5102 stra,
530 5046 579 5091 et
616 5043 760 5089 orate
788 5050 882 5104 pro
911 5034 1129 5086 invicem
1155 5031 1523 5086 ut‘sah‘cmini.
1557 5030 1784 5097 Multum
1810 5034 1948 5087 enim

368 5126 502 5183 valet
523 5126 818 5198 deprecatio
841 5124 980 5196 justi
1001 5123 1236 5177 assidua.
1270 5120 1421 5177 Elius
1440 5122 1592 5176 homo
1632 5133 1741 5176 erat
1762 5121 1948 5177 similis

367 5218 517 5274 nobis
548 5214 833 5288 passibilis,
863 5223 913 5270 et
945 5214 1181 5268 oratione
1209 5214 1392 5277 oravit,
1428 5223 1533 5268 etc.
1581 5212 1721 5283 (Jac.
1771 5211 1847 5282 v).
1891 5210 1948 5265 Si

368 5309 475 5365 hoc
517 5321 662 5363 unus
702 5304 849 5361 Elias
888 5311 1099 5359 tantum
1145 5303 1476 5373 impetravit,
1525 5309 1732 5371 quanto
1774 5299 1949 5369 magis

365 5396 570 5452 valebit
624 5393 879 5466 frequens
918 5392 1276 5465 plurimorum
1323 5390 1500 5446 oratio
1533 5389 1825 5460 iustorum.
1857 5387 1948 5443 Ju-

368 5485 567 5540 bentur
585 5484 770 5555 itaque
793 5497 953 5539 orare
973 5489 1028 5538 et
1058 5482 1293 5554 psallere
1324 5479 1577 5543 Domino,
1606 5478 1823 5547 quoties
1848 5477 1949 5532 ali-

370 5574 567 5642 quibus
592 5574 872 5644 pulsamur
891 5573 1153 5637 adversis,
1197 5583 1307 5625 non
1339 5567 1511 5623 solum
1562 5581 1663 5636 pro
1711 5567 1948 5623 sanitate

373 5676 684 5734 corporum,
711 5666 807 5722 sed
846 5664 1012 5721 etiam
1057 5679 1157 5734 pro
1210 5660 1445 5717 sanitate
1488 5657 1744 5714 debemus
1788 5674 1946 5715 orare

1970 4465 2027 4526 D

2061 3214 2162 3270 dus
2184 3221 2271 3269 est
2299 3229 2330 3267 a
2388 3214 2827 3289 congregatione,
2855 3222 2917 3269 ut
2955 3230 3056 3270 suo
3103 3215 3235 3271 vitio
3259 3230 3367 3272 non
3398 3215 3637 3275 maculet

2057 3306 2391 3361 innocentes.
2419 3305 2628 3362 Tenera
2656 3321 2786 3361 vero
2809 3316 2964 3373 actas,
2988 3322 3109 3376 quas
3127 3309 3635 3365 excommunicandi

2056 3397 2164 3450 vim
2194 3397 2388 3463 nescit,
2414 3412 2524 3450 non
2544 3396 3126 3460 excommunicatione,
3157 3398 3248 3453 sed
3272 3396 3481 3468 ﬂagello
3513 3412 3638 3454 cor-

2057 3487 2280 3558 rigenda
2307 3495 2413 3542 est.
2448 3486 2586 3542 Hinc
2607 3487 2848 3542 Isidorus
2872 3490 2949 3541 ait
2983 3506 2995 3541 :
3031 3488 3129 3554 Qui
3158 3489 3309 3558 gravi
3337 3490 3470 3544 vitio
3491 3505 3637 3563 saepe

2056 3575 2557 3630 excommunicatus
2586 3575 2808 3646 negligit
2833 3577 3144 3642 emendare,
3186 3578 3373 3633 tandiu
3406 3579 3633 3636 damna-

2057 3664 2193 3720 tioni
2224 3663 2517 3732 subiaceat,
2550 3680 2833 3735 quousque
2878 3666 3008 3720 vitia
3037 3666 3226 3721 inolita
3272 3667 3540 3737 deponat;
3574 3676 3637 3725 ut

2057 3769 2217 3825 quem
2245 3754 2415 3810 semel
2462 3754 2611 3809 illata
2638 3755 3038 3813 animadversio
3077 3773 3183 3813 non
3228 3759 3492 3826 coercuit,
3525 3759 3635 3814 fre-

2057 3860 2234 3915 quens
2294 3844 2556 3901 severitas
2616 3852 2836 3900 censeat
2898 3846 3311 3903 emendandum.
3374 3847 3635 3915 Quamvis

2056 3931 2421 4005 frequentium
2443 3935 2991 4005 gravissimorumque
3012 3936 3265 3991 vitiorum
3286 3938 3543 4009 voragine
3561 3937 3635 3993 sit

2056 4024 2285 4093 quisque
2312 4025 2634 4091 immersus,
2683 4041 2792 4080 non
2847 4034 2931 4081 est
2985 4034 3161 4082 tamen
3212 4044 3244 4084 a
3298 4031 3631 4087 monasterio

2054 4117 2443 4188 projiciendus,
2474 4119 2569 4173 sed
2598 4116 2753 4189 juxta
2781 4118 3097 4188 qualitatem
3143 4121 3325 4176 delicti
3371 4138 3629 4179 coercen-

2056 4207 2157 4262 dus
2195 4215 2309 4274 est;
2349 4224 2418 4263 ne
2442 4207 2603 4275 forte,
2631 4210 2722 4279 qui
2757 4217 2970 4279 poterat
2997 4226 3094 4281 per
3121 4212 3431 4267 diuturnam
3454 4215 3631 4284 pteni-

2056 4297 2298 4353 tudinem
2319 4297 2618 4365 emcndari,
2651 4300 2775 4354 dum
2803 4300 3107 4370 projicitur,
3131 4318 3226 4358 ore
3254 4303 3448 4358 diaboli
3470 4305 3632 4360 (levo-

2055 4397 2223 4442 retur.
2254 4388 2452 4443 Beatus
2477 4396 2659 4444 autem
2692 4389 2995 4446 Macharius
3027 4391 3185 4446 aliter
3210 4392 3264 4447 in
3286 4408 3383 4448 sua
3414 4394 3622 4465 Regula

2052 4480 2127 4534 ait
2153 4499 2164 4533 :
2200 4478 2302 4547 Qui
2335 4481 2550 4550 saepius,
2584 4480 2778 4552 inquit,
2801 4483 3111 4553 corripitur,
3142 4491 3196 4538 et
3224 4500 3329 4540 non
3356 4500 3414 4541 se
3442 4500 3625 4540 emen-

2053 4572 2283 4643 daverit,
2327 4580 2619 4628 extraneas
2652 4573 2935 4640 habeatur,
2965 4574 3104 4630 sicut
3147 4575 3285 4630 dixit
3318 4576 3621 4634 Dominus:

2058 4656 2136 4718 8η
2162 4664 2258 4718 tibi
2296 4664 2432 4719 sicut
2466 4665 2701 4719 ethnicus
2736 4675 2785 4718 et
2810 4666 3143 4736 publicanus.
3168 4667 3366 4723 Beatus
3396 4668 3632 4726 Basilius

2056 4760 2130 4806 Ita
2166 4771 2177 4806 :
2208 4753 2310 4821 Qui
2339 4768 2437 4823 pro
2462 4760 2686 4823 peccato
2713 4769 2822 4808 non
2850 4755 3099 4824 poenitet,
3124 4757 3473 4813 abscindatur
3504 4767 3631 4812 tan-

2054 4860 2218 4916 quam
2241 4845 2603 4914 putrefactum
2632 4846 2937 4900 membrum
2986 4862 3017 4900 a
3063 4863 3316 4918 corpore,
3366 4849 3629 4920 scriptum

2053 4943 2138 4989 cst
2164 4936 2309 4988 enim
2339 4934 2464 5003 quia
2486 4934 2690 5004 expedit
2737 4945 2794 4989 ut
2839 4947 3014 5007 pereat
3068 4954 3233 4993 unum
3278 4939 3628 4996 membrorum

2052 5032 2286 5089 tuorum,
2326 5030 2532 5078 ct‘non
2584 5039 2747 5080 omne
2767 5043 2954 5097 corpus
2985 5038 3133 5082 tuum
3161 5030 3404 5083 mittatur
3443 5031 3500 5085 in
3541 5047 3627 5101 ge-

2052 5113 2313 5178 hennam;
2343 5113 2470 5183 quia
2513 5115 2563 5171 ei
2611 5130 2838 5186 parcere
2886 5131 3046 5188 quem
3080 5117 3339 5175 Dominus
3372 5121 3628 5175 condem-

2053 5204 2221 5271 navit,
2252 5206 2389 5262 velle
2413 5213 2563 5261 tuum
2594 5223 2701 5263 non
2725 5218 2829 5264 est.
2865 5209 2924 5263 in
2960 5209 3221 5266 Orientali
3255 5213 3398 5267 enim
3427 5211 3629 5281 Regula

2053 5294 2134 5349 sic
2158 5295 2462 5353 invenimus
2496 5317 2508 5351 :
2539 5297 2597 5353 Si
2627 5297 2793 5354 fuerit
2825 5299 3022 5371 aliquis
3059 5311 3169 5357 tam
3200 5302 3368 5358 durus
3415 5310 3470 5357 et
3517 5312 3630 5357 tam

2058 5385 2267 5441 alienus
2297 5403 2328 5441 a
2361 5387 2558 5442 timore
2587 5387 2825 5455 Domini,
2869 5398 2929 5443 ut
2974 5397 3054 5445 tot
3085 5391 3534 5461 castigationibus
3576 5398 3634 5445 et

2059 5482 2137 5530 tot
2158 5477 2568 5532 remissionibus
2592 5493 2699 5531 non
2722 5480 3060 5547 emendetur,
3086 5479 3402 5553 projiciatur
3430 5483 3497 5537 de
3520 5498 3634 5537 mo-

2056 5570 2315 5635 nasterio,
2347 5578 2401 5623 et
2426 5569 2572 5624 velut
2608 5578 2900 5628 extraneus
2946 5573 3233 5640 habeatur,
3269 5592 3334 5630 nc
3381 5575 3515 5632 vitio
3567 5574 3633 5630 il-

2055 5658 2157 5717 lius
2175 5659 2263 5716 alii
2289 5661 2680 5733 periclitentur.
2717 5662 2869 5722 Unde
2894 5673 2948 5721 et
2977 5666 3222 5735 sequitur
3252 5684 3267 5722 ;
