3944 6414
197 282 300 340 857

1261 289 1613 347 COMMENT.
1657 291 1724 347 IN
1764 292 1922 349 REG.
1965 295 2024 351 S.
2064 297 2442 356 BENEDICTI.

3338 306 3445 363 858

265 394 337 449 Et
366 395 558 451 iterum
589 412 608 450 :
643 395 883 465 Inﬁdslis
911 398 958 451 si
1004 397 1242 463 discedit,
1289 400 1525 456 discedat
1548 401 1602 473 (ι
1646 401 1769 457 Cor.
1798 403 1850 464 Α
1877 410 1957 458 tes
1984 416 2230 478 receptus
2257 410 2441 465 tandiu
2473 411 2832 478 examinetur,
2866 413 3164 485 usquedum
3192 416 3449 481 probabi—

191 485 313 559 νυ).
354 484 413 542 Id
435 494 543 552 est,
565 487 612 543 si
650 486 766 541 vult
799 488 970 553 abire,
1014 490 1193 545 abeat.
1223 491 1290 544 Et
1319 505 1424 546 non
1455 491 1560 547 hoc
1603 494 1770 548 abbas

194 577 610 648 grandipendat,
636 586 732 633 aut
753 580 1027 650 culpatum
1067 598 1127 637 se
1149 581 1374 650 iudicet,
1407 586 1452 641 si
1480 601 1610 642 suus
1647 587 1769 641 inti-

193 667 333 723 delis
361 668 593 724 discedit
641 672 941 727 monachus
971 690 984 726 :
1014 673 1141 741 quia
1180 674 1224 727 si
1255 673 1344 729 ille
1382 677 1605 746 proprio
1635 678 1770 733 vitio

192 757 510 812 monasterii
530 758 734 813 deserit
750 760 1008 825 claustra,
1027 762 1081 816 in
1104 762 1357 817 abbatem
1381 778 1487 818 non
1505 764 1769 820 redundat

192 848 311 918 ejus
336 851 546 919 peccati
575 850 808 906 macula.
833 850 935 919 Qui
959 852 1107 907 enim
1134 853 1285 923 prius
1312 854 1544 909 discedit
1562 864 1764 920 mente,

192 956 415 999 necesse
440 949 526 998 est
564 944 909 1013 postmodum
963 943 1208 1000 discedat
1228 954 1285 1000 et
1330 959 1576 1015 corpore,
1604 961 1673 1003 ne
1696 947 1766 1002 ab

191 1032 284 1088 illo
334 1033 426 1088 fiat
450 1034 503 1089 in
531 1048 694 1106 grege
718 1034 862 1102 quod
890 1035 1138 1104 sequitur
1170 1053 1185 1088 :

265 1120 350 1176 Ne
383 1137 492 1176 una
518 1124 628 1177 ovis
661 1123 902 1177 morbida
947 1140 1153 1180 omnem
1198 1142 1402 1196 gregem
1448 1130 1765 1185 contaminet

189 1214 405 1288 (Ibid.).
444 1215 686 1272 Morbum
721 1218 843 1273 ideo
873 1230 1087 1275 veteres
1115 1220 1537 1290 appellavemnt,
1559 1230 1621 1277 ut
1647 1224 1762 1292 ipsa

191 1308 549 1379 appellatione
586 1309 696 1363 vim
723 1310 937 1375 mortis,
980 1326 1102 1381 quae
1146 1327 1214 1367 ex
1258 1327 1324 1368 eo
1361 1313 1622 1379 nascitur,
1669 1314 1762 1368 de-

189 1406 574 1454 monstrarent.
608 1398 744 1454 Nam
774 1400 922 1456 inter
944 1401 1233 1456 sanitatem
1265 1409 1323 1458 et
1357 1403 1605 1458 morbum
1643 1418 1758 1458 me-

188 1490 275 1544 dia
313 1497 398 1545 est
418 1491 648 1556 curatio,
678 1505 800 1560 quae
827 1491 931 1546 nisi
961 1492 1152 1547 morbo
1183 1483 1465 1564 congruat,
1489 1509 1599 1549 non
1637 1509 1761 1563 per-

186 1578 337 1633 ducit
360 1580 427 1633 ad
453 1580 764 1635 sanitatem.
808 1579 960 1647 Quod
990 1589 1172 1636 autem
1196 1582 1349 1647 dicit,
1405 1584 1755 1648 contaminet,

1872 492 1938 548 Iis
1968 494 2086 564 ejus
2112 498 2222 552 vita
2250 499 2577 555 inveniatur.

2439 590 2665 648 CAPUT
2699 593 2869 649 XXX.
3342 649 3348 655 .

1975 672 2052 729 De
2079 677 2254 745 pueris
2283 679 2476 733 minori
2495 690 2667 746 (etate,
2694 684 2924 754 qualiter
2952 687 3328 756 corripiantur.

1938 761 2124 820 Omnis
2172 775 2302 820 tetas
2332 767 2409 822 vel
2449 768 2741 825 intellectus
2790 774 3029 843 proprias
3051 774 3196 829 debet
3245 776 3441 832 habere

1865 866 2157 907 mensuras.
2183 854 2242 908 Id
2283 864 2396 920 est,
2422 856 2609 926 iudicii
2637 859 2918 929 disciplina
2946 877 3053 916 non
3094 863 3437 921 uniformiter

1863 948 1950 994 est
1968 942 2221 998 omnibus
2235 944 2557 1013 exhibenda,
2574 948 2669 1002 sed
2695 949 2993 1004 secundum
3015 952 3435 1025 uniuscujusque

1862 1038 2076 1088 :etatem
2105 1035 2188 1090 vel
2219 1037 2548 1093 intellectum
2584 1055 2707 1113 cum
2729 1058 2924 1115 magno
2949 1054 3033 1100 est
3069 1051 3437 1109 moderamine

1863 1118 2161 1177 inferenda.
2192 1123 2365 1180 Aliter
2409 1128 2552 1183 enim
2601 1131 2829 1198 parvuli,
2880 1134 3042 1190 aliter
3070 1136 3439 1198 adolescentes

1860 1218 1915 1263 et
1938 1209 2185 1279 juvenes,
2216 1213 2376 1268 aliter
2401 1230 2580 1283 senes,
2620 1218 2777 1274 aliter
2806 1235 2933 1277 vero
2962 1224 3233 1294 decrepita
3271 1230 3436 1298 positi

1860 1299 2060 1356 debent
2076 1303 2306 1373 judicari
2345 1314 2521 1362 aetate.

1928 1389 2158 1463 Ideoque
2198 1397 2401 1464 quoties
2429 1398 2579 1467 pueri
2622 1398 2699 1455 vel
2747 1400 3181 1460 adolescentiores
3232 1415 3429 1470 (etate,

1856 1489 1951 1534 aut
1972 1482 2063 1552 qui
2089 1484 2261 1539 minus
2284 1485 2571 1557 intelligere
2594 1501 2829 1559 possunt,
2850 1504 3048 1562 quanta
3074 1512 3225 1564 paena
3250 1497 3318 1551 sit
3339 1514 3428 1559 ex-

1856 1572 2376 1637 communicationis;
2414 1576 2468 1629 Ιιί
2507 1577 2639 1632 tales
2674 1579 2800 1634 dum
2838 1579 3166 1652 delinquunt,
3212 1593 3306 1638 aut
3337 1586 3429 1655 je-

188 1670 529 1740 inwnigimr’
556 1670 763 1740 ροηηει
804 1671 890 1725 νει
937 1669 1199 1740 inquinet,
1244 1670 1566 1743 contagium
1613 1673 1755 1727 enim
1846 1659 2019 1728 juniis
2047 1662 2220 1717 nimiis
2243 1665 2558 1735 aﬂligantur,
2585 1678 2675 1721 aut
2703 1670 2863 1723 arctis
2894 1668 3023 1741 [AI.,
3054 1672 3300 1738 acribus;
3334 1674 3431 1733 aL.

186 1760 386 1814 dicitur
412 1760 796 1815 ωηωπηίηεηίο
815 1760 1123 1824 criminum,
1148 1761 1386 1827 miseria,
1410 1762 1577 1815 animi
1612 1777 1757 1816 ωοιι.
1784 1744 1830 1804 Β
1856 1750 2055 1822 actius]
2085 1753 2381 1808 verberibus
2418 1766 2756 1811 coerceantur
2778 1768 2835 1812 ut
2883 1770 3156 1816 sanentur.
3186 1762 3263 1818 De
3312 1765 3435 1820 tali-

186 1848 305 1921 bus,
337 1848 636 1913 calamitas,
660 1848 746 1903 vel
773 1848 1140 1919 coinquinatio
1184 1850 1400 1904 mentis.
1437 1850 1757 1921 Contagium

183 1940 329 1993 enim
355 1955 387 1994 a
414 1938 775 2011 contiugendo
789 1940 1011 1996 dictum.
1041 1940 1312 2011 Quidquid
1338 1943 1484 1998 enim
1501 1944 1759 2015 tetigerit,

183 2030 397 2101 polluit.

731 2142 957 2200 CAPUT
994 2142 1185 2199 XXIX.

183 2271 243 2330 Si
293 2273 512 2330 debeant
569 2275 761 2345 fratres
815 2288 1058 2360 exeuntes
1100 2278 1166 2333 de
1207 2281 1525 2335 monasterio
1566 2282 1755 2336 iterum

870 2364 1045 2418 recipi.

257 2478 449 2535 Frater
475 2482 566 2553 qui
592 2484 803 2553 proprio
827 2484 950 2538 vitio
978 2484 1243 2555 egreditur
1266 2495 1356 2540 aut
1386 2488 1666 2557 projicitur
1690 2488 1755 2544 de

181 2574 519 2639 monasterio,
548 2575 593 2627 si
631 2576 811 2629 reverti
848 2574 1086 2643 voluerit,
1115 2578 1368 2647 spondeat
1384 2580 1531 2649 prius
1551 2597 1754 2636 omnem

179 2662 597 2718 emendationem
622 2665 732 2719 vitii
758 2682 854 2735 pro
876 2682 979 2737 quo
1008 2683 1242 2737 egressus
1279 2678 1387 2736 est;
1422 2679 1470 2724 et
1495 2672 1572 2724 sic
1591 2671 1646 2725 in
1673 2670 1755 2724 ul-

178 2756 310 2809 timo
332 2756 502 2826 gradu
530 2757 834 2827 recipiatur,
864 2767 922 2812 ut
954 2775 1020 2813 ea:
1052 2760 1151 2814 hoc
1174 2760 1292 2831 ejus
1319 2760 1591 2816 humilitas
1610 2778 1754 2816 com-

178 2846 447 2915 probetur.
476 2845 629 2913 Quod
657 2849 705 2902 si
732 2848 906 2903 denuo
928 2851 1139 2916 exierit,
1161 2867 1326 2922 usque
1347 2854 1499 2906 tertio
1531 2853 1753 2923 recipia-

178 2945 286 2989 tur.
312 2935 437 2989 Jam
464 2954 581 2992 vero
600 2947 777 3007 postea
806 2940 940 2994 sciat
958 2955 1162 2994 omnem
1178 2942 1279 2995 sibi
1308 2943 1616 2997 reversionis
1634 2944 1744 2997 adi-

180 3036 293 3080 tum
323 3028 590 3097 denegari.
637 3029 772 3085 Hinc
817 3031 1033 3099 quidam
1061 3033 1319 3101 magister
1362 3034 1746 3088 monachorum

181 3116 315 3170 dicit
344 3133 358 3169 :
385 3116 577 3172 Frater
599 3118 655 3172 si.
670 3119 867 3173 exierit
908 3118 1216 3188 frequenter
1260 3120 1326 3175 de
1375 3121 1708 3176 monasterio
1734 3161 1750 3187 ,

179 3221 355 3275 usque
403 3206 456 3261 in
508 3209 726 3264 tertium
780 3225 1029 3266 reversus
1060 3212 1465 3281 resuscipiatur.
1508 3212 1752 3281 Amplius

180 3314 290 3353 non
311 3298 444 3367 jam.
496 3299 693 3369 thuid
722 3302 777 3355 in
816 3304 1144 3358 monasterio
1160 3302 1274 3371 jam
1310 3318 1445 3373 opus
1472 3305 1564 3369 sit,
1589 3320 1752 3374 quem

181 3389 325 3445 Deus
352 3405 458 3444 non
487 3391 760 3459 possidet?
795 3391 1029 3463 Ideoque
1057 3402 1178 3462 post
1206 3395 1419 3449 tertiam
1446 3395 1750 3465 correptio-

181 3493 305 3533 nem
318 3478 465 3547 juste
486 3483 815 3539 monasterio
843 3484 916 3538 sit
942 3491 1007 3538 ut
1042 3485 1291 3541 ethnicus
1316 3495 1371 3541 et
1407 3486 1749 3556 publicanus.

178 3570 318 3628 Ilinc
365 3574 649 3630 Ferreolus
694 3575 772 3629 ait
813 3592 829 3631 :
868 3576 1171 3647 Fugitivum
1218 3593 1348 3633 vero
1386 3581 1748 3645 monaclmm,

178 3660 517 3716 deserentem
540 3662 881 3731 disciplinam
907 3660 973 3717 et
988 3667 1303 3732 perdentem
1333 3681 1425 3732 se,
1453 3668 1596 3722 velut
1623 3684 1751 3723 con-

178 3762 505 3822 temptorem
538 3751 741 3820 placuit
773 3767 1047 3806 revocare.
1080 3754 1217 3809 Hinc
1248 3765 1470 3810 sanctus
1494 3758 1755 3814 Fructuo-

177 3860 271 3900 sus
300 3843 586 3913 episcopus
621 3842 740 3895 ait:
775 3840 913 3896 Cum
938 3842 1131 3911 aliquis
1176 3858 1271 3913 per
1296 3844 1485 3898 vitium
1534 3845 1752 3915 elapsus

178 3935 346 4021 foe/cit
371 3949 405 3988 a'
428 3933 784 3998 monasterio,
812 3932 866 3986 in
895 3932 1040 3988 aliud
1074 3949 1181 3989 non
1232 3934 1525 4003 recipiatur
1567 3950 1752 3990 (‘an-

177 4028 349 4090 bium,
378 4039 557 4095 neque
585 4024 1040 4081 in-bumanitatis
1083 4024 1423 4089 charitatem,
1468 4040 1642 4094 neque
1694 4026 1749 4080 in

177 4118 331 4188 pacis
373 4115 651 4180 osculum,
699 4114 794 4169 sed
839 4115 1095 4170 emrtinuo
1135 4115 1333 4169 vinctis
1379 4122 1503 4184 post
1538 4125 1748 4186 tergum

181 4207 431 4263 manibus
456 4205 637 4259 abbati
694 4205 983 4259 reducatur
1020 4205 1261 4274 preprio.
1311 4205 1443 4259 Item
1497 4202 1652 4275 ipse:
1690 4204 1748 4261 ᾖ

177 4307 328 4353 certe
352 4296 452 4366 ipsi
488 4302 745 4365 apostatat
787 4295 855 4350 ab
882 4296 1133 4349 omnibus
1175 4294 1377 4349 fuerint
1411 4296 1644 4364 expulsi,
1695 4305 1751 4353 et

1857 1841 1959 1896 bus
1983 1844 2127 1898 enim
2153 1843 2406 1899 Salomon
2426 1846 2504 1901 ait
2535 1865 2549 1901 :
2582 1847 2820 1903 Stultitia
2846 1850 3089 1921 colligata
3115 1862 3190 1906 est
3211 1853 3266 1908 in
3278 1854 3436 1910 cordo

1855 1933 2028 2001 pueri,
2057 1943 2106 1988 et
2149 1935 2294 2004 virga
2325 1935 2615 2007 disciplima
2640 1938 2846 2008 fugabit
2874 1956 2990 1994 eam
3037 1939 3217 2011 (Prov.
3268 1942 3429 2015 nu).

1855 2022 1993 2079 Hinc
2014 2024 2250 2081 Isidorus
2266 2027 2372 2081 ait:
2393 2027 2448 2081 lu
2477 2028 2672 2084 minori
2693 2037 2852 2086 :ctate
2866 2032 3145 2087 constituti
3174 2048 3280 2089 non
3302 2044 3432 2090 sunt

1856 2118 2139 2172 coercendi
2165 2119 2431 2174 sententia
2461 2122 3054 2189 excommunicationis,
3067 2125 3160 2179 sed
3179 2140 3278 2193 pro
3297 2141 3433 2194 qua-

1855 2208 2005 2264 litate
2033 2210 2370 2282 negligentia:
2385 2216 2636 2284 congruis
2658 2215 2977 2271 emendandi
3003 2225 3127 2272 sunt
3152 2216 3348 2286 plagis,
3372 2224 3435 2273 ut

1853 2316 1991 2381 quos
2030 2306 2205 2357 altatis
2247 2302 2535 2360 infirmitas
2560 2320 2591 2359 a
2623 2306 2776 2377 culpa
2818 2323 2924 2363 non
2951 2317 3191 2374 revocat,
3230 2309 3427 2381 ﬂagelli

1854 2375 2137 2462 disciplina
2165 2404 2491 2465 compescat.
2507 2395 2586 2451 Illi
2599 2375 2729 2451 vero
2749 2395 2946 2453 fratres
2974 2407 3097 2468 post
3116 2375 3424 2469 quindecim

1855 2496 2027 2537 annos
2073 2484 2252 2538 aetatis
2293 2485 2564 2553 vapulent,
2615 2486 2707 2555 qui
2745 2487 2881 2541 satis
2918 2502 3136 2558 gravem
3165 2497 3259 2543 aut
3299 2489 3430 2545 furti

1853 2570 2060 2642 fugacis
2078 2582 2170 2628 aut
2193 2574 2530 2631 criminalem
2557 2576 2769 2648 culpam
2795 2578 3206 2635 commiserunt.

2408 2681 2635 2740 CAPUT
2670 2684 2863 2740 XXXI.
2960 2722 2965 2725 -

2135 2752 2213 2806 De
2240 2752 2509 2807 cellerario
2537 2757 2841 2809 monasterii
2861 2757 3033 2828 qualis
3058 2758 3146 2812 sit.

1924 2842 2241 2898 Cellerarius
2292 2845 2595 2899 monasterii
2649 2845 2875 2916 eligatur
2920 2847 2985 2903 de
3031 2853 3431 2921 congregatione

1850 2935 2076 3004 sapiens.
2109 2935 2451 3003 Cellerarius,
2480 2939 2569 3007 qui
2600 2939 2773 2994 servis
2806 2939 2900 2994 Dei
2941 2942 3300 2996 substantiam
3326 2943 3428 2997 mi—

1852 3026 2070 3091 nistrat,
2092 3040 2280 3081 eorum
2327 3027 2532 3082 cibaria
2576 3028 2873 3098 dispensat,
2913 3031 3195 3099 prudentia
3237 3031 3430 3100 plenus

1777 3087 1823 3148 θ
1855 3122 1911 3169 et
1936 3087 2199 3184 sapientia
2230 3117 2388 3172 debet
2438 3129 2559 3173 esse
2609 3087 2884 3188 prteditus,
2913 3087 2973 3174 ut
3001 3087 3297 3190 prudenter
3336 3087 3424 3178 sa-;

1852 3206 2169 3277 pienterque
2212 3216 2269 3263 et
2307 3207 2669 3279 dispensanda
2717 3211 3012 3281 dispenset,
3042 3220 3095 3267 et
3140 3229 3259 3283 quze
3302 3223 3429 3271 sunt

1852 3298 2220 3354 conservanda
2246 3308 2565 3367 conservet;
2610 3301 2736 3372 quia
2778 3302 2870 3371 qui
2915 3303 3209 3359 secundum
3255 3305 3426 3360 Deum

1853 3388 2069 3457 sapiens
2096 3398 2201 3456 est,
2227 3390 2419 3447 beatus
2444 3402 2526 3448 est
2550 3411 2564 3448 :
2593 3401 2651 3449 et
2672 3395 2925 3450 neminem
2948 3395 3118 3466 diligit
3141 3396 3420 3462 Dominus,

1852 3480 1983 3535 dicit
2013 3480 2315 3550 Scriptura,
2349 3484 2450 3537 nisi
2474 3501 2590 3538 eum
2621 3486 2711 3555 qui
2739 3501 2856 3538 cum
2898 3487 3155 3556 sapientia
3185 3497 3426 3542 moratur

1851 3569 2002 3641 (Sap.
2031 3573 2153 3643 vn).
2195 3572 2333 3629 Hinc
2368 3574 2604 3631 Isidorus
2632 3576 2709 3630 ait
2740 3595 2752 3631 :
2787 3576 2930 3632 Nihil
2963 3579 3183 3648 prodest
3210 3596 3425 3636 omnem

1853 3662 1993 3717 scire
2022 3664 2362 3731 prudentiam
2413 3680 2535 3720 cum
2566 3666 2871 3737 ignorantia
2924 3668 3049 3729 Dei;
3099 3669 3233 3723 nihil
3270 3672 3429 3726 obest

1851 3753 2149 3807 scientibus
2218 3756 2505 3811 Dominum
2561 3758 2867 3827 ignorantia
2919 3760 3122 3814 mundi.
3179 3760 3426 3817 Perfecto

1850 3851 2029 3896 autem
2056 3844 2179 3907 scit,
2204 3846 2296 3912 qui
2322 3845 2491 3901 Deum
2520 3848 2693 3917 prius,
2725 3858 2780 3903 et
2824 3850 2927 3905 ista
2956 3867 3065 3906 non
3097 3867 3195 3920 pro
3221 3868 3299 3919 se,
3329 3854 3425 3909 sed

1849 3946 1947 3998 pro
1967 3931 2077 3985 Deo
2100 3933 2220 3986 scit.
2524 3984 2527 3987 ,

1922 4018 2166 4073 Maturus
2208 4021 2458 4076 moribus.
2505 4022 2701 4078 Maturi
2746 4026 2890 4080 enim
2946 4042 3127 4083 mores
3170 4029 3441 4086 dicuntur.

1847 4124 2061 4170 suaves,
2102 4111 2359 4176 modesti,
2404 4123 2453 4167 et
2484 4113 2776 4169 multarum
2806 4131 2985 4170 rerum
3010 4118 3341 4186 experientia
3366 4131 3424 4177 et

1849 4199 2104 4254 diuturno
2155 4209 2392 4270 tempore
2438 4204 2742 4272 temperati.
2790 4204 3060 4274 Scriptum
3091 4216 3174 4262 est
3223 4209 3417 4265 enim:
3466 4282 3469 4285 _

1850 4289 1985 4343 Cani
2025 4299 2144 4343 sunt
2182 4307 2366 4346 sensus
2413 4293 2669 4359 hominis,
2720 4304 2768 4348 et
2818 4303 2946 4348 a‘tas
2995 4297 3269 4351 senectutis
3313 4299 3422 4353 vita

182 4388 286 4442 huc
312 4386 545 4454 illucque
582 4393 838 4455 vagantes
862 4384 1089 4439 diversis
1119 4385 1250 4439 locis
1278 4385 1561 4440 instabiles
1584 4395 1755 4469 atque
1778 4424 1825 4482 Β
1852 4380 2190 4435 immaculata
2220 4381 2372 4453 (Sap.
2419 4385 2516 4482 tv).
2548 4385 2688 4456 Ergo
2720 4386 2945 4441 canities
2991 4387 3300 4447 honoranda
3335 4405 3423 4446 se—

181 4475 518 4539 vacillantes,
553 4489 653 4529 suo
686 4475 1015 4529 monasterio
1042 4490 1100 4531 se
1129 4477 1327 4530 reverti
1366 4474 1620 4545 petierint
1655 4464 1755 4534 ne;

181 4569 437 4625 cessitate
471 4567 753 4637 compulsi,
779 4567 833 4621 in
871 4562 1139 4623 conventu
1174 4570 1440 4640 majorum
1478 4571 1751 4627 deducan-

183 4669 293 4724 tur,
323 4667 378 4715 et
408 4667 469 4712 ut
491 4673 621 4711 vasa
652 4657 798 4728 ﬁguli
836 4657 891 4712 in
926 4657 1147 4714 fornace
1168 4661 1486 4730 probentur.
1514 4661 1582 4716 Et
1626 4677 1752 4719 cum

180 4749 390 4821 probati
405 4747 624 4811 fuerint,
656 4762 753 4802 suo
786 4750 1114 4804 monasterio
1141 4748 1530 4817 reformatur;
1550 4759 1609 4806 et
1641 4768 1750 4807 non

179 4839 375 4910 prima,
397 4838 492 4893 sed
516 4837 705 4892 ultima
726 4838 979 4895 cathedra
1009 4838 1358 4910 recipiantur.
1388 4840 1522 4896 Item
1548 4857 1615 4897 ex
1647 4842 1753 4898 Re-

179 4929 305 5002 gula
331 4927 609 4997 cujusdam
635 4945 648 4982 :
682 4925 740 4982 Si
764 4926 870 4983 ullo
891 4937 1151 4997 tempore,
1173 4930 1317 5000 quod
1339 4930 1502 4994 absit,
1534 4946 1566 4985 a
1593 4931 1750 4988 Chri-

178 5020 355 5076 stiana
389 5016 649 5089 religione
675 5016 845 5072 frater
879 5033 909 5072 a
936 5018 1104 5087 septis
1130 5020 1448 5075 monasterii
1479 5019 1747 5077 discesse-

178 5110 273 5174 rit,
305 5118 361 5163 et
384 5107 528 5163 foras
553 5106 763 5179 fugiens
781 5116 965 5177 postea
990 5108 1304 5165 recordatus
1349 5110 1595 5179 pristina:
1624 5112 1748 5167 reli-

179 5205 357 5276 gionis
388 5212 444 5259 et
484 5204 671 5259 aeterni
712 5202 900 5272 iudicii
926 5202 1208 5273 perculsus
1258 5204 1451 5259 timore
1500 5218 1749 5258 reversus

178 5294 374 5360 fuerit,
399 5295 549 5366 prius
589 5295 827 5350 omnium
876 5309 1086 5349 morum
1125 5294 1553 5349 emendationem
1589 5292 1749 5363 polli-

177 5392 367 5441 ceatur
396 5401 412 5438 :
442 5392 627 5453 postea
654 5383 699 5438 si
728 5383 1024 5453 probabilis
1061 5381 1177 5450 ejus
1205 5382 1525 5453 paenitentia
1576 5395 1748 5451 agno-

177 5483 387 5538 scatur,
426 5483 557 5529 tnnc
584 5474 800 5529 demum
829 5474 970 5528 intra
1001 5482 1153 5543 septa
1181 5472 1496 5529 monasterii
1526 5471 1726 5540 recipia

179 5572 288 5620 tur.
321 5565 390 5620 Et
414 5566 459 5621 si
489 5565 574 5622 bis
602 5574 697 5620 aut
720 5565 880 5619 tertio
932 5565 1037 5620 hoc
1078 5564 1289 5628 fecerit,
1324 5563 1489 5618 simili
1545 5562 1748 5632 pietate

184 5656 459 5721 foveatur;
496 5656 575 5711 sie
603 5662 783 5710 tamen
810 5661 870 5711 ut
897 5661 1139 5709 extremo
1165 5651 1282 5708 loco
1315 5651 1457 5708 inter
1480 5650 1746 5722 poeniten-

1854 4476 2149 4539 neetusquc
2170 4474 2498 4538 veneranda,
2541 4481 2597 4528 et
2642 4484 2790 4542 tetas,
2822 4484 3029 4530 matura
3059 4491 3165 4531 non
3208 4486 3422 4535 tantum

1853 4562 1909 4616 in
1938 4578 2164 4631 corpore
2186 4564 2279 4620 sed
2303 4573 2359 4619 et
2386 4564 2441 4619 in
2466 4567 2712 4620 sensibus
2737 4566 2974 4622 hominis
3002 4567 3292 4633 invenitur,
3328 4572 3423 4626 ubi

1851 4651 2032 4705 omnia
2063 4652 2202 4706 bona
2257 4668 2378 4722 qua:
2432 4669 2462 4707 a
2519 4653 2629 4708 Deo
2673 4655 3050 4724 accipiuntur,
3096 4664 3153 4711 et
3190 4657 3426 4718 discrcte

1851 4752 2267 4813 componuntur,
2298 4752 2353 4799 et
2377 4746 2769 4804 rationabiliter
2798 4748 3203 4816 discernuntur,
3233 4761 3289 4806 et
3327 4752 3422 4807 ﬁr-

1852 4836 2013 4891 miter
2040 4844 2452 4891 conservantur.

1926 4924 2167 4981 Sobrius.
2216 4925 2442 4982 Sobrius
2472 4926 2792 4998 intelligitur
2815 4935 3028 4995 cautus,
3056 4928 3142 4985 vel
3183 4931 3420 4987 conside-

1855 5026 2006 5071 ratus
2029 5017 2082 5072 in
2123 5017 2245 5074 cibo
2284 5026 2341 5072 et
2366 5027 2516 5087 potu,
2548 5017 2772 5087 frugalis
2798 5026 2854 5073 et
2902 5033 3119 5089 parcus,
3161 5020 3325 5076 verbo
3373 5029 3423 5077 et

1853 5121 2016 5175 opere
2045 5115 2393 5176 temperatus.
2428 5108 2566 5163 lliuc
2587 5108 2788 5164 Paulus
2807 5108 2884 5163 ait
2910 5126 2924 5162 :
2956 5108 3081 5163 Non
3101 5109 3221 5179 plus
3245 5127 3426 5178 sapere

1850 5212 2010 5266 quam
2062 5205 2259 5265 oportet
2318 5214 2537 5265 sapere,
2597 5198 2690 5252 sed
2734 5213 2917 5267 sapere
2977 5196 3047 5251 ad
3095 5198 3424 5255 sobrietatem

1855 5285 2028 5357 (Rom.
2070 5286 2189 5357 xu),
2227 5286 2280 5341 id
2309 5294 2412 5352 est,
2438 5295 2756 5357 temperate.
2801 5287 3122 5359 Temperate
3151 5289 3295 5343 enim
3332 5289 3423 5345 de-

1844 5377 1935 5432 bet
1960 5390 2149 5445 sapere
2172 5376 2502 5442 cellerarius,
2536 5386 2834 5449 temperate
2878 5378 3079 5444 vivere,
3118 5387 3423 5447 temperate

1846 5462 2017 5533 loqui,
2066 5472 2121 5519 et
2156 5480 2217 5519 ea
2257 5480 2375 5534 qum
2428 5465 2784 5521 ministranda
2812 5474 2939 5521 sunt
2975 5465 3255 5531 fratribus,
3280 5473 3419 5521 tem-

1848 5563 2032 5623 perate
2092 5555 2423 5612 ministrare.
2476 5555 2704 5613 Sobrius
2760 5564 2982 5622 mente,
3043 5556 3308 5611 discretus
3364 5556 3420 5613 in

1849 5661 2030 5717 Opere,
2063 5648 2244 5705 suavis
2271 5650 2323 5705 in
2354 5650 2517 5707 verbo
2545 5659 2600 5707 et
2647 5651 2820 5707 dulcis
2865 5650 3096 5721 eloquio.
3144 5649 3417 5719 Scriptum
