3944 6418
487 279 594 334 859

1793 279 2073 337 SMARAG
2082 278 2142 334 Dl
2178 276 2467 332 ABBATIS

3630 279 3739 335 880

487 399 573 447 est
597 393 740 449 aiim
772 411 785 446 :
816 393 1039 463 Sapiens
1069 395 1126 448 in
1157 391 1323 448 verbis
1351 391 1578 462 seipsunt
1618 390 1897 445 amabilem
1924 391 2052 460 facit
2082 391 2129 449 A
2150 385 2327 459 iurgia
2357 388 2652 442 concitant.
2707 387 2905 444 Contra
2930 404 3067 458 quos
3111 389 3333 460 angelus
3352 390 3590 447 crudelis
3618 394 3739 448 mit-

491 480 680 552 (Eccli.
702 482 816 553 xx).
843 482 1040 548 Et,Qui
1058 483 1267 553 sapiens
1289 490 1363 534 est
1378 482 1554 546 corde,
1572 480 1922 551 appellabitur
1932 497 2059 550 pru—

487 572 615 624 dens
643 569 827 642 (Prov.
855 570 988 643 xw).
1009 570 1096 636 Et,
1128 570 1232 636 Qui
1260 569 1431 624 dulcis
1454 568 1683 643 eloquio,
1706 568 1913 639 majora
1947 584 2063 638 per-

486 657 639 730 cipiat
670 660 886 731 (Ibid.).

560 749 687 804 Non
738 750 965 806 multum
1008 752 1163 807 edax.
1217 750 1442 805 Multum
1492 749 1637 804 enim
1689 749 1825 803 edax
1865 746 2064 803 dicitur

487 839 663 911 gluco,
694 850 936 908 vorator,
967 841 1114 911 quod
1144 841 1469 896 monachum
1521 847 1577 894 et
1624 839 1861 893 maxime
1904 836 2065 891 celle-

487 932 691 987 rarinm
711 948 819 988 non
847 934 1023 989 decet.
1061 933 1180 990 Non
1206 934 1351 988 enim
1372 931 1637 1003 gluconis,
1672 930 1767 985 sed
1791 928 2065 985 abstinen-

487 1023 558 1077 tis
586 1023 838 1077 monachi
867 1024 1042 1077 oratio
1074 1031 1325 1092 penetrat
1351 1022 1569 1077 emtum.
1598 1020 1893 1075 Abstineas
1919 1019 2063 1074 enim

488 1111 654 1165 homo
678 1111 936 1180 spiritalis
960 1110 1209 1177 eflicitur,
1250 1110 1454 1181 angelis
1475 1110 1735 1174 sociatur,
1757 1116 1812 1163 et
1831 1106 2063 1163 creatori

486 1215 584 1253 suo
629 1199 840 1254 facilius
881 1201 1296 1269 appropinquat,
1341 1200 1482 1253 sicut
1508 1198 1771 1267 scriptum
1800 1206 1884 1252 est
1912 1214 1926 1251 :
1956 1197 2064 1268 Ap-

485 1290 830 1359 propinquate
859 1288 1000 1355 Deo,
1042 1300 1087 1344 et
1107 1288 1541 1359 appropinquabit
1557 1286 1719 1341 vobis.
1752 1286 1960 1341 Bonum
1979 1294 2063 1342 est

481 1397 612 1453 ergo
638 1396 832 1437 cavere
856 1384 1064 1437 ventris
1085 1383 1397 1453 ingluviem,
1417 1397 1485 1437 ne
1510 1382 1564 1436 in
1586 1387 1851 1436 aeternum
1873 1380 2063 1435 vivens

481 1474 660 1527 anima
695 1474 1026 1529 destruendo
1076 1474 1337 1529 subdatur
1390 1475 1588 1539 ventri,
1622 1482 1679 1528 et
1718 1488 1748 1528 a
1779 1474 2062 1528 destruen-

483 1564 569 1619 dis
589 1564 903 1619 dominetur
925 1565 1086 1619 escis.
1120 1565 1196 1619 De
1220 1571 1409 1619 ventre
1435 1575 1615 1619 autem
1643 1573 1697 1619 et
1718 1579 1843 1619 esca
1869 1563 2062 1619 scribit

481 1655 768 1725 Apostolus
798 1670 811 1708 :
844 1654 982 1710 Esca
1010 1656 1175 1709 ventri
1204 1665 1254 1710 et
1282 1665 1462 1709 venter
1495 1656 1628 1710 escis
1652 1670 1670 1708 :
1698 1654 1840 1711 Deus
1884 1665 2058 1709 autent

2163 479 2314 543 titur,
2348 479 2474 548 quia
2508 477 2614 533 illis
2640 477 2815 533 locum
2843 479 3095 534 dantibus
3129 489 3324 535 contra
3379 496 3475 538 eos
3522 483 3736 538 anima-

2161 582 2284 623 rum
2320 567 2551 624 bellator
2576 567 2803 623 infestus
2831 570 3078 626 diabolus
3106 572 3430 627 concitatur.

2236 658 2361 714 Non
2396 659 2603 713 tardus.
2652 658 2863 715 Tardus
2906 661 3052 715 enim
3092 662 3292 716 dicitur
3333 663 3524 734 piger,
3560 663 3739 720 lentus

2161 748 2248 803 vel
2266 748 2498 817 tepidus.
2523 747 2640 805 Non
2663 749 2809 803 enim
2825 749 2980 805 decet
3005 750 3344 806 eellerarinm
3368 767 3492 809 esse
3521 754 3738 811 tardum

2163 840 2249 895 vel
2276 841 2515 911 pigrum,
2544 855 2616 897 ne
2643 840 2784 897 forte
2812 842 3025 898 dicatur
3047 843 3114 898 de
3135 844 3228 900 illo
3259 860 3276 901 :
3309 844 3593 903 Abscondit
3620 864 3739 902 nta-

2162 946 2288 985 nunt
2305 932 2451 1000 piger
2482 931 2577 985 sub
2599 930 2812 994 ascella.
2853 948 2946 987 nec
2989 933 3058 988 ad
3086 950 3144 989 os
3169 951 3325 990 suum
3345 934 3573 1006 applicet
3621 953 3739 992 eam

2166 1018 2551 1092 (Prov..xxvt).
2581 1021 2717 1075 Eum
2765 1030 2945 1077 autem
2990 1038 3100 1079 non
3134 1024 3289 1080 decet
3329 1040 3454 1081 esse
3500 1028 3734 1089 tardum.

2162 1108 2258 1176 qui
2288 1107 2475 1163 multis
2502 1109 2662 1163 debet
2689 1108 3000 1178 impendere
3026 1112 3327 1168 servitium.
3360 1113 3472 1170 Sed
3510 1130 3739 1171 necesse

2164 1209 2251 1256 est
2290 1210 2350 1257 ut
2385 1200 2458 1254 sit
2493 1201 2649 1256 velox
2697 1203 2765 1257 ad
2808 1204 3155 1270 audiendum,
3198 1205 3355 1262 velox
3395 1209 3465 1263 ad
3498 1208 3739 1263 servien-

2164 1291 2315 1356 dum,
2353 1291 2539 1346 tardus
2585 1300 2767 1347 autem
2812 1294 2881 1350 ad
2925 1296 3291 1352 excusandum
3329 1305 3389 1352 et
3438 1298 3628 1355 tardus
3668 1298 3739 1352 ad

2166 1395 2323 1435 traun

2237 1472 2361 1528 Non
2388 1474 2659 1545 prodigus.
2701 1473 2965 1546 Prodigus
3002 1476 3145 1530 enim
3191 1476 3389 1532 dicitur
3424 1477 3588 1532 nimis
3625 1475 3737 1532 lar—

2164 1579 2280 1634 gus,
2313 1565 2568 1635 profusus
2593 1566 2707 1621 sive
2734 1566 3047 1638 naufragus,
3074 1578 3426 1637 consumptor
3446 1568 3530 1624 vel
3555 1585 3739 1625 rerum

2164 1654 2491 1725 dilapidator
2519 1657 2859 1723 monasterii,
2899 1657 2984 1712 vel
3007 1658 3267 1727 stirpator
3288 1659 3609 1715 substantia:
3632 1658 3740 1714 fra-

478 1749 617 1803 hunc
638 1758 685 1803 et
713 1749 812 1803 ltus
849 1748 1077 1803 destruet
1119 1747 1171 1820 (Ι
1209 1746 1333 1803 Cor.
1371 1750 1471 1821 vt).
1523 1748 1691 1804 Nemo
1718 1764 1848 1819 ergo
1876 1754 2054 1819 potest
2084 1729 2129 1787 Β
2159 1751 2319 1798 trum.

477 1840 745 1895 dominari
764 1840 911 1895 vitiis
933 1840 1166 1905 caneris,
1206 1839 1308 1895 nisi
1334 1841 1483 1910 prius
1507 1839 1797 1910 ingluviem
1827 1840 2059 1895 restrin-

478 1930 621 1983 xerit
648 1928 873 1983 ventris.
916 1929 1054 1984 Hinc
1098 1929 1323 2000 quidam
1363 1928 1755 1985 monachorum
1797 1929 2058 2000 magister

480 2022 651 2076 dicit:
685 2020 1012 2077 Cellerarius
1055 2036 1184 2076 vero
1238 2021 1351 2091 ipse
1390 2020 1559 2077 frater
1599 2021 1879 2075 ordinetur
1902 2061 1915 2085 ,
1963 2020 2057 2089 qui

478 2112 739 2182 probatus
768 2111 933 2167 fuerit
959 2113 1028 2166 ab
1054 2112 1250 2166 abbate
1281 2111 1452 2167 ﬁdelis
1487 2119 1543 2166 et
1579 2110 1857 2165 abstinens
1899 2123 2019 2164 esse
2038 2148 2056 2175 ,

475 2219 637 2274 quem
660 2219 933 2274 nunquam
960 2204 1129 2259 vincit
1154 2204 1443 2273 aliquando
1459 2203 1640 2273 aliqua
1656 2201 2056 2256 desideriorum

476 2296 623 2364 gula,
660 2295 744 2349 vel
773 2294 865 2364 qui
895 2308 1001 2348 non
1040 2294 1268 2348 multum
1309 2300 1457 2347 amat
1499 2292 1827 2347 manducare
1852 2299 1947 2345 aut
1970 2290 2058 2345 bi-

477 2386 639 2449 bere;
667 2397 738 2437 ne
760 2383 919 2438 detur
944 2384 1119 2453 magis
1143 2380 1294 2437 locus
1320 2381 1556 2447 diabolo,
1580 2381 1722 2435 sicut
1748 2380 1878 2435 dicit
1907 2379 2060 2434 Scri-

475 2480 634 2544 ptura
660 2489 673 2526 :
707 2470 885 2528 Nolite
903 2473 1033 2527 dare
1049 2471 1371 2527 occasionem
1394 2471 1745 2544 quaerentibus
1765 2486 1880 2524 eam
1909 2466 2055 2540 (Gal.

475 2578 507 2615 v
523 2579 538 2627 ;
557 2560 587 2615 Ι
605 2561 740 2616 Tim.
757 2561 844 2633 v);
876 2568 933 2618 et
954 2562 1201 2617 videatur
1221 2549 1611 2631 gastrimargia:
1623 2559 1761 2631 gula:
1775 2559 2060 2615 voracibus

476 2651 561 2705 vel
593 2650 910 2721 gluconibus
938 2651 1198 2708 fratribus
1220 2650 1494 2721 provideri
1535 2650 1707 2721 magis
1761 2665 1924 2720 quam
1973 2664 2058 2704 re-

476 2740 700 2796 frenari.

548 2829 673 2885 Non
701 2830 891 2885 elatus.
928 2830 1115 2888 Elatus
1142 2832 1341 2888 dicitur
1381 2832 1435 2887 in
1483 2831 1736 2902 superbia
1767 2830 2014 2886 elevatus
2037 2869 2054 2896 ,

474 2923 648 2977 audax
669 2932 726 2977 et
745 2922 979 2992 iactans,
1012 2925 1096 2980 vel
1116 2941 1399 2996 arrogans.
1435 2925 1513 2981 De
1539 2924 1741 2980 talibus
1771 2924 1917 2979 enim
1963 2922 2061 2978 Sa-

476 3015 659 3070 lomon
682 3015 759 3070 ait
788 3034 802 3070 :
826 3016 1158 3073 Abominatio
1186 3019 1398 3072 Domini
1436 3026 1512 3072 est
1557 3018 1729 3072 omnis
1753 3032 2011 3088 arrogans
2035 3055 2052 3081 ,

2233 1833 2340 1888 Sed
2363 1835 2550 1890 timens
2574 1835 2764 1902 Deum,
2785 1836 2876 1907 qui
2927 1839 3070 1893 omni
3095 1839 3480 1910 congregationi
3508 1839 3576 1894 sit
3605 1840 3742 1897 sicut

2157 1935 2325 1995 pater.
2351 1925 2565 1983 Timere
2583 1927 2727 1983 enim
2740 1935 2797 1983 et
2817 1943 3003 1983 amare
3032 1930 3192 1985 debet
3204 1930 3518 1987 cellerarius
3546 1920 3740 1997 Deum,

2160 2024 2212 2070 et
2237 2032 2335 2086 pro
2364 2017 2505 2071 illius
2532 2034 2715 2074 amore
2731 2020 2815 2075 vel
2846 2020 3039 2076 timore
3062 2021 3284 2092 diligere
3309 2020 3523 2087 fratres,
3550 2025 3742 2079 etobe—

2158 2109 2273 2163 dire
2302 2109 2429 2174 illis,
2454 2110 2761 2179 junioribus
2807 2118 2868 2164 ut
2894 2119 3070 2181 pater,
3121 2112 3427 2168 senioribus
3467 2123 3528 2167 ut
3574 2112 3735 2168 filius.

2157 2197 2420 2252 Pietatem
2455 2206 2631 2251 tamen
2687 2199 2895 2253 habens
2929 2206 3212 2268 paternam
3241 2213 3474 2269 congrue
3502 2209 3560 2256 et
3607 2211 3734 2271 apte

2159 2286 2415 2341 omnibus
2473 2287 2692 2340 serviat.
2741 2287 3011 2357 Scriptum
3061 2304 3294 2358 namque
3341 2299 3471 2344 est:
3506 2289 3575 2345 In
3627 2299 3739 2345 tota

2159 2377 2338 2431 anima
2375 2386 2466 2430 tua
2495 2378 2619 2431 time
2654 2376 2845 2443 Deum,
2876 2387 2923 2433 et
2949 2380 3240 2434 sacerdotes
3274 2379 3415 2433 illius
3442 2381 3738 2449 sancti/ica.

2160 2465 2227 2521 In
2262 2468 2403 2521 omni
2443 2468 2633 2522 virtute
2658 2478 2750 2522 tua
2792 2468 2951 2540 dilige
2978 2485 3096 2523 eum
3143 2470 3232 2541 qui
3260 2478 3310 2524 te
3340 2470 3485 2539 fecit,
3507 2479 3559 2524 et
3584 2471 3733 2525 mini-

2158 2568 2292 2613 stros
2315 2559 2430 2629 ejus
2462 2555 2566 2614 non
2592 2559 2923 2631 derelinquas
2951 2560 3144 2633 (Eccli.
3177 2560 3297 2634 vn).

2227 2652 2422 2708 Curam
2449 2664 2597 2725 gerat
2625 2656 2691 2710 de
2722 2656 2987 2723 omnibus,
3008 2659 3122 2713 sine
3138 2659 3380 2728 jussione
3404 2660 3609 2714 abbatis
3647 2659 3737 2714 ni~

2156 2743 2232 2798 liil
2262 2742 2443 2812 faciat.
2479 2744 2630 2800 Multi
2652 2746 2802 2801 enim
2829 2747 3014 2803 dicunt
3047 2769 3059 2802 :
3093 2748 3221 2805 Sine
3237 2748 3482 2818 iussione
3520 2751 3734 2807 abbatis

2157 2835 2292 2891 nihil
2323 2835 2397 2891 illi
2425 2836 2551 2892 licet
2590 2836 2800 2903 facere,
2838 2841 3110 2910 quomodo
3142 2850 3319 2913 potest
3363 2845 3430 2899 de
3470 2844 3721 2900 omnibus

2156 2941 2342 2982 curam
2364 2929 2587 2999 gerere?
2617 2927 2724 2986 Sed
2750 2929 2839 2986 ille
2864 2931 2968 2988 hoc
3009 2933 3247 3003 exponit,
3284 2949 3408 2991 cum
3430 2935 3614 2992 subdit
3632 2935 3720 2990 di-

2158 3030 2288 3071 CCDS
2330 3034 2343 3070 2

468 3117 518 3162 et
539 3109 629 3179 qui
656 3125 711 3163 se
726 3109 923 3179 jactat,
951 3120 1001 3165 et
1025 3111 1233 3175 dilatat,
1254 3112 1439 3182 jurgia
1466 3110 1690 3166 concitat
1708 3105 1891 3182 (Prov.
1914 3107 2051 3179 xvi)".
2082 3090 2126 3151 (ἶ
2229 3104 2362 3171 Quae
2380 3106 2636 3177 jubentur
2653 3110 2937 3164 custodiat.
2961 3111 3040 3168 Ac
3072 3111 3119 3167 si
3158 3112 3364 3168 diceret
3391 3132 3405 3168 :
3435 3113 3588 3182 Quod
3635 3130 3728 3170 suo

472 3198 551 3254 De
579 3203 831 3272 superbia
858 3218 1094 3273 namque
1129 3204 1372 3259 nascitur
1393 3201 1724 3272 arrogantia.
1770 3199 1884 3255 Nisi
1911 3200 2056 3255 enim

467 3292 813 3358 praecesserit
871 3293 1087 3348 occulta
1139 3292 1301 3348 elatio
1357 3292 1584 3354 mentis,
1644 3305 1754 3344 non
1812 3290 2060 3359 sequitur

468 3389 657 3452 aperta
688 3381 953 3451 jactantia
997 3383 1193 3438 laudis.
1248 3381 1432 3436 Talem
1474 3380 1621 3436 enim
1663 3380 1846 3435 divina
1887 3380 2061 3436 incre-

469 3483 566 3543 pat
611 3473 894 3545 Scriptura
927 3474 1116 3529 dicens
1143 3490 1157 3528 :
1193 3472 1274 3527 Ne
1300 3470 1572 3528 πίθηαι-ἐς
1617 3469 1674 3524 in
1704 3470 2052 3540 cogitatione,

465 3564 605 3619 velut
641 3575 847 3631 taurus,
880 3580 942 3617 ne
962 3562 1097 3632 forte
1121 3561 1353 3616 elidatur
1377 3562 1540 3616 virtus
1562 3569 1671 3623 tua,
1705 3568 1755 3613 et
1784 3559 2052 3631 relinqua-

467 3655 553 3708 ris.
573 3653 709 3708 velut
732 3651 933 3723 lignum
966 3649 1176 3704 aridum
1206 3649 1261 3702 in
1282 3664 1453 3702 eremo
1482 3645 1673 3718 (Eccli.
1700 3645 1800 3717 vt).

543 3743 667 3797 Non
691 3742 1046 3797 turbulentus.
1072 3740 1438 3797 Turbulentus
1471 3749 1698 3797 vocatur
1724 3758 1754 3796 a
1786 3743 1944 3799 turbo
1971 3742 2052 3796 fu-

467 3834 614 3889 roris
657 3842 982 3897 commotus,
1019 3832 1135 3887 sive
1184 3832 1253 3887 ab
1297 3831 1380 3886 ira
1425 3833 1645 3896 mentis,
1674 3833 1837 3888 oculo
1871 3834 2055 3890 cordis

466 3933 724 3987 emeatus,
755 3922 898 3978 sicut
939 3923 1198 3993 scriptum
1249 3929 1334 3977 est
1364 3939 1377 3975 :
1409 3921 1669 3976 Turbatus
1698 3931 1773 3976 est
1817 3938 1927 3993 prae
1969 3923 2052 3976 ira

466 4014 652 4071 oculus
680 4030 826 4068 meus
848 4011 1024 4085 (ἔλσαι.
1059 4012 1157 4085 v1).
1199 4011 1275 4068 De
1302 4011 1395 4067 tali
1422 4021 1477 4066 et
1508 4011 1767 4068 Salomon
1797 4012 1875 4067 ait
1902 4029 1918 4067 τ
1945 4011 2051 4079 Qui

467 4105 746 4161 conturbat
773 4104 987 4158 domum
1012 4119 1186 4170 mm,
1213 4104 1382 4174 pascit
1413 4114 1588 4159 ventos
1627 4102 1809 4176 (Prov.
1839 4107 1918 4175 x).
1947 4105 2053 4160 Do-

471 4213 620 4253 mum
651 4197 795 4252 enim
821 4211 975 4252 suam
1005 4196 1314 4261 conturbat,
1345 4197 1434 4265 qui
1464 4211 1577 4267 prie
1611 4195 1832 4253 levitate
1853 4197 2053 4253 mentis

466 4292 534 4347 ad
562 4291 897 4347 iracundiam
923 4300 1158 4348 mentem
1190 4307 1346 4348 suam
1375 4293 1484 4348 cito
1515 4300 1837 4349 commovet.
1874 4292 2053 4364 Impa-

468 4382 613 4437 tiens
655 4382 799 4438 enim
845 4382 1178 4451 cellerarius,
1209 4385 1401 4439 videns
1459 4385 1559 4440 sibi
1583 4385 1782 4440 multos
1802 4399 2048 4455 quaerere

2156 3196 2344 3264 peritis
2370 3196 2506 3261 dixi,
2531 3198 2598 3253 de
2624 3198 2875 3255 omnibus
2912 3200 3061 3256 illum
3088 3217 3278 3258 curam
3297 3217 3515 3273 gelen;
3547 3203 3616 3259 de
3643 3204 3727 3260 his

2156 3300 2277 3355 qum
2300 3288 2576 3344 custodire
2615 3287 2802 3358 jussus
2831 3290 3017 3358 fuerit,
3045 3307 3231 3349 curam
3260 3301 3448 3365 gerat;
3479 3293 3548 3350 de
3575 3304 3734 3352 cete-

2157 3377 2234 3432 ris
2258 3391 2390 3433 vero
2418 3379 2583 3434 rebus
2616 3379 2735 3435 sine
2758 3380 3005 3451 iussione
3028 3383 3238 3439 abbatis
3264 3385 3396 3439 nihil
3426 3384 3611 3442 faciat.

2226 3464 2447 3520 Fratres
2482 3483 2588 3520 non
2632 3471 2925 3526 contristet.
2953 3470 3133 3538 Quare
3161 3471 3359 3529 fratres
3377 3489 3487 3529 non
3528 3476 3733 3532 contri~

2156 3565 2285 3624 stet,
2316 3559 2596 3627 sequentia
2621 3560 2766 3614 audi.
3021 3573 3027 3581 '

2227 3645 2421 3717 Siquis
2459 3656 2633 3702 autem
2663 3648 2829 3719 frater
2878 3650 2944 3704 ab
2966 3668 3028 3707 eo
3058 3651 3193 3722 forte
3224 3653 3426 3726 aliquid
3451 3658 3732 3714 irrationa-

2154 3740 2328 3795 biliter
2353 3739 2604 3811 postulat,
2630 3758 2735 3797 non
2761 3744 3050 3813 spernendo
3078 3760 3197 3800 eum
3217 3748 3505 3814 contristet,
3528 3750 3621 3803 sed
3648 3766 3733 3804 ro-

2152 3830 2474 3886 tionabiliter
2499 3847 2617 3887 cunt
2631 3832 2923 3889 humilitate
2944 3834 3082 3890 male
3104 3838 3292 3904 petenti
3324 3838 3555 3911 deneget.
3572 3840 3731 3907 Male,

2154 3921 2349 3991 inquit,
2376 3929 2565 3991 petere
2584 3930 2690 3989 est,
2720 3924 2937 3993 quando
2977 3925 3442 3995 irrationabiliter,
3484 3946 3605 4001 qua;
3643 3947 3732 4003 pe-

2154 4012 2313 4067 tenda
2340 4027 2447 4067 non
2475 4020 2617 4075 sunt,
2657 4021 2937 4083 petuntur,
2966 4024 3062 4070 aut
3079 4031 3142 4071 ea
3172 4033 3293 4086 qum
3317 4020 3546 4087 petenda
3575 4030 3725 4089 sunt,

2153 4118 2262 4158 non
2285 4118 2525 4173 congruo
2554 4110 2795 4173 tempore
2813 4112 3091 4175 petuntur.
3120 4107 3236 4162 Tali
3261 4110 3407 4164 enim
3435 4111 3594 4165 modo
3637 4126 3731 4180 pe-

2153 4192 2271 4257 tita,
2322 4192 2667 4263 culpabiliter
2711 4195 2882 4265 petita
2929 4196 3271 4265 accipiuntur
3310 4198 3395 4253 vel
3437 4199 3729 4256 habentur.

2152 4282 2288 4350 Quia
2315 4282 2446 4339 dare
2473 4284 2654 4339 taliter
2675 4285 2991 4342 cellerarius
3003 4286 3338 4358 prohibetur,
3359 4289 3592 4346 maxime
3605 4305 3729 4346 eum

2151 4373 2305 4429 de‘eo
2327 4375 2609 4443 sequentia
2632 4374 2820 4430 dicunt
2847 4393 2860 4429 :

465 4473 661 4539 multa,
713 4487 825 4544 prae
851 4473 1070 4529 levitate
1093 4475 1342 4530 turbatur
1386 4475 1589 4541 animo,
1630 4484 1685 4529 et
1737 4450 2045 4545 petentibus

2220 4463 2466 4518 Animam
2487 4480 2637 4519 suam
2661 4466 2941 4521 custodiat.
2973 4466 3030 4523 ld
3050 4473 3158 4534 est,
3173 4482 3273 4522 nec
3297 4466 3534 4525 offendat
3556 4469 3611 4525 in
3640 4471 3729 4526 bis

465 4561 568 4618 sibi
596 4577 701 4616 non
728 4562 885 4618 dulce
915 4564 1092 4619 reddit
1122 4579 1466 4635 responsum,
1496 4565 1592 4620 sed
1637 4566 1810 4637 magis
1838 4580 2047 4621 sermo-

465 4667 588 4710 nem
627 4653 836 4725 profert
882 4656 1236 4726 iniuriosum;
1283 4660 1426 4727 quod
1466 4658 1543 4712 illi
1597 4656 1775 4713 facere
1819 4673 2047 4727 magno-

465 4758 591 4813 pere
613 4752 844 4808 vetatur,
872 4760 996 4800 cum
1023 4746 1272 4801 subditur
1304 4764 1317 4800 :

542 4836 662 4891 Non
707 4837 1017 4905 iniuriosus.
1061 4837 1358 4906 lnjuriosus
1404 4838 1622 4903 dicitur,
1653 4839 1744 4908 qui
1782 4839 2046 4896 fratribus

467 4926 876 4995 infertinjurias
904 4929 989 4983 vel
1038 4929 1246 4999 irrogat
1291 4930 1666 4987 contumelias.
1716 4933 1792 4987 De
1845 4934 2045 4989 talibus

464 5017 612 5073 enim
653 5018 914 5087 scriptum
952 5026 1037 5074 est
1073 5036 1086 5074 :
1128 5017 1223 5073 Vir
1264 5020 1552 5076 iracundus
1605 5033 1854 5093 provocat
1900 5024 2045 5077 rixas

467 5108 652 5180 (Prov.
692 5107 807 5180 xv).
837 5109 925 5177 Et,
955 5108 1027 5165 Os
1055 5109 1334 5182 impiorum
1370 5110 1629 5167 redundat
1656 5110 2044 5183 malis(lbid.).

467 5202 557 5271 Et,
586 5202 804 5274 Semper
816 5204 1001 5274 jurgia
1034 5205 1221 5278 quierit
1247 5204 1438 5271 malus,
1468 5205 1684 5277 angelus
1722 5214 1898 5259 autem
1920 5219 2044 5257 cru-

466 5296 599 5353 delis
626 5297 861 5351 mittetur
886 5305 1068 5352 contra
1097 5314 1213 5353 eum
1242 5294 1423 5369 (Prov.
1456 5298 1616 5369 xvn).
1648 5296 1717 5351 Et
1744 5295 1875 5350 illud
1907 5308 1923 5348 :
1952 5293 2046 5348 In-

466 5399 547 5443 ter
572 5388 819 5459 superbos
847 5406 1048 5461 semper
1064 5391 1247 5461 jurgia
1282 5400 1405 5444 sunt
1424 5388 1607 5453 (Prov.
1640 5385 1782 5457 xm).
1811 5384 2040 5456 Superbi

468 5477 723 5533 dicuntur
759 5478 1008 5535 monachi
1054 5479 1210 5545 mali,
1244 5494 1356 5549 qm,
1388 5479 1651 5549 neglectis
1686 5478 1929 5533 consiliis
1957 5491 2042 5531 se-

468 5566 681 5622 niorum
706 5580 947 5632 suorum,
976 5578 1136 5637 prout
1170 5568 1273 5622 illis
1303 5566 1513 5621 libitum
1541 5564 1726 5629 fuerit,
1757 5566 1870 5621 suis
1913 5564 2044 5633 legi-

468 5656 572 5713 bus
609 5657 814 5725 vivunt,
834 5666 887 5715 et
913 5659 1054 5715 inter
1078 5674 1135 5715 se
1165 5656 1479 5728 frequenter
1503 5655 1731 5728 litigant,
1780 5657 2043 5712 eterebro

2152 4568 2273 4624 qua:
2299 4555 2474 4610 danda
2496 4570 2604 4609 non
2639 4564 2784 4622 sunt,
2824 4557 3000 4614 dando
3025 4573 3040 4623 ;
3086 4567 3183 4617 aut
3210 4572 3331 4629 quae
3355 4561 3728 4630 respondenda

2152 4658 2261 4699 non
2294 4656 2439 4710 sunt,
2467 4646 2861 4715 respondendo.

2224 4734 2429 4790 Memor
2459 4753 2659 4808 semper
2685 4737 2829 4793 illius
2857 4740 3129 4809 apostolici
3153 4756 3171 4794 :
3198 4743 3322 4813 quia
3348 4743 3439 4813 qui
3464 4742 3591 4799 bene
3620 4748 3725 4801 nti-

2154 4828 2471 4893 uistraverit,
2511 4828 2735 4898 gradum
2764 4830 2957 4885 bonum
2984 4831 3082 4886 sibi
3109 4833 3335 4902 acquirit
3366 4832 3418 4903 (1
3453 4832 3587 4889 Tim.
3620 4836 3725 4906 ιιι).

2150 4923 2388 4979 Gradtun
2433 4922 2617 4991 itaque
2654 4922 2802 4977 illum
2834 4939 2995 4994 quem
3043 4924 3215 4981 fidelis
3259 4925 3364 4981 sibi
3399 4933 3458 4982 et
3494 4928 3728 4996 prudens

2150 5014 2491 5083 diSpensator
2502 5013 2793 5083 acquisivit
2809 5029 2970 5082 quem
2992 5016 3274 5071 constituit
3293 5015 3550 5073 Dominus
3567 5034 3728 5089 super

2149 5102 2409 5157 familiam
2435 5118 2608 5169 suam,
2637 5111 2699 5157 ut
2721 5103 2811 5158 det
2839 5103 2946 5158 illis
2972 5104 3025 5157 in
3049 5112 3293 5173 tempore
3320 5105 3483 5161 tritici
3511 5120 3725 5162 mensu—

2148 5211 2287 5252 ram.
2316 5195 2451 5252 Cum
2495 5196 2588 5251 illo
2616 5206 2842 5265 uterque
2870 5197 3053 5252 audiet
3090 5214 3104 5250 :
3152 5196 3349 5252 Beatus
3392 5197 3482 5252 illo
3524 5212 3705 5254 servus

2146 5304 2317 5359 quem,
2366 5305 2485 5343 cunt
2517 5288 2713 5343 venerit
2754 5288 3033 5353 dominus,
3079 5290 3299 5344 inveniet
3337 5292 3412 5346 ita
3451 5289 3726 5359 facientem

2152 5379 2369 5450 (Matth.
2395 5378 2571 5451 sxw),
2611 5379 2664 5433 id
2690 5386 2791 5439 est.
2827 5377 2965 5434 bene
2992 5379 3410 5436 ministrantem.
3441 5380 3580 5436 Vere
3600 5381 3726 5437 dico

2149 5472 2301 5528 vobis
2344 5472 2471 5542 quia
2517 5487 2680 5542 super
2716 5471 2898 5526 omnia
2938 5487 3060 5542 qua:
3105 5473 3383 5541 possidet,
3436 5474 3728 5529 constituet

2151 5580 2272 5621 eum
2296 5606 2309 5631 ,
2359 5566 2410 5620 id
2451 5572 2569 5629 est,
2622 5579 2785 5635 supra
2818 5564 2998 5619 omnia
3036 5564 3273 5621 mlestis
3316 5565 3465 5635 regni
3504 5565 3716 5634 gaudia.

2151 5657 2289 5711 Ecce
2317 5656 2404 5726 qui
2430 5656 2563 5711 bene
2597 5654 3004 5722 ministraverit,
3037 5670 3201 5724 quam
3228 5655 3425 5711 bonum
3455 5654 3556 5710 sibi
3586 5669 3691 5727 gau
