3944 6454
203 325 299 380 861

1255 324 1609 395 costum.
1650 323 1717 377 tu
1758 323 1916 378 nec.
1956 322 2013 377 s.
2050 320 2431 377 BENEDICTI.
2487 287 2494 294 ’

3351 320 3457 377 863

198 441 349 496 dium
398 437 667 509 acquirit,
720 437 773 491 id
812 446 929 500 est,
970 445 1030 492 ut
1057 437 1130 493 sit
1170 438 1312 492 inter
1368 438 1774 507 dispensatores
1801 440 1855 498 Α
1948 431 2312 488 Humilitatem
2355 443 2475 488 ante
2502 435 2680 489 omnia
2720 434 2907 489 habeat
2931 448 2951 486 :
2974 442 3025 489 et
3050 435 3136 489 cui
3160 434 3458 490 substantia

199 538 257 587 et
282 528 565 584 ministros
584 526 793 580 Domini
824 527 1118 582 honoratus
1156 528 1209 581 in
1236 526 1393 581 cado.
1432 527 1570 593 Quia
1598 527 1690 595 qui
1724 526 1779 579 in

201 618 429 678 servitio
454 617 551 671 Dei
578 616 699 685 plus
724 616 931 670 laborat
957 616 1010 671 in
1049 618 1324 686 prmsenti,
1351 616 1471 687 plus
1504 617 1773 672 mercedis

202 710 436 780 accipiet
461 709 519 763 in
545 707 747 762 futuro.

273 797 642 869 Inﬁrmorum,
655 797 961 866 infantium,
982 796 1239 866 hospitum
1262 811 1646 865 pauperumque
1664 811 1782 848 cum

202 892 346 946 omni
370 889 726 945 sollicitudine
740 904 926 942 curam
957 897 1122 958 gerat.
1148 888 1204 940 ln
1243 886 1558 941 inﬁrmitate
1589 886 1781 955 positis

202 985 467 1041 fratribus
489 983 731 1055 diligenti
763 997 892 1037 cura
924 990 980 1036 et
1014 982 1420 1052 promptissimo
1444 980 1640 1036 ail‘eetu
1674 981 1779 1034 mi-

202 1077 419 1131 nistret.
454 1073 725 1143 Scriptum
770 1081 853 1126 est
890 1072 1033 1127 enim
1060 1089 1073 1124 :
1106 1071 1357 1139 Inﬁrmus
1392 1071 1494 1140 fui,
1525 1080 1572 1124 et
1602 1071 1782 1125 visita—

203 1169 298 1223 stis
353 1184 435 1222 me
482 1166 696 1238 (Matth.
755 1164 902 1235 xxv).
939 1157 1271 1229 lnfautibits,
1320 1163 1669 1218 considerans
1725 1163 1779 1216 in

202 1259 286 1315 eis
324 1257 499 1311 aetatis
538 1251 890 1324 fragilitatem
930 1262 986 1307 et
1023 1253 1267 1322 carparis
1325 1251 1772 1318 teneritudinem,

203 1362 328 1417 quae
388 1344 698 1401 necessaria
762 1350 892 1398 sunt
951 1351 1177 1413 paterno
1222 1343 1499 1396 ministret
1552 1342 1772 1396 affectu.

204 1434 524 1505 Hospitibus
561 1431 862 1489 necessaria
903 1433 1176 1502 porrigat,
1212 1432 1340 1501 quia
1366 1433 1624 1502 scriptum
1650 1440 1774 1487 est:

208 1525 411 1595 Hospes
452 1524 552 1594 fui,
573 1533 623 1578 et
657 1523 951 1593 suscepistis
980 1538 1062 1576 me
1098 1521 1307 1593 (Ibid.).
1340 1522 1405 1576 Et
1428 1523 1552 1592 quja
1583 1538 1777 1593 praece-

204 1626 358 1688 ptum
385 1624 470 1671 est
500 1633 513 1669 :
545 1613 699 1669 Omni
726 1614 913 1680 petenti
934 1622 984 1667 te
1004 1614 1172 1667 tribue
1201 1612 1351 1683 (Luc.
1379 1612 1475 1683 vr).
1501 1612 1545 1667 Δ
1573 1628 1778 1683 paupe-

1885 539 1989 578 non
2019 533 2093 578 est
2120 541 2236 594 qua:
2272 526 2555 591 tribuatur,
2581 542 2750 581 sermo
2776 528 3129 596 responsionis
3154 528 3459 598 porrigatur

1878 615 2065 679 bonus,
2111 625 2168 668 ut
2206 616 2455 685 scriptum
2489 626 2566 670 est
2612 628 2631 669 :
2671 634 2840 673 sermo
2880 617 3047 674 bonus
3088 636 3246 691 super
3270 620 3456 674 datum

1882 704 2132 773 optimum
2190 702 2399 774 (Eccli.
2453 704 2650 778 tvm).
2716 704 2844 761 Sine
2899 707 3065 764 dubio
3121 716 3306 764 autem
3359 707 3455 779 qui

1884 811 2067 853 veram
2120 797 2476 853 humilitatem
2528 796 2778 852 habuerit
2817 798 2873 852 in
2916 799 3098 867 corde,
3147 812 3451 855 sermonem

1880 894 2080 949 bonum
2108 891 2348 963 proferet
2376 892 2428 945 in
2453 905 2586 957 ore;
2620 899 2677 947 et
2695 891 2830 959 Lsive
2852 891 2945 955 sit,
2977 891 3093 946 sive
3135 892 3275 948 desit
3300 891 3448 962 quod

1880 983 2104 1047 tribuat,
2144 995 2451 1038 sermonem
2483 981 2696 1037 dulcem
2720 981 2973 1036 omnibus
3004 981 3246 1052 porrigat
3286 991 3455 1052 atque

1877 1075 2098 1128 bonum.
2132 1074 2188 1128 In
2212 1073 2595 1129 Ecdesiastico
2614 1080 2798 1127 autem
2816 1072 3081 1141 scriptum
3106 1080 3192 1128 est
3216 1090 3233 1126 :
3266 1071 3455 1130 Nonne

1879 1164 2120 1218 ardorem
2150 1164 2475 1234 refrigerabit
2503 1179 2612 1229 nos,
2633 1163 2765 1217 sicut
2784 1171 2835 1218 et
2853 1162 3066 1217 verbum
3086 1160 3269 1217 melius
3296 1176 3459 1233 quam

1876 1254 2061 1307 datum
2108 1250 2317 1325 (Ibid.).
2367 1252 2552 1307 Nonne
2604 1265 2733 1308 ecce
2781 1251 3007 1307 verbum
3059 1265 3222 1320 super
3262 1251 3449 1306 datum

1878 1344 2100 1399 bonum.

1948 1453 2140 1508 Omnia
2185 1467 2303 1525 qua:
2351 1456 2399 1508 ei
2435 1453 2723 1523 injunxerit
2753 1451 2934 1517 abbas,
2972 1451 3084 1521 ipse
3126 1449 3314 1504 habent
3357 1450 3452 1504 sub

1878 1559 2006 1597 cura
2032 1559 2151 1597 sua.
2197 1542 2242 1595 Α
2267 1542 2452 1613 quibus
2478 1558 2596 1597 eum
2621 1540 2961 1612 prohibuerit,
2993 1556 3097 1595 non
3141 1548 3449 1610 praesumat.

1874 1633 1976 1687 Hie
2001 1634 2236 1688 ostendit
2257 1632 2458 1702 quia’si
2484 1632 2590 1686 alia
2611 1630 2721 1702 iuri
2759 1645 2858 1687 suo
2895 1627 3260 1701 subjugaverit
3284 1640 3452 1700 quam

206 1705 509 1793 ribusinon
534 1703 839 1793 subtrahat
882 1702 1298 1793 eleemosynam,
1352 1702 1478 1772 quia
1518 1703 1777 1793 scriptum
1807 1776 1851 1793 ᾗ
1874 1738 1943 1779 ea
1972 1738 2093 1793 qua,
2124 1724 2193 1778 ab
2226 1724 2420 1778 abba“,
2449 1735 2549 1778 suo
2593 1721 2833 1791 iniuncta
2873 1720 3193 1790 susceperit,
3236 1727 3337 1774 am
3382 1719 3452 1775 de

204 1802 326 1847 est:
359 1792 472 1884 Qui
486 1791 696 1884 obturat
727 1807 906 1845 aurem
937 1807 1088 1845 suam
1106 1790 1185 1884 ad
1212 1790 1489 1884 clamorem
1510 1792 1778 1884 pauperis,
1805 1776 1853 1835 Β
1884 1776 2255 1884 gis‘qgmm
2275 1776 2571 1883 vin-obibit;
2609 1776 2735 1867 δέοι
2760 1776 3195 1881 pmpéeru;
3249 1823 3358 1864 non
3400 1808 3451 1864 ei

205 1895 254 1938 et
284 1885 393 1953 ipse
426 1881 691 1949 clamabit,
723 1890 772 1935 et
812 1897 915 1935 non
943 1880 1254 1936 exaudiatur
1282 1877 1463 1951 (Prov.
1497 1881 1634 1953 χχι).
1677 1880 1784 1937 Sed

208 1973 382 2045 magis
406 1987 525 2042 quia
553 1971 857 2026 necessaria
887 1978 1012 2025 sunt
1036 1971 1115 2025 eis
1142 1986 1266 2026 cum
1296 1970 1569 2026 hilaritate
1595 1973 1779 2042 porri—

192 2052 319 2137 gat,
349 2066 476 2135 quia
501 2065 757 2134 scriptum
783 2072 867 2118 est
890 2080 903 2117 :
927 2061 1164 2117 Hilarem
1191 2063 1429 2117 datorem
1452 2062 1617 2133 diligit
1642 2063 1782 2118 Deus

208 2155 298 2227 (II
320 2154 447 2210 Cor.
473 2153 571 2226 ιι).

281 2246 464 2302 Sciens
491 2247 602 2300 sine
627 2245 785 2299 dubio
811 2244 937 2315 quia
962 2259 1056 2314 pro
1088 2245 1168 2299 his
1191 2244 1427 2300 omnibus
1448 2244 1503 2300 in
1528 2244 1613 2299 die
1629 2244 1780 2314 judi-

208 2338 276 2393 cii
306 2338 561 2391 rationem
592 2335 889 2390 redditurus
915 2344 1013 2389 est.
1061 2332 1276 2405 Oportet
1305 2351 1418 2399 nos,
1453 2336 1531 2390 ait
1554 2334 1783 2406 Aposto—

208 2428 293 2484 lus
311 2468 326 2493 ,
351 2437 489 2482 stare
508 2436 629 2482 ante
647 2425 878 2481 tribunal
898 2422 1115 2501 Christi,
1138 2434 1193 2479 ut
1220 2425 1411 2494 referat
1430 2428 1783 2498 unusquisque

206 2528 360 2591 prout
398 2520 575 2589 gessit,
613 2518 719 2574 sive
752 2518 944 2573 bonum
970 2518 1074 2572 sive
1114 2516 1311 2571 malum
1336 2516 1423 2586 (II
1452 2514 1575 2572 Cor.
1607 2518 1681 2589 v).
1715 2519 1782 2573 Et

209 2609 289 2665 sic
318 2608 683 2679 unusquisque
712 2615 956 2664 nostrum
985 2607 1202 2678 dignam
1230 2606 1429 2661 laboris
1455 2607 1537 2662 sui
1566 2622 1777 2662 merce-

214 2701 338 2753 dem
368 2698 612 2767 recipiet.

284 2788 476 2844 Omnia
495 2806 620 2844 vasa
644 2788 946 2844 monasterii
968 2796 1307 2859 cunctamque
1332 2786 1697 2852 substantiam,
1720 2802 1781 2839 ac

211 2884 257 2936 si
283 2880 468 2934 altaris
489 2896 612 2934 vasa
639 2889 845 2935 sacrata
876 2880 1179 2950 conspiciat.
1213 2880 1346 2935 llinc
1375 2878 1581 2948 antiqui
1602 2891 1784 2933 mona-

212 2972 435 3026 chorum
458 2967 646 3024 Patres
672 2967 1134 3024 dixerunttbebet
1149 2969 1292 3024 enim
1324 2968 1442 3024 talis
1469 2966 1781 3022 cellerarius

211 3059 335 3132 eligi
360 3059 454 3130 qui
477 3060 648 3129 possit
671 3060 723 3113 in
749 3058 998 3115 omnibus
1025 3059 1337 3129 evangelico
1363 3058 1553 3113 ordine
1588 3056 1777 3110 fratri-

215 3150 313 3204 bus
343 3148 453 3204 suis
485 3148 689 3204 victum
716 3150 1035 3220 gubernare,
1066 3148 1160 3218 qui
1191 3148 1377 3203 timeat
1395 3146 1547 3202 Iuda:
1572 3153 1783 3202 senten-
1808 3139 1852 3202 Ε

212 3238 363 3304 tiam,
407 3238 497 3309 qui
533 3239 599 3293 ab
644 3238 799 3294 initio
828 3239 914 3292 fur
941 3237 1057 3293 fuit.
1090 3237 1319 3294 Studere
1349 3238 1508 3293 debet
1534 3238 1627 3306 qui
1655 3237 1782 3291 huic

211 3326 388 3386 cilicio
436 3329 726 3399 deputatur
754 3339 813 3384 ut
849 3328 1031 3385 audiat
1057 3330 1181 3401 quia
1209 3330 1301 3399 qui
1338 3330 1476 3385 bene
1512 3329 1785 3384 ministra-

212 3420 371 3485 verit,
395 3421 621 3488 gradum
644 3420 844 3475 bonum
868 3420 1119 3490 acquirit,
1141 3427 1197 3475 et
1221 3420 1415 3475 anima:
1443 3436 1553 3476 suae
1571 3418 1783 3476 lucrum

216 3510 366 3567 facit.
394 3510 561 3570 Nosse
575 3515 737 3570 etiam
764 3514 961 3571 debent
975 3514 1170 3570 fratres
1184 3514 1312 3585 quia
1329 3514 1591 3584 quidquid
1605 3513 1661 3568 in
1675 3528 1787 3570 mo-

218 3601 462 3657 nasterio
485 3611 751 3659 tractatur
775 3605 887 3660 sive
917 3604 968 3659 in
992 3604 1159 3669 vasis,
1193 3604 1305 3660 sive
1339 3605 1392 3660 in
1417 3604 1781 3673 ferramentis,

210 3689 295 3744 vel
322 3700 518 3745 caetera
558 3694 739 3747 omnia
780 3706 901 3749 esse
938 3694 1290 3748 sanctiﬁcata.
1330 3694 1389 3749 Si
1427 3697 1551 3766 quis
1580 3697 1646 3751 de
1678 3695 1784 3751 fra-

214 3781 392 3835 tribus
414 3782 614 3851 aliquid
637 3783 966 3853 negligenter
994 3785 1323 3849 tractaverit,
1360 3795 1568 3854 partem
1596 3803 1653 3843 se
1681 3789 1784 3843 ba-

214 3871 346 3925 bere
386 3870 599 3924 noverit
634 3886 755 3926 cum
799 3871 889 3926 illo
930 3887 1057 3941 rege
1086 3872 1178 3942 qui
1206 3872 1261 3926 in
1288 3873 1436 3929 vasis
1467 3874 1659 3929 domus
1688 3876 1784 3930 Dei

213 3958 565 4015 sanctiﬁcatis
592 3974 713 4014 eum
737 3960 849 4015 suis
873 3959 1090 4016 bibebat
1117 3961 1450 4028 concubinis,
1489 3970 1545 4017 et
1571 3962 1782 4032 qualem

216 4051 414 4105 meruit
449 4050 761 4107 vindictam.
804 4049 1165 4107 Custodienda
1207 4060 1334 4108 sunt
1373 4052 1461 4108 illa
1496 4061 1782 4123 praecepta,

215 4151 271 4198 ct
294 4152 393 4213 per
415 4141 654 4214 singulos
679 4142 793 4199 dies
818 4143 871 4198 in
894 4158 1054 4199 aures
1076 4142 1301 4198 fratrum
1331 4143 1608 4198 recitanda
1635 4151 1778 4206 sunt,

216 4240 276 4288 ut
302 4248 408 4287 non
436 4232 859 4288 condemnentur
885 4234 938 4288 in
969 4233 1205 4304 peccatis
1230 4236 1364 4290 suis.

286 4325 436 4379 Nihil
463 4325 619 4379 ducat
664 4324 1059 4396 negligentiam;
1098 4343 1260 4395 neque
1282 4326 1523 4381 avaritia:
1551 4326 1778 4394 studeat,

219 4432 380 4487 neque
405 4413 651 4486 prodigus
682 4416 770 4481 sit,
814 4425 905 4468 aut
930 4415 1244 4486 exstirpator
1267 4416 1571 4471 substantia:
1595 4434 1781 4472 mona-

1880 1900 2149 1960 mercedis
2182 1902 2508 1967 obedientis,
2554 1902 2648 1957 sed
2687 1900 3062 1957 inobedientim
3104 1900 3451 1970 deputabitur

1884 1998 2059 2067 culpa.
2102 1996 2160 2051 Si
2187 1996 2331 2052 enim
2376 2010 2483 2051 non
2515 1995 2663 2051 venit
2705 1994 2761 2049 in
2790 2005 3176 2049 monasterum
3204 2006 3356 2047 suam
3376 1992 3457 2045 “fa.

1880 2100 2007 2141 cere
2053 2085 2409 2148 voluntatem,
2457 2097 2578 2153 qua:
2616 2082 2694 2138 illi
2732 2096 2838 2138 non
2870 2080 3071 2136 fuerint
3098 2080 3336 2151 iniuncta
3378 2086 3462 2134 te-

1880 2190 2032 2231 mere
2062 2188 2169 2231 non
2192 2174 2350 2230 debet
2372 2173 2708 2241 contingere.

1953 2283 2235 2339 Fratribus
2259 2283 2588 2337 constitutam
2613 2297 2874 2336 annonam
2898 2280 3008 2335 sine
3035 2270 3209 2351 aliqua
3238 2286 3356 2349 typo
3378 2277 3457 2333 vel

1882 2391 2030 2428 mora
2062 2375 2270 2443 o/ferat,
2306 2381 2363 2426 ut
2403 2389 2505 2426 non
2532 2369 2975 2425 scandalizentur.
3013 2368 3295 2423 Annonam
3324 2367 3457 2421 dicit

1884 2465 2191 2520 alimoniam
2214 2464 2473 2522 ciborum,
2504 2469 2560 2518 et
2577 2461 2779 2517 victum
2803 2472 3016 2515 omnem
3044 2458 3454 2514 monachorum.

1883 2555 2027 2611 Hora
2057 2555 2201 2611 enim
2232 2569 2374 2609 nona
2399 2561 2612 2609 veteres
2631 2552 2916 2608 comedere
2940 2550 3200 2616 solebant,
3235 2557 3291 2603 et
3319 2548 3441 2603 ideo

1882 2662 1913 2701 a
1946 2655 2185 2718 tempore
2217 2647 2333 2714 ipso
2360 2646 2508 2700 horze
2530 2658 2704 2710 nonae,
2738 2658 2845 2713 quo
2873 2642 2950 2698 illi
2973 2642 3123 2699 cibos
3148 2639 3457 2705 sumebant,

1879 2737 2058 2791 omnis
2083 2736 2261 2790 victus
2293 2735 2527 2789 hominis
2562 2750 2669 2790 non
2703 2735 2995 2805 incongrue
3031 2747 3225 2787 nomen
3250 2731 3461 2800 accepit

1880 2842 2117 2880 annona.
2148 2826 2228 2880 Ah
2265 2833 2387 2880 actu
2414 2825 2556 2879 enim
2588 2830 2645 2878 et
2677 2831 2915 2892 tempore
2942 2822 3108 2876 multa
3143 2820 3460 2876 derivantur

1884 2920 2119 2974 nomina.
2153 2916 2303 2985 Quod
2324 2925 2504 2972 autem
2535 2916 2684 2981 dicit,
2712 2913 2823 2968 sine
2850 2913 3025 2983 aliqua
3050 2922 3169 2982 typo
3186 2929 3303 2983 qua!
3325 2912 3454 2981 offe-

1885 3009 2045 3064 renda
2086 3016 2208 3064 sunt
2259 3008 2480 3077 offerat,
2537 3004 2854 3076 intelligitur
2900 3004 2955 3057 in
2994 3003 3157 3058 corde
3215 3002 3452 3063 turbato,

1886 3114 2059 3168 neque
2087 3096 2239 3151 vultu
2290 3095 2532 3166 corporis
2569 3101 2795 3159 mutato,
2830 3092 2925 3147 sed
2966 3090 3127 3146 hilari
3171 3090 3373 3154 animo,
3401 3097 3457 3144 ct

1886 3189 2036 3243 vultu
2058 3202 2277 3243 ‘screno
2321 3187 2406 3242 vel
2456 3186 2687 3257 placido,
2719 3199 2840 3255 quae
2867 3183 3153 3240 tribuenda
3185 3189 3312 3236 sunt
3351 3181 3452 3235 tri-

1883 3279 2034 3344 buat,
2066 3284 2121 3332 et
2160 3291 2279 3346 qute
2301 3275 2575 3332 offerenda
2609 3281 2736 3331 sunt
2756 3273 2965 3330 offerat.
2996 3272 3180 3344 Typus
3196 3271 3343 3325 enim
3365 3278 3453 3325 est

1882 3367 2102 3423 Graecus
2140 3380 2320 3422 sermo
2339 3407 2354 3434 ,
2382 3380 2541 3436 quem
2573 3380 2673 3421 nos
2703 3364 2928 3436 ﬁguram
2952 3362 3182 3419 dicimus
3206 3375 3302 3416 seu
3342 3359 3455 3416 for-

1878 3473 2051 3513 mam.
2080 3456 2137 3511 ln
2163 3465 2288 3528 typo
2312 3456 2455 3510 enim
2480 3469 2568 3511 res
2591 3454 2897 3511 declaratur
2922 3467 2990 3509 ex
3018 3452 3200 3516 rebus,
3230 3456 3286 3505 et
3309 3456 3459 3505 exte-

1884 3549 1997 3604 rius
2027 3547 2283 3603 interiora
2310 3552 2701 3602 monstrantur.
2747 3541 2882 3598 Nam
2904 3549 2961 3599 et
2987 3553 3150 3612 typus
3176 3541 3347 3596 herba
3373 3539 3457 3594 di-

1880 3640 2046 3704 citur,
2068 3653 2189 3708 qua:
2211 3653 2271 3694 se
2297 3638 2365 3693 ab
2388 3652 2528 3708 aqua
2552 3635 2723 3691 inﬂat.
2756 3633 2910 3692 Unde
2941 3633 3103 3689 etiam
3140 3632 3454 3688 ambitioso-

1882 3749 2005 3789 rum
2030 3741 2086 3790 et
2113 3734 2215 3790 sibi
2242 3732 2567 3805 placentium
2596 3739 2777 3789 tumor
2800 3740 2959 3804 typus
2984 3735 3228 3786 vocatur.

1955 3866 2160 3922 Memor
2172 3842 2342 3922 divini
2371 3866 2585 3938 eloquii,
2622 3865 2748 3937 quid
2778 3873 3065 3931 mereatur,
3085 3864 3175 3934 qui
3197 3860 3461 3919 scandali-

1886 3958 2082 4013 zaverit
2107 3973 2267 4010 unum
2301 3956 2366 4010 de
2392 3956 2618 4026 pusillis.
2643 3953 2918 4025 Scriptum
2945 3962 3030 4011 est
3056 3955 3110 4009 in
3136 3951 3459 4023 Evangelia:

1887 4045 1990 4113 Qui
2011 4055 2186 4102 autem
2206 4043 2642 4100 scandalizaverit
2660 4059 2824 4097 unum
2850 4042 2914 4098 de
2933 4041 3137 4112 pusillis
3160 4040 3274 4095 istis
3292 4044 3382 4110 qui
3403 4040 3461 4094 in

1885 4153 1965 4193 me
1993 4136 2231 4201 credunt,
2258 4135 2458 4206 expedit
2492 4134 2540 4190 ei
2581 4144 2638 4189 ut
2683 4132 3032 4204 suspendatur
3056 4129 3197 4186 mola
3224 4130 3461 4184 asinaria

1884 4229 1941 4281 in
1980 4227 2112 4282 collo
2153 4228 2301 4297 ejus,
2345 4236 2395 4281 et
2435 4226 2768 4298 demergatur
2815 4226 2871 4279 in
2914 4222 3235 4295 profundum
3294 4222 3459 4276 maris

1884 4317 2101 4389 (Matth.
2131 4318 2310 4389 xvui).
2333 4316 2472 4384 Quid
2496 4316 2639 4372 enim
2659 4331 2756 4385 per
2783 4313 2981 4370 molam
3005 4312 3318 4376 asinariam,
3352 4310 3456 4365 nisi

1887 4408 2143 4463 circuitus
2169 4422 2312 4462 cura:
2340 4405 2623 4476 praesentis
2661 4403 2880 4460 sreculi?
2917 4403 2985 4458 Et
3006 4401 3134 4472 quid
3161 4414 3258 4470 per
3282 4412 3455 4463 mare,

218 4505 383 4569 sterii,
412 4503 501 4558 sed
527 4505 701 4558 omnia
726 4511 1021 4559 ménsurate
1045 4504 1226 4575 faciat,
1263 4516 1310 4560 et
1345 4507 1629 4560 secundum
1663 4508 1785 4578 jus-
1808 4478 1860 4539 Ῑ)
1888 4499 1989 4553 niSi
2018 4498 2158 4552 idem
2182 4511 2418 4567 P11258118
2446 4494 2697 4550 είῐέίῐιιιιιῐη
2726 4490 3068 4563 designalur?
3091 4488 3286 4545 LBVillS
3312 4488 3458 4544 enim

218 4598 415 4650 sionem
437 4595 655 4649 abbatis.
688 4595 825 4650 llinc
846 4596 1147 4651 secundum
1176 4594 1429 4667 Regulam
1456 4597 1783 4653 Orientalem

222 4683 441 4737 Patrum
466 4683 662 4737 dicitur
689 4701 701 4737 :
735 4683 813 4737 Ad
838 4684 1164 4740 condiendos
1192 4686 1340 4741 cibos
1360 4687 1449 4740 det
1478 4687 1788 4743 cellerarius

220 4772 521 4827 necessaria
549 4773 840 4827 secundum
870 4773 1194 4843 quotidianm
1219 4788 1468 4845 expensa:
1496 4784 1788 4831 consuetu-

220 4862 423 4926 dinem,
452 4874 626 4931 neque
660 4860 899 4931 profuse,
932 4878 1105 4933 neque
1146 4880 1329 4930 avare,
1359 4881 1427 4920 ne
1452 4866 1584 4922 vitio
1621 4867 1789 4937 ipsius

221 4952 301 5006 vel
339 4951 653 5006 monasterii
693 4953 994 5008 substantia
1031 4963 1305 5023 gravetur,
1347 4954 1432 5008 vel
1469 4953 1665 5010 fratres
1694 4971 1790 5025 pa-

223 5041 427 5095 tiantur
476 5038 746 5109 iniuriam.
794 5040 900 5097 Sed
932 5051 986 5097 et
1032 5043 1408 5098 necessitatem
1454 5042 1787 5100 infirmorum

223 5130 449 5183 fratrum
492 5145 556 5184 ac
586 5128 822 5185 laborem
852 5131 1219 5195 considerans,
1251 5131 1388 5185 nihil
1412 5132 1789 5201 aegrotandum

223 5216 502 5272 desideriis
529 5226 689 5289 neget
710 5232 776 5272 ex
810 5218 896 5274 his
925 5234 1043 5288 qua:
1080 5220 1350 5284 habuerit,
1385 5230 1646 5290 quantum
1684 5222 1790 5278 illis

224 5322 442 5364 necesse
512 5309 692 5363 fuerit.
761 5309 1180 5365 Advenientibus
1240 5310 1468 5364 diversis
1532 5308 1791 5366 fratribus

221 5415 375 5456 escas
401 5401 630 5471 parabit.
676 5400 800 5457 [hec
835 5402 940 5456 erit
966 5417 1096 5457 cura
1130 5401 1370 5457 custodis
1407 5399 1670 5456 cellerarii
1699 5417 1788 5458 re-

221 5503 445 5546 currens
470 5508 682 5562 semper
705 5493 771 5547 ad
802 5494 1074 5548 seniorum
1103 5492 1406 5559 consilium,
1432 5501 1487 5547 et
1513 5493 1791 5562 requirens

221 5579 288 5634 de
331 5580 598 5643 omnibus,
630 5581 712 5637 vcl
750 5582 1017 5652 praecipue
1058 5581 1124 5636 de
1171 5582 1253 5636 bis
1281 5597 1401 5652 quae
1440 5582 1656 5653 proprio
1693 5596 1791 5637 suo

225 5666 495 5726 intellectu
525 5685 629 5725 non
656 5670 890 5742 poluerit
918 5668 1226 5740 adimplere.

1885 4589 2062 4644 fuerat
2080 4587 2345 4644 monacho
2369 4586 2458 4657 qui
2483 4585 2617 4640 alios
2640 4584 2694 4639 in
2721 4582 3046 4639 monasterio
3066 4580 3274 4652 positus
3300 4594 3458 4634 scan-

1887 4678 2103 4745 dalizat,
2150 4686 2210 4733 ut
2239 4678 2378 4733 mola
2422 4674 2660 4732 asinaria
2703 4674 2843 4731 collo
2887 4689 2986 4729 suo
3023 4672 3186 4742 ligata
3214 4671 3267 4726 in
3306 4686 3457 4725 mare

1888 4770 2070 4826 saeculi
2105 4770 2263 4841 hujus
2289 4766 2576 4839 proiectus,
2612 4766 2666 4822 id
2688 4773 2792 4831 est,
2819 4774 2881 4821 ut
2901 4780 3045 4821 cura:
3073 4761 3255 4820 sreculi
3281 4762 3458 4833 impli-

1888 4872 2041 4919 catus
2078 4862 2357 4918 saecularia
2390 4860 2605 4933 negotia
2641 4865 2701 4915 et
2740 4858 3025 4914 circuitum
3052 4864 3278 4912 terrena:
3311 4870 3456 4910 curae

1889 4964 2191 5026 perageret,
2221 4968 2383 5024 quam
2412 4952 2467 5006 in
2513 4957 2671 5021 portu
2698 4948 3011 5005 monasterii
3051 4954 3107 5002 et
3147 4961 3205 5001 se
3238 4953 3294 5000 et
3320 4943 3456 5001 alios

1889 5042 2301 5099 scandalizando
2322 5041 2634 5111 perimeret.
2667 5037 2804 5094 llinc
2825 5039 3016 5094 beatus
3034 5036 3325 5108 Gregorius
3348 5036 3455 5090 ait:

1891 5136 1994 5189 Per
2038 5133 2236 5189 molam
2266 5132 2557 5187 asinariam
2598 5129 2874 5186 saecularis
2919 5114 3278 5187 circuitusac
3304 5125 3459 5183 labor

1890 5224 2228 5294 exprimitur,
2258 5230 2313 5278 et
2338 5238 2434 5293 per
2458 5221 2782 5292 profundum
2830 5220 2995 5277 maris
3031 5228 3272 5275 extrema
3307 5218 3459 5273 dum-

1893 5315 2036 5368 natio
2064 5312 2393 5381 designatur.
2418 5310 2519 5378 Qui
2541 5325 2669 5380 ergo
2690 5310 2758 5367 ad
2780 5310 3086 5365 sanctitatis
3109 5307 3344 5380 speciem
3368 5306 3459 5361 de-

1890 5403 2103 5469 ductus,
2134 5402 2219 5459 vel
2242 5403 2408 5457 verbo
2426 5410 2654 5457 caeteros
2675 5403 2909 5458 destruit
2933 5401 3014 5457 vel
3048 5398 3313 5469 exemplo,
3344 5412 3456 5452 me-

1892 5492 1997 5547 lius
2038 5492 2278 5561 profecto
2306 5500 2424 5546 erat
2448 5497 2509 5544 ut
2537 5490 2679 5546 hunc
2705 5490 2772 5544 ad
2812 5500 3039 5546 mortem
3072 5489 3169 5544 sub
3202 5485 3459 5541 exteriori

1894 5581 2080 5638 habitu
2108 5590 2318 5639 terrena
2342 5589 2462 5636 acta
2485 5582 2940 5653 constringerent,
2971 5596 3131 5651 quam
3161 5592 3317 5633 sacra
3342 5575 3457 5631 olli-

1893 5671 1975 5725 cia
2015 5670 2064 5725 in
2096 5670 2249 5743 culpa
2279 5670 2486 5725 czeteris
2517 5670 2828 5727 imitabilem
2855 5670 3303 5734 demonstrarent,
3326 5664 3453 5738 quia
