3944 6498
457 355 565 414 863

1738 342 2097 402 SMARAGDI
2136 344 2364 402 ABBAT
2366 344 2429 402 IS

3621 347 3747 406 865

459 471 715 528 nimirum
749 465 795 523 si
828 462 976 521 solus
1017 460 1256 528 caderet,
1307 466 1582 530 utcuntpie
1603 459 1749 515 hunc
1777 458 2036 515 tolerabi-
2062 458 2113 519 Α
2139 460 2360 515 nebunt.
2410 459 2549 515 lline
2572 458 2792 531 quidam
2836 459 3225 516 monachorum
3250 459 3512 533 magister
3551 462 3732 522 dicit:

461 561 568 616 lior
587 556 787 613 inferni
814 568 975 624 pmns
1011 551 1305 609 cruciaret.

531 646 591 703 Si
618 644 947 715 congregatio
965 642 1143 712 major
1161 641 1340 711 fuerit,
1360 640 1556 696 solatia
1576 640 1623 694 ei
1645 638 1855 702 dentur,
1879 654 1911 691 a
1931 637 2043 707 qui-

458 741 555 795 bus
584 738 803 809 adjutus
829 744 878 791 et
904 728 1015 806 ipse
1042 750 1192 805 aquo
1217 733 1395 788 animo
1437 731 1652 804 impleat
1682 730 1906 801 oﬁicium
1940 727 2042 781 sibi

458 828 811 891 comniissum.
839 826 965 881 Ideo
986 823 1223 879 maxime
1251 822 1327 878 illi
1348 822 1602 879 solatium
1625 829 1711 877 est
1731 832 2041 875 accommo-

456 919 731 983 dandum,
784 932 854 972 ne
891 931 1014 973 cum
1055 916 1358 971 murmurio
1402 914 1508 970 sibi
1542 912 1891 968 commissum
1918 918 2046 980 agat

456 1007 714 1064 officium.
764 1007 900 1063 Nam
935 1008 983 1062 si
1011 1007 1161 1063 solus
1184 1006 1322 1062 bene
1361 1005 1692 1061 laboriosum
1719 1002 1825 1057 sibi
1860 1001 2044 1071 injun-

458 1107 609 1155 ctum
653 1114 764 1155 non
799 1097 1037 1168 potuerit
1074 1111 1334 1168 peragere
1359 1094 1750 1160 ministerium,
1778 1092 1901 1147 aliis
1926 1092 2048 1148 sine

459 1193 627 1248 dubio
645 1183 1012 1262 periculosum
1040 1189 1323 1258 generabit
1343 1186 1723 1242 murmurium.

533 1281 698 1337 Horis
725 1279 1131 1351 competentibus
1150 1279 1341 1333 dentur
1362 1293 1481 1349 qua
1509 1275 1688 1330 danda
1714 1283 1857 1341 sunt,
1884 1284 1934 1329 et
1957 1292 2049 1346 pe-

461 1382 646 1429 tantur
675 1388 793 1445 qua:
833 1372 1055 1443 petenda
1101 1378 1246 1425 sunt.
1293 1369 1468 1426 lloras
1517 1374 1885 1438 competentes
1918 1367 2052 1422 dicit

461 1465 627 1521 horas
636 1463 1023 1519 convenientes
1033 1461 1116 1517 vel
1138 1467 1518 1531 congruentes,
1531 1461 1747 1531 quando
1763 1468 2052 1527 utrumque

461 1552 610 1618 licet,
632 1562 943 1623 utmmque,
968 1553 1020 1607 id
1049 1560 1154 1616 est,
1180 1559 1236 1605 et
1257 1552 1461 1620 petenti
1489 1560 1691 1622 petere,
1720 1560 1778 1605 et
1798 1550 1931 1604 dare
1958 1549 2052 1603 do-

463 1645 639 1700 nanti.
672 1643 815 1699 Nam
840 1643 1057 1713 quando
1081 1642 1302 1698 lectioni
1332 1642 1416 1698 vel
1459 1642 1694 1698 orationi
1733 1641 1931 1697 debent
1959 1653 2052 1693 va-

465 1750 625 1801 care,
662 1734 1049 1803 silentiumque
1087 1742 1292 1796 tenere,
1337 1732 1441 1787 nisi
1487 1747 1652 1787 causa
1687 1727 2053 1791 necessitatis,

463 1842 566 1883 nec
592 1799 780 1898 petere
813 1826 929 1893 uni,
959 1799 1076 1881 nec
1110 1826 1313 1880 donare
1339 1823 1526 1879 licebit
1558 1821 1737 1886 alteri,
1764 1836 1833 1875 ne
1866 1820 1935 1875 ab
1962 1834 2049 1876 or-
2076 1799 2124 1859 Β

463 1918 591 1973 dine
634 1916 870 1988 regulari
909 1916 1206 1971 indiscrete
1254 1914 1490 1985 petendo
1535 1912 1894 1982 donandoque
1929 1917 2047 1965 tur-

462 2010 666 2066 bentur
704 2008 941 2077 utrique.
977 2005 1131 2062 Unde
1160 2005 1443 2074 sequitur:
2060 2004 2063 2005 ⁷

539 2099 610 2155 Ut
653 2116 802 2155 nemo
837 2096 1170 2170 perturbetur
1215 2112 1378 2167 neque
1428 2093 1768 2150 contristetur
1806 2093 1863 2146 in
1897 2090 2051 2145 domo

436 2186 584 2246 Ἧεὶ.
636 2189 839 2244 Domus
884 2188 1029 2243 enim
1064 2186 1303 2251 Domini,
1350 2186 1618 2242 bonorum
1662 2182 2052 2238 monachorum

464 2280 809 2338 sanctissima
845 2278 1016 2334 corda
1043 2284 1099 2332 et
1135 2292 1323 2332 eorum
1357 2283 1484 2331 sunt
1520 2274 1811 2345 purissima
1844 2272 2056 2327 habita-

463 2370 609 2437 cula,
639 2371 692 2425 in
721 2370 918 2440 quibus
958 2368 1373 2424 mundissimum
1417 2366 1648 2423 Domino
1674 2380 1774 2421 suo
1810 2362 2057 2435 prtebent

465 2459 859 2517 habitaculum.
914 2457 1034 2530 Ipse
1070 2456 1218 2513 enim
1265 2457 1526 2512 Dominus
1561 2456 1640 2510 ait
1679 2473 1692 2509 :
1739 2452 2054 2508 Inhabitabo

461 2551 520 2607 in
544 2549 651 2604 illis
671 2590 687 2617 ,
726 2560 774 2604 et
808 2546 1146 2603 inambulabo
1169 2586 1187 2614 ,
1228 2555 1278 2602 et
1324 2563 1413 2602 ero
1444 2545 1656 2601 illorum
1695 2544 1977 2608 Dominus,
2006 2550 2056 2598 et

463 2642 547 2697 illi
572 2651 726 2697 erunt
757 2642 883 2696 mihi
913 2639 1160 2711 populus.
1200 2640 1271 2694 Et
1302 2637 1594 2709 Apostolus
1618 2638 1695 2692 ait
1728 2654 1741 2690 :
1787 2634 2057 2706 Templum

468 2732 571 2791 Dei
592 2733 738 2799 estis,
762 2742 812 2787 et
841 2730 1071 2803 Spiritus
1098 2730 1312 2787 Domini
1347 2729 1545 2785 habitat
1574 2729 1630 2784 in
1651 2729 1791 2784 vobis
1816 2726 1864 2798 (Ι
1929 2725 2057 2783 Cor.

466 2838 561 2890 v1;
598 2820 631 2876 I
660 2819 782 2877 Cor.
816 2837 911 2888 nl;
952 2820 1018 2874 ΙΙ
1051 2820 1175 2876 Cor.
1247 2818 1346 2890 γι).
1375 2819 1433 2874 In
1462 2835 1570 2890 quo
1599 2819 1819 2891 templo,
1856 2819 1912 2875 id
1951 2826 2056 2883 est,

470 2915 531 2969 in
559 2928 667 2985 qua
697 2912 857 2969 domo
885 2911 1117 2977 Domini,
1147 2927 1255 2968 non
1281 2911 1462 2967 licebit
1486 2910 1643 2966 alteri
1670 2910 1900 2965 alterum
1927 2924 2054 2979 per-

467 3002 691 3059 turbare
710 3002 794 3057 vel
815 3003 1159 3067 contristare,
1192 3002 1320 3073 quia
1345 3002 1602 3073 paciﬁcos
1639 3001 1893 3059 convenit
1916 3015 2049 3058 sem.

470 3108 571 3165 per
594 3108 716 3152 esse
746 3092 887 3150 filios
919 3093 1091 3165 pacis.

1017 3185 1247 3243 CAPUT
1280 3185 1498 3241 xxxu.
2084 3154 2130 3217 ο

722 3277 800 3334 De
824 3277 1155 3348 ferramentis
1178 3277 1257 3333 vel
1289 3277 1439 3332 rebus
1466 3276 1791 3332 monasterii.

544 3367 867 3425 Substantite
895 3367 1203 3423 monasterii
1245 3367 1302 3421 in
1339 3366 1670 3436 ferramentis
1715 3364 1792 3419 vel
1832 3366 2061 3420 uestibus

470 3476 564 3516 seu
592 3458 901 3529 quibuslibet
938 3459 1090 3514 rebus
1119 3456 1387 3529 provideat
1416 3455 1576 3509 abbas
1606 3454 1799 3524 fratres
1836 3455 1901 3509 de
1931 3471 2062 3525 quo-

467 3549 709 3605 rusnuita
733 3559 783 3604 et
802 3549 1035 3603 moribus
1061 3563 1276 3613 securus
1301 3547 1407 3608 sit;
1433 3552 1483 3598 et
1511 3545 1588 3599 eis
1617 3542 1827 3614 singula
1857 3553 1915 3597 ut
1938 3544 2064 3600 utile

466 3641 782 3713 iudicaverit
812 3639 1079 3711 consignet
1121 3635 1466 3692 custodienda
1492 3644 1648 3705 atque
1690 3624 2090 3705 recolligendas

477 3734 565 3789 Ex
591 3734 779 3807 quibus
807 3732 968 3787 abbas
998 3731 1145 3786 breve
1173 3737 1368 3793 teneat,
1397 3736 1454 3782 ut
1485 3727 1611 3782 dum
1633 3726 1733 3781 sibi
1753 3728 1809 3781 in
1836 3727 1951 3798 ipsa
1978 3744 2065 3781 as-

471 3826 684 3896 signato
715 3821 907 3890 fratres
936 3820 1163 3875 vicissim
1198 3819 1504 3885 succedunt,
1536 3818 1670 3872 sciat
1697 3819 1823 3890 quid
1851 3818 1943 3872 dat
1969 3828 2062 3872 aut

474 3909 604 3984 quid
631 3909 832 3979 recipit.
856 3906 915 3963 Si
939 3908 1056 3980 quis
1078 3919 1250 3962 autem
1274 3907 1485 3963 sordide
1512 3916 1605 3961 aut
1634 3906 1949 3979 negligenter
1982 3924 2062 3962 res

468 3999 777 4056 monasterii
806 3999 1138 4071 tractaverit,
1165 3998 1519 4069 corripiatur;
1548 3998 1595 4053 si
1621 4013 1725 4052 non
1754 3997 2061 4051 emendare—

474 4091 565 4155 rit,
594 4088 885 4160 disciplina:
912 4089 1145 4161 regulari
1170 4089 1462 4161 subjaceat.
1490 4088 1858 4157 Interrogatus
1872 4086 2063 4143 beatus

470 4181 706 4238 Basilius
733 4181 1004 4252 quomodo
1046 4181 1247 4235 debent
1286 4179 1342 4236 hi
1383 4180 1475 4250 qui
1516 4187 1829 4249 operantur,
1870 4192 2060 4234 curam

470 4286 662 4344 gerere
693 4269 1144 4326 ferramentorum
1180 4270 1493 4326 utensilium
1532 4284 1721 4326 eorum
1766 4269 1834 4324 de
1866 4269 2063 4339 quibus

469 4373 785 4436 operantur.
827 4363 1102 4435 respondit
1140 4378 1155 4417 :
1200 4361 1442 4418 Primum
1484 4362 1702 4433 quidem
1749 4361 1889 4418 sicut
1915 4360 2064 4419 vasis

2139 549 2489 605 Ferramenta
2514 550 2828 606 monasterii
2852 551 2904 605 in
2925 565 3035 605 uno
3051 551 3433 606 contineantur
3453 551 3740 619 cubiculo,

2139 646 2195 694 et
2249 641 2342 694 uni
2398 639 2556 694 fratri
2602 639 2755 709 cujus
2798 640 3133 709 diligentiam
3178 640 3347 697 abbas
3387 641 3735 713 cognoverit.

2140 745 2327 787 eorum
2356 734 2849 789 conservandorum
2874 749 3060 788 curam
3094 733 3432 800 committat;
3472 735 3567 804 qui
3593 750 3743 806 quo—

2142 822 2273 877 tidie
2298 821 2558 877 fratribus
2579 822 2647 877 ad
2679 822 2987 877 faciendum
3022 837 3188 892 opera
3219 824 3501 892 consignet
3536 824 3606 879 ad
3636 840 3748 879 nu—

2143 929 2373 981 merum,
2405 923 2460 969 et
2491 929 2522 969 a
2549 914 2971 985 suscipientibus
2995 913 3249 969 similiter
3271 916 3469 971 munda
3498 916 3616 985 ipse
3647 930 3751 971 re-

2144 1002 2309 1071 cipiat
2365 1011 2421 1058 et
2474 1010 2744 1074 reponat,
2798 1003 3020 1058 brevem
3072 1002 3140 1058 de
3197 1003 3450 1060 omnibus
3509 1011 3753 1061 tenente

2146 1094 2365 1150 abbate.

2690 1161 2917 1219 CAPUT
2951 1161 3186 1217 XXXIII.

2309 1256 2372 1313 Si
2393 1255 2520 1329 quid
2542 1256 2764 1311 debeant
2789 1255 3034 1311 monachi
3056 1255 3328 1326 proprium
3356 1254 3570 1311 habere.

2224 1369 2498 1439 Prwcipue
2524 1369 2621 1423 hoc
2649 1367 2832 1422 uitium
2860 1375 3161 1438 amputetur
3185 1367 3251 1421 de
3287 1368 3645 1435 monasterio,
3678 1385 3759 1425 ne

2148 1464 2264 1535 quis
2292 1469 2578 1533 prtesumat
2606 1460 2807 1531 aliquid
2836 1459 2965 1513 dare
2986 1466 3079 1513 aut
3108 1458 3341 1530 accipere
3366 1459 3479 1514 sine
3493 1460 3752 1531 jussionc

2151 1554 2371 1610 abbatis.
2398 1552 2515 1607 Non
2536 1552 2678 1607 enim
2708 1557 2923 1621 oportet
2947 1549 3270 1606 monachum
3294 1551 3361 1607 de
3385 1551 3470 1606 his
3493 1567 3616 1622 qua:
3636 1567 3750 1622 pro

2153 1646 2477 1701 necessitate
2489 1642 2773 1714 praesentis
2790 1640 3048 1711 temporis
3068 1640 3137 1695 ab
3151 1641 3346 1696 abbate
3367 1642 3626 1712 suscepit,
3643 1652 3751 1697 aut

2153 1739 2284 1793 dare
2306 1745 2398 1791 aut
2425 1736 2769 1792 commodare
2799 1734 3074 1804 cuiquam,
3108 1733 3213 1789 nisi
3245 1733 3314 1788 ab
3343 1733 3539 1789 abbate
3573 1733 3747 1791 fuerit

2148 1829 2478 1885 ordinatum.
2524 1826 2663 1894 Quid
2689 1826 2833 1881 enim
2873 1825 2940 1880 de
2966 1825 3131 1880 rebus
3170 1825 3357 1880 mundi
3389 1824 3544 1880 alteri
3579 1824 3749 1880 fratri

2149 1921 2395 1978 conferat
2434 1920 2526 1990 qui
2565 1934 2691 1973 suas
2744 1918 2797 1972 in
2856 1916 3108 1972 omnibus
3164 1915 3472 1972 voluntates
3517 1923 3751 1986 propter

2148 2012 2422 2068 Christum
2448 2011 2501 2064 in
2528 2010 2737 2064 abbatis
2762 2007 2984 2062 tradidit
3003 2005 3364 2075 potestatem?
3386 2005 3748 2085 Hinccbeatus

2149 2102 2482 2158 Fructuosus
2526 2101 2603 2154 ait
2641 2114 2656 2153 :
2706 2097 2989 2154 Peculiare
3019 2110 3153 2165 opus
3197 2096 3505 2150 institutum
3534 2104 3641 2160 est,
3683 2103 3752 2150 ut

2151 2194 2329 2249 nullus
2361 2198 2613 2248 exerceat
2650 2189 2949 2244 monachus
2975 2186 3128 2257 quasi
3170 2187 3273 2242 sibi
3316 2186 3537 2257 proprie
3558 2187 3745 2242 vindi—

2153 2284 2409 2350 candum,
2460 2289 2554 2336 aut
2599 2279 2839 2345 cuilibet,
2887 2292 3011 2333 cum
3047 2275 3299 2343 voluerit,
3340 2291 3438 2332 sua
3486 2290 3749 2347 praesum.

2151 2375 2335 2446 ptione
2357 2369 2804 2433 distribuendum,
2837 2383 2938 2423 nec
2966 2364 3246 2438 quodlibet
3270 2380 3407 2434 opus
3441 2366 3561 2422 sine
3603 2378 3748 2435 prae-

2155 2450 2403 2534 ceptione
2432 2468 2487 2518 et
2522 2476 2648 2516 eum
2694 2457 2914 2515 licentia
2942 2455 3173 2513 senioris
3200 2455 3624 2527 suscipiendum,
3662 2455 3748 2510 in-

2157 2554 2481 2633 choandum,
2528 2552 2653 2633 give
2698 2550 3006 2605 faciendum
3050 2554 3171 2614 est;
3218 2546 3313 2602 sed
3366 2547 3420 2602 in
3466 2561 3628 2602 omne
3676 2562 3747 2603 re

2156 2646 2417 2717 quidquid
2462 2612 2640 2701 gibbas
2705 2642 2790 2698 vel
2848 2612 3171 2714 praepositus
3218 2639 3582 2711 praeceperit,
3634 2640 3745 2697 hoc

2158 2739 2445 2810 agendum.

2231 2830 2412 2901 Neque
2458 2828 2663 2901 aliquid
2709 2826 2899 2883 habere
2939 2827 3231 2899 proprium,
3282 2824 3482 2881 nullam
3528 2824 3753 2881 omnino

2159 2938 2289 2987 rem,
2318 2938 2479 2994 neque
2506 2920 2759 2986 codicem,
2788 2936 2951 2991 neque
2991 2918 3222 2985 tabulas,
3253 2935 3416 2990 neque
3438 2917 3743 2990 graphium,

2158 3012 2249 3067 sed
2272 3011 2403 3067 nihil
2423 3012 2667 3076 omnino;
2692 3010 2880 3082 quippe
2906 3009 3093 3081 quibus
3127 3027 3220 3064 nec
3253 3025 3473 3080 corpora
3499 3025 3620 3075 sua,
3650 3024 3751 3062 nec

2160 3102 2449 3159 voluntates
2475 3101 2592 3158 licet
2612 3102 2801 3157 habere
2819 3102 2874 3157 in
2899 3104 3113 3173 propria
3136 3109 3409 3172 potestate.
3437 3098 3577 3167 Quid
3600 3099 3750 3155 enim

2162 3195 2439 3266 proprium
2482 3194 2684 3250 habere
2711 3200 2893 3264 potest
2919 3201 3139 3249 sanctus
3168 3195 3486 3259 monachus,
3515 3194 3607 3263 qui
3644 3207 3751 3250 nec

2163 3299 2363 3354 corpus
2394 3298 2573 3350 suum,
2598 3297 2700 3338 nec
2726 3282 3059 3339 voluntatem
3091 3296 3244 3337 suam
3291 3282 3347 3337 in
3381 3296 3537 3336 suam
3566 3295 3749 3337 reser—

2162 3378 2307 3433 vavit
2332 3383 2676 3448 potestatem,
2706 3375 2801 3432 sed
2834 3383 3008 3432 totum
3035 3390 3095 3434 se
3125 3376 3411 3449 abnegavit
3438 3376 3542 3433 sibi
3574 3384 3633 3430 ut
3661 3391 3748 3432 se-

2164 3473 2361 3535 quat-ar
2411 3464 2721 3521 Christum?
2775 3465 2915 3532 Quid
2961 3465 3026 3520 de
3069 3466 3271 3521 mundo
3318 3473 3495 3537 potest
3546 3467 3753 3523 habere

2164 3555 2463 3625 proprium,
2490 3556 2577 3610 cui
2619 3555 2852 3612 mundus
2875 3556 3165 3612 cruciﬁxus
3195 3566 3278 3612 est
3307 3565 3363 3613 et
3392 3557 3484 3612 ille
3511 3558 3746 3613 mundo!

2165 3644 2268 3712 Qui
2297 3644 2463 3699 semel
2488 3653 2733 3700 mortuus
2761 3652 2847 3700 est
2883 3646 3085 3701 mundo
3107 3661 3207 3703 nec
3234 3647 3612 3712 desiderando,
3645 3662 3747 3704 nec

2164 3736 2489 3806 possidendo
2514 3751 2603 3792 res
2627 3737 2837 3803 mundi,
2876 3738 3036 3795 debet
3066 3739 3262 3795 iterum
3282 3740 3469 3796 vivere
3508 3740 3704 3797 mundo
3722 3741 3751 3794 2

2169 3825 2347 3883 Semel
2376 3827 2518 3882 enim
2546 3826 2734 3883 relicto
2763 3828 3041 3900 implicare
3066 3846 3125 3886 se
3151 3845 3259 3886 non
3289 3832 3448 3887 debet
3470 3832 3686 3886 mundo.

2240 3918 2431 3975 Omnia
2457 3936 2574 3975 vero
2603 3922 2897 3976 necessaria
2922 3938 2955 3975 a
2986 3918 3150 3978 Patre
3178 3925 3483 3979 monasterii
3510 3940 3741 3995 sperare.

2167 4011 2460 4067 Monachus
2484 4012 2647 4076 enim,
2681 4010 2768 4067 cui
2800 4010 3062 4090 Dominus
3088 4022 3303 4084 partem
3329 4015 3495 4082 dedit,
3522 4016 3651 4087 quid
3679 4015 3749 4071 de

2166 4100 2418 4155 omnibus
2443 4100 2549 4157 illis
2575 4100 2837 4157 sollicitus
2858 4118 3041 4158 curam
3069 4111 3226 4175 gerat
3254 4105 3594 4173 necessariis,
3617 4103 3742 4177 quid

2167 4190 2428 4247 sollicitus
2453 4199 2538 4247 est
2564 4191 2631 4247 de
2662 4192 2824 4248 rebus
2852 4193 3120 4248 terrenis?
3146 4192 3375 4249 Domino
3406 4195 3642 4249 maxime
3663 4194 3743 4252 di-

2166 4290 2323 4338 cente
2364 4299 2377 4335 :
2430 4280 2605 4337 Nolite
2641 4280 2853 4337 solliciti
2892 4299 3003 4337 esse
3039 4283 3266 4340 dicentes
3293 4326 3307 4351 ,
3348 4284 3476 4357 quid
3516 4283 3742 4340 mandu-

2166 4375 2312 4440 cetis,
2344 4380 2437 4428 aut
2474 4370 2601 4442 quid
2643 4372 2850 4439 bibatis,
2876 4380 2967 4426 aut
2997 4372 3125 4443 quid
3149 4373 3382 4429 induatis
3410 4370 3624 4446 (Matth.
3646 4372 3741 4445 vx).

471 4452 569 4507 Dei
594 4453 680 4508 vel
702 4454 789 4509 his
808 4469 928 4525 qua:
942 4453 1054 4522 jam
1079 4453 1189 4508 Deo
1213 4461 1530 4509 consecrata
1554 4460 1704 4518 sunt,
1737 4452 1812 4506 uti
1837 4450 2055 4507 debent.

2164 4462 2404 4521 Primum
2449 4463 2595 4519 enim
2636 4462 2794 4517 nobis
2843 4464 3192 4533 quaerendum
3247 4472 3331 4519 est
3369 4478 3595 4536 regnum
3637 4476 3746 4517 εαξ-

473 4542 680 4599 Deinde
709 4551 968 4615 tanquam
1004 4542 1097 4614 qui
1128 4558 1233 4598 non
1272 4543 1481 4613 possint
1509 4541 1626 4597 sine
1651 4541 1782 4613 ipsis
1813 4541 2054 4596 devotio-

472 4636 560 4693 nis
581 4643 637 4692 et
656 4635 817 4691 studii
845 4636 926 4692 sui
954 4635 1319 4691 emolumenta
1349 4632 1629 4703 consequi.
1655 4632 1793 4687 Item
1818 4631 2057 4686 interro-

472 4735 655 4801 gatus,
688 4724 832 4800 quod
872 4726 917 4782 si
962 4741 1062 4796 per
1094 4725 1478 4797 negligentiam
1512 4729 1706 4793 pereat
1740 4721 1941 4790 aliquid
1988 4735 2056 4776 ex

473 4820 580 4884 his,
623 4827 717 4873 aut
740 4833 839 4888 per
869 4826 1238 4888 contemptum
1278 4816 1592 4885 dissipetur,
1638 4813 1917 4885 respondit
1956 4828 1970 4868 :
2007 4812 2059 4869 Is

476 4908 697 4979 quidem
727 4908 818 4977 qui
853 4907 1173 4972 contemnit,
1224 4905 1372 4959 velut
1416 4903 1711 4975 sacrilegus
1733 4902 2059 4971 iudicandus

475 5006 581 5054 est.
605 4998 676 5053 Et
705 5000 797 5068 qui
827 4997 1125 5068 perdiderit
1145 5008 1241 5066 per
1265 4994 1643 5066 negligentiam
1668 5002 1723 5050 et
1750 4995 1863 5064 ipse
1884 4994 2061 5051 simile

478 5091 685 5148 crimen
738 5090 989 5155 incurrit,
1032 5103 1132 5159 pro
1166 5100 1231 5145 eo
1274 5089 1417 5159 quod
1448 5088 1629 5145 omnia
1657 5103 1777 5158 qum
1814 5088 1883 5143 ad
1928 5102 2063 5143 usus

476 5197 760 5239 servorum
787 5181 887 5237 Dei
911 5180 1165 5251 deputata
1203 5187 1350 5247 sunt,
1368 5179 1499 5255 ‘Deo
1531 5179 1651 5235 sine
1680 5179 1844 5233 dubio
1872 5192 2063 5232 conse-

474 5281 627 5329 crata
649 5280 794 5329 sunt.
828 5271 967 5328 Hinc
1004 5270 1240 5329 Isidorus
1270 5272 1383 5328 ait:
1422 5272 1857 5327 Strumentorum
1882 5276 2064 5323 custo-

476 5364 567 5422 dia
595 5362 1050 5420 ferramentorum
1079 5365 1147 5421 ad
1175 5379 1340 5420 unum
1379 5377 1541 5434 quem
1576 5359 1736 5415 Pater
1771 5357 2063 5418 monacho-

477 5472 600 5513 rum
629 5455 875 5529 elegerit,
912 5457 1227 5530 pertinebit,
1258 5456 1350 5527 qui
1389 5471 1454 5511 ea
1504 5449 1856 5523 operantibus
1884 5449 2065 5505 distri-

475 5550 630 5618 buat,
655 5560 871 5622 recepta
890 5553 1178 5609 custodiat.
1197 5550 1267 5606 Et
1289 5550 1416 5603 licet
1438 5548 1556 5602 haec
1580 5549 1773 5598 cuncta
1816 5542 2064 5613 speciali-

477 5653 566 5702 ter
610 5646 836 5719 singulis
887 5652 1148 5703 maneant
1196 5641 1511 5702 distributa,
1563 5634 1745 5691 omnia
1802 5642 1983 5690 tamen
2031 5626 2097 5689 a'

478 5736 639 5796 Patre
671 5741 985 5798 monasterii
1016 5738 1261 5797 ordinata
1289 5733 1355 5789 ad
1384 5746 1568 5789 curam
1600 5729 1869 5800 praepositi
1896 5730 2064 5801 perti-

2161 4557 2358 4619 lorum,
2388 4563 2443 4610 et
2485 4562 2672 4624 postea
2700 4553 2816 4607 haec
2863 4554 3045 4609 omnia
3092 4569 3197 4609 non
3246 4570 3275 4609 a
3323 4553 3743 4624 nobismetipsis,

2159 4648 2255 4704 sed
2300 4661 2331 4700 a
2368 4644 2595 4700 Domino
2648 4658 2748 4714 per
2794 4641 3011 4699 Patrem
3064 4645 3328 4715 speranda
3380 4651 3507 4700 sunt
3561 4659 3746 4698 mona-

2158 4737 2328 4795 sterii.
2372 4735 2490 4790 Non
2532 4746 2662 4805 ergo
2705 4749 2926 4790 necesse
2970 4741 3054 4791 est
3105 4735 3387 4802 monacho,
3411 4733 3614 4804 aliquid
3655 4734 3747 4789 ha-

2156 4826 2288 4882 bere
2333 4822 2633 4893 peculiare,
2660 4822 2746 4877 cui
2786 4823 2967 4878 omnia
3008 4823 3326 4880 monasterii
3372 4823 3747 4879 ministrantur

2166 4930 2199 4970 a
2227 4914 2407 4969 Patre.

2244 5005 2356 5060 Nec
2377 5004 2659 5075 quidquam
2682 5003 2839 5057 liceat
2869 5002 3079 5068 habere,
3111 5002 3253 5075 quod
3280 5002 3440 5058 abbas
3472 5021 3576 5058 non
3604 5003 3747 5060 dede-

2169 5098 2257 5163 rit,
2291 5105 2383 5151 aut
2409 5096 2720 5168 permiserit.
2763 5095 2917 5163 Quod
2965 5096 3134 5151 abbas
3177 5112 3283 5152 non
3327 5095 3558 5161 dederit,
3600 5097 3743 5162 dicit,

2168 5189 2223 5244 id
2270 5196 2373 5253 est,
2420 5188 2698 5251 manibus,
2752 5193 2847 5241 aut
2893 5186 3222 5256 permiserit,
3274 5186 3611 5250 subauditur,
3660 5194 3747 5241 aut

2171 5280 2309 5346 dari,
2338 5287 2433 5334 aut
2456 5278 2665 5333 haberi.
2694 5275 2794 5332 llic
2820 5276 3060 5332 ostendit
3080 5276 3223 5345 quod
3249 5292 3351 5332 nec
3371 5276 3440 5332 ab
3464 5275 3743 5331 exteriori-

2165 5373 2268 5428 bus
2300 5368 2641 5442 propinquis,
2670 5383 2771 5423 nec
2793 5366 2860 5421 ab
2884 5367 3233 5423 interioribus
3259 5366 3464 5438 aliquid
3484 5366 3740 5437 accipere,

2164 5461 2251 5519 vel
2300 5476 2421 5515 cum
2466 5459 2572 5513 alio
2615 5456 2796 5527 aliquo
2843 5454 3184 5511 familiariter
3226 5465 3594 5521 commutare;
3657 5455 3743 5512 sed

2166 5551 2308 5624 quod
2337 5552 2386 5604 ei
2432 5550 2500 5605 ab
2553 5549 2749 5602 abbate
2783 5547 3098 5617 abbatisque
3119 5546 3363 5615 iussione
3385 5547 3738 5616 distribuitur,

2165 5643 2271 5698 hoc
2303 5640 2476 5695 libens
2499 5645 2683 5693 teneat
2702 5635 3019 5707 placideque
3044 5636 3363 5691 delectetur.

2238 5731 2528 5803 Omniaque
2560 5727 2796 5784 omnibus
2826 5727 2927 5781 sint
2958 5725 3277 5797 communia,
3308 5735 3361 5781 ut
3392 5727 3644 5801 scriptum
3675 5735 3743 5782 est
