3944 6414
91 291 204 348 865

1155 291 1509 349 COMMENT.
1547 292 1614 347 IN
1656 291 1814 349 RBG.
1857 291 1917 349 S.
1959 293 2337 353 BENEDICTI.

94 408 240 480 (Act.
286 403 388 471 tv),
426 421 520 460 nec
550 406 827 478 quisquam
851 422 1005 461 suum
1042 422 1153 462 esse
1177 407 1379 479 aliquid
1399 408 1565 473 dicat,
1600 415 1691 461 aut
1720 409 1772 467 Α
1797 423 1979 480 malus
2032 426 2165 481 dicit

2221 445 2235 481 :
2294 427 2360 483 Ut
2405 428 2609 483 nullum
2652 429 2706 484 in
2753 432 3172 504 congregatione
3227 448 3381 491 mur-

91 507 403 569 prtesumat.
448 497 587 553 Hinc
621 498 913 554 Ferreolus
947 500 1024 554 ait
1057 518 1070 553 :
1105 499 1219 555 Hoc
1248 509 1456 556 tantum
1484 502 1692 572 iudicet
1794 525 1918 566 mur
1967 526 2063 567 seu
2109 514 2378 571 detractio
2401 555 2417 583 ,
2467 519 2610 586 quod
2651 497 3134 577 familiarissimum
3177 524 3386 582 habent

93 589 403 658 proprium,
424 589 690 659 quidquid
714 604 838 645 cum
872 589 1137 646 fratribus
1166 592 1470 661 possederit
1496 591 1691 647 indivi-

92 694 241 733 sum.
288 678 427 735 Nam
475 689 532 736 et
575 680 738 737 lectio
776 679 1011 737 Actuum
1052 683 1417 752 apostolorum
1448 668 1690 754 tempore

91 772 373 841 surgentis
420 771 680 827 Ecclesia:
748 772 934 829 taliter
988 773 1174 830 ﬁdeles
1222 773 1426 830 Christi
1482 775 1690 832 vixisse

91 872 510 919 commemorat.
559 863 770 930 Nullus,
814 865 1011 935 inquit,
1047 880 1114 921 ex
1144 865 1304 921 bonis
1331 865 1446 921 suis
1470 863 1690 921 diccbat

94 952 301 1022 aliquid
331 968 489 1009 suum
523 966 666 1020 esse,
702 953 796 1009 sed
817 962 976 1008 erant
1008 953 1116 1008 illis
1141 954 1326 1008 omnia
1351 955 1686 1010 communia.

88 1041 227 1097 ltem
255 1042 385 1098 alibi
423 1059 440 1096 :
481 1041 618 1097 Nam
638 1043 684 1098 si
720 1042 788 1098 de
816 1042 1077 1112 peculiari
1106 1042 1348 1098 Ananias
1372 1050 1427 1097 et
1456 1042 1685 1113 Saphira

91 1130 258 1187 ﬁdem
313 1130 382 1187 ab
419 1132 682 1204 apostolis
715 1148 826 1188 non
865 1140 1182 1189 meruerunt
1222 1134 1527 1203 percipere,
1565 1134 1683 1203 qui,

93 1223 280 1278 omnia
308 1238 408 1279 sua
440 1239 565 1280 cum
594 1232 721 1280 ante
744 1224 910 1295 pedes
933 1224 1300 1294 apostolorum
1322 1224 1682 1295 assignarent,

90 1316 159 1371 de
171 1315 547 1386 peculiaribus
562 1314 935 1371 fraudulenter
947 1316 1261 1381 subtractis,
1274 1312 1478 1384 judicio
1492 1314 1685 1370 subitae

87 1407 291 1462 mortis
304 1406 548 1462 damnati
563 1414 718 1471 sunt;
742 1407 869 1476 quia
892 1404 1045 1462 fraus
1070 1406 1183 1461 Deo
1203 1405 1322 1461 fieri
1349 1421 1458 1462 non
1480 1414 1681 1477 potest,

88 1510 218 1551 cum
240 1496 377 1552 nihil
398 1504 484 1551 est
509 1495 784 1552 occultum
811 1494 958 1567 quod
982 1495 1051 1550 ab
1076 1510 1145 1551 eo
1173 1511 1283 1552 non
1316 1495 1662 1552 revelabitur.

164 1586 324 1653 Quod
352 1589 398 1642 si
428 1588 705 1659 quisquam
727 1588 825 1642 hoc
854 1586 1168 1659 nequissimo
1196 1587 1316 1643 vitio
1335 1586 1682 1657 deprehensus

1794 605 2085 672 monachi,
2118 614 2311 661 contra
2350 608 2600 664 abbatem
2633 617 2727 664 aut
2761 612 3056 681 quemlibet
3093 613 3261 670 alium
3307 617 3401 672 de‘

1791 694 2076 762 fratribus,
2115 696 2401 765 audiatur;
2446 715 2514 755 ne
2554 701 2635 755 ira
2680 701 2800 767 Dei,
2843 717 2964 772 qua
2989 718 3132 774 saepe
3156 712 3383 776 propter

1791 784 1934 842 banc
1961 786 2178 858 culpam
2209 788 2576 845 miserabilem
2603 790 2860 861 populum
2879 794 3292 861 condemnabat,
3321 794 3380 850 in

1787 878 2094 947 perditione
2111 879 2364 935 similiter
2384 881 2841 936 murmurantium
2866 883 3061 949 turbat,
3086 884 3378 950 excitetur,

1789 973 1843 1021 et
1864 972 2081 1023 terram'
2096 956 2553 1040 repromisSionis,
2593 985 2757 1041 quam
2784 985 2884 1027 nos
2907 979 3054 1029 recte
3079 974 3379 1045 accipimus

1789 1054 1966 1111 locum
1991 1056 2188 1114 futurae
2214 1059 2586 1126 beatitudinis,
2630 1060 2824 1130 perdat
2856 1061 3219 1118 murmuratio
3252 1077 3380 1133 pro-

1786 1146 1926 1216 pria,
1958 1161 2078 1217 qua:
2106 1148 2336 1205 debetur
2371 1150 2663 1220 sponsione
2686 1150 2889 1206 divina.
2929 1150 3024 1208 Sic
3050 1153 3195 1208 enim
3221 1154 3375 1209 dam-

1788 1238 1995 1293 nandos
2041 1238 2201 1308 hujus
2245 1239 2361 1294 vitii
2403 1247 2703 1297 sectatores
2747 1242 2991 1312 psalmus
3035 1244 3321 1299 annuntiat
3356 1264 3370 1300 :

1786 1328 2156 1386 Detrahentem
2191 1333 2440 1388 adversus
2470 1334 2769 1404 proximum
2794 1319 2950 1389 suum
2978 1336 3200 1401 occulte,
3231 1337 3374 1392 hunc

1783 1421 2130 1491 persequebar
2153 1420 2327 1492 (Psal.
2350 1420 2425 1494 (ς).
2461 1422 2531 1477 Et
2570 1422 2771 1479 iterum
2806 1410 3376 1493 arguens‘A'postolus

1783 1508 1916 1566 dicit
1944 1529 1956 1565 :
1983 1510 2331 1579 Susurrones,
2362 1514 2685 1570 detractores
2706 1513 2819 1569 Deo
2851 1513 3070 1571 odibiles
3096 1514 3274 1587 (Rom.
3310 1534 3329 1572 ι
3354 1534 3371 1585 ;

1782 1602 1942 1658 Judce
1964 1604 2074 1676 l6).
2111 1606 2181 1661 Et
2205 1606 2404 1661 iterum
2428 1606 2532 1661 :Hi
2560 1616 2683 1662 sunt
2703 1617 3135 1675 murmuratores,
3169 1626 3368 1681 queru-

88 1678 253 1747 fuerit
276 1678 547 1745 delectari,
571 1679 921 1735 admoneatur
945 1678 1124 1745 semel,
1152 1687 1200 1733 et
1240 1677 1463 1745 iterum;
1503 1680 1549 1734 si
1577 1696 1676 1735 non

1783 1693 1902 1761 losi,
1927 1697 2212 1752 secundum
2233 1698 2493 1754 desideria
2513 1716 2611 1754 sua
2633 1698 2980 1769 ambulantes,
3003 1710 3053 1755 et
3075 1716 3133 1756 os
3157 1677 3370 1757 illorum

86 1768 467 1834 emendaverit,
516 1768 833 1839 correptioni
862 1768 1152 1838 subjaceat.
1204 1766 1343 1824 Hinc
1383 1767 1679 1825 Cassianus
1708 1747 1756 1807 Β

86 1860 167 1913 ait
214 1877 229 1913 :
282 1858 351 1914 Et
392 1875 495 1916 nec
536 1860 704 1915 verbo
733 1858 953 1928 quidem
1003 1858 1200 1913 audeat
1252 1858 1432 1914 dicere
1477 1858 1681 1928 aliquid

85 1965 276 2016 suum,
326 1951 473 2019 quod
516 1965 773 2022 magnum
816 1949 888 2007 sit
937 1949 1145 2005 crimen
1173 1965 1242 2003 ex
1287 1962 1384 2004 ore
1428 1949 1677 2003 monachi

83 2041 447 2109 processisse,
476 2042 715 2096 tunicam
744 2054 943 2105 meam,
976 2040 1217 2096 codicem
1239 2053 1441 2105 meum,
1467 2039 1681 2095 tabulas

82 2148 265 2199 meas,
293 2133 582 2204 graphium
609 2147 812 2198 meum,
850 2140 906 2188 et
941 2140 1137 2187 caetera
1166 2131 1254 2187 his
1283 2130 1501 2187 similia.
1541 2130 1679 2186 Nam

81 2229 132 2284 si
164 2226 482 2297 huiusmodi
506 2228 732 2283 verbum
758 2228 856 2296 per
881 2224 1286 2294 subreptionem
1313 2222 1400 2278 vel
1424 2222 1679 2293 ignoran—

86 2319 224 2372 tiam
255 2318 324 2373 de
351 2332 448 2373 ore
472 2317 590 2389 ejus
615 2316 888 2381 eil‘uderit,
914 2315 1139 2386 dignam
1161 2329 1263 2384 pro
1286 2314 1393 2369 hoc
1417 2312 1680 2383 poeniten-

86 2407 224 2460 tiam
267 2406 631 2471 satisfaciens,
656 2404 871 2460 veniam
893 2411 1043 2474 petat
1070 2403 1127 2458 in
1172 2410 1317 2458 terra
1346 2409 1672 2471 prostratus.

84 2499 221 2553 Item
243 2498 384 2554 alius
419 2499 812 2554 monachorum
842 2495 1201 2568 magisterait
1238 2513 1252 2549 :
1299 2494 1359 2549 Si
1381 2493 1513 2564 quid
1546 2507 1678 2562 ergo

80 2589 385 2661 peculiare,
420 2598 517 2645 aut
542 2588 747 2660 aliquid
780 2602 903 2643 cum
939 2588 1219 2642 inventum
1254 2584 1312 2640 in
1341 2584 1523 2655 aliquo
1560 2583 1677 2639 fue-

79 2684 175 2748 rit,
224 2683 417 2754 grandi
454 2697 581 2738 eum
635 2682 804 2737 abbas
845 2689 903 2735 et
948 2680 1202 2735 diuturna
1238 2676 1676 2732 excommunica-

80 2776 234 2832 tione
261 2776 605 2841 condemnet,
643 2772 1039 2844 ut1exemplum
1066 2771 1211 2827 illius
1230 2769 1481 2826 vindicta
1498 2768 1677 2824 nullus

82 2869 286 2924 audeat
307 2867 414 2923 hoc
435 2865 661 2921 imitari.
848 2865 857 2871 ’
1128 2880 1131 2883 ·
1214 2882 1215 2885 ‘

618 2956 850 3014 CAPUT
889 2955 1131 3011 XXXIV.

176 3051 241 3107 Si
263 3068 441 3107 omnes
468 3048 741 3122 azqualiter
759 3047 980 3102 debeant
1006 3044 1300 3101 necessaria
1328 3042 1578 3113 accipere.

156 3144 314 3200 Sicut
340 3143 592 3214 scriptum
617 3150 692 3197 est
721 3154 739 3196 :
768 3138 1108 3194 Dividebatur
1129 3136 1350 3208 singulis
1375 3144 1529 3206 prout
1558 3135 1673 3188 cui-

77 3255 179 3308 que
206 3253 340 3307 opus
365 3243 474 3290 erat
505 3234 642 3307 (Act.
675 3228 785 3304 W);
816 3230 906 3285 ubi
937 3246 1040 3285 non
1062 3228 1303 3293 dicimus,
1338 3236 1394 3283 ut
1421 3242 1675 3297 persona-

77 3345 200 3382 rum
231 3325 393 3399 (quod
418 3324 575 3398 absit)
602 3323 833 3394 acceptio
864 3321 953 3387 sit,
985 3320 1076 3375 sed
1100 3318 1471 3389 inﬁr'mitatum
1503 3317 1674 3371 consi-

74 3419 310 3473 deratio.
336 3415 438 3471 Ubi
459 3417 549 3487 qui
570 3415 741 3469 minus
760 3413 959 3484 indiget
986 3420 1108 3483 agat
1132 3410 1241 3464 Deo
1257 3409 1478 3481 gratias,
1505 3416 1673 3461 etnon

74 3491 456 3571 contristetur;
479 3505 569 3575 qui
603 3521 724 3559 vero
750 3503 867 3575 plus
895 3501 1105 3573 indiget"
1129 3498 1436 3554 ltumilietur
1460 3514 1555 3569 pro
1591 3498 1675 3550 in-

72 3596 354 3664 ﬁrmitate,
398 3604 449 3648 et
479 3610 583 3648 non
621 3592 908 3647 extollatur
942 3608 1036 3662 pro
1090 3588 1488 3654 misericordia;
1521 3596 1571 3642 et
1598 3589 1674 3642 ita

75 3684 262 3739 omnia
296 3684 528 3739 membra
556 3692 707 3736 erunt
736 3683 793 3735 in
820 3698 967 3751 pace.
1005 3682 1147 3735 Hinc
1178 3682 1369 3736 beatus
1415 3680 1673 3751 Augusti-

75 3791 185 3831 nus
213 3776 331 3831 ait:
365 3772 553 3830 Virtus
578 3781 635 3825 et
676 3779 925 3839 tegumen
956 3784 1064 3823 non
1107 3768 1387 3836 mqualiter
1421 3770 1675 3824 omnibus

76 3865 507 3927 distribuuntur,
555 3861 683 3931 quia
728 3872 835 3915 non
884 3858 1167 3929 aequaliter
1210 3857 1403 3912 valetis
1441 3872 1670 3922 omnes;

79 3953 180 4010 sed
208 3954 395 4025 potius
425 3951 739 4019 unicuique,
787 3950 928 4005 sicut
955 3948 1152 4018 cuique
1183 3962 1321 4018 opus
1360 3944 1540 4001 fuerit.
1581 3946 1673 4001 Sic

76 4047 231 4102 enim
256 4044 455 4116 legitur
475 4043 531 4097 in
551 4042 778 4097 Actibus
806 4040 1214 4112 apostolorum:
1246 4038 1385 4104 Quia
1417 4048 1570 4092 erant
1598 4038 1671 4091 eis

78 4140 267 4194 omnia
303 4135 599 4192 communia
621 4176 634 4199 ,
677 4144 725 4189 et
767 4132 1179 4189 distribuebatur
1208 4131 1489 4201 unicuique
1517 4141 1672 4201 prout

56 4230 274 4301 'cuique
299 4243 427 4298 opus
456 4234 567 4282 erat
596 4224 805 4298 (Ibid).
834 4224 969 4279 ltcm
991 4223 1120 4277 alibi
1145 4224 1405 4293 scriptum
1430 4230 1547 4276 est:
1575 4221 1675 4275 Ni-

76 4319 264 4390 hilque
313 4318 505 4373 habere
538 4335 627 4373 vos
662 4319 931 4389 proprium
966 4316 1233 4387 reputetis,
1268 4315 1359 4370 sed
1398 4315 1502 4369 sint
1528 4314 1670 4369 vobis

80 4417 275 4464 cuncta
321 4399 615 4463 communia
663 4407 801 4480 (Act.
845 4406 941 4479 ιν).
987 4406 1119 4473 Qua:
1169 4405 1319 4460 vobis
1360 4405 1430 4459 ab
1458 4404 1671 4460 abbatis

81 4500 316 4571 imperio
349 4461 751 4570 dispen'santur,
799 4461 916 4554 non,
954 4496 1239 4567 mqualiter
1277 4494 1549 4560 omnibus,
1575 4495 1670 4550 sed
1694 4461 1747 4521 D

82 4592 231 4647 sicut
254 4591 394 4646 ratio
421 4591 840 4661 dispensationis
869 4600 964 4643 aut
989 4604 1152 4643 causa
1185 4586 1518 4641 infirmitatis
1545 4599 1673 4640 exe-

83 4685 250 4758 gerit,
281 4684 572 4754 unicuique
598 4692 781 4739 tamen
821 4683 1116 4739 secundum
1157 4680 1300 4752 quod
1329 4695 1466 4750 opus
1508 4678 1675 4734 fuerit

85 4780 386 4846 tribuatur;
418 4794 522 4834 nec
545 4778 814 4835 feliciores
848 4776 1091 4848 judicent
1119 4774 1319 4846 quibus
1354 4772 1672 4828 infirmitate

84 4872 396 4941 praestatur,-
429 4869 574 4939 quod
611 4870 759 4926 sanis
801 4883 903 4939 pro
945 4865 1306 4924 observantia:
1343 4864 1522 4936 rigore
1552 4864 1675 4919 sub-

87 4963 346 5017 trahitur.
386 4961 456 5015 Et
495 4961 541 5017 si
578 4962 659 5017 eis
703 4976 841 5031 quos
884 4968 1138 5031 parentes
1179 4955 1490 5012 deliciosius
1529 4954 1676 5010 aluc-

88 5061 237 5119 runt,
267 5053 447 5108 victus
469 5061 561 5107 aut
596 5053 918 5108 vestimenta
960 5051 1162 5121 largius
1200 5049 1535 5111 tribuuntur,
1567 5061 1673 5101 non

88 5145 158 5199 ob
194 5144 299 5201 hoc
331 5142 492 5199 debet
521 5142 848 5198 commoveri
883 5140 1220 5205 fraternitas,
1252 5138 1398 5208 quod
1436 5137 1675 5191 fortiori-

89 5236 190 5291 bus
244 5248 475 5305 corpore
516 5248 615 5304 pro
659 5233 1045 5291 constitutione
1098 5229 1295 5300 regulae
1350 5228 1671 5297 denegatur,

88 5325 231 5398 quod
262 5324 369 5381 illis
394 5323 1146 5381 charitatis‘consideratione
1176 5319 1448 5375 tribuitur.

159 5416 294 5472 Ante
337 5416 515 5470 omnia
566 5433 631 5471 ne
680 5413 1114 5470 murmurationis
1160 5409 1361 5466 malum
1394 5414 1502 5480 ‘pra
1544 5425 1671 5480 qua-

91 5509 333 5581 licunque
398 5525 560 5564 causa
616 5511 673 5575 in
732 5507 910 5579 aliqua
972 5505 1323 5577 qualicunque
1382 5502 1534 5559 verba
1595 5498 1672 5555 vel

91 5602 475 5678 significatione
519 5613 789 5675 appareat.
831 5601 983 5669 Quod
1031 5602 1077 5655 si
1123 5600 1473 5670 deprehensus
1515 5597 1675 5669 fuerit

92 5699 205 5772 quis
234 5739 249 5766 ,
307 5696 618 5752 districtiori
667 5694 960 5767 disciplima
1019 5693 1296 5749 subdatur.
1365 5691 1500 5747 Hinc
1545 5690 1678 5746 Fer-

2310 1878 2549 1937 -CAPUT
2586 1874 2807 1938 XXXV.

2172 1970 2246 2024 De
2284 1972 2674 2041 septimauariis
2713 1974 2967 2044 coquinae.
3003 1956 3013 1963 ’

1850 2051 2069 2112 Fratres
2091 2058 2167 2113 sic
2185 2059 2284 2113 sibi
2306 2060 2522 2114 invicem
2551 2061 2783 2114 serviant
2811 2071 2866 2115 ut
2889 2061 3066 2116 nullus
3087 2076 3371 2120 excusetur

1778 2163 1811 2200 a
1840 2147 2078 2217 coquina:
2106 2149 2292 2219 oﬂicio,
2327 2150 2431 2204 nisi
2459 2158 2553 2204 aut
2592 2150 2926 2221 (egritudine,
2969 2162 3062 2206 aut
3105 2154 3158 2208 in
3197 2171 3362 2210 causa

1776 2238 1950 2307 gravis
2002 2238 2246 2295 utilitatis
2293 2241 2411 2313 quis
2452 2251 2738 2312 occupatus
2774 2243 2966 2313 fuerit;
3006 2246 3132 2316 quia
3176 2247 3368 2303 exinde

1778 2328 1953 2397 major
1977 2345 2173 2384 merces
2209 2340 2261 2385 et
2300 2332 2533 2387 charitas
2581 2334 2895 2405 acquiritur.
2925 2334 3183 2407 IEgrotos
3209 2353 3239 2392 a
3269 2353 3366 2394 co-

1777 2417 1956 2488 quinae
1981 2419 2158 2476 cilicio
2198 2421 2312 2492 ipsa
2336 2432 2561 2479 excusat
2586 2426 2829 2495 corporis
2854 2428 3139 2498 aegritudo.
3168 2429 3363 2487 Chari-

1777 2507 1907 2562 tatis
1926 2508 2071 2564 enim
2095 2517 2152 2564 et
2178 2510 2538 2569 fraternitatis
2581 2512 2874 2571 dilectione
2922 2516 3185 2574 tolerandi
3212 2528 3362 2588 sunt,

1775 2610 1883 2651 non
1904 2597 1973 2652 ad
2001 2606 2166 2669 opera
2189 2602 2546 2672 compellendi
2577 2605 2789 2675 aegroti.
2816 2605 2970 2673 Quod
2998 2617 3180 2663 autem
3211 2610 3361 2677 dicit,

1775 2688 1948 2756 gravis
1978 2688 2246 2756 utilitatis,
2279 2706 2490 2763 magna:
2514 2694 2599 2749 vel
2629 2692 2851 2764 grandis
2872 2696 3190 2769 intelligitur
3216 2699 3365 2754 utili—

1777 2777 1924 2832 tatis.
1954 2776 2129 2833 Grave
2158 2780 2305 2835 enim
2349 2796 2492 2851 saepe
2520 2798 2622 2852 pro
2651 2784 2862 2853 grandi,
2883 2799 3083 2857 magno
3127 2787 3210 2842 vel
3240 2802 3365 2858 per-

1775 2862 1921 2921 fecto
1938 2866 2257 2938 intelligitur
2280 2869 2537 2937 positum,
2574 2871 3022 2928 sicutPsalmista
3056 2875 3129 2928 ait
3164 2895 3178 2928 :
3211 2876 3357 2930 Con-

1775 2956 1963 3024 ﬁtebor
1996 2958 2090 3012 tibi
2117 2959 2173 3013 in
2212 2958 2445 3017 Ecclesia
2469 2976 2681 3031 magna,
2712 2961 2768 3016 in
2814 2962 3009 3033 populo
3056 2965 3204 3034 gravi
3237 2948 3359 3019 [au-

1776 3046 1913 3102 dabo
1951 3057 2000 3102 te
2029 3048 2201 3120 (Psal.
2230 3049 2443 3121 xxnv).
2474 3049 2629 3117 Quod
2659 3057 2838 3106 autem
2885 3052 3055 3107 dicit:
3092 3052 3232 3119 Quia
3270 3071 3362 3109 eat-

1777 3135 1900 3190 inde
1928 3137 2105 3208 major
2144 3154 2338 3193 merces
2361 3148 2408 3193 et
2436 3140 3005 3212 charita's‘acquiritur,
3045 3142 3363 3214 intelligitur

1776 3228 1921 3298 quod
1961 3228 2101 3299 apud
2133 3216 2301 3284 Deum
2341 3229 2519 3300 major
2543 3245 2753 3288 merces
2788 3233 3109 3302 acquiritur,
3139 3241 3195 3290 et
3227 3236 3361 3292 cha-

1774 3318 1919 3373 ritas‘
1942 3319 2083 3388 apud
2116 3318 2284 3374 Deum
2332 3328 2389 3375 et
2415 3321 2664 3376 homines
2709 3330 2956 3394 augetur.
2989 3322 3092 3391 Qui
3120 3326 3265 3380 enim
3296 3326 3355 3383 in

1775 3408 2027 3465 omnibus
2051 3425 2208 3480 aequo
2235 3411 2419 3466 animo
2446 3413 2652 3468 cibaria
2695 3422 2985 3484 praeparat,
3013 3414 3083 3469 ab
3106 3416 3362 3474 omnibus

1775 3500 2061 3555 charitatis
2086 3501 2338 3571 gratiam,
2363 3511 2418 3557 et
2453 3516 2554 3572 pro
2582 3505 2836 3560 omnibus
2866 3506 3177 3560 mercedem
3216 3510 3359 3564 acci-

1775 3591 1890 3662 piet
1908 3592 2316 3662 sempiternam.
2349 3593 2625 3663 Scriptum
2647 3602 2735 3649 est
2751 3594 2898 3649 enim
2915 3612 2933 3648 :
2963 3594 3102 3661 Quia
3122 3598 3225 3667 qui
3243 3597 3364 3669 plus
3400 3624 3407 3633 ν

1775 3681 2006 3750 laborat,
2035 3683 2153 3754 plus
2181 3685 2434 3741 mercedis
2468 3687 2688 3757 accipiet
2708 3686 2911 3758 (Eccle.
2939 3688 3085 3758 vm).

1845 3774 2202 3831 Imbecillibus
2250 3790 2427 3833 autem
2471 3784 2822 3850 procurentur
2863 3780 3095 3847 solatia,
3130 3789 3190 3835 ut
3246 3798 3354 3838 non

1775 3883 1896 3921 cum
1933 3868 2152 3922 tristitia
2172 3869 2269 3922 hoc
2309 3864 2532 3938 faciant,
2563 3871 2655 3924 sed
2696 3871 2924 3926 habeant
2959 3886 3138 3926 omnes
3164 3872 3361 3927 solatia

1772 3958 2307 4013 secundum-modum
2336 3961 2755 4030 congregationis
2769 3970 2864 4015 aut
2887 3964 3201 4031 positionem
3230 3962 3353 4017 loci.

1773 4044 2075 4102 lmbecilles
2103 4055 2304 4113 autem,
2336 4047 2558 4117 fragiles
2576 4089 2590 4112 ,
2626 4050 2885 4106 delicatos
2913 4052 2999 4106 vel
3042 4052 3247 4107 debiles
3274 4054 3359 4108 di-

1774 4138 1868 4193 cit.
1891 4138 2204 4205 lmbec’illis,
2234 4140 2390 4210 quasi
2415 4140 2536 4197 sine
2556 4141 2733 4198 baculi
2762 4144 3134 4200 consolatione
3162 4146 3362 4201 intelli-

1774 4228 1920 4300 gitur
1937 4244 2077 4285 esse.
2103 4229 2257 4297 Quod
2290 4238 2475 4287 autem
2502 4232 2654 4297 dicit,
2686 4234 2975 4287 secundum
2995 4234 3208 4288 modum
3234 4250 3363 4291 con-

1772 4322 2113 4391 gregationis,
2128 4323 2426 4377 secundum
2451 4322 2903 4381 nunieri‘modum
2921 4324 3360 4400 et‘quqntitat‘em

1775 4410 2097 4481 intelligitur
2137 4413 2549 4468 monachorum.
2589 4413 2899 4470 Secundum
2948 4415 3358 4473 multitudinem

1772 4502 1918 4557 enim
1940 4503 2394 4574 congregationis,
2409 4511 2464 4559 et
2477 4504 2851 4559 ministrorum
2873 4519 3134 4562 numerus
3151 4514 3248 4562 aut
3263 4506 3364 4562 mi-

1774 4606 1876 4647 nor
1896 4599 1991 4647 aut
2014 4592 2243 4663 amplior
2262 4594 2571 4664 deputetur.
2589 4592 2744 4661 Quod
2773 4601 2955 4650 autem
2978 4595 3127 4662 dicit,
3151 4605 3247 4650 aut
3265 4611 3361 4667 po.

1772 4684 2014 4738 sitionem
2058 4683 2193 4752 loci,
2222 4684 2547 4757 intelligitur
2587 4685 2875 4742 aedificatio
2901 4685 2989 4741 vel
3008 4678 3365 4763 .construetio

1774 4776 2111 4831 monasterii.
2136 4775 2484 4834 Constructio
2503 4779 2648 4834 enim
2678 4779 3015 4845 monasterii,
3044 4779 3091 4835 si
3116 4794 3361 4852 congruo

1774 4865 1997 4936 ponitur
2016 4866 2160 4929 loco.
2177 4867 2269 4923 ubi
2296 4869 2591 4925 secundum
2622 4868 2788 4939 hujus
2809 4868 3029 4942 Regula:
3056 4870 3356 4942 capitulum

1779 4955 1963 5011 omnia
1990 4956 2047 5011 in
2093 4957 2334 5015 claustro
2373 4960 2653 5016 contineat
2680 4961 3009 5028 necessaria,
3058 4963 3240 5019 minus
3268 4978 3366 5020 co-

1780 5061 1921 5116 quus
1945 5047 2177 5103 aliorum
2200 5050 2408 5121 indiget
2436 5046 2727 5120 adjuturio.
2755 5051 2815 5108 Si
2828 5067 2960 5109 vero
2982 5054 3039 5109 in
3059 5062 3212 5110 arcto
3239 5054 3363 5112 loco

1780 5149 1836 5194 et
1875 5148 2106 5211 angusto
2148 5140 2234 5195 vel
2285 5141 2439 5196 arido
2469 5144 2692 5212 ponitur
2715 5143 2847 5211 situ,
2885 5144 2978 5200 ubi
3021 5159 3359 5217 necsquam

1780 5230 1898 5287 sine
1920 5231 2121 5297 labore,
2137 5246 2241 5286 nec
2268 5232 2484 5288 hortum
2509 5235 2711 5290 habere
2734 5237 2949 5306 possint
2968 5238 3086 5293 sine
3107 5238 3357 5309 penuria,

1775 5320 1898 5389 plus
1933 5321 2123 5391 coquis
2157 5321 2527 5377 administrari
2554 5323 2752 5379 debent
2776 5325 2988 5380 solatia.

1848 5408 1910 5464 Si
1934 5409 2110 5480 major
2131 5412 2462 5482 congregatio
2489 5411 2650 5481 fuerit
2663 5453 2676 5477 ,
2696 5413 3002 5470 cellerarius
3027 5414 3305 5471 ἀξιωθείην
3323 5433 3361 5471 a

1775 5503 1999 5574 coquina
2014 5519 2032 5567 ;
2061 5501 2140 5557 vel
2158 5504 2206 5557 si
2225 5504 2338 5574 qui,
2364 5513 2423 5557 ut
2449 5504 2698 5573 diximus,
2729 5507 3021 5577 majoribus
3046 5507 3361 5563 utilitatibus

1776 5604 2117 5665 occupantur.
2148 5593 2334 5650 (Σωτεγὶ
2379 5611 2498 5651 vero
2546 5598 2646 5653 sibi
2688 5599 2784 5654 sub
2835 5600 3109 5659 charitate.
3137 5599 3385 5654 invicem‘

1778 5687 2028 5742 serviant.
2051 5684 2348 5746 Charitatis
2387 5688 2533 5747 enim
2556 5689 2732 5748 ollicio
2754 5704 2945 5753 omnes
2965 5690 3217 5749 omnibus
3245 5703 3361 5749 ser-
