3944 6424
546 311 656 369 867

1828 293 2105 352 SMARAG
2114 292 2177 348 Dl
2212 287 2503 347 ABBATIS

3718 281 3835 340 868

547 425 730 487 viant,
774 428 830 476 et
873 420 942 476 ab
971 416 1202 473 invicem
1251 412 1531 469 servitium
1577 409 1900 479 recipientes
1953 405 2123 461 servi-
2150 404 2201 463 A
2228 401 2602 466 commendet;
2634 407 2691 455 et
2723 394 2984 467 quidquid
3033 410 3134 467 per
3164 393 3551 466 ignorantiam,
3593 403 3693 450 aut
3727 408 3835 465 per

548 515 685 571 tium
731 510 959 567 reddant
1007 512 1389 576 supportantes
1418 502 1669 565 invicem,
1712 508 1772 555 et
1811 498 2013 552 laboris
2043 496 2126 550 sui

545 600 919 671 unustIuisquo
961 612 993 651 a
1031 596 1261 653 Domino
1301 594 1519 664 dignam
1566 596 1945 661 exspectantes
1989 600 2132 643 mer-

550 692 761 747 cedem.

620 782 948 853 Egressurus
974 779 1040 835 de
1065 774 1612 848 septimana,sabbato
1634 771 1920 828 munditias
1944 770 2127 840 faciat.

549 872 878 929 Linteamiaa
916 886 1037 924 cum
1061 869 1248 941 quibus
1277 867 1377 921 sibi
1404 865 1596 935 fratres
1634 878 1824 916 manus
1853 868 1946 914 aut
1977 858 2132 929 pedes

547 973 789 1037 tergunt,
820 961 974 1018 lavet.
1023 959 1190 1016 Pedes
1243 973 1364 1012 vero
1423 965 1533 1010 tam
1569 955 1679 1025 ipse
1732 952 1824 1023 qui
1869 950 2135 1037 egreditur

547 1036 708 1128 quam
732 1053 822 1111 ille
856 1052 949 1124 qui
987 1051 1284 1106 intraturus
1333 1054 1438 1112 est,
1483 1044 1722 1099 omnibus
1761 1041 1953 1096 lavent.
1999 1036 2135 1093 Vasa

550 1143 829 1200 ministerii
861 1141 947 1197 sui
972 1138 1175 1194 munda
1213 1145 1261 1192 et
1288 1152 1422 1190 sana
1448 1132 1722 1188 cellerario
1752 1128 2132 1198 reconsignent.

550 1234 657 1302 Qui
683 1232 989 1289 cellerarius
1014 1231 1136 1285 item
1173 1227 1393 1282 intranti
1434 1224 1700 1294 consigna‘
1721 1262 1736 1286 ,
1763 1232 1818 1275 ut
1848 1221 1982 1276 sciat
2008 1220 2135 1289 quid

548 1328 641 1380 dat
656 1333 748 1379 aut
772 1323 900 1395 quid
924 1322 1128 1393 recipit.
1161 1318 1302 1374 [line
1325 1316 1623 1373 Cassianus
1647 1314 1724 1368 ait
1752 1330 1767 1366 :
1796 1313 1930 1367 Acto
1955 1319 2136 1365 autem

548 1415 855 1479 Dominieo,
890 1411 1257 1483 ingredientes
1286 1406 1524 1464 secunda
1556 1404 1715 1468 feria,
1768 1402 1894 1458 aliis
1935 1402 2135 1457 iterum

547 1504 966 1562 succedentibus
990 1502 1051 1558 bi
1073 1501 1166 1573 qui
1191 1498 1542 1569 egrediuntur
1566 1493 1821 1550 utensilia
1852 1492 1910 1548 in
1939 1490 2138 1563 quibus

548 1594 980 1659 ministraverint
1005 1607 1072 1648 ac
1097 1605 1230 1649 vasa
1266 1587 1611 1660 consignant.
1659 1582 1790 1650 Quin
1818 1590 1965 1636 tanta
1996 1580 2139 1635 solli-

547 1688 792 1744 citudine
819 1698 1062 1755 curaque
1089 1680 1427 1744 custodiant,
1457 1693 1526 1734 ne
1554 1675 1760 1746 aliquid
1801 1690 1870 1729 ex
1913 1672 1995 1728 eis
2040 1672 2139 1726 mi-

550 1785 748 1833 nuatur
773 1782 866 1830 aut
888 1745 1106 1843 pereat;
1142 1779 1236 1825 aut
1264 1768 1492 1825 credant
1534 1780 1595 1821 se
1629 1745 1797 1818 etiam
1834 1777 1934 1832 pro
1975 1761 2137 1816 mini-
2166 1745 2215 1805 Β

547 1868 654 1922 mis
680 1865 984 1936 quibusque
1009 1861 1244 1917 vasculis
1271 1868 1532 1929 tanquam
1572 1870 1671 1925 pro
1710 1853 1915 1909 sanctis
1945 1859 2001 1907 et
2021 1866 2138 1905 ma-

548 1956 669 2028 gnis
692 1954 855 2011 rebus
876 1953 1149 2008 rationem
1193 1964 1304 2005 non
1347 1947 1525 2003 solum
1568 1943 1799 2007 homini,
1841 1941 1937 1996 sed
1972 1941 2139 1996 etiam

551 2047 780 2103 Domino
793 2044 1123 2106 reddituros,
1145 2041 1192 2095 si
1213 2038 1353 2094 forte
1373 2035 1581 2107 aliquid
1607 2050 1674 2090 ex
1693 2034 1779 2090 his
1801 2031 2141 2103 negligenter

550 2134 716 2189 fuerit
742 2132 944 2188 factum
968 2139 1065 2187 aut
1093 2127 1388 2200 perditum.
1433 2123 1512 2183 lta
1541 2124 1689 2181 enim
1718 2120 2141 2193 septimanarius

547 2225 875 2297 obsequium
889 2238 1050 2281 suum
1075 2221 1308 2279 ﬁdeliter
1332 2225 1579 2291 peragat,
1622 2232 1692 2273 ne
1721 2231 1887 2273 unum
1922 2214 2143 2287 quidem

551 2330 781 2387 granum
828 2312 1116 2387 leguminis
1163 2310 1497 2381 negligenter
1523 2308 1702 2380 perire
1733 2307 1801 2362 de
1828 2306 1945 2362 suis
1968 2303 2143 2360 mani-

552 2408 655 2465 bus
680 2402 937 2479 patiatur.
973 2403 1113 2472 Quia
1142 2402 1328 2460 omnia
1362 2414 1485 2469 qua:
1507 2401 1563 2456 in
1590 2396 1925 2457 monasterio
1942 2394 2145 2451 fuerint

552 2498 722 2555 semel
765 2497 1035 2568 ingressa,
1072 2502 1330 2564 tanquam
1362 2498 1713 2549 sacrosancta
1738 2497 1795 2545 et
1840 2486 1998 2558 quasi
2027 2483 2143 2554 iam

556 2589 784 2645 Domino
819 2591 1138 2643 consecrata
1166 2598 1292 2639 cum
1339 2596 1551 2639 summa
1608 2577 1915 2635 reverentia
1952 2574 2146 2631 Patres

557 2682 732 2738 nostri
779 2687 1016 2737 tractare
1042 2671 1353 2748 ’jusserunt.
1395 2675 1504 2747 Ipsi
1547 2669 1959 2731 hebdomadarii
1983 2683 2145 2725 omne

557 2773 856 2836 servitium,
889 2779 945 2827 et
968 2785 1185 2828 omnem
1213 2767 1573 2840 diligentiam,
1619 2773 1675 2821 et
1708 2761 2007 2819 munditias
2031 2774 2147 2815 mo-

557 2863 786 2923 nasterii
807 2870 1133 2929 exerceant,
1156 2874 1357 2931 aquam
1394 2856 1647 2913 manibus
1676 2855 1778 2925 ipsi
1808 2853 2144 2923 ministrent,

553 2954 725 3027 pedes
752 2953 954 3020 lavent,
992 2966 1218 3023 mappas
1242 2957 1300 3007 et
1328 2950 1598 3014 sabanas,
1645 2954 1703 2999 et
1733 2942 2016 3012 facitergia
2045 2940 2146 3011 ipsi

565 3057 763 3106 iuvent.

628 3137 1012 3211 Septimanarii
1043 3144 1241 3201 autem,
1271 3142 1393 3189 ante
1430 3148 1591 3189 unam
1620 3131 1805 3185 horam
1830 3126 2144 3199 refectionis,

557 3230 819 3303 accipiant
847 3242 1005 3299 super
1054 3234 1310 3281 statutam
1339 3237 1625 3285 annonam,
1661 3216 1894 3289 singulos
1926 3214 2145 3278 biberes,

558 3333 610 3380 et
629 3337 845 3395 panem,
888 3329 948 3374 ut
984 3319 1117 3372 hora
1146 3316 1443 3388 refectionis
1492 3314 1603 3369 sine
1642 3307 2057 3365 murmuratione
2101 3315 2150 3359 et

562 3413 714 3485 graui
741 3411 921 3466 labore
962 3408 1188 3463 serviant
1215 3405 1470 3476 fratribus
1496 3404 1627 3459 suis.
1658 3400 1813 3468 Quod
1844 3405 2027 3453 autem
2075 3396 2150 3453 di-

559 3505 642 3560 cit
676 3521 692 3559 :
724 3512 843 3557 ante
866 3517 1027 3556 unam
1051 3498 1349 3569 refectionis
1378 3497 1595 3560 horam,
1635 3487 2060 3558 subiutelligitur
2094 3486 2152 3541 in

540 3596 657 3652 illa
684 3610 795 3651 una
820 3595 974 3655 hora,
998 3600 1288 3661 antequam
1316 3589 1519 3644 fratres
1540 3583 1808 3647 reficiant,
1828 3580 1885 3635 in
1913 3579 2030 3649 ipsa
2058 3591 2153 3630 ac-

566 3676 772 3759 cipiant
798 3700 959 3756 super
981 3692 1239 3740 statutam
1269 3694 1564 3743 annonam,
1593 3674 1649 3729 id
1673 3681 1780 3738 est,
1805 3685 1969 3740 super
1997 3682 2152 3725 suam

566 3793 902 3845 mensuram,
935 3785 1045 3832 tam
1070 3775 1357 3837 cibariam,
1390 3784 1511 3840 qua:
1551 3768 1658 3824 illis
1706 3762 2069 3821 communiter
2096 3767 2152 3818 et

568 3870 885 3943 regulariter
933 3875 1137 3926 statuta
1179 3876 1287 3932 est,
1319 3862 1591 3933 accipiant
1637 3857 1880 3929 singulos
1938 3855 2154 3912 biberes

567 3975 734 4032 super
758 3971 1272 4028 mensuramsuam,
1299 3962 1356 4008 et
1388 3951 1659 4006 modicum
1684 3948 1841 4018 panis
1880 3960 2044 4016 super
2088 3945 2156 4000 li—

568 4052 724 4108 bram
757 4066 933 4118 suam,
962 4064 1033 4105 ne
1053 4045 1262 4121 gravati
1288 4042 1511 4099 servitio
1532 4049 1826 4113 graventur
1847 4048 1903 4096 et
1923 4038 2152 4108 jejunio.

618 4143 712 4199 ,In
736 4141 917 4197 diebus
941 4148 1119 4194 autem
1146 4132 1463 4191 solemnibus
1491 4146 1650 4201 usque
1670 4129 1739 4183 ad
1769 4129 1957 4183 missas
1996 4127 2158 4184 susti-g

572 4242 754 4292 neant.
809 4229 965 4301 Quod
993 4235 1180 4284 autem
1213 4223 1394 4279 dicit:
1442 4237 1605 4293 usque
1652 4218 1722 4274 ad
1758 4219 1944 4273 missas
1988 4217 2156 4271 susti-

573 4333 764 4390 neant,
805 4318 1125 4391 intelligitur
1169 4330 1342 4386 usque
1390 4312 1460 4369 ad
1507 4312 1731 4367 missam
1779 4307 2153 4380 principalem,

2233 498 2525 552 humanam
2568 490 2915 562 fragilitatem
2962 486 3326 559 peccaverint,
3376 486 3701 557 simpliciter
3743 487 3836 542 in-

2232 588 2493 642 tereedat.

2303 675 2591 747 Egrediens
2621 681 2799 728 autem
2824 672 2889 727 de
2913 672 3203 742 septimana
3233 670 3375 725 dicat
3404 671 3545 724 hunc
3567 686 3785 726 uersum
3811 686 3836 725 :

2233 769 2546 826 Benedictus
2582 783 2661 832 es,
2675 764 2897 820 Domine
2928 763 3090 825 Deus,
3114 762 3203 833 qui
3232 761 3483 831 adjuvisti
3510 778 3599 838 me.
3621 770 3672 817 et
3699 779 3835 817 con-

2232 863 2434 919 solatus
2470 878 2524 916 es
2550 876 2651 914 me.
2700 858 2817 925 Quo
2856 857 2999 911 dicto
3050 856 3226 920 tertio,
3257 856 3479 926 recipiat
3508 856 3835 910 benedictio-

2235 972 2354 1010 nem
2410 953 2700 1026 egrediens.
2752 948 3113 1021 Subsequatur
3162 947 3490 1018 ingrediens,
3546 955 3594 1001 et
3628 947 3775 1001 dicat
3807 959 3830 996 :

2235 1047 2378 1101 Deus
2410 1046 2467 1099 in
2493 1043 2821 1114 adjutorium
2847 1056 3019 1095 meum
3052 1039 3295 1093 intende:
3315 1038 3537 1093 Domine
3565 1037 3636 1091 ad
3660 1038 3833 1110 adju-

2235 1137 2467 1193 uandum
2513 1152 2595 1191 nte
2621 1135 2834 1204 festina.
2871 1132 2935 1186 Et
2965 1133 3064 1186 hoc
3104 1131 3243 1185 idem
3279 1131 3433 1183 tertio
3465 1136 3732 1199 repetatur
3758 1127 3830 1181 ab

2236 1228 2496 1283 omnibus.
2525 1227 2595 1281 Et
2626 1234 2840 1297 accepta
2874 1223 3252 1287 benedictione,
3284 1221 3635 1292 ingrediatur.
3673 1218 3837 1274 Hanc

2236 1318 2518 1391 egrediens
2543 1332 2572 1371 a
2598 1316 2880 1372 sacerdote
2917 1314 3151 1383 accipiat
3175 1311 3608 1368 benedictionem
3635 1325 3651 1365 :
3679 1310 3836 1365 Deus

2236 1414 2329 1484 qui
2353 1413 2537 1468 dixisti
2563 1430 2576 1465 :
2620 1410 2801 1465 Venite
2820 1409 2890 1463 ad
2918 1425 3022 1473 me,
3045 1425 3221 1463 omnes
3243 1409 3334 1480 qui
3355 1407 3612 1462 laboratis
3633 1416 3687 1461 et
3708 1421 3837 1460 onc-

2238 1505 2342 1559 rati
2374 1505 2518 1568 estis,
2554 1512 2603 1556 et
2623 1517 2717 1573 ego
2745 1500 2979 1570 reficiam
3006 1516 3123 1565 vos,
3145 1501 3248 1555 hos
3271 1497 3500 1553 famulos
3528 1506 3654 1554 tuos
3675 1495 3836 1551 labo-

2238 1610 2361 1650 rum
2398 1608 2620 1650 suorum
2647 1593 2873 1663 praemio
2902 1590 3066 1647 reﬁce
3112 1591 3465 1661 sempiterno.
3494 1587 3603 1643 Per
3642 1587 3836 1643 Domi-

2237 1700 2391 1751 num,
2420 1693 2528 1740 etc.
2561 1682 2629 1737 Et
2672 1684 2813 1737 hanc
2854 1681 3162 1752 ingrediens
3207 1679 3441 1749 accipiat
3495 1675 3837 1733 benedictio-

2240 1791 2367 1832 nem
2395 1774 2659 1845 :Adjuva,
2691 1787 2893 1843 (1113360,
2927 1772 3173 1836 Domine,
3210 1771 3312 1825 hos
3340 1767 3571 1823 famulos
3600 1774 3727 1821 tuos
3773 1766 3834 1821 in

2239 1865 2501 1935 obsequio
2531 1864 2846 1919 laborantes
2874 1861 3117 1916 fraterno
3131 1901 3146 1926 ,
3169 1868 3226 1915 et
3250 1859 3368 1914 sine
3391 1857 3831 1913 murinuratione

2240 1956 2347 2011 illis
2390 1953 2854 2024 perseverantiam
2909 1958 2965 2005 et
3014 1949 3220 2020 proprii
3265 1946 3471 2004 laboris
3518 1945 3832 2002 mercedem

2240 2044 2475 2101 concede
2498 2051 2836 2113 perpetuam.
2872 2039 2978 2096 Per
3026 2039 3339 2102 Dominum,
3374 2045 3480 2093 etc.
3529 2034 3831 2105 Egrediens

2242 2144 2424 2191 autem
2453 2132 2914 2189 bebdomadarins
2936 2130 3043 2185 rite
3073 2130 3302 2184 Domino
3328 2127 3460 2183 dicit
3478 2144 3492 2180 :
3513 2125 3828 2180 Benedictus

2241 2242 2316 2292 es,
2349 2224 2571 2279 Domine
2608 2222 2777 2285 Deus,
2800 2221 2890 2292 qui
2918 2219 3171 2289 adiuvisti
3197 2235 3315 2284 me;
3341 2217 3467 2288 quia
3502 2216 3618 2286 ipse
3647 2214 3834 2270 Domi—

2242 2332 2347 2372 nus
2397 2314 2618 2385 adiuvat
2659 2313 2935 2368 hominem
2969 2312 3025 2367 in
3064 2312 3271 2376 labore,
3300 2318 3358 2366 et
3394 2310 3512 2379 ipse
3557 2307 3833 2363 laboranti

2241 2407 2527 2478 piamina:
2555 2400 2824 2476 promittit
2846 2401 3251 2458 consolationis.
3300 2399 3612 2471 ingrediens
3645 2404 3835 2451 autem

2245 2506 2393 2553 recte
2409 2495 2641 2552 Domino
2654 2495 2816 2550 dicit:
2842 2491 3003 2558 ﬂens,
3022 2494 3081 2547 in
3104 2491 3430 2561 adiutorium
3454 2504 3628 2543 meum
3656 2486 3832 2541 intim-

2244 2592 2329 2656 de,
2369 2590 2495 2660 quia
2536 2589 2590 2643 in
2647 2586 2851 2642 laboris
2874 2584 3177 2656 ingreditur
3198 2582 3463 2645 ofﬁcium,
3494 2579 3591 2634 ubi
3616 2576 3831 2633 Domini

2244 2679 2615 2738 necessarium
2663 2679 2830 2734 habet
2856 2675 3207 2746 adiutorium,
3250 2673 3399 2729 illius
3434 2670 3703 2732 videlicet,
3733 2669 3826 2739 qui

2244 2787 2344 2844 pro
2371 2786 2432 2827 se
2458 2769 2705 2825 laborare
2736 2767 3040 2823 volentibus
3067 2765 3205 2821 dixit
3239 2782 3256 2818 :
3300 2762 3426 2819 Sine
3464 2778 3547 2817 me
3575 2759 3708 2816 nihil
3739 2775 3833 2829 po-

2246 2863 2390 2918 testis
2417 2862 2589 2932 facere
2615 2859 2798 2931 (Joan.
2827 2856 2944 2930 xv).
2969 2855 3124 2924 Quod
3166 2865 3347 2911 autem
3395 2855 3529 2911 dicit
3566 2871 3580 2908 :
3621 2859 3841 2921 accepta

2246 2953 2604 3010 benedictione
2640 2950 2995 3021 ingrediatur,
3022 2949 3138 3005 sive
3183 2948 3252 3004 ab
3278 2936 3529 3003 erunibus
3571 2941 3840 2997 fratribus

2248 3044 2494 3100 oratione
2513 3041 2814 3114 praemissa,
2843 3040 2959 3096 sive
2985 3052 3018 3093 a
3047 3037 3328 3095 sacerdote
3351 3033 3671 3105 intelligitur
3696 3030 3840 3100 peti-

2254 3135 2402 3191 tione
2421 3133 2667 3189 collecta.

2778 3219 3007 3277 CAPUT
3058 3217 3299 3275 XXXVI.

2712 3311 2791 3367 De
2832 3310 3059 3380 inﬁrmis
3094 3308 3371 3380 fratribus.
3734 3368 3743 3371 ν

2325 3403 2668 3473 lnﬁrmorum
2694 3417 2822 3457 cura
2856 3409 2976 3455 ante
3004 3398 3181 3455 omnia
3210 3405 3260 3451 et
3294 3411 3450 3466 super
3477 3393 3656 3450 omnia
3687 3391 3841 3448 adhi-

2254 3494 2421 3549 benda
2447 3502 2521 3548 est
2540 3533 2557 3558 ,
2584 3501 2643 3546 ut
2667 3491 2805 3546 sicut
2840 3505 3019 3544 revera
3044 3485 3276 3551 Christo,
3313 3487 3391 3539 ita
3431 3486 3507 3540 eis
3555 3485 3840 3548 serviatur,

2251 3589 2377 3660 quia
2402 3590 2511 3657 ipse
2533 3584 2693 3648 dixit,
2725 3578 3114 3660 Inﬁrmusfui,
3141 3586 3190 3632 et
3217 3576 3468 3632 visitastis
3494 3591 3580 3630 me
3622 3573 3838 3646 (Matth.

2253 3658 2403 3751 nxv).
2431 3678 2519 3742 Et,
2550 3673 2703 3742 Quod
2737 3670 2930 3744 fecistis
2950 3658 3043 3724 uni
3078 3669 3144 3724 de
3169 3670 3251 3723 his
3278 3666 3510 3721 minimis
3530 3667 3658 3720 meis
3678 3704 3691 3730 ,
3713 3661 3843 3718 mihi

2253 3769 2447 3842 fecistis
2468 3764 2680 3838 (lbid.).
2695 3762 2832 3819 Hinc
2858 3762 3220 3830 interrogatus
3237 3758 3430 3813 beatus
3451 3755 3682 3811 Basilius
3693 3752 3842 3823 quali

2255 3861 2448 3918 eﬁ‘ectu
2469 3858 2727 3916 debemus
2739 3854 2973 3911 inﬁrmis
2984 3852 3248 3909 fratribus
3262 3851 3599 3913 ministrare,
3615 3861 3841 3917 respon-

2255 3954 2379 4009 dit:
2415 3951 2572 4007 Sicut
2617 3949 2720 4021 ipsi
2782 3947 3014 4003 Domino
3057 3944 3351 4001 offerentes
3403 3940 3700 4011 obsequia,
3745 3938 3841 4008 qui

2257 4043 2429 4098 dixit:
2464 4040 2605 4106 Quia
2645 4053 2771 4091 cum:
2812 4034 3013 4105 fecistis
3051 4033 3143 4087 uni
3187 4048 3251 4086 ea:
3300 4030 3381 4084 his
3437 4027 3690 4100 fratribus
3712 4026 3842 4080 meis

2257 4131 2508 4195 minimis,
2540 4127 2669 4183 mihi
2714 4125 2909 4197 fecistis
2938 4123 3148 4196 (Ibid.).
3178 4121 3317 4179 Hine
3363 4119 3502 4176 alius
3540 4117 3837 4174 monacho-

2259 4237 2378 4278 rum
2402 4221 2565 4275 Pater
2594 4219 2672 4277 ait
2701 4237 2714 4271 :
2764 4216 2968 4271 Horum
2999 4228 3131 4270 cura
3168 4212 3262 4282 qui
3311 4206 3721 4264 inﬁrmitatibus
3748 4205 3841 4260 de-
3892 4216 3905 4233 '

2260 4316 2525 4378 tinentur,
2554 4311 2731 4382 qualis
2759 4325 2882 4367 esse
2907 4308 3088 4371 debet,
3119 4305 3298 4376 pietas
3323 4300 3564 4356 auctoris
3607 4296 3847 4353 declarat

573 4432 696 4488 qua!
987 4385 1319 4467 solemnia“
1343 4405 1577 4462 canitur.
1600 4403 1739 4459 Nam
1761 4411 1889 4458 sunt
1913 4401 2148 4470 plerique

2260 4422 2385 4464 cum
2413 4405 2545 4461 dicit
2574 4422 2588 4456 :
2625 4402 2960 4469 Quwcunque
2981 4395 3134 4452 uultis
3173 4404 3229 4449 ut
3264 4392 3404 4448 vobis
3434 4388 3634 4460 faciant
3677 4385 3845 4439 homi-

2632 4493 2650 4502 -
2716 4493 2728 4502 .
2997 4491 3007 4502 .
3254 4483 3341 4502 ι..
3523 4481 3636 4502 ..-Α
3689 4476 3840 4502 ειη.

574 4506 968 4566 monachorum
1001 4499 1408 4566 miniswriale'S.
1441 4497 1537 4567 qui
1581 4509 1740 4552 mane
1765 4494 1993 4551 audiunt
2028 4493 2160 4547 mis-
2188 4476 2236 4502 ν
2263 4516 2373 4563 nes,
2424 4506 2475 4552 et
2503 4512 2591 4550 cos
2623 4493 2780 4563 facite
2809 4490 2917 4546 illis
2963 4489 3205 4545 similiter
3250 4483 3476 4556 (Matth.
3523 4481 3660 4549 vn).
3689 4476 3844 4531 Licet

575 4614 714 4664 sam,
744 4604 801 4652 et
839 4592 1146 4656 comedunt,
1176 4598 1232 4646 et
1259 4595 1492 4660 pergunt
1521 4600 1628 4657 quo
1657 4584 1862 4651 volunt,
1894 4592 1951 4638 et
1975 4582 2163 4637 dicunt

577 4690 887 4750 semissem
932 4686 1170 4750 audisse,
1198 4690 1255 4739 et
1303 4682 1382 4736 ita
1426 4678 1747 4736 comedisse.
1791 4675 1942 4743 Quod
1971 4675 2160 4729 vitium

577 4780 868 4853 providens
900 4776 1306 4848 prohibensque
1353 4771 1546 4825 beatus
1603 4767 1929 4822 Benedictus
1981 4766 2157 4822 dixit:

583 4874 655 4929 In
682 4874 867 4928 diebus
908 4880 1084 4924 autem
1112 4863 1433 4922 solemnibus
1478 4878 1640 4933 usque
1676 4862 1744 4917 ad
1775 4861 1960 4916 missas
1999 4861 2163 4915 susti-

585 4972 765 5020 neunt.

654 5052 922 5109 latrantes
967 5058 1015 5104 et
1063 5056 1309 5104 exeuntes
1367 5044 1763 5105 hebdomadarii
1818 5047 1877 5100 in
1931 5044 2165 5099 oratorio

588 5165 712 5211 metu
773 5146 1052 5205 Hotutinis
1096 5144 1263 5215 ﬁnitis
1307 5141 1619 5207 Dominica,
1657 5142 1891 5197 omnium
1950 5136 2166 5209 genibus

589 5242 984 5316 provolvuntur,
1021 5236 1347 5311 postulantes
1380 5252 1474 5308 pro
1516 5252 1572 5291 se
1601 5236 1767 5289 arari.
1797 5232 1952 5287 Hanc
2086 5228 2168 5284 eis

593 5314 1020 5386 benedictionem
1044 5332 1101 5381 et
1126 5322 1501 5382 retributionis
1532 5319 1835 5376 mercedem
1858 5331 1957 5386 pro
1984 5314 2170 5373 labore

592 5421 761 5481 totius
801 5418 1114 5490 septimam:
1157 5415 1390 5475 ﬁdeliter
1429 5419 1762 5483 expetentes,
1806 5417 1866 5464 ut
1893 5407 2169 5479 complen-

594 5526 677 5572 tes
695 5529 793 5572 eos
812 5512 1019 5570 Christi
1050 5509 1363 5567 mandatum
1391 5502 1661 5579 generatis
1687 5502 1757 5559 ab
1782 5501 2036 5557 omnibus
2057 5498 2171 5555 fra-

592 5610 768 5667 tribus
819 5609 1019 5668 caussa
1054 5607 1411 5676 prosequatur
1468 5596 1675 5662 oratio,
1704 5609 1827 5664 quin
1870 5602 1928 5650 et
1979 5607 2170 5649 eorum

593 5706 964 5758 consummata
1006 5691 1288 5761 obsequia,
1325 5687 1473 5744 velut
1498 5687 1649 5756 pium
1674 5683 2020 5749 sacrificium,
2059 5684 2171 5739 Deo

2263 4588 2447 4645 hocin
2484 4585 2739 4640 erunibus
2787 4581 2862 4635 sit
2907 4576 3199 4649 agendum,
3248 4573 3522 4644 praecipue
3558 4576 3739 4624 tamen
3787 4564 3842 4621 in

2263 4676 2655 4736 inﬁrmantium
2701 4688 2832 4728 cura
2888 4671 3004 4725 haec
3051 4667 3344 4739 praeceptio
3387 4671 3473 4719 est
3518 4657 3840 4722 exhibenda,

2265 4772 2391 4844 quia
2419 4767 2681 4824 Dominus
2709 4764 2847 4819 dixit
2881 4780 2895 4816 :
2927 4760 3184 4829 Inﬁrmus
3222 4757 3321 4826 fui,
3353 4764 3399 4810 et
3428 4752 3640 4808 venistis
3672 4749 3741 4803 ad
3765 4764 3843 4803 me

2270 4842 2487 4936 (Matth.
2514 4857 2666 4930 xxv).
2698 4856 2776 4911 lta
2804 4870 2933 4924 ergo
2980 4868 3111 4909 cura
3139 4848 3370 4906 inﬁrmis
3395 4842 3687 4918 quaarenda
3736 4850 3838 4907 est,

2272 4935 2337 5010 ac
2363 4953 2409 5009 si
2435 4959 2705 5023 praesente
2732 4948 2952 5004 Christo
2997 4942 3297 5000 ministrari
3347 4946 3588 5010 putetur.
3639 4935 3842 4989 Revera

2272 5041 2472 5098 etenim
2518 5040 2824 5109 quicunque
2864 5050 2966 5106 pro
3001 5033 3222 5091 Christo
3259 5029 3490 5086 inﬁrmis
3519 5040 3708 5083 curam
3747 5025 3844 5080 im-

2273 5134 2479 5204 pendit,
2509 5133 2726 5189 Christo
2753 5132 2807 5187 in
2832 5129 3064 5186 inﬁrmis
3092 5127 3386 5185 ministrat.

2346 5227 2453 5284 Sed
2496 5238 2544 5281 et
2586 5225 2686 5297 ipsi
2722 5224 2919 5293 infirmi
2956 5220 3303 5284 considerent,
3348 5218 3405 5272 in
3453 5216 3704 5270 honorem
3751 5210 3845 5265 Dei

2272 5320 2371 5376 sibi
2405 5318 2610 5382 serviri,
2638 5326 2687 5371 et
2730 5332 2835 5370 non
2877 5312 3238 5385 superﬂuitate
3269 5326 3368 5365 sua
3409 5306 3713 5362 contristent
3736 5302 3845 5373 {ra-

2273 5424 2378 5468 tres
2422 5426 2545 5466 suos
2580 5409 2857 5465 servientes
3045 5404 3183 5461 Hinc
3213 5403 3409 5458 beatus
3444 5396 3675 5454 Basilius
3726 5395 3800 5449 ait
3830 5407 3845 5446 :

2274 5502 2507 5572 Expedit
2540 5499 2607 5556 ad
2653 5497 3083 5555 conservandum
3108 5492 3361 5555 adiectum
3387 5488 3632 5559 obsequii
3654 5485 3842 5549 nostri,

2274 5604 2336 5649 ut
2364 5594 2418 5649 hi
2462 5592 2665 5648 inﬁrmi
2691 5591 2785 5660 qui
2829 5589 3090 5658 obsequia
3114 5602 3151 5642 a
3178 5586 3337 5643 nobis
3366 5583 3686 5654 suscipiunt,
3716 5578 3844 5634 tales

2275 5684 2381 5738 sint
2425 5682 2620 5751 quibus
2666 5680 2861 5743 merito
2914 5676 3112 5736 deferri
3161 5675 3479 5745 obsequium
3525 5674 3756 5739 debeat,
3790 5677 3842 5725 et
