3944 6418
132 296 238 352 869

1168 299 1521 356 COMMENT.
1561 299 1630 355 IN
1672 298 1829 354 REG.
1872 299 1930 354 S.
1970 301 2346 359 BENEDICTI.

3272 308 3379 363 870

131 426 239 466 non
263 408 400 464 tales
431 409 526 478 qui
554 409 701 463 carni
732 410 1039 481 indulgeant
1068 420 1122 464 et
1164 412 1376 476 ventri,
1406 413 1501 467 sed
1529 413 1707 481 potius
1734 412 1780 470 A
1802 407 2105 477 juveneulis
2134 414 2342 469 tardius
2374 418 2720 472 concedatur.
2749 418 2886 473 Iliae
2912 418 3103 474 beatus
3126 417 3380 492 Augusti-

132 503 187 556 in
212 517 397 557 amore
418 501 513 556 Dei
541 510 596 556 et
626 501 825 557 Christi
852 503 981 573 ejus
1000 504 1307 573 probabiles
1337 504 1703 569 inveniantur,

130 603 186 649 ct
212 609 312 664 per
343 593 664 664 patientiam
710 608 863 648 suam
905 608 970 648 ac
1007 594 1130 648 vitae
1175 594 1450 659 meritum,
1478 592 1705 648 fratrum

132 688 448 737 mereantur
474 680 755 751 obsequia,
785 692 847 737 ut
884 683 1185 738 habeantur
1205 683 1272 738 ad
1303 684 1528 754 gloriam
1553 683 1710 740 Chri-

130 772 202 828 sti
246 781 305 827 et
339 771 692 843 opprobrium
738 771 955 837 diaboli,
986 773 1127 830 sicut
1171 773 1274 835 fuit
1312 784 1532 831 sanctus
1583 774 1705 830 Job.

204 860 309 928 Qui
334 870 507 915 tamen
534 859 787 931 patienter
811 861 1055 930 portandi
1083 870 1227 925 sunt,
1269 862 1392 932 quia
1424 862 1488 915 de
1517 861 1709 916 talibus

132 952 392 1022 copiosior
412 967 607 1005 merces
633 950 944 1021 acquiritur.
966 949 1103 1006 Hinc
1121 952 1313 1006 beatus
1337 950 1576 1007 Isidorus
1598 952 1708 1007 ait:

133 1044 237 1113 Qui
263 1043 409 1098 enim
438 1042 553 1097 sani
601 1050 750 1107 sunt,
794 1040 1040 1098 inﬁrmos
1075 1043 1307 1098 tolerare
1348 1042 1566 1098 debent.
1607 1042 1710 1110 Qui

134 1142 317 1190 autem
345 1132 547 1189 inﬁrmi
576 1140 717 1196 sunt,
757 1147 919 1188 sanos
942 1142 1001 1188 et
1026 1132 1335 1189 laborantes
1376 1142 1710 1205 anteponen-

134 1228 232 1281 dos
258 1225 363 1281 sibi
402 1241 510 1281 nou
552 1225 815 1280 dubitent.
850 1223 953 1293 Qui
991 1227 1109 1281 sani
1149 1235 1276 1281 sunt
1311 1241 1555 1298 corpore,
1590 1228 1709 1283 sani

132 1330 255 1370 esse
274 1314 473 1369 debent
488 1321 545 1368 et
566 1324 764 1369 mente.
791 1313 859 1368 Et
886 1313 1004 1369 ideo
1017 1314 1274 1370 convenit
1297 1316 1443 1370 sanis
1466 1314 1709 1371 inﬁrmos

133 1414 353 1476 portare
378 1405 549 1476 magis
568 1419 732 1473 quam
759 1404 829 1459 ab
854 1404 1086 1460 inﬁrmis
1112 1405 1338 1475 portari.
1366 1404 1598 1460 Necesse
1624 1414 1710 1461 est

134 1497 278 1551 enim
305 1504 365 1550 ut
386 1496 657 1566 patienter
687 1502 969 1564 portemus
992 1492 1270 1560 inﬁrmos,
1297 1502 1358 1548 ut
1402 1494 1597 1550 iterum
1630 1496 1712 1549 in-

137 1587 279 1641 ﬁrmi
319 1588 588 1658 patienter
630 1593 908 1655 portemur
950 1601 981 1642 a
1036 1588 1205 1643 sanis.
1255 1587 1520 1658 Tempore
1563 1589 1709 1644 enim

135 1674 470 1732 inﬁrmitatis
517 1691 705 1732 eorum
749 1678 1025 1747 copiosam
1077 1680 1382 1736 mercedem
1418 1681 1710 1736 serviendo

1809 516 1910 556 nus
1961 502 2081 556 ait:
2114 504 2413 560 Lavacrum
2461 508 2718 576 inﬁrmis,
2766 511 2811 565 si
2864 512 3160 567 necessitas
3209 513 3375 583 cogit,

1807 589 2031 646 minime
2053 592 2346 663 denegatur
2376 612 2387 647 :
2418 596 2511 650 sed
2541 598 2754 653 etiamsi
2802 599 2958 665 nolit,
2989 599 3212 671 iubente
3238 614 3377 670 prte-

1806 680 2014 747 posito,
2102 681 2197 737 ﬁat
2240 699 2337 754 pro
2381 685 2573 742 salute.
2615 686 2673 742 Si
2720 698 2901 743 autem
2953 690 3066 760 ipse
3123 691 3291 757 velit,
3320 697 3376 745 et

1807 765 1947 824 forte
1987 785 2094 825 non
2141 773 2394 842 expedit,
2453 789 2563 830 suae
2609 776 2889 847 cupiditati
2929 793 3035 833 nou
3069 780 3370 835 obediatur.

1883 856 1990 913 Sed
2024 869 2074 913 et
2111 862 2348 917 carnium
2376 879 2494 918 esus
2533 864 2756 933 inﬁrmis
2789 866 3096 939 omninoque
3123 868 3376 923 debilibus

1810 963 1905 1018 pro
1943 949 2273 1016 reparatione
2293 952 2628 1007 concedatur.
2656 953 2721 1006 At
2759 955 2848 1008 ubi
2874 956 3130 1033 meliorati
3160 957 3379 1025 fuerint,

1810 1054 1843 1090 a
1871 1038 2115 1092 carnibus
2136 1056 2281 1094 more
2299 1040 2454 1094 solito
2479 1058 2655 1097 omnes
2677 1043 2991 1099 abstineant.
3024 1044 3160 1100 [line
3186 1047 3381 1105 iterum

1810 1128 1924 1198 ipse
1943 1128 2275 1199 Augustinus
2298 1131 2401 1187 ait:
2420 1130 2564 1188 Sane
2582 1136 3037 1202 quemadmodum
3055 1145 3381 1207 aegrotantes

1809 1237 2030 1277 necesse
2067 1224 2268 1278 habent
2316 1225 2497 1281 minus
2541 1227 2820 1296 accipere,
2855 1242 2921 1283 ne
2958 1237 3273 1299 graventur,
3303 1230 3379 1285 ita

1807 1321 1931 1380 post
1974 1313 2345 1385 aegritudinem
2380 1317 2458 1372 sic
2487 1318 2756 1373 tractandi
2803 1327 2959 1383 sunt,
2990 1328 3048 1375 ut
3088 1322 3249 1376 citius
3290 1337 3375 1377 rc-

1809 1411 2082 1458 creentur.
2116 1404 2223 1461 Sed
2249 1422 2373 1462 cum
2396 1409 2539 1463 vires
2569 1409 2831 1479 pristinas
2871 1413 3265 1481 reparaverint,
3293 1428 3377 1468 re—

1810 1491 1975 1546 deant
2017 1492 2086 1547 ad
2123 1492 2418 1549 feliciorem
2448 1498 2891 1552 consuetudinem
2937 1514 3110 1565 suam,
3138 1515 3259 1570 qua:
3295 1500 3379 1557 fa-

1810 1578 1984 1635 mulos
2008 1580 2104 1635 Dei
2133 1589 2282 1637 tanto
2307 1583 2536 1652 amplius
2579 1584 2753 1649 decet,
2782 1595 2985 1655 quanto
3030 1603 3211 1643 minus
3236 1589 3377 1644 indi—

1811 1675 1957 1736 gent.
2014 1667 2125 1725 Ncc
2182 1671 2289 1726 cibi
2339 1686 2433 1727 eos
2479 1682 2658 1727 teneat
2700 1674 2947 1745 voluptas
2977 1675 3092 1745 jam
3135 1689 3381 1748 vegetos,

134 1767 524 1838 conquiram“
560 1767 628 1822 ab
658 1765 797 1834 ίιιίε,
826 1775 887 1822 ιη
928 1776 982 1823 οι
1030 1768 1105 1823 iu;
1153 1777 1391 1840 tempore
1421 1770 1706 1826 inﬁrmam-
1737 1770 1783 1828 B
1809 1773 1945 1828 quos
1961 1760 2532 1831 necessitasligaverat
2557 1762 2819 1818 inﬁrmos.
2842 1764 2967 1820 Illos
2992 1767 3266 1822 mstiment
3294 1770 3376 1825 di-

137 1859 207 1912 tis
231 1865 434 1912 nostrae
457 1857 730 1925 copiosam
752 1858 1054 1913 mercedem
1072 1859 1357 1914 serviendo
1382 1860 1709 1929 conquirant

133 1948 202 2002 de
240 1946 418 2003 nobis.
452 1945 590 2002 Hinc
617 1945 908 2017 Apostolus
936 1948 1013 2002 ait
1040 1966 1053 2001 :
1088 1946 1317 2002 Invicem
1344 1963 1503 2002 onera
1539 1958 1708 2003 uestra

131 2045 353 2107 portate,
379 2046 427 2090 et
450 2036 527 2089 sic
555 2034 901 2105 adimplebitis
942 2034 1102 2107 legem
1132 2034 1326 2090 Christi
1356 2034 1565 2108 (Galat.
1605 2037 1705 2109 vi).

203 2126 499 2197 Ergo-cura
524 2127 756 2180 maxima
796 2127 863 2180 sit
885 2125 1058 2181 abbati
1088 2144 1153 2183 ne
1188 2127 1418 2199 aliquam
1445 2128 1708 2200 negligen-

134 2220 259 2273 tiam
287 2218 576 2289 patiantur.
605 2215 807 2284 Quibus
830 2217 1085 2288 fratribus
1111 2218 1338 2287 inﬁrmis
1363 2220 1430 2275 sit
1457 2219 1590 2275 cella
1617 2236 1708 2274 su-

132 2326 223 2378 per
248 2326 305 2364 se
330 2308 603 2379 deputata,
634 2316 681 2362 et
716 2307 934 2362 serritor
959 2309 1143 2364 timens
1169 2308 1333 2362 Deum
1350 2349 1365 2374 ,
1395 2318 1443 2364 et
1484 2309 1707 2380 diligens

132 2416 191 2453 ac
229 2399 507 2453 sollicitus.
560 2396 645 2453 Sit
693 2412 824 2473 ergo
873 2398 1086 2455 abbatis
1125 2415 1255 2455 cura
1306 2408 1367 2455 ut
1414 2401 1706 2471 separatim

131 2491 322 2547 cellam
374 2491 613 2547 habeant
649 2504 769 2545 cum
812 2490 1064 2546 omnibus
1105 2491 1619 2561 opportunitatibus,
1646 2499 1709 2549 ut

130 2584 334 2640 nullum
364 2581 692 2638 exteriorem
713 2581 955 2638 laborem
981 2583 1243 2649 sentiant,
1267 2585 1360 2654 qui
1391 2586 1446 2640 in
1486 2585 1704 2641 inﬁrma

130 2688 296 2731 carne
319 2686 537 2744 poenam
564 2679 803 2744 portant.
828 2671 1231 2729 Inﬁrmantibus
1266 2690 1480 2747 quoque
1500 2674 1587 2733 vel
1605 2676 1706 2731 ali-

130 2781 235 2835 qua
277 2764 601 2822 necessitate
636 2764 1007 2821 laborantibus
1040 2765 1173 2821 satis
1195 2763 1365 2821 ﬁdelis
1396 2774 1452 2822 et
1484 2772 1705 2822 strenua

129 2854 292 2911 debet
316 2868 548 2925 persona
575 2855 840 2925 prmponi,
877 2870 997 2924 qua:
1024 2863 1081 2911 et
1103 2856 1322 2925 aegrotis
1342 2870 1464 2910 cum
1503 2855 1705 2926 pietate

131 2943 356 3008 serviat,
399 2950 455 2998 et
490 2943 930 2999 mouasterialem
980 2942 1322 3012 disciplinam
1380 2944 1704 3015 regulariter

131 3031 427 3099 custodiat,
457 3040 513 3088 et
531 3048 651 3103 qute
682 3034 1005 3089 conveniant
1033 3032 1264 3089 inﬁrmis
1309 3034 1704 3090 rationabiliter

1810 1847 1993 1908 tiores,
2031 1848 2123 1918 qui
2153 1850 2206 1903 in
2237 1849 2539 1904 sulferenda
2578 1853 2846 1921 parcitate
2873 1853 3076 1909 fuerint
3104 1855 3378 1913 fortiores.

1810 1936 1997 1992 llelius
2028 1946 2113 1992 est
2141 1939 2289 1993 enim
2312 1940 2492 1995 minus
2516 1955 2675 2009 cgere
2706 1958 2867 2011 quam
2894 1943 3015 2014 plus
3037 1945 3255 2003 habere.
3290 1950 3381 2004 Di-

1807 2026 1995 2096 ligenti
2021 2027 2166 2082 enim
2192 2028 2511 2084 curiositate
2548 2032 2709 2086 debet
2750 2033 2917 2089 abbas
2947 2049 3263 2105 agnoscere,
3294 2040 3380 2093 vel

1806 2117 2060 2186 probare,
2089 2132 2157 2172 ne
2190 2117 2314 2188 quis
2341 2133 2402 2173 se
2430 2118 2594 2191 ﬁngat
2634 2130 2857 2192 propter
2905 2124 3211 2183 refectiouis
3250 2129 3377 2184 eda-

1806 2206 2025 2263 citatem
2046 2206 2341 2264 inﬁrmum.
2362 2209 2494 2265 Nam
2519 2212 2610 2282 qui
2640 2229 2698 2271 se
2722 2215 2922 2271 dixerit
2945 2231 3064 2274 esse
3087 2229 3373 2291 aegrotum,

1806 2305 1862 2351 et
1885 2298 1951 2351 ad
1979 2312 2115 2367 opus
2149 2296 2245 2355 Dei
2270 2315 2375 2356 non
2403 2304 2722 2369 surrexerit.
2753 2313 2811 2361 et
2833 2308 3092 2363 continuo
3118 2310 3375 2380 jacuerit,

1806 2383 1875 2447 ad
1890 2385 2104 2455 culpam
2136 2402 2243 2442 non
2273 2390 2628 2452 vocetur,sed
2647 2391 2700 2446 in
2730 2392 3026 2450 refectione
3040 2398 3381 2456 solummodo

1808 2490 2025 2543 succos,
2053 2477 2139 2534 vel
2162 2494 2288 2546 ova,
2316 2489 2411 2536 aut
2452 2482 2684 2539 calidam
2710 2499 2906 2556 aquam
2933 2489 3190 2560 accipiat,
3220 2502 3298 2559 ut,
3328 2496 3376 2550 si

1805 2581 1866 2623 se
1920 2568 2076 2641 ﬁngit
2135 2581 2420 2643 aegrotum,
2470 2573 2553 2630 vel
2600 2572 2743 2632 fame
2801 2579 3156 2651 compellatur
3190 2581 3380 2640 levari.

1805 2661 1907 2730 Qui
1935 2671 2120 2718 autem
2140 2665 2209 2720 ad
2239 2665 2480 2721 laborem
2502 2669 2804 2738 proclamat
2829 2687 2888 2728 se
2909 2689 3017 2729 non
3047 2690 3230 2746 posse,
3252 2678 3381 2733 item

1805 2752 1873 2807 ad
1899 2752 2330 2810 manducandum
2347 2755 2622 2824 iudicetur
2648 2776 2756 2815 non
2782 2777 2964 2832 posse,
3008 2766 3134 2835 quia
3164 2774 3375 2823 utrum-

1803 2861 1907 2916 que
1932 2863 2039 2903 non
2061 2863 2221 2919 posse
2240 2849 2463 2919 iustitia:
2482 2854 2755 2909 convenit.
2785 2855 2841 2911 Si
2866 2870 2996 2912 vero
3018 2858 3087 2912 ad
3114 2858 3372 2914 laboran-

1805 2937 1931 2993 dum
1982 2956 2086 2994 non
2125 2957 2401 3010 possumus
2437 2942 2687 3009 dicimus,
2722 2952 2779 3000 et
2830 2947 2900 3001 ad
2947 2949 3379 3005 manducandum

1807 3046 1909 3083 non
1938 3048 2216 3100 possumus
2265 3032 2523 3088 dicamus.
2581 3035 2625 3090 Ο
2655 3036 2935 3107 iniustitia:
2984 3039 3163 3097 nefas!
3217 3052 3381 3114 caput

131 3123 421 3195 expendat,
449 3138 571 3195 quae
618 3132 673 3178 et
718 3124 993 3194 pulmenta
1040 3134 1258 3180 strenue
1304 3133 1592 3197 praeparet,
1646 3135 1704 3182 et
1730 3115 1775 3178 C
1807 3129 2088 3191 torquetur
2107 3123 2383 3181 doloribus
2402 3136 2626 3195 propter
2656 3128 2919 3194 laborem,
2950 3139 3007 3186 et
3030 3142 3222 3187 venter
3263 3149 3373 3189 non

129 3216 327 3270 devoto
350 3215 431 3271 eis
478 3216 783 3272 ministerio
826 3218 1177 3284 obsecundet,
1230 3227 1286 3274 et
1334 3220 1400 3275 de
1450 3220 1536 3275 his
1585 3236 1705 3291 qua:

130 3305 238 3360 illis
264 3304 478 3361 residua
526 3315 653 3362 sunt
681 3319 854 3377 neque
897 3304 1140 3362 fraudem
1186 3306 1375 3373 faciat,
1407 3322 1582 3377 neque
1615 3324 1705 3364 oc-

128 3395 277 3451 culte
295 3397 624 3453 comestione
661 3412 721 3453 se
744 3398 929 3453 illicita
972 3398 1195 3468 polluat.
1230 3399 1405 3456 Tanta
1434 3401 1577 3456 enim
1604 3400 1707 3455 mi-

128 3485 426 3541 sericordia
458 3485 745 3541 foveantur
790 3487 1023 3553 inﬁrmi,
1054 3498 1114 3543 ut
1147 3504 1249 3544 nec
1276 3489 1705 3561 propinquorum

129 3572 379 3641 aﬂectus,
427 3590 531 3631 nec
568 3577 779 3632 urbium
828 3577 1049 3634 delicias
1085 3580 1384 3649 requirant,
1435 3581 1530 3636 sed
1562 3582 1707 3651 quod

128 3681 353 3724 necesse
378 3667 690 3730 habuerint,
726 3670 1040 3726 cellerarius
1068 3680 1123 3726 et
1165 3675 1488 3744 przepositus
1529 3674 1708 3745 provi-

129 3757 313 3813 deant.
358 3755 466 3825 lpsi
502 3770 636 3812 vero
664 3757 866 3812 inﬁrmi
913 3767 1061 3814 tanta
1106 3762 1467 3818 sollicitudine
1516 3766 1708 3821 admo-

129 3856 382 3916 neantur,
432 3855 495 3903 ut
545 3848 614 3904 de
658 3862 756 3904 ore
801 3863 991 3905 eorum
1036 3866 1139 3907 nec
1180 3854 1708 3926 quantulumcunque

129 3938 216 3996 vel
256 3938 391 3995 levis
417 3952 596 3994 sermo
622 3940 1012 3996 murmurantis
1047 3943 1334 4011 procedat;
1381 3943 1475 4000 sed
1510 3945 1562 4000 in
1611 3961 1706 4001 sua

130 4026 449 4083 inﬁrmitate
506 4041 629 4082 cum
686 4027 884 4084 mentis
939 4028 1213 4087 hilaritate
1262 4041 1319 4087 et
1348 4049 1478 4088 vera
1524 4035 1707 4091 cordis

131 4116 544 4188 eompunctione
569 4132 783 4189 semper
805 4119 918 4175 Deo
961 4122 1167 4191 gratias
1193 4132 1392 4195 agant;
1422 4140 1561 4195 quos
1586 4125 1707 4180 abs—

132 4225 239 4280 que
266 4210 612 4265 concessione
645 4207 867 4280 majoris
903 4211 1084 4267 nullus
1115 4213 1311 4268 audeat
1336 4214 1579 4280 visitare,
1605 4231 1706 4271 nec

130 4299 463 4370 propinquos
487 4308 581 4355 aut
603 4313 890 4371 germanos
915 4302 1031 4357 sine
1057 4303 1282 4372 imperio
1303 4305 1574 4375 praepositi
1604 4307 1707 4362 mi-

132 4389 397 4444 nistrandi
425 4390 700 4447 habebunt
739 4399 1082 4463 potestatem.
1110 4394 1166 4450 Id
1195 4394 1357 4449 etiam
1398 4411 1496 4466 pro
1523 4405 1704 4453 custo-

1806 3222 2087 3284 torquetur
2114 3225 2334 3286 propter
2358 3218 2464 3272 cibi
2502 3218 2927 3277 distensionem?

1877 3305 2071 3360 Curam
2092 3316 2265 3361 autem
2288 3309 2573 3363 maximam
2598 3309 2785 3365 habeat
2808 3311 2968 3367 abbas
2996 3329 3061 3367 ne
3095 3331 3127 3368 a
3157 3312 3377 3369 cellera-

1805 3397 1898 3451 riis
1914 3407 2004 3467 aut
2027 3398 2365 3453 servitoribus
2386 3400 2717 3471 negligantur
2736 3402 2956 3471 inﬁrmi,
2970 3407 3096 3476 quia
3120 3407 3190 3461 ad
3210 3409 3380 3479 ipsum

1806 3487 2012 3557 respicit
2060 3488 2315 3559 quidquid
2357 3507 2389 3544 a
2417 3490 2689 3559 discipulis
2720 3494 3062 3566 delinquitur.
3096 3496 3232 3554 Hinc
3260 3501 3387 3570 qui-

1805 3581 1929 3635 dam
1981 3581 2370 3635 monachorum
2416 3584 2676 3652 magister
2719 3586 2797 3641 ait
2832 3586 3060 3643 :Abbas
3097 3590 3258 3645 talem
3291 3608 3390 3645 eu-

1808 3686 1923 3725 ram
1967 3670 2032 3725 de
2068 3669 2298 3726 inﬁrmis
2335 3671 2550 3738 habeat,
2578 3674 2793 3744 qualem
2840 3692 2899 3732 se
2946 3678 3186 3749 recipere
3214 3694 3243 3733 a
3268 3680 3374 3735 Do-

1807 3761 1956 3814 mino
1982 3768 2197 3828 sperat,
2250 3769 2308 3815 ut
2342 3777 2442 3817 nec
2470 3778 2500 3816 a
2529 3764 2813 3821 eellerario
2843 3766 3078 3838 aliquam
3110 3769 3384 3840 negligen—

1809 3850 1939 3902 tiam
1970 3850 2167 3905 inﬁrmi
2198 3850 2456 3906 sentiant.
2506 3851 2588 3907 Ad
2626 3856 2871 3930 abbatem
2921 3857 3063 3912 enim
3117 3862 3378 3930 respicit,

1806 3948 1866 3992 ut
1920 3941 2240 3994 emendetur
2291 3942 2553 4012 quidquid
2620 3959 2652 3999 a
2701 3947 2980 4025 discipulis
3024 3950 3376 4021 delinquitur.

1808 4027 1960 4094 Quod
1993 4029 2038 4083 si
2067 4029 2136 4084 ab
2164 4029 2253 4084 illo
2283 4045 2387 4085 non
2435 4033 2771 4101 emendatur,
2804 4050 2834 4089 a
2860 4036 3030 4107 culpa:
3057 4038 3381 4110 negligentia

1809 4116 1976 4170 abbas
2007 4131 2116 4172 non
2150 4116 2432 4173 liberatur.

2341 4227 2568 4284 CAPUT
2600 4229 2865 4286 XXXVII.

2190 4318 2268 4371 De
2313 4318 2522 4373 senibus
2567 4319 2648 4373 vel
2689 4322 3004 4391 infantibus.

1877 4408 2020 4465 Licet
2049 4411 2164 4481 ipsa
2208 4422 2399 4466 natura
2434 4412 2666 4468 humana
2696 4417 2939 4469 trahatur
2976 4418 3048 4473 ad
3084 4419 3384 4475 misericor-

739 4455 758 4463 _
1398 4455 1416 4466 _
1877 4455 2017 4465 ...νη
2051 4455 2164 4481 .,,-,.
2209 4455 2398 4466 ..........
2434 4455 2665 4468 .............
2696 4455 2926 4469 ...ω-η..
2976 4455 3045 4473 ....
3086 4455 3382 4475 "um..."-

133 4477 328 4532 dieﬂdi
357 4475 498 4533 fama
521 4478 829 4549 ερθοὶειὶῑθι·
852 4481 1179 4547 εῑυάιιίῐηυεν
1205 4491 1266 4536 ιη
1313 4484 1491 4539 “unus
1516 4502 1705 4541 moui"
1729 4455 1782 4514 Β
1807 4502 1948 4556 diam
1968 4502 2023 4557 in
2047 4503 2128 4557 his
2148 4504 2607 4569 attatibm,wnum
2634 4506 2866 4560 videlicet
2894 4518 2941 4561 et
2982 4510 3267 4578 infantum,
3296 4523 3382 4566 ta-

133 4569 339 4625 chusin
360 4568 673 4627 inﬁrmitate
694 4571 920 4641 positus,
936 4572 1123 4627 relicto
1152 4575 1497 4642 monasterio,
1513 4592 1707 4646 paren-

137 4668 254 4715 tum
277 4674 499 4716 suorum
527 4662 709 4720 studio
741 4666 1182 4732 commendetur;
1218 4667 1344 4735 quia
1370 4670 1543 4739 magis
1582 4684 1705 4724 eum

134 4750 476 4808 saecularium
503 4753 932 4823 spectaculorum
960 4755 1078 4811 visu
1102 4764 1158 4811 et
1177 4759 1363 4812 auditu
1389 4759 1556 4828 pollui
1580 4775 1708 4817 cen-

135 4853 318 4895 semus
336 4855 498 4911 quam
524 4843 592 4897 ab
619 4844 937 4914 aegritudine
965 4859 1124 4916 posse
1145 4848 1389 4918 purgari.

206 4928 527 4984 Balnearum
546 4946 672 4987 usus
694 4933 920 5002 infirmis
947 4936 1149 5006 quoties
1192 4938 1399 5009 expedit
1430 4940 1705 5010 offeratur.

137 5021 299 5076 Sanis
318 5030 514 5087 autent,
528 5030 576 5076 et
598 5024 824 5078 maxime
830 5026 1133 5095 juvenibus,
1148 5028 1351 5082 tardius
1371 5032 1710 5087 concedatur.

135 5109 275 5165 Iliae
287 5117 505 5165 sanctus
524 5110 765 5168 Isidorus
782 5114 886 5168 ait:
906 5114 1147 5171 Lavacra
1173 5118 1302 5172 nulli
1326 5122 1593 5176 monacho
1617 5121 1711 5175 ad-

135 5201 311 5257 eunda
339 5201 518 5257 studio
550 5200 763 5258 lavandi
802 5208 1067 5276 corporis,
1100 5209 1203 5263 nisi
1236 5218 1442 5264 tantum
1469 5227 1567 5279 pro
1611 5226 1710 5267 ne-

137 5294 388 5349 cessitate
430 5293 720 5365 languoris.
779 5296 889 5353 Nee
955 5300 1306 5355 differendum
1340 5311 1442 5373 ⁸ρει
1492 5312 1711 5374 propter

138 5382 427 5449 medelam,
458 5383 504 5438 si
535 5386 770 5455 expedit,
820 5403 921 5445 nec
950 5392 1397 5446 murmurandum
1452 5405 1550 5457 est,
1586 5395 1712 5464 quia

136 5487 247 5526 non
295 5471 359 5527 ﬁt
400 5486 501 5542 pro
550 5477 789 5544 appetitu
830 5478 1148 5550 voluptatis,
1185 5482 1278 5537 sed
1322 5497 1419 5552 pro
1477 5486 1714 5541 remedio

140 5567 351 5616 tantum
379 5561 589 5617 salutis.
631 5563 736 5620 Pro
773 5581 906 5624 cura
948 5570 1197 5625 medendi
1242 5571 1555 5627 balneorum
1583 5589 1715 5629 usus

143 5667 355 5711 summa
399 5655 718 5713 adhibeatur
770 5661 968 5716 studio.
1030 5660 1191 5718 Senis
1236 5679 1396 5729 vero,
1446 5667 1713 5737 prmcipue

1806 4608 1924 4645 men
1952 4601 1999 4645 et
2018 4590 2235 4662 Regula:
2252 4595 2540 4648 auctoritas
2560 4596 2636 4650 eis
2662 4598 2965 4666 prospiciat.
2992 4599 3113 4661 Hic.
3131 4601 3259 4656 licet
3282 4619 3383 4672 pro

1807 4682 2055 4750 quamvis
2088 4682 2324 4753 ponitur.
2370 4683 2450 4738 Ae
2478 4684 2522 4739 si
2554 4685 2698 4740 dicat
2730 4703 2743 4739 :
2774 4686 3033 4753 Quamvis
3079 4690 3194 4760 ipsa
3223 4700 3384 4746 natu-

1810 4770 2000 4825 raliter
2033 4771 2271 4843 bumana
2321 4780 2517 4828 natura
2568 4775 2788 4845 pietatis
2818 4776 3026 4833 viscera
3057 4778 3235 4849 plena,
3286 4782 3388 4837 ho-

1811 4861 2010 4916 minem
2036 4862 2105 4917 ad
2130 4863 2556 4920 misericordiam
2585 4867 2880 4936 pertrahat,
2919 4876 3013 4925 aut
3038 4870 3259 4927 senibus
3285 4873 3388 4928 mi-

1812 4964 2057 5009 sereatur
2084 4964 2137 5010 et
2164 4955 2493 5021 infantibus;
2529 4967 2707 5014 tamen
2753 4968 2810 5016 et
2839 4961 3058 5033 Regula:
3086 4966 3387 5022 auctoritas

1812 5042 1891 5097 eis
1917 5044 2234 5114 prospiciat.
2262 5045 2540 5113 Quomodo
2567 5058 2748 5106 autem
2773 5054 3384 5125 prospiciat,sequeutia

1812 5134 1936 5187 audi
1967 5152 1980 5188 :

1884 5222 2252 5278 Consideretur
2290 5241 2489 5293 semper
2509 5228 2564 5281 in
2589 5228 2662 5283 eis
2692 5230 3043 5294 imbecillitas.
3087 5243 3135 5288 et
3161 5233 3387 5291 nullate-

1816 5328 1913 5366 nus
1934 5313 2007 5367 eis
2036 5312 2290 5368 districtio
2324 5313 2535 5385 Regula:
2559 5325 2796 5372 teneatur
2808 5319 2865 5374 in
2884 5321 3184 5388 alimentis;
3206 5324 3296 5377 sed
3316 5325 3385 5379 sit

1814 5401 1868 5456 in
1894 5402 1966 5456 eis
1987 5403 2074 5473 pia
2100 5404 2531 5469 consideratio,et
2552 5409 2869 5477 prmueniant
2895 5410 3052 5466 horas
3081 5414 3382 5468 canonicos.

1818 5491 1954 5547 Iliae
2002 5492 2192 5548 beatus
2229 5492 2463 5550 Isidorus
2492 5496 2569 5550 ait
2608 5513 2621 5550 :
2661 5495 2725 5551 Hi
2773 5507 2953 5554 autem
2997 5500 3089 5570 qui
3116 5508 3388 5559 vetustate

1818 5585 2062 5653 corporis
2089 5586 2408 5656 consumpti,
2434 5594 2528 5641 aut
2556 5596 2755 5645 tenerae
2775 5592 2950 5647 aetatis
2976 5589 3270 5661 fragilitate
3293 5594 3390 5649 de-

1822 5673 1956 5727 tenti
2013 5680 2160 5739 sunt,
2188 5675 2516 5743 quotizlianis
2558 5692 2664 5733 non
2710 5678 2995 5735 exercendi
3018 5677 3263 5749 ieiuniis,
3318 5697 3391 5739 ne
