3944 6420
561 329 663 390 8'”

1842 320 2121 379 SMARAG
2131 320 2194 377 Dl
2233 319 2405 379 ABBA
2413 318 2521 379 TIS

3724 323 3837 384 873

561 458 653 504 aut
697 456 983 502 senescens
1026 447 1180 505 aetas,
1228 445 1518 509 antequam
1568 436 1837 493 moriatur
1874 437 2130 499 deficiat,
2163 437 2211 494 A
2238 432 2390 503 Quod
2427 450 2560 507 opus
2589 449 2696 490 non
2738 442 2824 490 est
2870 433 3235 506 incipiendum
3287 434 3357 491 ab
3393 434 3517 503 illo,
3557 437 3663 494 nisi
3689 455 3834 509 prte—

556 547 650 595 aut
693 550 962 600 crescens,
1011 535 1328 606 priusquam
1357 531 1628 603 proﬁciat,
1665 531 1863 596 cadat,
1909 538 1965 584 et
2009 538 2136 583 ante

554 632 787 685 intereat
814 641 977 697 quam
1015 626 1215 681 bonum
1242 623 1424 679 facere
1451 622 1648 679 discat.
1676 621 1813 677 Hinc
1835 620 2057 692 quidam
2082 628 2138 675 et

554 720 695 775 alius
745 717 1137 774 monachorum
1167 715 1427 786 magister
1474 714 1551 768 ait
1585 731 1599 767 :
1633 711 1886 768 lnfantuli
1914 720 2130 782 quarta,

554 818 710 866 sexta
747 815 803 864 et
831 807 1078 872 sabbato,
1129 805 1184 859 in
1214 803 1405 858 diebus
1433 810 1611 857 tamen
1643 801 1945 856 minoribus
1971 840 1987 866 ,
2029 799 2136 854 hoc

553 910 660 966 est,
676 900 730 955 in
758 899 955 954 hiemis
978 905 1238 965 tempore,
1256 892 1519 963 jejunent.
1538 892 1674 948 Aliis
1694 906 1824 948 vero
1854 890 2042 947 diebus
2066 888 2134 943 ad

555 997 769 1046 sextam
791 987 1038 1043 reﬁciant
1051 986 1260 1040 horam.
1278 982 1336 1037 In
1360 982 1567 1037 aestatis
1581 996 1710 1036 vero
1737 980 1951 1045 diebus,
1978 993 2137 1050 quar-

562 1091 647 1147 ta,
686 1088 842 1136 sexta
866 1087 921 1134 et
954 1077 1180 1134 sabbato
1206 1073 1452 1128 infantuli
1482 1081 1634 1128 sexta
1663 1073 1799 1127 hora
1842 1069 2090 1125 reficiant
2116 1085 2132 1135 ;

554 1172 676 1227 aliis
695 1185 827 1225 vero
853 1168 1041 1224 diebus
1067 1165 1225 1221 tertia
1250 1171 1592 1228 recreentur;
1609 1160 1734 1231 quia
1758 1160 1814 1214 in
1838 1157 2137 1228 majoribus

554 1261 744 1321 diebus
768 1264 947 1319 minor
981 1268 1066 1317 est
1095 1267 1229 1315 mtas
1259 1258 1314 1312 in
1342 1257 1570 1321 viribus,
1598 1255 1739 1311 sicut
1757 1261 1815 1308 et
1832 1249 2135 1309 sustinendi

553 1374 716 1415 sensu
745 1357 1001 1412 discreta.
1033 1351 1142 1408 Sed
1193 1349 1426 1406 infantes
1457 1348 1525 1403 ad
1570 1347 1713 1402 hanc
1741 1344 2134 1401 relaxationem

556 1452 694 1506 tales
717 1447 1101 1520 permittimus,
1141 1444 1232 1515 qui
1257 1443 1397 1497 intra
1429 1439 1709 1495 duodecim
1739 1453 1909 1493 annos
1935 1438 2136 1506 degunt

551 1552 729 1605 aetate,
757 1539 1033 1610 amplioris
1053 1551 1185 1592 vero
1214 1535 1306 1605 qui
1331 1533 1497 1588 fuerit
1520 1533 1588 1587 ad
1623 1530 1856 1586 formam
1888 1535 2135 1584 teneatur

551 1631 836 1701 majorum.
869 1629 1003 1684 Nam
1046 1625 1194 1695 justo
1216 1625 1421 1696 judicio
1468 1622 1720 1677 infantuli
1747 1628 1803 1675 et
1830 1619 1982 1674 senio
2009 1634 2133 1688 pro-

551 1721 718 1786 vecti,
767 1727 822 1775 et
850 1716 1070 1781 infirmi,
1096 1714 1291 1785 mquali
1322 1713 1523 1768 debent
1550 1711 1904 1766 refectionum
1928 1708 2132 1780 judicio

2237 526 2401 580 missa
2426 526 2708 593 oratione',
2736 534 2845 581 tam
2878 542 2973 582 sua
3000 542 3164 597 quam
3198 523 3447 584 fratrum.
3487 528 3545 585 In
3572 532 3834 590 omnibus

2236 616 2379 670 enim
2425 632 2546 687 qum
2592 618 2843 672 monachi
2891 616 3094 673 debent
3141 632 3325 690 agere,
3376 619 3556 676 oratio
3590 621 3833 681 fratrum

2236 706 2453 762 assidue
2478 707 2637 763 debet
2654 708 2980 778 prtecedere.
3023 707 3210 764 Oratio
3240 708 3387 763 enim
3416 710 3688 767 bonorum
3709 729 3829 769 mo-

2237 797 2535 853 nachorum
2574 799 2684 854 cito
2727 806 2977 869 penetrat
3020 799 3241 855 ctelum.
3294 799 3519 873 Signum
3555 813 3643 860 est
3669 820 3824 876 ergo,

2236 899 2298 945 ut
2324 890 2497 947 lector
2517 898 2667 963 petat
2684 892 2753 947 ab
2773 891 3027 948 omnibus
3054 907 3153 963 pro
3168 906 3227 949 se
3244 894 3411 959 orari,
3434 903 3494 949 ut
3523 904 3739 951 avertat
3759 898 3827 953 ab

2236 982 2356 1051 ipso
2379 982 2523 1037 Deus
2545 982 2796 1053 spiritum
2819 982 3091 1049 elationis,
3120 984 3248 1054 quia
3272 985 3340 1040 de
3365 986 3620 1057 superbia
3648 990 3828 1044 nasci-

2237 1078 2327 1126 tur
2348 1072 2599 1128 elationis
2624 1074 2934 1145 arrogantia
2955 1115 2969 1141 ,
3007 1082 3063 1131 et
3096 1075 3201 1130 nisi
3229 1079 3575 1147 prtecesserit
3609 1079 3827 1135 occulta

2238 1162 2402 1217 elatio
2425 1164 2646 1230 mentis,
2668 1179 2777 1218 non
2804 1164 3050 1234 sequitur
3069 1173 3258 1235 aperta
3280 1164 3547 1237 jactantia
3572 1165 3773 1224 laudis.

2308 1250 2377 1306 Et
2404 1253 2612 1307 dicatur
2629 1253 2713 1308 hic
2747 1270 2925 1309 versus
2946 1254 2999 1310 in
3022 1257 3252 1311 oratorio
3276 1258 3429 1312 tertio
3460 1259 3524 1314 ab
3557 1262 3826 1331 omnibus,

2236 1339 2349 1411 ipso
2379 1349 2554 1396 tamen
2582 1341 2861 1413 incipiente
2892 1356 2909 1395 :
2936 1343 3181 1412 Domine,
3208 1344 3349 1401 labia
3373 1364 3488 1402 mea
3508 1350 3713 1419 aperies
3730 1392 3748 1418 ,
3778 1362 3828 1407 et

2237 1446 2296 1485 os
2328 1448 2501 1486 meum
2530 1433 2865 1488 annuntiabit
2909 1433 3120 1489 laudem
3167 1446 3334 1491 tuam.
3392 1436 3467 1492 Et
3502 1440 3578 1494 sic
3608 1453 3827 1513 accepta

2238 1518 2594 1574 benedictione
2629 1520 2962 1592 ingrediatur
2993 1523 3065 1577 ad
3096 1523 3390 1595 legendum.
3445 1527 3529 1584 Ab
3554 1529 3647 1585 illo
3677 1531 3827 1586 enim

2237 1609 2528 1678 quierenda
2556 1620 2642 1666 est
2664 1612 2930 1668 labiorum
2966 1614 3197 1685 apertio,
3227 1630 3258 1669 a
3281 1631 3388 1686 quo
3414 1618 3653 1688 primum
3681 1619 3826 1676 facta

2236 1706 2322 1753 est
2359 1699 2667 1771 linguarum
2712 1702 2956 1757 omnium
3002 1704 3333 1761 distributio.
3394 1707 3478 1764 Ab
3514 1709 3631 1780 ipso
3675 1712 3826 1766 enim

551 1809 803 1866 relaxari.
859 1806 1192 1863 Prteveniant
1254 1804 1409 1859 horas
1480 1802 1780 1856 canonicos.
1834 1798 2137 1855 Canonicas
2166 1791 2212 1850 Β
2240 1788 2332 1858 qui
2359 1789 2592 1846 diserlas
2621 1789 2750 1847 feeit
2776 1806 2897 1848 esse
2923 1793 3133 1864 linguas
3160 1794 3445 1861 infantum,
3472 1806 3528 1853 et
3553 1798 3824 1856 labiorum

550 1903 714 1956 horas
744 1900 894 1964 dicit,
938 1896 1239 1969 regulares.
1264 1896 1451 1950 Canon
1477 1893 1623 1948 enim
1652 1890 1837 1963 regula
1865 1891 2131 1958 interpre-

549 2003 716 2047 tatur.
752 1990 1038 2047 Canonicae
1075 1990 1246 2051 horse,
1276 2001 1412 2057 quas
1440 1983 1761 2056 prmveuire,
1799 1982 1852 2036 id
1882 1989 1965 2036 est
1993 1980 2134 2035 anti-

549 2085 762 2154 cipare,
820 2089 975 2153 rogat
1020 2081 1075 2136 in
1125 2080 1249 2135 cibo
1294 2086 1349 2133 et
1396 2085 1525 2146 potu
1560 2091 1722 2132 senes
1763 2084 1821 2130 et
1858 2074 2131 2146 parvulos,

551 2182 720 2230 sextae
757 2180 812 2228 et
839 2187 998 2227 nonae
1032 2180 1159 2227 sunt
1192 2171 1361 2243 horse.
1390 2167 1749 2230 Prmveniant,
1779 2167 1930 2230 dicit,
1971 2166 2135 2221 horas

548 2264 869 2328 canonicas,‘
892 2262 947 2317 id
971 2271 1076 2328 est,
1106 2261 1153 2316 si
1176 2259 1375 2315 fratres
1405 2266 1560 2314 sexta
1584 2257 1893 2321 comedunt,
1921 2256 1996 2310 illi
2024 2263 2132 2310 ter-

550 2354 628 2409 tia
658 2353 791 2408 hora
823 2351 1093 2407 reﬁciant.
1126 2350 1185 2406 Si
1233 2349 1433 2404 fratres
1460 2362 1623 2412 nona,
1671 2345 1748 2401 illi
1775 2354 1925 2401 sexta
1953 2347 2135 2402 cibum

547 2442 839 2512 accipiant.
887 2441 996 2496 Eos
1028 2456 1159 2495 vero
1187 2455 1367 2505 senes,
1396 2453 1533 2508 quos
1577 2438 1810 2508 quietos,
1838 2436 2133 2507 simplices,

547 2532 804 2594 humiles,
829 2530 1144 2585 obedientes
1182 2536 1237 2584 et
1276 2529 1333 2583 in
1372 2526 1618 2582 oratione
1652 2524 1962 2596 frequenter
2000 2526 2137 2581 assi-

547 2628 778 2686 stentes,
809 2629 864 2676 et
893 2619 1169 2675 Christum
1196 2619 1251 2673 in
1270 2633 1366 2674 ore
1390 2632 1605 2688 semper
1629 2617 1887 2672 habentes
1903 2658 1919 2683 ,
1956 2625 2010 2671 et
2035 2632 2135 2672 sua

544 2721 770 2784 peccata
817 2712 1115 2782 plorantes,
1155 2719 1209 2766 et
1239 2725 1347 2765 non
1393 2724 1526 2773 suo,
1553 2709 1648 2764 sed
1694 2706 1957 2777 majorum
1990 2708 2136 2764 arbi-

547 2801 655 2857 trio
687 2800 1004 2872 pendentes,
1046 2806 1102 2853 et
1129 2797 1547 2869 propinquitatis
1587 2795 1840 2852 affectum
1890 2796 2135 2868 perfecte

544 2892 893 2955 deserentes,
954 2897 1012 2945 et
1064 2888 1410 2945 dilectionem
1467 2886 1563 2942 Dei
1615 2893 1670 2942 et
1720 2886 1959 2958 proximi
2020 2895 2131 2941 tota

546 2989 726 3037 mente
755 2987 1021 3046 tenentes,
1049 2988 1104 3034 et
1127 2978 1214 3035 die
1242 2987 1516 3049 noctuque
1540 2979 1594 3033 in
1636 2979 1753 3050 lege
1784 2978 1998 3034 Domini
2024 2993 2134 3034 me-

542 3072 780 3127 ditantes
829 3071 1226 3143 cognoscimus,
1258 3071 1346 3142 pia
1392 3071 1743 3128 miseratione
1783 3072 1925 3127 sicut
1952 3071 2131 3127 infan-

545 3161 686 3218 tulos
720 3161 918 3229 foveri,
948 3168 1006 3216 et
1034 3161 1173 3217 sicut
1198 3168 1382 3230 patres
1410 3161 1682 3218 honorare
1711 3163 2050 3218 mandamus.

1069 3270 1297 3327 CAPUT
1326 3271 1611 3329 xxxviii.
1724 3259 1751 3283 "

936 3336 1015 3396 De
1058 3341 1467 3396 hebdomadario
1521 3343 1728 3398 lectore.

617 3433 813 3489 Mensis
860 3434 1089 3505 fratrum
1123 3433 1384 3488 edentium
1408 3434 1559 3490 lectio
1595 3436 1770 3492 deesse
1803 3455 1907 3492 non
1953 3438 2122 3493 debet.

542 3529 671 3583 Ideo
699 3526 861 3582 lectio
906 3526 1311 3583 comedentibus
1350 3528 1532 3583 minus
1568 3544 1689 3584 esse
1717 3546 1825 3584 non
1854 3530 2036 3594 debet,
2066 3539 2127 3584 ut

542 3617 764 3692 lectioni
812 3630 983 3672 sacra:
1040 3616 1382 3673 intendentes
1455 3621 1750 3674 secundum
1808 3619 2123 3689 Apostolum

543 3722 666 3763 cum
695 3707 912 3763 silentio
946 3722 1137 3777 panem
1161 3724 1316 3763 suum
1346 3710 1634 3764 comedant
1658 3708 1877 3765 fratres.
1902 3710 2126 3781 Oportet

543 3798 692 3852 enim
736 3796 967 3853 utsicut
1015 3799 1282 3868 corporali
1334 3799 1455 3871 cibo
1490 3798 1734 3854 reﬁcitur
1779 3815 1997 3871 corpus,
2051 3802 2126 3858 ita

544 3888 774 3959 Spiritali
799 3887 1076 3943 reﬁciatur
1098 3890 1332 3945 animus.
1353 3888 1616 3945 Sedentes
1640 3905 1770 3960 ergo
1785 3890 1855 3945 ad
1879 3906 2122 3947 mensam

542 3988 777 4035 taceant.
812 3981 879 4036 Et
909 3981 1070 4037 lectio
1095 3981 1360 4051 quotidie,
1404 3988 1460 4035 et
1483 3981 1631 4035 omni
1674 3990 1915 4053 tempore
1938 4023 1953 4049 ,
1996 3983 2123 4039 dum

540 4076 696 4132 cibus
733 4077 982 4141 sumitur,
1016 4075 1252 4145 legatur,
1280 4081 1340 4127 ut
1367 4081 1594 4142 uterque
1619 4074 1781 4129 homo
1808 4084 1863 4130 et
1885 4076 2127 4133 exterior

539 4167 690 4232 cibo,
723 4175 780 4222 et
820 4167 1048 4223 interior
1079 4164 1227 4221 verbi
1255 4164 1350 4218 Dei
1380 4164 1674 4230 reficiatur,
1710 4166 1835 4235 quia
1862 4166 2121 4237 scriptum

538 4265 624 4312 est
654 4274 667 4310 :
694 4255 818 4311 Non
846 4257 901 4311 in
930 4254 1042 4310 solo
1068 4271 1203 4326 pane
1231 4254 1353 4308 vivit
1383 4254 1561 4319 homo,
1591 4256 1680 4309 sed
1714 4256 1771 4310 in
1804 4257 1946 4311 omni
1974 4258 2123 4313 verba

538 4346 636 4400 Dei
663 4345 854 4417 (Deut.
879 4360 1011 4410 vni;
1051 4343 1245 4397 Matth.
1281 4343 1378 4414 iv).
1766 4364 1771 4369 '
1846 4340 1849 4343 ’
2068 4412 2071 4415 λ

614 4435 727 4490 Nec
777 4434 995 4505 fortuito
1030 4450 1156 4488 casu
1202 4435 1291 4505 qui
1328 4435 1612 4506 arripuerit
1642 4437 1871 4492 codicem
1895 4478 1910 4505 ,
1954 4437 2121 4508 legere

538 4528 633 4584 ibi.
705 4526 1041 4583 Subauditur
1085 4527 1270 4593 debet,
1328 4528 1413 4584 vel
1461 4530 1675 4584 audeat.
1719 4529 1965 4585 Fortuita
1995 4548 2120 4586 casu

545 4619 698 4685 dicit,
748 4617 929 4673 subito
970 4617 1055 4672 vel
1101 4619 1413 4689 improviso.
1469 4620 1770 4691 Diligenter
1793 4621 1937 4675 enim
1965 4621 2126 4677 debet

537 4710 699 4767 lectio
723 4710 1036 4781 provideri,
1081 4726 1200 4782 qua:
1227 4712 1281 4766 in
1320 4711 1731 4767 aediﬁcationem
1768 4712 1932 4767 tantis
1965 4713 2123 4769 debet

538 4800 850 4855 hominibus
878 4799 1007 4869 legi,
1040 4815 1107 4854 ne
1133 4801 1424 4868 improvisa
1450 4800 1610 4853 lectio
1639 4799 1982 4858 audientibus
2011 4820 2119 4860 non

539 4891 709 4946 vitale
729 4891 983 4959 pabulum
1005 4898 1245 4959 praestet,
1282 4891 1375 4945 sed
1398 4891 1646 4945 nocivum
1672 4891 1844 4963 magis
1877 4908 2116 4951 murmu-

537 4981 681 5034 rium
713 4986 955 5049 generet.
1017 4978 1110 5034 Sic
1145 4979 1290 5034 enim
1328 4979 1489 5034 debet
1526 4994 1645 5035 esse
1672 4996 1826 5037 sacra
1854 4981 2014 5039 lectio
2040 4985 2115 5041 le-

536 5080 648 5134 cta,
676 5079 738 5127 ut
762 5069 902 5125 sicut
927 5069 1079 5123 cibus
1103 5069 1376 5124 edentium
1408 5086 1632 5142 corpora
1652 5112 1667 5139 ,
1706 5072 1783 5127 ita
1811 5081 1867 5129 et
1899 5074 1989 5129 illa
2019 5091 2115 5130 au-

537 5160 799 5216 dientium
823 5158 1026 5230 repleat
1049 5160 1230 5216 corda.

608 5244 715 5306 Sed
749 5249 978 5304 lecturus
1007 5258 1116 5304 tota
1146 5249 1474 5306 hebdomada
1494 5292 1508 5318 ,
1537 5250 1816 5308 Dominica
1842 5254 2109 5324 ingredia-

442 5370 449 5375 -
533 5356 641 5396 tur.
698 5340 803 5407 Qui
853 5341 1149 5412 ingrediens
1184 5351 1301 5414 post
1341 5344 1530 5398 missas
1579 5353 1627 5398 et
1669 5345 2108 5411 communionem,

533 5442 674 5500 petat
694 5432 759 5488 ab
783 5433 1020 5488 omnibus
1049 5450 1142 5504 pro
1171 5451 1226 5489 se
1248 5436 1392 5489 arari
1408 5475 1422 5499 ,
1466 5445 1518 5487 ut
1546 5444 1745 5488 avertat
1775 5434 1840 5488 ab
1880 5452 1938 5489 eo
1964 5434 2108 5490 Deus

534 5522 785 5595 spiritum
818 5525 1080 5582 elationis.
1149 5526 1567 5582 Rationabiliter
1607 5526 1749 5580 enim
1779 5527 1954 5596 primo
1994 5542 2107 5582 om-

534 5614 681 5670 nium
719 5617 927 5672 dierum
972 5617 1135 5673 debet
1179 5616 1350 5673 lector
1388 5618 1592 5687 ingredi
1626 5617 1694 5671 ad
1722 5617 2023 5688 legendum,
2054 5630 2107 5676 et

535 5703 612 5768 sic
632 5706 964 5763 hebdomade
994 5715 1106 5763 tota
1135 5706 1381 5763 lectionis
1401 5722 1534 5775 opus
1559 5705 1819 5776 perﬁcere
1848 5722 2100 5782 emptum.

2236 1881 2445 1949 apertio
2469 1888 2524 1936 et
2541 1882 2720 1937 cordis
2733 1883 3023 1952 quaerenda
3048 1893 3133 1939 est
3152 1880 3463 1954 illustratio,
3487 1897 3546 1941 ut
3564 1904 3629 1944 os
3649 1888 3823 1946 lecto-

2237 1971 2313 2025 ris
2354 1971 2432 2026 illi
2479 1973 2764 2035 annuntiet
2810 1974 2988 2030 laudis
3012 1972 3245 2031 oﬁicium
3266 2019 3280 2044 ,
3322 1993 3353 2032 a
3380 1994 3488 2049 quo
3514 1996 3573 2036 se
3606 1980 3824 2037 miseri-

2236 2061 2475 2117 corditer
2501 2078 2623 2118 esse
2647 2065 2925 2135 cognoscit
2947 2072 3215 2136 apertum.
3243 2065 3396 2134 Quod
3426 2078 3607 2124 autem
3638 2070 3774 2126 dicit
3802 2090 3816 2127 :

2234 2163 2283 2205 et
2312 2153 2385 2207 sic
2415 2163 2625 2224 accepta
2666 2154 3020 2210 benedictione
3052 2157 3385 2227 ingrediatur
3412 2159 3481 2213 ad
3520 2149 3819 2232 legendum,

2236 2241 2660 2315 subintelligitur
2687 2260 2718 2298 a
2742 2244 3269 2321 fratribusroratione
3303 2260 3559 2321 accepta,
3590 2262 3647 2308 et
3670 2269 3701 2307 a
3732 2269 3821 2307 sa-

2235 2332 2453 2387 cerdote
2479 2334 2872 2392 benedictionis
2906 2320 3130 2393 collecta
3149 2380 3164 2406 ,
3191 2324 3524 2412 ingrediatur
3548 2344 3615 2398 ad
3641 2343 3803 2399 lectio

2234 2436 2360 2477 nem
2383 2424 2791 2493 perficiendam.
2833 2427 2963 2496 Qua:
3009 2430 3231 2487 collecta
3275 2434 3381 2489 hoc
3409 2434 3587 2501 modo,
3620 2435 3667 2489 si
3696 2437 3821 2506 pla-

2235 2528 2341 2583 cet,
2369 2516 2560 2573 lectori
2590 2534 2619 2573 a
2644 2522 2937 2579 sacerdote
2966 2534 3093 2580 ante
3118 2526 3289 2583 altare
3307 2528 3469 2583 datur
3497 2528 3662 2585 missa
3689 2547 3819 2601 per-

2236 2618 2391 2674 acta,
2442 2610 2761 2682 dicaturque
2800 2633 2812 2668 :
2859 2617 3065 2683 Averte,
3103 2636 3434 2690 quaesumus,
3470 2620 3716 2689 Domine,
3752 2623 3817 2678 ab

2232 2702 2330 2756 hoc
2359 2702 2559 2770 famqu
2602 2713 2692 2759 tuo
2736 2707 2980 2777 spiritum
3022 2708 3300 2778 elationis,
3349 2723 3407 2767 ut
3444 2713 3718 2769 humiliter
3744 2714 3817 2770 le-

2232 2807 2378 2861 gens,
2401 2808 2608 2848 sensum
2631 2804 2679 2849 et
2701 2795 3020 2852 intellectum
3050 2801 3224 2871 capiat
3255 2800 3506 2859 lectionis.
3545 2802 3655 2859 Per
3673 2805 3832 2877 Citri-

2233 2890 2392 2949 stum,
2418 2894 2521 2939 etc.

2304 2970 2680 3049 Samniumque
2710 2978 2807 3049 ﬁat
2844 2980 3109 3038 silentium
3144 2985 3213 3039 ad
3240 3003 3493 3053 mensam,
3528 2998 3586 3043 ut
3619 2989 3819 3045 nullius

2231 3068 2529 3123 mussitatio
2549 3110 2564 3134 ,
2602 3070 2680 3124 vel
2707 3088 2809 3127 vox
2828 3113 2842 3140 ,
2884 3074 2987 3129 nisi
3014 3075 3178 3132 solius
3209 3076 3424 3150 legentis
3450 3080 3522 3133 ibi
3542 3080 3815 3135 audiatur.

2154 3150 2199 3213 C
2229 3158 2378 3217 Inter
2425 3162 2700 3219 silentium
2749 3172 2958 3222 tantum
3009 3177 3064 3224 et
3108 3185 3380 3226 summum
3421 3172 3697 3229 silentium
3735 3173 3814 3229 di-

2226 3256 2431 3310 stantia
2458 3264 2575 3323 est,
2618 3266 2679 3313 ut
2707 3258 2851 3313 nulla
2877 3275 2981 3314 vox
3022 3261 3273 3332 nullaque
3299 3264 3604 3320 mussitatio
3638 3273 3813 3320 sonet.

2224 3345 2516 3402 Silentium
2545 3356 2751 3404 tantum
2781 3358 2896 3416 est,
2939 3351 3030 3406 ubi
3060 3352 3374 3422 loquuntur,
3406 3356 3503 3411 sed
3541 3356 3737 3412 leuiter
3760 3366 3815 3412 et

2225 3452 2352 3492 cum
2406 3438 2643 3495 silentio.
2712 3440 2867 3496 Unde
2919 3442 2975 3495 in
3024 3442 3318 3513 Evangelio
3347 3446 3556 3502 Martha
3600 3449 3812 3504 vocavit

2227 3525 2449 3580 Mariam
2481 3529 2717 3593 silentio,
2758 3530 2945 3586 dicens
2971 3549 2984 3583 :
3018 3530 3275 3602 Magister
3301 3534 3479 3601 adest,
3508 3548 3556 3591 et
3587 3548 3735 3593 vocat
3763 3549 3812 3594 te

2226 3614 2409 3685 (Joan.
2440 3614 2540 3688 xu).
2581 3616 2657 3671 De
2687 3618 2790 3673 hoc
2815 3618 3031 3676 silentio
3054 3621 3188 3676 dicit
3214 3622 3415 3694 Regula
3444 3639 3459 3678 :
3492 3625 3653 3683 Omni
3685 3636 3811 3685 tem-

2222 3720 2357 3774 pore
2382 3706 2599 3787 silentio
2629 3708 2886 3785 studeant
2914 3713 3190 3766 monachi.
3232 3712 3311 3770 De
3346 3715 3440 3772 illo
3471 3717 3540 3772 ad
3564 3732 3810 3774 mensam

2223 3808 2279 3853 et
2309 3799 2361 3852 in
2393 3808 2557 3855 nocte
2586 3816 2856 3856 summum
2891 3794 3171 3859 silentium
3196 3804 3309 3861 ﬁat.

2297 3890 2429 3958 Qua:
2455 3908 2572 3946 vero
2602 3894 2899 3949 necessaria
2945 3906 3067 3949 sunt
3105 3897 3492 3953 comedentibus
3516 3908 3565 3953 et
3591 3899 3807 3954 bibenti-

2224 3982 2341 4047 bus,
2370 3982 2446 4037 sic
2472 3982 2571 4037 sibi
2599 3983 2819 4038 invicem
2845 3984 3139 4041 ministrent
3170 3988 3393 4057 fratres,
3430 3999 3486 4042 ut
3517 3988 3695 4044 nullus
3724 3991 3806 4044 in—

2223 4072 2395 4141 digeat
2426 4075 2607 4144 petere
2627 4072 2849 4144 aliquid.
2891 4073 2950 4130 Si
2974 4076 3102 4148 quid
3130 4086 3303 4133 tamen
3334 4096 3464 4149 opus
3489 4079 3683 4149 fuerit,
3721 4098 3806 4136 so-

2223 4164 2337 4218 nitu
2383 4165 2740 4238 cujuscunque
2796 4170 2935 4239 signi
2989 4171 3164 4241 potius
3211 4181 3423 4243 petatur
3466 4189 3624 4244 quam
3662 4190 3800 4232 voce.

2223 4255 2361 4312 Hinc
2396 4258 2589 4314 beatus
2616 4259 2950 4317 Fructuosus
2977 4263 3053 4317 ait
3079 4280 3092 4316 :
3124 4262 3181 4318 Si
3220 4265 3349 4333 quid
3376 4264 3528 4320 deest
3562 4265 3617 4320 in
3647 4281 3803 4321 men-

2222 4366 2305 4415 sa,
2338 4350 2383 4405 is
2411 4351 2502 4420 qui
2534 4361 2730 4423 praeest
2764 4353 2916 4424 signo
2949 4354 3073 4410 dato
3105 4354 3192 4411 vel
3227 4356 3446 4412 nutibus
3473 4356 3683 4413 silentis
3710 4374 3803 4429 pe-

2225 4448 2326 4505 tat,
2355 4451 2412 4495 et
2436 4440 2639 4496 indicet
2672 4442 3000 4498 ministranti
3046 4444 3177 4515 quid
3214 4445 3403 4501 inferri
3431 4447 3515 4502 vel
3544 4448 3671 4517 quid
3700 4463 3801 4503 au-

2223 4532 2356 4587 ferri
2398 4532 2469 4586 sit
2512 4548 2540 4586 a
2591 4547 2778 4587 mensa
2830 4549 3074 4590 necesse.
3131 4535 3266 4592 Item
3300 4537 3470 4593 alibi:
3513 4538 3571 4593 Si
3596 4538 3801 4609 aliquid

2222 4624 2590 4680 necessarium
2640 4622 2801 4679 fuerit
2846 4625 2901 4680 in
2936 4641 3125 4682 mensa
3152 4668 3168 4694 ,
3219 4644 3378 4684 nemo
3404 4630 3601 4686 audeat
3628 4630 3796 4701 loqui,

2222 4721 2315 4776 sed
2346 4720 2779 4775 ministrantibus
2814 4721 3026 4792 signum
3056 4724 3236 4778 sonitu
3269 4724 3379 4779 det.

2294 4810 2408 4864 Nec
2455 4820 2736 4880 pra’sumat
2782 4810 2853 4865 ibi
2901 4812 3093 4884 aliquis
3137 4814 3202 4868 de
3261 4816 3376 4886 ipsa
3432 4813 3651 4871 lectione
3707 4826 3797 4870 aut

2218 4900 2435 4954 aliunde
2458 4900 2746 4972 quidquam
2790 4902 3083 4972 requirere,
3122 4921 3185 4959 ne
3221 4906 3374 4959 detur
3399 4906 3626 4959 occasio.
3659 4904 3797 4961 Sub-

2216 4991 2553 5060 intelligitur,
2584 5009 2653 5049 ne
2687 4994 2845 5049 detur
2871 4996 3085 5051 occasio
3118 4998 3201 5053 vel
3227 4998 3464 5069 maligno
3490 4998 3707 5054 diabolo
3728 4998 3795 5053 ad

2217 5083 2534 5138 tentandum
2559 5124 2574 5149 ,
2628 5084 2713 5139 vel
2757 5084 3018 5143 fratribus
3044 5088 3113 5143 ad
3138 5090 3409 5159 superflua
3444 5088 3790 5158 loquendum,

2218 5172 2361 5228 sicut
2404 5174 2597 5229 beatus
2644 5175 2935 5232 Cassianus
2978 5178 3093 5232 ait:
3127 5177 3542 5245 Reﬁcientibus,
3597 5179 3790 5250 inquit,

2216 5262 2479 5319 fratribus
2516 5273 2718 5321 sancta:
2758 5265 3018 5323 lectiones
3056 5268 3302 5339 legantur
3340 5278 3563 5339 propter
3602 5284 3788 5339 super-

2212 5351 2353 5409 ﬂuas
2386 5361 2439 5407 et
2464 5355 2666 5411 otiosas
2687 5354 2898 5411 fabulas
2924 5366 2979 5413 et
3010 5358 3244 5415 maxime
3272 5360 3645 5416 contentiones
3672 5374 3790 5429 qute

2215 5444 2527 5515 frequenter
2555 5447 2732 5502 solent
2763 5448 2831 5503 ad
2857 5466 3100 5506 mensam
3125 5450 3401 5507 edentium
3430 5451 3698 5522 generari.

2288 5535 2409 5591 Nisi
2451 5537 2586 5609 forte
2619 5540 2767 5609 prior
2815 5540 3032 5596 voluerit
3074 5560 3169 5614 pro
3211 5544 3560 5613 a‘diﬁcatione
3589 5543 3788 5613 aliquid

2216 5625 2437 5681 breviter
2456 5629 2647 5682 dicere.
2689 5628 2828 5684 Hine
2852 5630 3070 5700 quidam
3110 5633 3500 5689 monachorum
3536 5633 3789 5704 magister

2215 5716 2289 5769 ait
2314 5735 2326 5769 :
2357 5715 2436 5771 Ad
2462 5734 2701 5773 mensam
2728 5719 2905 5776 nullus
2929 5721 3145 5791 penitus
3172 5729 3372 5792 praeter
3400 5722 3652 5780 abbatem
3673 5763 3688 5792 ,
3715 5722 3795 5780 vel
