3944 6424
221 280 327 338 873

1287 288 1638 347 COMMENT.
1681 288 1757 360 ΙΝ⁵
1783 288 1940 346 REG.
1981 288 2039 344 S.
2076 286 2456 347 BENEDlCTl.

3380 290 3483 345 8N

223 396 311 455 cui
334 395 455 467 ipse
488 398 837 470 praeceperit,
877 414 976 471 pro
1005 401 1276 457 communi
1305 403 1631 459 necessitate
1654 402 1802 474 loqui
1829 405 1878 463 Λ
1904 400 2071 456 Paulo
2133 417 2292 458 servo
2348 403 2444 458 Dei
2494 404 2736 475 quotidie
2801 406 3124 461 vescendum
3178 416 3484 475 paraverat.

224 495 543 561 praesumat.
584 487 692 544 Sed
739 506 931 546 omnes
971 491 1180 546 intento
1226 492 1408 548 animo
1446 494 1660 564 gratias.
1690 493 1813 548 red-

228 582 415 638 dentcs
435 579 687 638 Creatori
713 582 768 637 in
797 582 1053 638 cordibus
1090 584 1202 639 suis
1223 625 1236 649 ,
1269 586 1374 639 cibi
1406 600 1470 640 ac
1498 594 1658 656 potus
1686 587 1813 641 soli-

230 683 589 731 ttemensurzn
619 675 903 746 largitione
949 675 1217 731 fruantur.
1273 678 1341 732 Et
1383 687 1644 747 quantum
1675 678 1813 731 alius

230 764 458 827 reﬁciat,
489 764 674 821 nullus
704 765 935 820 invicem
977 767 1298 837 vagantibus
1332 768 1505 822 oculis
1543 767 1813 822 curiosius

230 863 397 921 notet,
431 857 528 913 sed
556 856 930 927 unusquisque
960 865 1084 913 ante
1113 874 1173 914 se
1210 859 1456 928 aspiciat.

301 952 497 1012 Frater
538 964 713 1009 autem
753 954 918 1009 lector
961 955 1403 1010 Itebdomadarius
1429 957 1653 1028 accipiat
1683 957 1811 1011 mia:-

230 1055 336 1100 tum
359 1047 667 1117 priusquam
696 1047 913 1116 incipiat
942 1045 1128 1116 ﬁgere,
1161 1057 1372 1118 propter
1395 1048 1811 1103 communionem

229 1146 488 1203 sanctam,
529 1146 580 1191 et
622 1153 686 1192 ne
713 1138 848 1209 forte
885 1155 1040 1210 grave
1076 1140 1143 1193 sit
1170 1140 1220 1193 ei
1237 1140 1504 1210 jejunium
1533 1140 1808 1194 sustinere.

236 1227 422 1282 Postea
447 1237 620 1281 autem
648 1243 766 1281 cum
804 1228 1043 1299 coquinte
1071 1228 1493 1284 Itebdomadariis
1524 1238 1571 1284 et
1603 1229 1814 1284 servito-

233 1316 375 1371 ribus
404 1316 630 1386 reﬁciat.
671 1316 827 1383 Quod
870 1316 1036 1381 dicit,
1087 1318 1308 1389 accipiat
1330 1319 1585 1385 mixtum,
1615 1333 1810 1390 panem

232 1408 553 1481 intelligitur
582 1408 743 1464 simul
770 1417 827 1464 et
862 1409 1067 1464 vinum.
1109 1409 1166 1463 In
1207 1409 1391 1465 multis
1419 1411 1563 1466 enim
1590 1410 1812 1482 provin-

232 1502 330 1557 ciis
355 1502 517 1571 panis
547 1508 761 1556 tantum
786 1508 841 1556 et
864 1503 1048 1557 vinum
1082 1503 1226 1572 quod
1263 1518 1428 1573 super
1454 1504 1625 1560 altare
1651 1505 1813 1561 offer-

231 1601 338 1658 tur,
383 1594 607 1646 mixtum
638 1599 884 1671 vocatur.
943 1592 1174 1663 Propter
1212 1596 1651 1650 communionem
1688 1612 1813 1651 san-

230 1694 371 1742 ctam
431 1685 601 1751 dicit,
652 1699 724 1740 ne
767 1684 968 1755 aliquid
1018 1685 1140 1740 inde
1189 1696 1461 1757 sumptum
1513 1700 1809 1744 exsecrans

230 1776 479 1849 projiciat
505 1777 559 1833 in
584 1787 764 1849 sputo.

300 1869 520 1927 Fratres
546 1881 724 1927 autem
751 1888 855 1926 non
879 1889 972 1941 per
990 1872 1227 1927 ordinem
1257 1872 1430 1944 legant
1460 1884 1549 1926 aut
1576 1883 1805 1938 cantent,

228 1962 320 2018 sed
340 1964 431 2035 qui
464 1956 731 2033 a'diﬁcant
766 1964 1057 2019 audientes.
1114 1962 1251 2020 Hinc
1286 1964 1481 2019 iterum
1516 1966 1810 2020 monachm

232 2069 355 2108 rum
403 2052 665 2124 magister
708 2053 1025 2125 aitzLegat
1068 2070 1305 2126 namque
1353 2054 1617 2126 disposite
1641 2054 1812 2110 lector

226 2157 337 2200 non
385 2144 661 2216 urgendo,
720 2151 780 2199 ut
839 2145 1079 2215 apertius
1125 2146 1373 2215 occupati
1418 2160 1483 2200 ea
1541 2146 1814 2201 auditores

226 2241 526 2305 agnoscant
556 2249 677 2304 quas
702 2249 797 2290 eos
824 2233 982 2291 factis
1009 2243 1259 2306 oporteat
1303 2235 1615 2307 adimplere.
1670 2236 1737 2291 Et
1767 2237 1813 2291 si

229 2342 334 2398 qua
361 2335 487 2382 sunt
524 2327 774 2399 ambigua
801 2336 894 2382 aut
929 2328 1158 2384 obscura
1179 2370 1194 2394 ,
1224 2329 1467 2400 apertius
1504 2328 1643 2384 lecta
1680 2327 1815 2383 laci-

228 2419 336 2476 lius
360 2420 746 2491 intelligantur.

756 2512 985 2569 CAPUT
1030 2513 1273 2569 XXXIX.

401 2671 406 2676 ι
708 2603 786 2658 De
816 2621 1061 2660 mensura
1095 2606 1352 2660 ciborum.

303 2691 549 2765 Suﬁ'icere
569 2693 830 2749 credimus
853 2696 921 2748 ad
947 2693 1273 2763 refectionem
1298 2696 1683 2767 quotidianam,
1706 2704 1813 2751 tam

229 2796 389 2840 sexta:
406 2801 565 2855 quam
597 2801 773 2852 name,
795 2784 1035 2842 omnibus
1057 2785 1249 2840 mensis
1277 2793 1424 2840 cocta
1448 2785 1554 2840 duo
1573 2785 1813 2856 pulmen-

230 2874 371 2929 taria
392 2882 602 2945 propter
622 2874 947 2930 diversorum
968 2874 1341 2944 inﬁrmitates;
1365 2884 1421 2929 ut
1451 2874 1605 2946 forte,
1635 2876 1727 2946 qui
1750 2892 1816 2931 ea:

229 2982 335 3019 uno
358 2981 462 3019 non
487 2965 700 3035 poterit,
732 2982 797 3020 ea:
825 2965 931 3021 alio
960 2965 1250 3036 reﬁcietur.
1293 2964 1437 3037 Ergo
1459 2967 1562 3021 duo
1584 2965 1819 3038 pulmen-

229 3056 370 3111 taria
391 3065 538 3110 cocta
563 3054 817 3126 fratribus
846 3058 1139 3129 su/ﬁciant,
1185 3065 1232 3112 et
1262 3057 1310 3113 si
1345 3055 1542 3127 fuerint
1579 3057 1701 3112 inde
1729 3075 1817 3129 po-

230 3161 318 3200 ma
338 3186 353 3211 ,
404 3153 498 3199 aut
538 3146 806 3200 nascentia
834 3145 1201 3216 leguminum,
1233 3145 1466 3201 addatur
1491 3154 1541 3201 et
1582 3148 1812 3202 tertium.

230 3236 372 3294 Hinc
396 3237 637 3294 Isidorus
676 3238 755 3294 ait
798 3256 812 3292 :
861 3238 919 3293 In
952 3239 1203 3311 utrisque
1226 3239 1563 3311 temporibus
1589 3241 1816 3297 reiectio

232 3341 439 3383 mensa:
465 3327 640 3384 tribus
672 3328 779 3384 erit
806 3328 1129 3398 pulmentis,
1178 3329 1388 3385 olerum
1417 3330 1625 3387 scilicet
1654 3339 1710 3388 et
1736 3331 1816 3387 le-

226 3418 537 3488 guminum,
566 3427 623 3475 et
650 3418 696 3475 si
722 3419 851 3489 quid
879 3420 1097 3475 tertium
1126 3419 1230 3475 fuit
1256 3435 1563 3491 pomorum.
1599 3418 1738 3477 Hinc
1765 3429 1821 3477 et

230 3510 453 3580 quidam
481 3511 874 3567 monachorum
905 3511 1166 3583 magister
1207 3513 1286 3568 ait
1315 3530 1327 3566 :
1365 3510 1626 3568 Suﬂicere
1660 3528 1818 3567 nam-

230 3615 339 3670 que
390 3601 664 3656 credimus
721 3601 789 3657 ad
836 3600 1190 3659 refectionem
1236 3602 1612 3674 quotidianam
1640 3643 1655 3670 ,
1708 3611 1821 3658 tam

231 3699 402 3747 sextae
431 3705 593 3758 quam
622 3706 807 3754 nonae,
856 3692 1107 3747 omnibus
1149 3692 1358 3747 mensis
1387 3700 1543 3749 cocta
1572 3693 1679 3749 duo
1703 3693 1823 3764 pul.

226 3780 502 3837 mentaria
521 3817 537 3843 ,
565 3786 620 3833 et
649 3779 871 3833 tertium
905 3778 1263 3848 quodcunque
1300 3766 1465 3834 fuerit
1499 3782 1726 3871 crudum
1755 3784 1821 3837 de

225 3872 426 3944 pomis.
465 3869 701 3925 Festivis
743 3884 876 3925 vero
902 3870 1147 3934 .diebus,
1190 3885 1290 3940 pro
1318 3873 1623 3926 reverentia
1651 3869 1822 3928 sacrm

230 3961 596 4019 solemnitatis
642 3959 889 4030 pluribus
928 3960 1095 4028 cibis,
1143 3960 1197 4016 id
1225 3969 1341 4028 est,
1380 3962 1550 4019 ternis
1584 3962 1669 4019 vel
1698 3979 1824 4033 qua-

233 4054 407 4109 ternis
458 4051 682 4108 ferculis
725 4057 853 4108 sunt
896 4067 1125 4123 corpora
1166 4053 1488 4121 reﬁcienda;
1534 4055 1613 4110 sic
1639 4064 1822 4111 tamen

235 4154 297 4201 ut
318 4145 474 4216 plura
505 4152 632 4201 sunt
659 4144 862 4200 cibaria
892 4160 1149 4211 numero,
1184 4147 1295 4202 sint
1334 4147 1577 4213 minora,
1614 4156 1675 4203 ut
1703 4164 1823 4203 cor-

230 4250 367 4306 pora
398 4235 708 4291 necessario
743 4235 867 4291 cibo
897 4235 1232 4303 reﬁciantur,
1275 4252 1383 4293 non
1421 4238 1588 4293 nimia
1628 4240 1824 4294 saturi-

235 4336 348 4384 tate
373 4329 714 4383 damnentur.
756 4326 982 4395 Quando
1010 4328 1064 4382 in
1092 4343 1277 4384 mensa
1303 4328 1456 4385 cibus
1477 4330 1821 4386 administra-

233 4425 347 4484 tur,
379 4417 557 4474 nullus
598 4418 751 4488 prius
778 4418 958 4473 cibum
994 4419 1266 4483 comedat,
1310 4433 1473 4489 quam
1505 4421 1717 4491 signum
1752 4420 1819 4475 ad

231 4507 667 4564 benedicendum
718 4509 950 4564 insonet.
1008 4509 1076 4564 Et
1121 4524 1245 4565 cum
1283 4511 1493 4580 signum
1523 4510 1815 4576 audierint,

229 4612 343 4653 una
393 4612 527 4655 voce
572 4599 1008 4655 benedictionem
1049 4608 1261 4672 rogent.
1344 4601 1584 4669 Quorum
1629 4616 1818 4657 vocem

231 4687 405 4743 abbas
433 4688 799 4758 subsequitur,
832 4686 1021 4746 dicens
1043 4708 1057 4746 :
1092 4691 1353 4748 Dominus
1383 4692 1633 4763 dignetur
1657 4694 1823 4750 benc-

232 4781 435 4838 dicere.
474 4781 612 4837 Illud
639 4784 914 4855 przecipue
956 4784 1301 4841 decernimus
1343 4794 1403 4840 ut
1442 4784 1619 4843 nullus
1664 4788 1820 4844 alteri

232 4871 366 4928 dare
393 4887 458 4926 ex
490 4887 741 4929 mensura
763 4889 860 4929 sua
880 4915 895 4942 ,
926 4874 1012 4930 vel
1039 4876 1287 4947 accipere
1316 4876 1386 4932 ab
1421 4876 1593 4933 altero
1617 4894 1822 4949 praesu-

232 4971 369 5028 mat,
398 4971 598 5034 praeter
624 4963 894 5032 abbatem,
920 4965 1004 5021 vel
1033 4966 1405 5038 praepositum,
1444 4968 1531 5023 cui
1560 4969 1628 5025 ab
1654 4970 1821 5025 abba-

232 5062 290 5109 te
323 5054 673 5110 commissum
704 5064 806 5113 est.

306 5141 474 5200 Panis
503 5145 638 5201 libra
662 5163 770 5202 una
811 5165 1070 5219 propensa
1099 5151 1322 5221 sufficiat
1352 5153 1407 5207 in
1445 5152 1553 5218 die,
1581 5157 1689 5208 sive
1713 5171 1818 5209 una

230 5236 303 5290 sit
340 5236 575 5305 refectio,
616 5238 723 5291 sive
760 5239 974 5309 prandii
1011 5250 1060 5295 et
1092 5257 1269 5297 ciente.
1310 5241 1467 5308 Quod
1494 5244 1540 5298 si
1562 5246 1820 5300 coenaturi

231 5338 376 5393 sunt,
402 5329 467 5383 de
504 5330 685 5384 eadem
725 5329 860 5385 libra
894 5333 1049 5387 tertia
1083 5351 1208 5405 pars
1233 5351 1266 5389 a
1295 5333 1569 5390 cellerario
1604 5353 1823 5391 reserve-

231 5431 326 5475 tur
354 5420 621 5476 reddenda
651 5424 957 5479 coenaturis.
996 5424 1134 5483 Hinc
1161 5428 1288 5483 item
1317 5427 1460 5484 idem
1482 5430 1828 5501 supradictus

233 5513 498 5583 magister
523 5514 635 5570 ait:
683 5513 891 5577 Medius
908 5512 1073 5587 'panis
1101 5534 1334 5587 pensans
1378 5519 1570 5576 libram
1602 5518 1831 5593 singulis

232 5604 498 5661 fratribus
531 5606 584 5661 in
628 5607 717 5663 die
745 5609 998 5677 sufficiat,
1027 5614 1320 5669 secundum
1364 5614 1592 5671 formam
1633 5617 1827 5675 divina:

236 5697 679 5767 dispensationis.
720 5698 856 5755 Cum
892 5702 1128 5758 medium
1154 5704 1311 5767 panis
1356 5705 1594 5764 cmlestis
1630 5723 1828 5765 corvus

684 5793 959 5855 ΡΑΤιιοι.
1002 5794 1139 5868 Cll,

1914 489 2138 556 Quando
2166 506 2297 562 ergo
2334 493 2401 548 ad
2430 502 2636 549 sextam
2680 494 2869 549 horam
2902 502 3142 565 tempore
3180 495 3369 550 :estivo
3408 495 3490 549 vel

1913 580 2034 634 aliis
2066 582 2396 652 temporibus
2424 585 2671 639 reﬁciunt
2694 626 2708 649 ,
2751 586 2910 640 tertia
2942 587 3109 655 ipsius
3135 588 3355 658 quadrm
3386 588 3490 642 Do-

1912 672 2096 727 minici
2123 672 2280 743 panis
2304 714 2318 739 ,
2370 689 2401 727 a
2435 675 2715 730 cellcrario
2745 692 2842 745 per
2879 677 3121 731 omnium
3153 692 3397 733 annonas
3433 677 3492 733 in

1914 762 2137 817 cellario
2167 765 2475 830 subtracta,
2508 780 2633 820 sero
2657 774 2783 821 ante
2810 766 2956 821 illum
2995 768 3220 821 crudum
3250 767 3499 837 pulmen-

1914 844 2112 908 tarium
2160 853 2502 910 inferendum
2553 857 2758 912 mensis
2807 865 3061 926 ponatur.
3125 857 3277 925 Quod
3312 866 3496 913 autem

1913 946 2085 1001 dicit:
2122 948 2276 1018 panis
2323 946 2459 1002 libra
2504 964 2611 1003 una
2639 965 2896 1020 propensa
2921 989 2936 1015 ,
2986 956 3112 1004 ante
3150 960 3374 1019 pensata
3411 951 3496 1005 vel

1912 1037 2107 1092 librata
2136 1038 2476 1109 intelligitur.
2518 1037 2654 1093 Nam
2684 1048 2739 1094 et
2767 1040 3135 1110 supradictum
3162 1039 3497 1110 pulmentum

1913 1146 1941 1184 a
1972 1131 2119 1201 pulte
2146 1147 2343 1187 nomen
2378 1131 2496 1201 ejus
2543 1142 2628 1188 est
2673 1133 2999 1189 derivatum.
3052 1133 3178 1190 Sive
3206 1134 3349 1189 enim
3385 1134 3500 1191 sola

1915 1224 2103 1295 pultis,
2146 1225 2261 1280 sive
2290 1224 2434 1280 aliud
2467 1226 2595 1295 quid
2624 1224 2866 1294 ejusdem
2897 1226 3279 1297 permixtionis
3309 1228 3502 1283 ordine

1915 1319 2258 1389 componitur
2285 1326 2339 1372 ct
2370 1317 2623 1382 sumitur,
2658 1317 2994 1387 pulmentum
3024 1318 3243 1389 proprie
3280 1318 3501 1374 dicitur.

1915 1408 2272 1481 Leguminum
2304 1415 2484 1463 autem
2512 1409 2788 1464 nascentia
2817 1396 3130 1465 coruindem
3164 1408 3500 1481 leguminum

1915 1502 2289 1574 intelliguntur
2324 1503 2569 1574 gramina
2593 1545 2607 1570 ,
2637 1519 2757 1574 qum
2782 1520 2903 1559 cum
2944 1511 3100 1560 aceto
3126 1505 3210 1560 vel
3235 1505 3358 1561 aliis
3386 1505 3495 1561 fru-

1912 1596 2090 1651 ctibus
2115 1598 2415 1668 composita
2442 1598 2509 1652 ad
2539 1598 2932 1653 comedendum
2962 1610 3087 1655 sunt
3114 1609 3266 1671 apta.

1987 1685 2141 1751 Quod
2190 1688 2237 1741 si
2287 1685 2437 1741 labor
2473 1685 2609 1755 forte
2647 1686 2819 1756 factus
2858 1687 3016 1757 fuerit
3054 1691 3259 1761 major,
3307 1694 3362 1747 in
3412 1710 3502 1747 ar-

1839 1765 1884 1823 Β
1913 1776 2065 1829 bitrio
2102 1783 2151 1829 et
2200 1783 2453 1846 potestate
2503 1775 2706 1831 abbatis
2763 1777 2862 1832 erit
2912 1779 2959 1833 si
3005 1780 3248 1850 expediat
3298 1780 3502 1852 aliquid

1909 1882 2119 1937 augere.
2191 1865 2331 1921 Hinc
2378 1865 2629 1922 Basilius‘
2654 1866 2731 1920 ait
2766 1885 2779 1921 :
2811 1867 2878 1923 lli
2909 1870 2998 1939 qui
3039 1879 3283 1941 praesunt
3307 1871 3500 1927 obser-

1912 1955 2116 2011 vabunt
2146 1955 2390 2026 regulam
2426 1956 2573 2011 illam
2599 1972 2719 2027 qua:
2749 1957 2921 2015 dicit:
2959 1959 3305 2015 Dividebatur
3328 1962 3506 2034 singu-

1913 2043 1977 2098 lis
2003 2054 2158 2116 prout
2203 2047 2389 2119 cuique
2420 2064 2548 2117 opus
2583 2056 2717 2101 erat.
2778 2049 2948 2106 Debet
2975 2065 3104 2122 ergo
3142 2068 3505 2124 unumquem-

1914 2153 2019 2207 que
2047 2139 2371 2209 prsevenire,
2400 2146 2465 2191 ut'
2491 2140 2788 2195 secundum
2833 2140 3074 2198 laborem
3118 2145 3284 2200 etiam
3311 2145 3503 2202 solatia

1915 2225 2228 2284 refectionis
2254 2228 2515 2284 inveniat.
2551 2229 2826 2297 Quantum
2845 2233 2990 2287 enim
3014 2243 3221 2304 spectat
3249 2236 3317 2291 ad
3346 2236 3501 2302 vitia,

1914 2318 2132 2389 penitus
2160 2320 2544 2378 abstinendum
2569 2330 2682 2390 est;
2734 2315 2995 2392 quantum
3019 2333 3203 2381 autem
3232 2327 3299 2382 ad
3328 2327 3504 2392 cibos,

1915 2418 2076 2480 prout
2102 2427 2234 2467 usus
2261 2411 2507 2484 deposcit
2534 2412 2619 2467 vel
2647 2422 2779 2469 tetas
2806 2454 2821 2481 ,
2869 2415 2954 2469 vel
2998 2414 3177 2483 labor,
3228 2419 3312 2473 vel
3339 2420 3507 2475 robur

1914 2503 2181 2574 corporis,
2212 2503 2295 2560 vel
2336 2504 2750 2563 incommoditas
2802 2506 2937 2578 ejus,
2989 2508 3061 2562 ita
3093 2508 3257 2564 etiam
3313 2512 3506 2566 modus

1914 2602 1970 2647 et
1995 2594 2228 2665 qualitas
2256 2595 2648 2665 temperabitur
2675 2594 2801 2652 cibi.

1987 2682 2209 2740 Remota
2238 2702 2348 2756 prce
2379 2686 2619 2741 omnibus
2649 2687 2901 2759 crapula,
2935 2698 2990 2742 ut
3027 2706 3295 2762 nunquam
3325 2692 3507 2746 subre-

1913 2784 2004 2848 pat
2030 2775 2289 2831 monacho
2319 2776 2636 2848 indigeries;
2672 2780 2798 2849 quia
2825 2779 2957 2834 nihil
2985 2780 3063 2835 sic
3085 2782 3411 2837 contrarium
3431 2794 3509 2839 est

1915 2868 2056 2922 omni
2079 2863 2384 2923 Christiano
2411 2868 2672 2940 quomodo
2701 2868 2952 2942 crapula,
2980 2871 3115 2927 sicut
3140 2874 3218 2928 ait
3246 2868 3507 2930 Dominus

1914 2965 2093 3012 noster
2114 2972 2134 3010 :
2168 2953 2351 3012 Videte
2373 2974 2437 3012 ne
2455 2961 2747 3030 graventur
2765 2959 2929 3013 corda
2951 2970 3121 3015 uestra
3142 2963 3198 3016 in
3218 2963 3436 3035 crapula
3457 2975 3508 3019 et

1917 3045 2165 3101 ebrietate
2186 3044 2344 3118 (Luc.
2372 3046 2510 3120 xxx).
2534 3047 2764 3120 Crapula
2790 3048 2989 3105 dicitur
3021 3050 3379 3108 immoderata
3407 3069 3505 3109 vo-

1922 3135 2141 3191 racitas.
2166 3135 2394 3207 Crapula
2420 3136 2564 3192 cnim
2588 3137 2751 3205 dicta,
2775 3139 2930 3209 quasi
2957 3138 3123 3194 cruda
3150 3141 3328 3212 epula,
3355 3141 3510 3213 cujus

1920 3227 2185 3281 cruditate
2207 3241 2301 3283 cor
2323 3236 2584 3298 gravatur
2608 3236 2663 3284 et
2689 3230 3311 3304 stomachusindigestus
3336 3233 3503 3290 cilici-

1921 3326 2026 3373 tur.
2053 3316 2207 3373 Unde
2228 3326 2285 3373 et
2308 3318 2593 3389 sequitur:
2626 3318 2693 3375 Et
2718 3327 2777 3374 ut
2800 3336 3079 3392 nunquam
3105 3323 3364 3396 subrepat
3394 3342 3509 3380 mo-

1921 3411 2098 3466 nacho
2124 3410 2436 3483 indigeries,
2469 3411 2522 3469 id
2550 3420 2664 3480 est,
2698 3414 3010 3472 indeductio
3035 3419 3260 3475 ventris.
3290 3419 3367 3475 De
3394 3437 3515 3477 cra-

1920 3499 2045 3570 pula
2081 3500 2225 3556 enim
2274 3499 2537 3558 Dominus
2566 3503 2680 3558 ait:
2740 3501 2923 3561 Videte
2952 3524 3015 3562 ne
3040 3520 3325 3580 graventur
3349 3512 3513 3568 corda

1921 3601 2092 3646 vestra
2130 3593 2184 3646 in
2208 3593 2424 3665 crapula
2450 3603 2497 3648 ct
2519 3594 2789 3662 ebrietate,
2822 3604 2930 3653 etc.
2970 3597 3187 3669 Replcri
3211 3602 3356 3656 enim
3385 3618 3513 3658 vcn-

1922 3691 2062 3738 trem
2095 3691 2150 3739 et
2179 3685 2396 3755 gravari
2428 3700 2495 3740 ex
2523 3687 2661 3743 cibis
2691 3687 2845 3745 valde
2882 3689 3072 3746 inutile
3099 3699 3185 3746 cst
3221 3693 3507 3760 monacho,

1920 3786 1975 3829 et
2005 3774 2072 3828 ad
2100 3790 2262 3830 omne
2311 3790 2448 3845 opus
2494 3774 2697 3833 bonum
2745 3780 3115 3847 contrarium,
3147 3782 3271 3852 quia
3300 3784 3390 3853 qui
3428 3785 3510 3839 ni-

1921 3864 2089 3917 mium
2115 3864 2253 3919 cibis
2283 3866 2470 3931 utitur,
2486 3875 2688 3934 quanto
2713 3868 2886 3939 magis
2909 3877 3150 3925 ventrem
3170 3874 3364 3941 pascit,
3390 3881 3511 3929 tan-

1924 3960 1978 4007 to
2003 3952 2235 4023 amplius
2260 3968 2480 4009 sensum
2517 3955 2716 4011 mentis
2741 3957 3010 4014 obtundit.

1994 4042 2186 4098 Pueris
2216 4061 2330 4099 vero
2362 4045 2556 4102 minori
2586 4056 2740 4102 artate
2764 4066 2866 4103 non
2892 4044 3075 4106 eadem
3093 4062 3510 4127 serueturquan-

1923 4134 2068 4199 titas,
2092 4133 2183 4189 sed
2216 4132 2387 4189 minor
2425 4152 2584 4207 quam
2623 4138 2939 4208 majoribus,
2963 4152 3167 4203 servata
3191 4142 3245 4198 in
3268 4146 3509 4202 omnibus

1925 4226 2199 4280 parcitate.
2224 4225 2364 4281 Hinc
2387 4226 2650 4299 magister
2683 4229 2760 4284 ait
2792 4248 2804 4283 :
2842 4228 3135 4302 Majoribus
3156 4248 3286 4289 vero
3315 4235 3509 4292 duode-

1924 4318 2030 4373 cim
2053 4318 2210 4373 annis
2244 4318 2425 4373 minus
2450 4335 2478 4372 a
2503 4318 2642 4375 libra
2665 4321 2826 4392 panis
2857 4323 2909 4378 in
2943 4324 3029 4379 die
3051 4322 3300 4381 sulliciat.
3325 4326 3513 4396 Quan-

1927 4408 2054 4463 titas
2075 4408 2220 4462 enim
2249 4408 2450 4464 dicitur
2474 4411 2780 4477 modicitas,
2804 4413 2889 4468 vel
2911 4415 3209 4486 granditas.
3235 4417 3390 4474 Dicta
3415 4436 3511 4475 au-

1926 4504 2032 4554 tem
2058 4516 2087 4554 a
2117 4516 2393 4565 mensura,
2430 4517 2549 4571 qum
2575 4511 2680 4569 est,
2708 4514 2970 4575 quantum
2994 4507 3082 4562 sit.
3108 4506 3213 4564 Per
3226 4526 3346 4565 eam
3366 4513 3511 4568 enim

1925 4593 2006 4649 vel
2033 4593 2173 4665 plus,
2204 4593 2287 4649 vel
2319 4594 2498 4649 minus
2524 4596 2856 4651 ostenditur.
2912 4597 3157 4655 Parcitas
3194 4601 3339 4658 enim
3370 4611 3512 4659 tem-

1923 4687 2169 4756 perantia
2200 4694 2306 4753 est,
2337 4688 2456 4757 Qua:
2479 4702 2509 4741 a
2539 4687 2813 4759 parcendo
2837 4704 3037 4745 nomen
3065 4692 3291 4761 accepit.

1997 4798 2253 4854 Carnium
2292 4816 2410 4854 vero
2449 4800 2848 4871 quadrupedum
2888 4801 3101 4856 omnino
3146 4802 3211 4857 ab
3269 4806 3512 4861 omnibus

1924 4891 2248 4946 abstineatur
2259 4893 2526 4958 comestio,
2550 4901 2740 4963 prwter
2756 4892 2968 4947 omnino
2983 4893 3175 4950 debiles
3197 4905 3246 4950 et
3267 4908 3512 4968 tegrotcs.

1929 4982 2069 5041 Hinc
2108 4982 2364 5039 Aurelius
2407 4985 2577 5040 dicit:
2619 4983 2826 5042 Carnes
2874 4986 2930 5041 in
2970 4987 3094 5044 cibo
3120 5005 3395 5061 nunquam
3420 5007 3513 5048 su—

1930 5082 2170 5129 mantur.
2209 5073 2348 5129 Pulli
2376 5090 2509 5132 vero
2546 5075 2630 5131 vel
2679 5076 2851 5133 altilia
2899 5088 3097 5136 cuncta
3127 5080 3181 5135 in
3216 5096 3515 5154 congrega-

1928 5165 2074 5219 tione
2098 5178 2206 5218 non
2234 5163 2631 5221 ministrentur.
2672 5166 2906 5224 lntirmis
2925 5184 3057 5224 vero
3088 5176 3299 5227 tantum
3331 5173 3513 5242 provi-

1929 5253 2144 5320 deatur,
2197 5260 2255 5308 et
2286 5253 2535 5323 accipere
2564 5255 2743 5310 liceat.
2782 5255 2923 5312 Hinc
2962 5256 3300 5316 Fructuosus
3335 5261 3509 5319 dicit:

1928 5342 2159 5399 Carnem
2183 5344 2433 5415 cuiquam
2459 5360 2561 5401 nec
2584 5347 2832 5403 sumendi
2859 5363 2961 5406 nec
2986 5351 3240 5423 gustandi
3273 5360 3358 5409 est
3382 5367 3516 5409 con-

1929 5451 2084 5491 cessa
2110 5435 2331 5491 licentia
2356 5477 2372 5503 ,
2423 5452 2532 5492 non
2572 5439 2716 5508 quod
2751 5448 3061 5499 creaturam
3087 5443 3184 5500 Dei
3205 5444 3515 5515 iudicemus

1930 5524 2230 5597 indignam,
2257 5526 2351 5583 sed
2377 5528 2521 5597 quod
2555 5529 2740 5587 carnis
2768 5530 3097 5590 abstinentia
3128 5520 3278 5590 utilis
3300 5544 3357 5591 et
3384 5546 3509 5609 apta

1930 5619 2216 5675 monachis
2255 5618 2557 5675 aestimetur
2598 5639 2612 5675 :
2664 5631 2912 5678 servatur
2949 5633 3127 5679 tamen
3158 5626 3509 5685 moderamen

1928 5710 2149 5781 pietatis
2185 5725 2312 5783 erga
2348 5719 2671 5781 :cgrotorum
2704 5715 3130 5771 necessitudines
3160 5758 3176 5785 ,
3224 5717 3311 5775 vel
3350 5718 3524 5795 longe

2990 5805 3070 5869 '28
