3944 6414
458 269 560 323 8ἷὸ

1737 260 1869 314 ΞΜΑ
1881 260 2012 313 ΒΑΕ
2025 263 2085 315 Dl
2125 262 2163 314 Α
2173 261 2412 318 BBATIS

3602 261 3706 313 8'76

456 378 912 454 proﬁciscentium
938 391 952 442 ;
978 373 1210 446 qualiter
1239 381 1302 428 ut
1321 381 1375 428 et
1402 373 1700 428 volatilium
1736 372 1920 426 esibus
1948 371 2024 424 in-
2058 374 2105 433 Α
2133 371 2379 434 fratrum,
2415 380 2671 440 tauquam
2714 369 2915 425 Christi
2952 369 3122 425 hetior
3159 368 3320 425 fuerit
3351 369 3502 424 cibus
3526 375 3709 436 gratia

457 471 598 528 ﬁrmi
625 475 1014 530 sustententnr,
1038 476 1092 521 et
1113 465 1406 534 longinquo
1439 465 1631 518 itinere
1657 462 1948 527 destinati,
1985 461 2032 516 si

458 570 554 620 aut
579 577 609 616 a
640 559 883 632 principe
931 557 1012 611 vel
1056 557 1309 626 episeopo
1339 564 1643 625 sperantur,
1684 571 1784 624 pro
1813 553 2034 608 benedi-

454 655 633 714 ctione
668 661 722 708 et
769 650 1074 706 obcdientia
1125 651 1410 720 degustare
1456 664 1562 702 non
1611 655 1874 714 metuant,
1920 661 2034 700 ser-

455 755 643 800 vantes
672 742 816 811 apud
857 756 914 796 se
947 742 1012 795 de
1045 741 1252 808 reliquo
1280 739 1669 794 continentiam
1699 744 2026 791 consuetam.

455 837 608 904 Quod
642 835 686 888 si
709 834 832 904 quis
860 832 1154 887 monachus
1177 830 1476 893 violaverit,
1503 839 1560 884 et
1581 831 1766 884 contra
1801 831 2035 882 sanctio-

453 942 579 982 nem
595 925 809 995 Regula:
827 939 1091 994 usumque
1106 931 1346 977 veterum
1362 924 1502 978 vesci
1518 923 1771 977 carnibus
1782 937 2034 992 praesum-

456 1017 646 1088 pserit,
677 1031 769 1069 sex
805 1013 1070 1068 mensium
1104 1013 1276 1081 spatio
1303 1011 1592 1066 retrusioni
1622 1018 1676 1065 et
1699 1010 2033 1079 paenitentia:

459 1105 780 1174 sulujacebit.
819 1104 972 1170 Quod
1002 1110 1178 1157 autem
1203 1101 1335 1156 dicit
1363 1120 1375 1154 :
1411 1101 1626 1166 debiles,
1657 1110 1900 1171 wgrotos,
1925 1115 2031 1154 non

456 1199 613 1262 duas,
643 1205 700 1250 ut
723 1195 964 1265 plerique
983 1201 1192 1263 putant,
1225 1194 1318 1247 sed
1341 1208 1502 1246 unam
1534 1200 1740 1245 tantum
1769 1190 2036 1261 signiﬁcat

459 1303 578 1342 esse
623 1300 928 1357 personam.
971 1284 1110 1354 Ergo
1156 1281 1347 1336 debilis
1393 1290 1626 1352 aegrotus
1669 1281 1889 1345 dicitur,
1939 1281 2031 1349 qui

457 1377 614 1447 longa
645 1375 727 1430 vel
772 1374 904 1428 dura
947 1371 1264 1444 aegritudine
1310 1386 1526 1440 pressus
1551 1377 1664 1435 est,
1693 1370 1761 1422 ad
1790 1369 2037 1424 debilita-

407 1484 412 1513 λ
469 1479 578 1522 tem
622 1467 955 1538 perductus,
1002 1464 1086 1518 cui
1132 1461 1486 1532 reparationis
1539 1476 1703 1515 causa
1733 1464 1910 1513 victus
1954 1466 2036 1511 est

463 1571 693 1612 earueus
720 1555 1072 1610 adhibendus.

1056 1684 1282 1741 CAPUT
1315 1683 1424 1739 XL.

968 1797 1046 1852 De
1078 1813 1322 1851 mensura
1348 1803 1520 1866 potus.

534 1912 897 1986 Unusquisque
921 1909 1190 1979 proprium
1218 1906 1370 1959 habet
1393 1904 1588 1958 donum
1611 1919 1676 1957 ex
1709 1901 1856 1964 Deo;
1889 1898 2032 1953 alius

462 2010 559 2073 sic,
575 2004 712 2059 alius
736 2017 853 2056 vero
873 2000 946 2053 sic
962 1998 1010 2070 (Ι
1031 1993 1153 2050 Cor.
1172 1995 1292 2066 vn).
1325 1993 1477 2060 Quod
1498 2000 1678 2046 autem
1705 1989 1837 2046 dicit
1861 2007 1874 2043 ε
1899 1987 2035 2042 alius

465 2102 562 2165 sic,
595 2095 731 2151 alius
759 2107 875 2148 vero
913 2089 1009 2154 sic,
1035 2086 1351 2157 intelligitur
1378 2083 1522 2154 quod
1557 2082 1693 2136 alius
1719 2096 1783 2135 ex
1806 2080 1916 2134 Deo
1949 2079 2039 2133 ba-

463 2193 556 2245 bet
583 2183 924 2244 abstinentia:
972 2180 1173 2235 donum
1216 2176 1467 2246 amplius,
1498 2174 1637 2228 alius
1667 2186 1798 2226 vero
1831 2171 2033 2225 minus.

467 2285 535 2338 Et
565 2283 685 2337 ideo
712 2293 832 2333 cum
865 2287 1059 2344 magna
1085 2268 1294 2326 cautela
1322 2281 1506 2322 eorum
1541 2265 1697 2320 cibus
1723 2270 1807 2317 est
1836 2270 2039 2330 tempe-

463 2373 699 2437 randus,
740 2367 825 2422 vel
872 2373 1063 2436 potus;
1095 2376 1195 2429 ne,
1229 2359 1358 2414 dum
1394 2357 1482 2412 ille
1506 2357 1596 2427 qui
1628 2355 1806 2410 minus
1835 2351 2040 2422 indiget

464 2469 816 2534 temperatur,
864 2457 954 2512 ille
997 2454 1090 2525 qui
1129 2453 1250 2524 plus
1290 2450 1495 2522 indiget
1532 2447 1726 2518 inopia:
1754 2443 2037 2516 penuriam

465 2556 723 2628 patiatur.
745 2550 1039 2618 Propterea
1063 2543 1336 2614 sequitur:

545 2643 614 2698 Et
643 2641 760 2696 ideo
789 2654 907 2694 cum
930 2635 1108 2707 aliqua
1133 2631 1531 2704 scrupulositate
1559 2647 1590 2683 a
1617 2628 1763 2682 nobis
1793 2643 2039 2682 mensura

465 2738 633 2794 rictus
686 2732 912 2787 aliorum
963 2725 1313 2782 constituitur.
1398 2720 1798 2792 Scrupulositas
1845 2718 2042 2774 dicitur

468 2825 772 2891 maestitia,
837 2831 890 2877 et
939 2819 1222 2882 anxietas,
1274 2812 1609 2877 sollicitudo,
1661 2809 1746 2866 vel
1792 2808 2039 2864 molestia

469 2917 655 2973 animi.
1288 2961 1311 2981 ,

541 3007 739 3062 Tamen
777 3003 1106 3075 infirmorum
1142 3006 1441 3053 contuentes
1475 2992 1905 3058 imbecillitatem,
1931 3009 2042 3047 cre-

2133 461 2433 515 charitatis.

2152 550 2157 556 ’
2205 549 2311 604 Sed
2336 549 2458 621 quia
2489 550 2677 603 nostris
2703 548 3016 618 temporibus
3047 547 3101 601 id
3124 549 3392 602 monachis
3419 550 3712 617 persuade-

2135 643 2180 695 ri
2203 657 2308 696 non
2328 649 2510 711 potest,
2536 640 2720 694 saltem
2745 640 2820 694 vel
2844 641 2942 694 hoc
2964 641 3371 704 consentiamus,
3399 649 3456 694 ut
3485 658 3588 695 non
3618 659 3712 696 us-

2132 748 2232 802 que
2268 731 2336 784 ad
2365 732 2659 784 satietatem
2691 730 2948 794 bibamus,
2991 729 3084 783 sed
3115 730 3348 799 parcius,
3385 731 3510 801 quia
3536 730 3711 784 vinum

2134 832 2431 893 apostatare
2475 821 2603 891 facit
2643 821 2780 874 enim
2822 821 3084 889 sapientes
3123 819 3714 892 (Eccli.xu).Aposta-

2136 923 2252 967 tare
2294 913 2491 967 dicitur
2536 927 2566 965 a
2616 911 2702 964 via
2745 911 2968 981 justitia:
3017 910 3307 974 recedere,
3345 927 3374 964 a
3410 911 3515 966 ﬁde
3543 920 3714 967 trans-

2134 1000 2325 1071 gredi,
2372 1001 2602 1055 retroire
2627 1039 2642 1065 ,
2692 999 2776 1054 vel
2820 1015 2850 1053 a
2893 1000 3036 1077 bono
3079 1001 3446 1068 praevaricari.
3511 1002 3712 1057 Verum

2134 1091 2403 1162 quomodo
2435 1091 2620 1145 vinum
2665 1092 2937 1161 sapientes
2986 1090 3148 1146 faciat
3195 1101 3534 1162 apostatare,
3585 1093 3711 1148 dili-

2136 1191 2325 1254 genter
2350 1184 2588 1238 attende.
2629 1181 2740 1238 Noe
2771 1184 2914 1237 enim
2946 1184 3183 1254 sapiens,
3228 1193 3449 1240 sanctus
3481 1195 3537 1240 et
3571 1188 3712 1239 anti-

2135 1276 2430 1346 quissimus
2459 1275 2564 1340 vir,
2595 1290 2756 1344 quem
2785 1283 2948 1329 tanta:
2977 1275 3148 1330 moles
3189 1290 3451 1346 aquarum
3493 1291 3601 1330 non
3631 1277 3713 1330 vi-

2136 1373 2344 1431 cerant,
2373 1381 2404 1418 a
2435 1365 2648 1419 modico
2671 1365 2796 1418 vino
2819 1365 3062 1420 devictus
3092 1373 3208 1430 est,
3252 1373 3307 1420 et
3350 1367 3419 1419 ab
3451 1367 3712 1420 ebrietate

2141 1456 2415 1511 dormiens
2461 1455 2714 1510 nudatus.
2753 1454 3128 1510 Patriarcham
3168 1469 3296 1509 vero
3344 1453 3481 1509 Loth
3525 1457 3710 1510 vinum

2138 1555 2446 1617 apostatare
2486 1545 2642 1613 fecit,
2686 1546 2900 1616 quando
2926 1555 3113 1601 contra
3144 1555 3391 1600 naturam
3419 1548 3471 1601 in
3501 1547 3712 1601 ﬁliabus

2138 1639 2251 1693 suis
2277 1638 2618 1709 impudenter
2641 1639 3001 1693 commiscuit.
3042 1635 3100 1692 Si
3128 1653 3258 1709 ergo
3279 1639 3485 1694 sanctis
3513 1649 3567 1693 et
3594 1655 3711 1693 ma-

2065 1724 2111 1781 B
2138 1730 2349 1802 gniﬁcis
2370 1731 2504 1786 viris
2527 1731 2638 1786 viui
2669 1732 2905 1787 ebrietas
2933 1746 3039 1786 non
3080 1731 3347 1800 pepercit,
3376 1739 3578 1800 quanto
3604 1746 3713 1784 ma-

2139 1821 2222 1892 gis
2247 1821 2500 1892 exiguum
2524 1831 2688 1891 atque
2714 1823 2988 1876 inﬁrmum
3026 1823 3348 1877 monachum
3391 1822 3706 1892 superabit!

2211 1910 2310 1966 Ubi
2339 1921 2515 1967 autem
2546 1912 2650 1967 loci
2677 1914 2955 1968 necessitas
2981 1915 3248 1984 exposcit,
3297 1924 3352 1967 ut
3391 1931 3481 1968 nec
3519 1930 3710 1983 supru-
3768 1951 3772 1954 »

2139 2001 2335 2071 scripta
2360 2017 2605 2054 mensura
2620 1997 2855 2055 'inveniri
2880 2003 3062 2070 possit,
3088 2002 3178 2055 sed
3207 2000 3370 2056 multo
3401 2003 3592 2064 minus,
3621 2011 3712 2056 aut

2138 2107 2204 2144 ea:
2229 2100 2336 2145 toto
2383 2091 2534 2158 nihil,
2567 2091 2870 2146 benedicant
2908 2091 3077 2146 Deum
3121 2093 3212 2163 qui
3250 2093 3322 2146 ibi
3355 2093 3628 2159 habitant,
3663 2103 3711 2147 et

2140 2198 2242 2235 non
2269 2192 2612 2237 murmurent.
2663 2183 2799 2250 Quia
2842 2184 2986 2239 enim
3029 2185 3319 2254 Apostolus
3362 2185 3578 2240 inﬁrmo
3624 2185 3714 2241 Ti-

2138 2272 2358 2328 motheo
2403 2273 2592 2328 scribit
2641 2274 2863 2328 dicens:
2909 2274 3116 2328 Modico
3163 2275 3280 2330 vino
3324 2284 3468 2330 utere
3503 2286 3714 2346 propter

2137 2366 2462 2418 stomachum
2507 2373 2652 2418 tuum
2719 2375 2765 2419 et
2811 2366 3101 2436 frequentes
3131 2377 3250 2422 tuas
3283 2367 3613 2436 inﬁrmitates
3659 2368 3710 2440 (1

2142 2455 2277 2524 Tim.
2308 2455 2385 2527 ν),
2413 2464 2675 2525 quantum
2709 2457 2987 2512 monachis
3023 2459 3318 2513 secundum
3354 2461 3499 2515 vires
3527 2475 3714 2516 mona-

2139 2549 2289 2603 sterii
2323 2563 2423 2619 per
2448 2548 2688 2620 singulos
2716 2548 2832 2605 dies
2856 2550 3010 2621 jussu
3031 2550 3117 2606 vel
3137 2551 3533 2620 dispensatione
3557 2552 3714 2607 abba-

2139 2638 2211 2692 tis
2231 2637 2343 2691 vini
2364 2636 2699 2692 otl'ertorium
2730 2639 3021 2710 accipiant,
3045 2647 3100 2693 et
3121 2638 3350 2709 amplius
3369 2641 3585 2710 penitus
3606 2655 3710 2695 non

2141 2728 2438 2798 requirant.

2213 2816 2330 2872 Hoc
2355 2827 2477 2874 ante
2493 2819 2669 2874 omnia
2689 2819 3022 2877 admonentes
3045 2830 3100 2876 ut
3123 2822 3315 2893 absque
3339 2823 3716 2876 murmuratio-

2143 2910 2294 2965 nibus
2324 2911 2448 2965 sint.
2507 2911 2672 2979 Decet
2716 2913 2860 2968 enim
2908 2917 3202 2970 monachos
3247 2915 3362 2970 sine
3402 2930 3713 2970 murmura-

2144 3001 2291 3055 tione
2324 3015 2465 3067 esse,
2493 3016 2562 3056 ne
2587 3010 2813 3073 pereant
2837 3006 3254 3071 murmurando,
3281 3006 3422 3062 sicut
3447 3014 3501 3060 et
3526 3005 3602 3061 illi
3629 3022 3721 3076 pe-

469 3101 643 3156 dimus
671 3098 932 3153 heminam
971 3093 1077 3148 vini
1101 3108 1192 3163 per
1230 3088 1462 3160 singulos
1502 3087 1734 3160 sufﬁcere
1767 3101 1858 3157 per
1885 3084 2041 3138 diem.
2072 3082 2116 3143 C
2149 3091 2358 3145 riemm
2398 3091 2489 3161 qui
2529 3091 2585 3146 in
2630 3093 2844 3151 deserto
2875 3105 3376 3163 murmumvemm,
3426 3105 3482 3152 et
3506 3098 3718 3168 pel-dm

474 3189 677 3258 Quibus
723 3195 897 3242 autem
935 3184 1096 3238 donat
1135 3181 1272 3234 Deus
1318 3177 1652 3233 tolerantiam
1697 3175 2043 3238 abstinentiae,

468 3283 737 3354 propriam
759 3295 812 3334 se
831 3267 1102 3332 habituros
1126 3270 1411 3326 mercedem
1436 3269 1626 3323 sciant.
1673 3266 1774 3322 llic
1806 3264 2048 3321 inﬁrmo—

472 3389 592 3429 rum
618 3369 1042 3427 imbecillitatem
1065 3379 1171 3420 non
1193 3378 1290 3434 pro
1311 3360 1557 3432 corporis
1578 3359 1918 3432 aegritudine,
1953 3359 2048 3417 sed

469 3483 570 3540 pro
593 3463 761 3520 animi
791 3461 922 3518 dicit
954 3455 1403 3526 impossibilitate.
1445 3451 1562 3508 Non
1595 3453 1739 3508 enim
1777 3451 2048 3507 abstinen-

473 3562 601 3615 tiam
631 3554 872 3611 exterius
903 3564 1099 3620 corpus
1134 3547 1276 3602 valet
1313 3544 1566 3614 implere,
1600 3545 1703 3598 nisi
1749 3544 1799 3599 ei
1825 3543 2049 3598 interius

473 3649 694 3704 animus
741 3639 1081 3699 abstinentia:
1129 3636 1482 3694 consenserit.
1525 3634 1664 3690 Sunt
1704 3635 1847 3689 enim
1895 3634 2048 3689 multi

478 3741 573 3808 qui
597 3735 871 3792 abstinere
901 3737 1152 3802 poterant
1180 3736 1402 3798 propter
1440 3737 1754 3781 concessam
1785 3723 2048 3787 salutem,

475 3830 570 3886 sed
591 3841 700 3883 non
722 3823 904 3878 valent
922 3827 1140 3892 propter
1159 3818 1324 3873 animi
1353 3815 1798 3872 imbecillitatem.
1823 3813 2051 3869 Hemina

473 3921 621 3978 enim
648 3918 760 3973 vini
787 3915 1041 3986 appendit
1066 3913 1258 3968 libram
1281 3927 1464 3977 unam,
1493 3926 1612 3982 qua:
1635 3909 1904 3982 geminata
1929 3922 2052 3962 sex-

477 4011 676 4067 tarium
704 4007 854 4063 facit.

547 4099 699 4168 Quod
741 4100 786 4154 si
817 4105 907 4153 aut
953 4096 1053 4152 loci
1089 4095 1402 4160 necessitas,
1445 4092 1520 4148 vel
1570 4091 1737 4156 labor,
1770 4099 1861 4144 aut
1892 4088 2053 4142 ardor

475 4194 672 4250 a'statis
711 4188 935 4261 amplius
971 4188 1281 4259 poposcerit,
1323 4187 1379 4240 in
1417 4182 1636 4239 arbitrio
1675 4182 1867 4254 prioris
1888 4182 2054 4236 consi-

475 4294 604 4350 stat,
639 4279 976 4337 considerans
1013 4279 1069 4333 in
1100 4277 1338 4332 omnibus
1362 4292 1425 4330 ne
1458 4275 1700 4346 subrepat
1721 4274 1934 4329 satietas
1961 4283 2052 4328 aut

475 4373 719 4430 ebrietas.
764 4369 904 4425 Hinc
931 4367 1220 4424 Ferreolus
1249 4366 1363 4420 ait:
1388 4365 1465 4420 De
1497 4365 1762 4420 ebrietate
1804 4380 1934 4420 vero
1963 4379 2054 4419 su-

474 4460 679 4534 perﬂuo
699 4466 829 4531 puto
851 4458 1173 4515 monachum
1197 4455 1563 4523 commoneri,
1587 4472 1709 4513 cum
1724 4455 1824 4512 vel
1839 4498 1854 4524 ,
1875 4457 1922 4512 si
1959 4473 2056 4528 pa-

476 4571 596 4611 rum
619 4553 730 4609 vini
755 4551 1020 4622 accipiat,
1067 4565 1098 4604 a
1140 4548 1428 4621 praeposita
1455 4549 1700 4621 corporis
1728 4549 2054 4605 contritione

478 4645 730 4701 declinat.
756 4642 824 4697 Et
840 4641 964 4697 ideo
983 4640 1309 4695 monachum
1337 4639 1382 4694 si
1408 4638 1640 4704 ebrium,
1667 4638 1811 4708 quod
1834 4639 1938 4693 dici
1961 4653 2057 4694 ne-

477 4738 562 4794 l‘as
581 4744 684 4802 est,
705 4733 880 4790 videri
899 4732 1190 4803 aliquando
1211 4730 1515 4801 contigerit,
1547 4730 1730 4784 zelans
1761 4729 1838 4783 illi
1866 4730 2056 4800 plenus

479 4831 559 4884 ira
587 4825 843 4898 praccipio
866 4833 927 4878 ut
955 4823 1176 4894 triginta
1221 4821 1412 4876 diebus
1458 4835 1489 4873 a
1516 4820 1624 4874 vini
1659 4820 1906 4890 portione
1938 4836 2055 4876 sus-

477 4919 768 4989 pendatur,
811 4921 1076 4984 quatenus
1112 4911 1290 4968 omnia
1332 4909 1620 4977 inlusione,
1672 4925 1930 4968 concessa
1974 4913 2055 4968 di-

473 5009 744 5082 gestione,
783 5006 886 5061 hoc
909 5004 1082 5074 spatio
1102 5012 1417 5058 vacuentur.

556 5101 697 5156 Licet
722 5098 954 5171 legamus
974 5097 1151 5152 vinum
1172 5096 1384 5174 omnino
1405 5096 1776 5152 monachorum
1796 5103 1899 5153 non
1924 5115 2052 5174 esse.

483 5190 590 5248 Ubi
627 5190 732 5246 hoc
773 5187 1034 5258 scriptum
1079 5171 1270 5242 beatus
1305 5185 1627 5244 Benedictus
1665 5188 1876 5260 legerit,
1908 5171 2054 5245 audi.

480 5282 574 5337 Ait
601 5279 746 5336 enim
773 5276 991 5349 quidam
1021 5277 1276 5346 antiquus
1301 5275 1522 5332 Patrum
1559 5297 1572 5333 :
1603 5278 1740 5336 Caro
1768 5289 1823 5336 et
1847 5281 2053 5346 vinum,

485 5374 600 5431 sive
634 5378 797 5442 potus
822 5368 876 5423 in
901 5382 1010 5437 quo
1037 5368 1109 5424 sit
1133 5369 1386 5434 ebrietas,
1421 5369 1702 5426 refutanda
1731 5381 1857 5428 sunt
1883 5387 1913 5426 a
1946 5387 2061 5427 mo-

485 5464 694 5530 nachis,
725 5475 826 5519 nec
856 5459 1226 5532 suscipienda,
1277 5461 1474 5532 quibus
1503 5478 1601 5532 pro
1631 5463 1850 5519 Christo
1881 5465 2058 5520 cruci-

485 5553 628 5610 ﬁxus
655 5562 740 5610 est
762 5549 1013 5617 mundus,
1045 5561 1101 5607 et
1128 5552 1229 5622 ipsi
1255 5553 1474 5618 mundo,
1509 5559 1565 5609 et
1594 5552 1758 5609 ferias
1793 5557 2060 5611 monacho

487 5659 598 5700 non
635 5661 755 5702 esse
797 5658 961 5713 super
1008 5653 1246 5711 terram,
1295 5643 1397 5699 nisi
1442 5644 1713 5700 modicum
1740 5646 1794 5700 in
1826 5648 2060 5701 adventu

2149 3180 2382 3236 ﬁliorum
2413 3182 2651 3250 nomine,
2691 3183 2836 3240 aliud
2871 3186 3171 3242 secundum
3216 3187 3530 3266 Apostolum
3567 3189 3716 3244 acci-

2147 3272 2296 3341 piant
2326 3287 2544 3340 nomen,
2577 3273 2631 3328 id
2656 3283 2758 3343 est,
2791 3287 3238 3345 murmuratores,
3268 3281 3572 3352 querelosi,
3608 3283 3722 3337 Deo

2147 3361 2395 3420 odibiles.

2732 3475 2961 3533 CAPUT
2999 3477 3133 3534 XLI.

2376 3601 2578 3666 Quibus
2611 3603 2755 3657 horis
2784 3614 3016 3676 oporteat
3044 3607 3254 3677 reﬁcere
3283 3609 3493 3679 fratres.

2221 3733 2264 3787 Α
2288 3743 2468 3789 sancto
2497 3731 2705 3789 Pascha
2732 3753 2894 3807 usque
2935 3739 3005 3792 ad
3037 3736 3396 3808 Pentecosten,
3425 3744 3494 3797 ad
3525 3756 3725 3801 sextam

2150 3823 2386 3892 reﬁciant
2432 3823 2622 3895 fratres
2645 3865 2660 3892 ,
2710 3836 2759 3881 et
2799 3827 2867 3881 ad
2909 3845 3079 3884 seram
3115 3841 3330 3886 canent.
3373 3832 3726 3892 Hinc'beatus

2149 3913 2388 3970 Isidorus
2413 3915 2527 3970 ait:
2561 3915 2655 3972 lla:
2704 3925 2830 3974 sunt
2875 3917 3024 3974 ferite
3070 3909 3488 3991 monachorum,
3527 3926 3581 3980 in
3605 3927 3726 3998 qui-

2149 4008 2251 4062 bus
2270 4007 2479 4078 jejunia
2510 4010 2938 4080 conquiescunt:
2970 4013 3024 4067 in
3052 4014 3243 4084 primis
3265 4017 3590 4074 venerabilis
3612 4019 3727 4075 dies

2150 4095 2466 4153 Dominicus
2491 4099 2695 4155 nomini
2719 4099 2918 4156 Christi
2946 4102 3189 4171 dicatus,
3223 4106 3316 4176 qui
3338 4107 3476 4162 sicut
3499 4117 3726 4178 propter

2151 4190 2470 4260 mysterium
2514 4193 2932 4252 resurrectionis
2969 4195 3088 4264 ejus
3122 4199 3377 4256 solemnis
3424 4205 3538 4267 eet,
3570 4203 3644 4258 ita
3674 4213 3758 4273 et,

2150 4281 2293 4354 apud
2316 4297 2506 4340 omnes
2552 4300 2739 4341 servos
2782 4285 2898 4356 ejus
2925 4287 3236 4346 celebritate
3288 4292 3519 4347 convivii
3548 4293 3729 4347 votivo

2156 4374 2351 4447 gaudio
2394 4377 2668 4433 retinebit.
2708 4377 2844 4433 Item
2893 4393 2922 4432 a
2965 4381 3141 4450 prima
3186 4381 3272 4458 die
3305 4380 3527 4438 Pascha:
3557 4397 3728 4451 usque

2160 4467 2227 4525 ad
2250 4467 2644 4536 Pentecosten,
2690 4471 2766 4526 ita
2805 4471 3016 4528 scilicet
3062 4473 3333 4528 continuis
3380 4473 3568 4529 diebus
3591 4472 3730 4545 jeju—

2159 4560 2308 4615 nium
2336 4575 2367 4614 a
2396 4562 2600 4616 sanctis
2623 4561 2876 4618 Patribus
2907 4563 3228 4619 dissolutum
3260 4572 3364 4629 est,
3399 4573 3618 4635 propter
3644 4580 3731 4619 re-

2159 4651 2554 4706 surrectionem
2584 4651 2831 4707 videlicet
2855 4651 3056 4709 Christi
3093 4663 3152 4710 et
3173 4655 3462 4710 adventum
3495 4653 3732 4724 Spiritus

2161 4742 2356 4808 sancti,
2380 4751 2442 4796 ut
2469 4743 2525 4798 bi
2566 4743 2681 4798 dies
2727 4761 2836 4800 non
2872 4747 2926 4800 in
2959 4746 3128 4818 ﬁgura
3155 4747 3378 4814 laboris,
3419 4748 3560 4816 quod
3589 4748 3733 4814 Qua-

2161 4831 2479 4900 dragesimae
2506 4839 2718 4901 tempus
2762 4834 3053 4903 signiﬁcat,
3103 4837 3195 4892 sed
3226 4837 3279 4890 in
3301 4836 3478 4906 quiete
3510 4836 3730 4898 laetitiae,

2161 4925 2357 4981 laxatis
2393 4923 2615 4995 jejuniis
2651 4928 3010 4986 celebrentur.
3051 4931 3191 4988 Hinc
3211 4929 3501 4988 Cassianus
3542 4933 3658 4986 ait:
3687 4932 3729 4986 A

2166 5031 2386 5085 vespere
2456 5018 2668 5074 sabbati
2726 5035 2845 5089 quae
2901 5020 3125 5077 lucescit
3178 5022 3232 5077 in
3295 5021 3381 5078 die
3430 5022 3730 5085 Dominico,

2163 5122 2334 5176 usque
2364 5108 2432 5163 ad
2459 5123 2741 5179 vesperam
2769 5110 2940 5181 ipsius
2973 5110 3302 5178 Dominicis,
3333 5119 3388 5167 et
3419 5112 3549 5168 totis
3575 5109 3736 5179 Quin-

2165 5197 2491 5269 quagesimce
2529 5199 2740 5267 diebus,
2771 5215 2873 5256 nec
2898 5216 3069 5272 genua
3097 5201 3341 5268 curvari,
3376 5217 3485 5258 nec
3505 5203 3737 5273 jejunio-

2165 5301 2284 5343 rum
2309 5288 2547 5360 regulam
2577 5290 2839 5345 custodiri
2866 5289 3085 5345 Patrum
3103 5292 3396 5348 constituta
3418 5301 3731 5347 sanxerunt.

2163 5377 2316 5446 Quod
2337 5379 2534 5434 dixerit
2562 5398 2574 5432 :
2612 5396 2728 5434 sera
2767 5389 3004 5445 caanent,
3033 5397 3133 5451 pro
3165 5383 3349 5453 tarde,
3390 5382 3566 5453 posuit
3593 5398 3732 5447 sera,

2162 5469 2304 5524 sicut
2327 5484 2552 5539 vespera
2585 5470 2785 5524 dicitur
2825 5485 2924 5540 pro
2966 5485 3209 5540 vespere.
3247 5470 3412 5527 Cinna
3455 5481 3677 5528 vocatur
3707 5486 3736 5525 a

2163 5557 2539 5612 communione
2567 5558 2922 5612 vescentium.
2979 5559 3182 5615 Coenon
3221 5560 3419 5630 quippe
3453 5573 3738 5614 commune

2164 5646 2347 5701 dicunt
2384 5646 2579 5704 Graeci.
2621 5649 2774 5706 Unde
2808 5658 2864 5706 et
2901 5651 3239 5706 cmnaeulum
3281 5667 3310 5708 a
3351 5653 3735 5708 communitate
