3944 6446
275 271 375 327 877

1300 259 1654 318 ΕΟΕΙΜΕΝΤ.
1698 258 1764 314 1N
1801 257 1960 313 REG.
2004 257 2060 311 S.
2104 255 2484 311 BENEDIC'I‘L

3422 254 3524 305 ετξ

277 377 648 443 vescentium,
674 384 732 431 et
769 375 1074 432 coenobium
1123 388 1153 428 a
1205 371 1590 428 communitate
1621 379 1846 426 vocatur
1874 375 2072 433 Anam
2116 368 2306 422 horam
2349 366 2615 422 universis
2654 366 2840 420 diebus
2885 365 3177 421 constituta
3222 377 3346 420 sunt
3387 364 3521 422 solvi

276 468 575 526 viventium

347 559 390 614 Α
418 555 724 613 Pentecoste
748 563 921 611 autem
946 563 1054 608 tota
1085 563 1265 607 a'state
1293 553 1358 622 (si
1383 551 1582 606 labores
1605 567 1850 622 agrorum

278 668 383 708 non
431 647 618 702 habent
669 645 908 702 monachi
932 685 947 709 ,
979 652 1068 698 aut
1100 643 1340 696 nimietas
1384 642 1581 695 a'statis
1612 657 1713 693 non
1739 656 1856 709 per-

277 738 473 812 turbat)
507 746 697 810 quarta
735 745 786 791 et
813 745 959 790 sexta
1008 733 1142 802 feria
1185 731 1426 801 jejunent
1471 747 1634 801 usque
1669 730 1736 783 ad
1771 745 1857 781 no-

275 848 423 888 nam.
451 828 589 884 Hinc
618 827 814 882 iterum
837 824 1074 879 Isidorus
1095 821 1171 875 ait
1197 841 1210 873 :
1249 819 1558 874 Secundum
1589 817 1855 887 jejunium

280 917 641 975 interdianum
689 920 814 985 post
855 912 1211 966 Pentecosten
1262 905 1380 963 alia‘
1417 906 1504 962 die
1549 907 1858 961 inchoatum

283 1024 455 1079 Isque
483 1009 550 1064 ad
575 1005 959 1076 mquinoctium
981 1001 1290 1057 autumnale
1318 999 1675 1070 protenditur,
1705 997 1860 1052 trinis

277 1100 487 1158 scilicet
507 1097 695 1152 diebus
715 1111 812 1167 per
829 1093 1068 1165 singulas
1093 1090 1458 1148 b6bdomadas
1479 1098 1697 1160 propter
1718 1089 1861 1143 msti-

281 1205 408 1244 vnm
430 1188 557 1244 solis
579 1185 846 1240 ardorem.
889 1182 1030 1237 Hinc
1061 1181 1392 1236 Fructuosus
1423 1179 1501 1233 ait
1525 1196 1538 1232 :
1581 1177 1627 1232 A
1652 1177 1859 1232 Pascha

281 1265 452 1348 usque
474 1277 542 1331 ad
565 1275 921 1330 Pentecosten
945 1271 1295 1327 reﬁciendum
1331 1278 1415 1325 est
1451 1269 1518 1324 ad
1543 1276 1773 1324 sextam.
1816 1266 1861 1320 Α

281 1368 606 1423 Pentecoste
626 1379 798 1434 usque
830 1377 964 1417 xvm
1003 1360 1230 1416 Kalend.
1279 1359 1528 1414 Octobris
1556 1357 1858 1412 interdiana

275 1459 483 1530 jejunia
505 1454 787 1512 retinenda
817 1461 969 1508 sunt.

362 1547 584 1619 Reliquis
617 1545 799 1598 diebus
831 1543 901 1597 ad
923 1551 1125 1598 sextam
1150 1541 1464 1613 prandeant.
1497 1539 1628 1605 Qua!
1653 1539 1864 1609 prandii

279 1653 454 1708 sexta,
478 1643 524 1696 si
549 1658 705 1712 opera
745 1641 801 1694 in
844 1639 985 1710 agris
1013 1637 1311 1701 habuerint,
1345 1644 1438 1690 aut
1473 1635 1669 1691 astatis
1695 1632 1865 1702 fervor

1949 457 2188 526 jejunia',
2236 467 2296 512 ut
2343 458 2418 513 sit
2447 456 2645 526 aliquid
2682 456 2944 527 prelixius
2983 457 3131 526 quod
3162 457 3519 527 quadraginta

1956 549 2144 604 diebus
2171 551 2419 614 addatur,
2449 550 2621 614 idest,
2653 565 2823 620 usque
2851 549 2918 603 ad
2941 563 3242 620 vesperam.

2029 638 2154 708 Ipsa
2187 649 2359 694 tamen
2391 657 2596 709 vespera
2636 641 2710 694 sic
2750 651 2938 708 agatur
2977 651 3031 694 ut
3071 639 3268 696 lumine
3298 640 3525 696 lucernis

1958 750 2061 786 non
2089 732 2353 802 indigeant
2388 731 2694 800 reﬁcientes,
2730 731 2820 784 sed
2848 730 2962 786 luce
3001 731 3171 786 adhuc
3209 732 3313 786 diei
3351 734 3530 788 omnia

1959 827 2400 874 consummentur.
2438 817 2544 873 Sed
2567 827 2614 872 et
2645 819 2784 872 omni
2821 826 3066 889 tempore,
3090 821 3197 875 sive
3224 837 3401 887 conire,
3424 823 3531 877 sive

1961 908 2421 977 refection‘is,hora
2450 909 2526 962 sic
2551 918 2880 979 temperetur,
2904 918 2959 962 ut
2987 925 3104 962 cum
3133 909 3247 965 luce
3266 911 3398 980 ﬁant
3418 929 3532 968 om-

1961 1000 2069 1053 nia.
2086 999 2209 1052 ldeo
2231 998 2350 1053 luce
2373 998 2475 1052 diei
2492 999 2937 1063 consummanda,
2952 999 3279 1069 perﬁcienda
3299 1010 3354 1057 et
3372 1018 3531 1073 pera-

1959 1087 2132 1158 genda
2165 1094 2292 1142 sunt
2328 1088 2529 1151 omnia,
2571 1096 2760 1144 utnec
2799 1089 2999 1144 lumine
3027 1089 3333 1162 indigeatur
3359 1092 3536 1148 lucer-

1961 1193 2066 1242 me,
2095 1185 2150 1232 et
2176 1177 2326 1232 boris
2351 1179 2785 1247 competentibus
2808 1181 2989 1234 omnia
3018 1181 3244 1250 proinde
3270 1197 3538 1255 peragan-

1962 1275 2050 1321 tur
2078 1273 2134 1322 et
2165 1274 2482 1336 temperate,
2509 1275 2563 1321 et
2590 1276 2649 1322 ut
2674 1268 2838 1322 citius
2863 1277 2916 1322 et
2944 1268 3179 1325 alacrius
3201 1272 3254 1325 in
3286 1274 3538 1329 noctibus

1959 1364 2346 1426 consurgentes
2385 1357 2669 1426 impleatur
2697 1358 2764 1412 ab
2793 1358 2901 1413 illis
2940 1360 3083 1428 quod
3111 1363 3373 1432 propheta
3403 1365 3534 1419 hor-

1962 1456 2105 1504 tatur
2131 1449 2316 1504 dicens
2353 1467 2365 1502 :
2401 1449 2470 1503 In
2495 1451 2728 1504 noctibus
2759 1450 2990 1506 extollite
3033 1469 3225 1508 manus
3257 1465 3451 1510 vestras
3484 1457 3540 1513 in

1960 1555 2166 1609 sancta,
2214 1553 2264 1598 et
2305 1545 2586 1600 benedicite
2615 1543 3054 1614 DominolPsal.
3111 1549 3360 1621 cxxxm).
3384 1549 3541 1618 Quod

1963 1641 2143 1687 autem
2175 1633 2330 1699 dicit,
2368 1635 2474 1689 sive
2502 1651 2681 1700 omne,
2729 1635 3044 1706 intelligitur
3081 1650 3235 1691 cmna
3269 1654 3388 1709 quae
3415 1650 3540 1710 post

281 1736 478 1790 nimius
499 1732 678 1802 fuerit,
701 1731 1057 1786 continuando
1083 1730 1182 1784 erit
1213 1745 1230 1783 :
1257 1739 1304 1783 et
1331 1729 1386 1782 in
1420 1725 1622 1781 abbatis
1649 1724 1716 1777 sit
1735 1739 1859 1792 pro-
1890 1723 1936 1782 B
1961 1722 2250 1791 prandium
2292 1724 2370 1789 tit,
2405 1724 2622 1794 quando
2663 1723 2872 1779 duabus
2900 1725 3111 1782 vicibus
3143 1727 3392 1783 reficiunt
3433 1729 3543 1785 fra-

283 1825 534 1880 eidentia.
576 1821 868 1877 Prandium
905 1829 1088 1876 autem
1131 1821 1199 1875 ab
1239 1826 1501 1890 apparatu
1551 1813 1860 1871 refectionis

1964 1820 2092 1867 tres.
2122 1811 2453 1868 Refectionis
2481 1821 2662 1868 autem
2683 1813 2814 1868 hora
2840 1815 2930 1870 hic
2955 1815 3294 1886 intelligitur,
3323 1819 3539 1887 quando

281 1922 372 1969 est
390 1913 610 1968 dictum.
639 1911 1027 1967 Prandiienim
1050 1919 1201 1966 sexta
1221 1910 1354 1965 dicit
1381 1923 1503 1964 esse
1537 1907 1861 1962 continusn-
1957 1898 2163 1969 jejunio
2208 1914 2431 1971 peracto
2478 1918 2581 1957 una
2623 1911 2832 1959 tantum
2882 1905 3001 1960 vice
3050 1906 3104 1960 in
3147 1921 3372 1977 vespere
3417 1909 3543 1965 reli-

287 2007 379 2070 da,
426 2005 480 2059 id
510 2013 615 2069 est,
654 2002 861 2075 jugiter
889 2011 946 2059 et
984 2003 1226 2073 quotidie
1268 2001 1594 2072 peragenda.
1635 1999 1864 2069 Propter

287 2087 658 2166 fatigationem
679 2095 821 2148 enim
851 2093 1034 2163 operis
1061 2099 1116 2147 et
1143 2091 1417 2148 fervorem
1448 2086 1865 2157 calorisjugiter

283 2187 542 2242 solvenda
583 2193 708 2240 sunt
739 2184 943 2255 jejunia
976 2192 1219 2254 tempore
1267 2182 1490 2238 aestatis.
1535 2179 1866 2237 Continuare

287 2277 430 2332 enim
457 2276 619 2341 dicit,
650 2276 892 2345 quotidie
931 2290 1112 2345 agere,
1161 2274 1546 2344 congeminare
1569 2314 1582 2337 ,
1616 2271 1700 2327 vel
1748 2271 1865 2325 sine

286 2366 685 2421 intermissione
707 2364 903 2420 facere.

361 2455 426 2508 Et
458 2455 533 2509 sic
561 2455 737 2508 omnia
771 2463 1018 2524 temperet
1050 2461 1206 2525 atque
1235 2452 1517 2523 disponat,
1553 2452 1778 2524 qualiter
1819 2461 1866 2507 et

289 2547 482 2600 anima:
533 2545 818 2608 solventur,
850 2554 899 2599 et
932 2543 1070 2616 quod
1118 2543 1318 2608 faciunt
1350 2543 1543 2612 fratres
1570 2543 1761 2615 absque
1775 2544 1870 2613 ju-

287 2645 370 2690 sta
401 2634 814 2688 murmuratione
840 2633 1064 2702 faciant.
1102 2631 1290 2687 Omnia
1325 2632 1594 2701 sagacitas
1630 2646 1869 2700 curaque

303 2728 535 2798 pastoris
581 2727 647 2781 ad
701 2725 806 2780 hoc
845 2725 1003 2779 debet
1030 2722 1270 2800 quotidie
1315 2723 1556 2787 tendere,
1600 2730 1660 2776 ut
1686 2722 1867 2776 ovium

287 2834 508 2875 suarum
539 2818 732 2873 animm
749 2817 1022 2870 salventur
1037 2856 1051 2879 ,
1084 2815 1436 2870 etvirtutibus
1450 2815 1872 2885 sacrispascuis-

294 2923 402 2978 que
431 2904 750 2980 sagiiientur
784 2907 1019 2961 aeternis.
1061 2905 1130 2959 Et
1149 2905 1291 2975 quod
1331 2903 1538 2960 faciunt
1559 2920 1718 2970 oves,
1746 2905 1872 2960 abs-

296 3016 402 3070 que
424 2999 570 3068 justa
591 2997 1022 3054 murmuratione
1042 2995 1264 3051 iaciant.
1289 2993 1440 3050 Iusta
1461 2996 1605 3050 enim
1629 3010 1873 3051 murmu-

1965 1992 2202 2047 ciuntur.

2525 2063 2752 2121 CAPUT
2822 2065 2976 2119 XLII.

2182 2150 2246 2207 Ut
2288 2163 2403 2225 post
2436 2154 2829 2226 completorium
2877 2173 3024 2210 nemo
3065 2157 3328 2228 loquatur.

2038 2263 2196 2320 Omni
2250 2249 2476 2336 tempore
2522 2264 2731 2326 silentio
2781 2265 2962 2320 debent
3016 2269 3224 2322 studere
3277 2271 3542 2337 monachi,

1967 2357 2195 2411 maxime
2219 2365 2391 2410 tamen
2421 2357 2687 2410 nocturnis
2723 2357 2886 2411 horis.
2915 2358 3048 2414 llinc
3074 2369 3131 2413 et
3157 2359 3286 2415 alibi
3310 2359 3508 2434 legitur
3527 2378 3546 2417 :

1971 2447 2228 2518 Regulam
2258 2446 2456 2502 silentii
2486 2446 2633 2501 omni
2669 2455 2910 2518 tempore
2948 2450 3290 2515 servandam,
3334 2460 3552 2506 sancta-

1973 2555 2092 2593 rum
2121 2537 2524 2609 Seripturarum
2551 2539 2724 2595 series
2749 2540 3012 2605 declarat,
3039 2542 3164 2598 dum
3193 2559 3290 2612 per
3321 2546 3553 2616 prophe-

1973 2635 2082 2682 tam
2117 2627 2286 2683 dieit:
2315 2624 2502 2682 Cultus
2524 2627 2754 2698 iustitia:
2789 2628 3058 2686 silentium
3098 2632 3231 2703 (Isa.
3262 2635 3456 2706 xxxu).
3486 2635 3554 2690 Et

1973 2719 2099 2774 Illud
2129 2738 2142 2772 :
2184 2717 2353 2785 Pone,
2397 2721 2640 2788 Domine,
2666 2723 2958 2778 custodiam
2989 2726 3069 2779 ori
3100 2742 3232 2789 meo,
3281 2736 3329 2781 et
3359 2729 3552 2782 ostium

1969 2811 2379 2866 circumstantia:
2420 2810 2574 2866 labiis
2615 2813 2743 2867 meis
2784 2810 2957 2885 (Psal.
3000 2813 3148 2883 ext).
3200 2815 3344 2886 Ergo
3386 2815 3550 2876 factis

1973 2899 2340 2972 completoriis
2363 2916 2486 2957 mox
2511 2902 2656 2958 inter
2677 2900 2878 2958 fratres
2897 2903 3232 2975 ingrediatur
3255 2907 3552 2978 silentium,

1974 2998 2027 3046 ct
2053 2990 2133 3046 sic
2157 3006 2216 3046 se
2248 2991 2362 3047 suis
2391 2991 2656 3047 collocant
2678 2992 2854 3058 lectis,
2886 3000 2946 3048 ut
2969 3009 3129 3050 nemo
3167 2995 3325 3052 alteri
3355 2997 3550 3070 loqua-

293 3090 434 3145 ratio
485 3089 574 3144 illa
624 3089 821 3144 dicitur
865 3103 1026 3157 quam
1081 3102 1188 3141 non
1244 3085 1549 3141 voluntarie
1603 3095 1700 3142 aut
1751 3087 1872 3142 sine
1899 3079 1941 3140 C
1977 3091 2081 3135 tur.
2121 3081 2246 3138 Ideo
2273 3083 2419 3138 enim
2448 3091 2570 3154 post
2609 3084 3022 3155 completorium
3063 3095 3243 3142 tacere
3272 3089 3552 3160 debemus,

288 3194 482 3244 causa,
504 3179 596 3235 sed
625 3178 807 3233 invicti
833 3185 888 3232 et
905 3177 1080 3232 coacti
1108 3177 1359 3232 monachi
1381 3176 1619 3232 faciunt:
1648 3177 1873 3235 alterius

291 3267 442 3324 enim
469 3267 608 3323 malo
636 3277 913 3323 commota
937 3267 1110 3338 surgit
1139 3265 1362 3322 alterius
1391 3268 1747 3323 murmuratio
1778 3267 1871 3338 ju-o

293 3365 400 3414 sta.
429 3355 584 3413 Justa
611 3358 755 3413 enim
779 3359 1138 3412 murmuratio
1161 3358 1553 3412 monachorum
1577 3359 1645 3414 ab
1667 3359 1873 3431 injusta

293 3449 645 3520 oppressione
692 3449 829 3504 solet
885 3463 1230 3519 consurgere,
1267 3447 1686 3518 magistrorum,
1733 3450 1874 3506 sicut

295 3542 488 3598 beatus
526 3541 816 3614 Gregorius
865 3542 1035 3598 dicit:
1067 3541 1236 3596 Terra
1276 3539 1477 3596 etenim
1520 3549 1710 3596 contra
1750 3556 1875 3612 pos-

295 3649 566 3689 sessorem
595 3633 812 3699 clamat,
843 3634 1058 3703 quando
1095 3641 1282 3688 contra
1312 3638 1582 3702 pastorem
1609 3647 1764 3688 suum
1781 3631 1872 3702 jn-

294 3735 382 3780 ste
406 3723 646 3778 Ecclesia
674 3731 997 3776 murmurat.

371 3813 448 3868 Ab
484 3811 668 3866 Idibus
708 3820 882 3878 autem
919 3809 1238 3880 Septembris
1267 3826 1428 3879 usque
1459 3810 1528 3863 ad
1553 3821 1711 3879 caput
1736 3809 1875 3876 Qua-

294 3900 634 3972 dragesimaz,
667 3898 736 3952 ad
754 3913 947 3951 nouant
971 3913 1171 3967 semper
1201 3896 1437 3965 reficiant
1473 3896 1684 3965 fratres.
1713 3899 1873 3964 Qua:-

302 3991 410 4047 stio
430 3990 605 4045 oritur
629 3986 898 4058 quomodo
927 3987 1014 4042 hic
1049 3987 1116 4042 ab
1136 3985 1317 4041 Idibus
1353 3984 1690 4056 Septembris
1726 3985 1872 4056 jeju-

300 4080 542 4136 nandum
568 4077 806 4148 quotidie
844 4077 1020 4143 dicat,
1054 4092 1177 4132 eum
1215 4078 1268 4132 in
1304 4078 1537 4150 capitulo
1573 4079 1876 4150 quadrage-

304 4172 442 4226 simo
469 4181 660 4226 octavo
707 4169 949 4224 dicturus
991 4169 1100 4224 sit:
1125 4168 1169 4223 A
1205 4167 1414 4224 Pascha
1444 4183 1616 4239 usque
1659 4169 1727 4223 ad
1762 4169 1872 4223 Ka-

300 4259 448 4315 lend.
461 4259 708 4316 Octobris
718 4266 838 4329 post
854 4275 944 4314 sex
954 4267 1061 4313 tam
1077 4274 1273 4330 surgen
1283 4268 1361 4314 tes
1373 4275 1403 4313 a
1424 4273 1609 4314 mensa
1625 4269 1872 4330 pausent.

301 4349 433 4416 Quae
461 4351 531 4404 ita
562 4350 788 4405 solvitur
832 4367 845 4403 :
890 4347 948 4404 Si
978 4348 1267 4404 habuerint
1293 4364 1458 4418 opera
1495 4349 1550 4403 in
1593 4350 1757 4422 agris,
1789 4351 1872 4405 vel

1978 3179 2038 3226 ut
2085 3173 2280 3227 merito
2332 3173 2386 3228 in
2432 3173 2714 3229 nocturnis
2765 3173 2941 3245 primo
2987 3175 3230 3233 dicamus
3257 3195 3276 3232 :
3308 3179 3553 3248 Domine,

1975 3261 2115 3316 labia
2155 3279 2270 3317 mea
2308 3264 2532 3335 aperies,
2575 3274 2623 3319 et
2665 3280 2723 3319 os
2750 3281 2922 3320 meum
2964 3268 3296 3323 annuntiabit
3340 3269 3555 3328 laudem

1973 3363 2121 3406 tuam
2151 3351 2326 3426 (Psal.
2359 3352 2433 3426 ι).
2460 3353 2576 3410 Hoc
2601 3363 2705 3418 est,
2730 3363 2980 3426 petamus
3005 3357 3174 3413 Deum
3197 3359 3253 3414 in
3277 3365 3556 3420 nocturnis

1977 3444 2192 3512 aperire
2218 3445 2356 3500 labia
2395 3453 2597 3510 nostra,
2629 3461 2749 3516 qua:
2779 3463 2876 3503 sua
2902 3448 3148 3505 custodia
3174 3449 3231 3505 in
3252 3453 3552 3523 completo—

1980 3536 2075 3591 riis
2111 3536 2382 3592 clauserat

2050 3627 2115 3682 Et
2145 3627 2259 3683 ideo
2295 3629 2436 3683 omni
2461 3636 2711 3700 tempore,
2737 3631 2840 3685 sive
2861 3631 3078 3702 jejunii,
3103 3635 3212 3689 sive
3237 3633 3472 3706 prandii,
3499 3637 3546 3691 si

1973 3731 2175 3794 tempus
2203 3721 2360 3792 fuerit
2383 3722 2628 3793 prandii,
2656 3740 2779 3780 mox
2809 3734 2865 3780 ut
2890 3730 3213 3784 surrexerint
3234 3748 3266 3785 a
3287 3748 3451 3797 caena,
3478 3747 3560 3785 se-

1976 3812 2135 3866 deant
2184 3828 2362 3867 omnes
2395 3813 2455 3866 in
2493 3829 2679 3880 unum,
2710 3825 2759 3870 et
2787 3815 2923 3886 legat
2963 3836 3100 3874 unus
3141 3819 3458 3880 Collationes
3482 3823 3559 3879 uel

1992 3899 2134 3954 Vitas
2174 3898 2418 3966 Patrum,
2460 3911 2552 3955 aut
2593 3913 2729 3959 certe
2765 3905 2967 3976 aliquid
3002 3910 3143 3978 quod
3189 3911 3412 3981 cedi/lcet
3461 3930 3559 3968 au-

1977 3991 2196 4045 dientes.
2233 3989 2356 4075 Non
2380 4001 2552 4048 autem
2583 3991 3023 4064 Heptateuchum,
3055 4009 3146 4054 aut
3173 4000 3403 4072 Regum,
3430 4005 3556 4075 quia

1975 4083 2201 4152 inﬁrmis
2221 4070 2566 4140 intellectibus
2590 4101 2694 4140 non
2709 4087 2806 4139 erit
2833 4087 2962 4142 utile
2981 4087 3075 4143 illa
3095 4089 3227 4145 hora
3252 4070 3388 4146 hanc
3417 4070 3560 4149 Scri-

1977 4184 2186 4244 pturam
2215 4173 2435 4240 audire;
2462 4175 2581 4230 aliis
2601 4192 2718 4231 vero
2742 4177 2885 4234 horis
2907 4177 3168 4250 legantur.
3194 4181 3348 4250 Quod
3367 4192 3550 4240 autem

1977 4267 2109 4324 dicit
2139 4286 2152 4322 :
2188 4278 2280 4323 aut
2315 4280 2450 4324 certe
2491 4271 2694 4343 aliquid
2724 4273 2864 4345 quod
2899 4275 3123 4346 redi/ica
3148 4277 3452 4346 audientes,
3483 4283 3551 4338 de

1979 4357 2216 4414 bomiliis
2236 4358 2551 4432 intelligitur
2572 4362 2774 4418 dixisse
2802 4362 3045 4432 Patrum,
3076 4367 3130 4422 in
3157 4367 3351 4438 quibus
3373 4371 3550 4427 aedili-

302 4441 630 4496 vindemiam
663 4442 714 4496 in
739 4441 945 4509 vineis,
988 4441 1081 4496 ubi
1110 4457 1210 4511 per
1233 4457 1291 4498 se
1316 4454 1670 4514 occupentur,
1704 4462 1874 4518 usque
1903 4433 1954 4490 ἶ)
1981 4449 2222 4504 cationes
2261 4449 2494 4520 pleniter
2519 4452 2734 4521 scriptae
2759 4463 2884 4510 sunt
2908 4433 3265 4513 audientium.
3287 4459 3388 4515 'Vel
3407 4471 3554 4518 certe

301 4533 373 4586 ad
411 4531 634 4587 Kalend.
664 4531 914 4588 Octobris
946 4533 1012 4588 ad
1047 4541 1253 4588 sextam
1281 4534 1557 4601 reficiant;
1586 4537 1666 4592 sin
1694 4549 1876 4593 autem

303 4635 414 4674 non
457 4620 768 4687 habuerint,
799 4622 867 4678 ab
895 4622 1076 4680 idibus
1105 4622 1440 4696 Septembris
1459 4627 1715 4696 generale
1737 4626 1877 4697 jeju-

306 4707 453 4762 nium
476 4708 780 4764 inchoetur.
991 4765 994 4768 .

378 4797 447 4854 In
487 4797 902 4871 Quadragesima
931 4817 1047 4856 vero
1074 4819 1236 4874 usque
1273 4803 1343 4858 ad
1372 4800 1580 4860 Pascha
1610 4806 1680 4861 ad
1708 4824 1878 4878 vespe-

309 4904 422 4941 ram
447 4889 699 4958 reﬁciant.
731 4889 868 4946 llinc
893 4891 1090 4946 iterum
1119 4893 1355 4951 Isidorus
1381 4895 1458 4950 ait
1482 4915 1494 4950 :
1523 4895 1766 4952 Primum
1789 4899 1876 4970 je-

301 4977 514 5048 junium
561 4977 994 5052 Quadragesimm
1033 4985 1411 5054 quotidianum
1437 5026 1453 5051 ,
1486 4986 1540 5041 in
1571 5003 1678 5058 qua
1707 4988 1880 5058 major

309 5064 998 5138 abstinentiaefobservantia
1024 5077 1261 5132 manebit
1281 5077 1336 5131 in
1349 5080 1647 5145 monachis,
1665 5083 1880 5150 quando

311 5174 418 5213 non
458 5150 630 5215 solum
661 5176 692 5214 a
723 5163 992 5232 prandiis,
1039 5165 1133 5220 sed
1159 5166 1322 5221 etiam
1350 5181 1381 5220 a
1410 5166 1536 5220 vino
1578 5175 1634 5222 et
1666 5169 1734 5224 ab
1760 5169 1880 5224 oleo

311 5251 632 5306 abstinetur.
673 5252 826 5320 Quod
866 5271 1090 5326 vespera
1115 5257 1365 5313 monachi
1405 5259 1673 5322 reliciant,
1710 5259 1880 5329 ipsius

312 5340 523 5397 Domini
571 5351 798 5400 utuntur
822 5346 1088 5417 exemplo,
1141 5349 1231 5418 qui
1285 5364 1388 5404 nou
1440 5348 1740 5418 prandisse,
1787 5350 1880 5403 sel

313 5445 557 5488 coartasse
580 5433 796 5505 legitur,
820 5451 942 5492 cum
963 5439 1092 5494 dicit
1115 5437 1394 5510 Scriptura
1418 5458 1431 5493 :
1462 5437 1681 5509 Vespere
1710 5449 1883 5494 autem

314 5524 452 5593 facto
488 5525 716 5579 recubuit
753 5525 909 5581 Iesus
949 5545 1066 5582 cum
1103 5530 1375 5584 duodecim
1403 5529 1668 5599 apostolis,
1703 5539 1750 5584 et
1781 5547 1883 5584 ca:-

317 5614 554 5668 nuntibus
592 5614 695 5668 illis
725 5615 858 5670 dixit
901 5617 1112 5681 (Matth.
1154 5619 1323 5684 xxw).
1373 5619 1505 5673 Nam
1547 5620 1667 5675 ideo
1699 5621 1764 5674 ad
1791 5637 1886 5677 no-

1980 4539 2046 4593 de
2081 4539 2510 4608 expositionibus
2548 4541 2810 4599 librorum
2853 4545 3267 4615 catholicorum,
3323 4565 3444 4620 quae
3487 4553 3556 4609 ab

1977 4632 2295 4688 orthodoxis
2337 4633 2492 4689 laetae
2517 4644 2645 4691 sunt
2673 4638 2834 4705 viris,
2873 4639 2927 4694 in
2957 4641 3154 4710 quibus
3189 4654 3376 4701 sancta
3402 4645 3552 4702 suill-

1981 4723 2192 4778 ttieuter
2235 4725 2440 4780 sanctis
2486 4726 2728 4782 doctrina
2776 4729 3041 4786 redundat
3084 4736 3384 4792 monachis.
3416 4737 3552 4795 Cum

1980 4831 2110 4870 vero
2154 4815 2287 4872 dicit
2316 4834 2330 4871 :
2363 4834 2466 4872 non
2500 4828 2674 4874 autem
2719 4819 3157 4892 Heptateuchum,
3193 4837 3288 4882 aut
3328 4828 3552 4902 Regum,
3628 4825 3634 4836 ’

1983 4904 2268 4975 ι’ἰιῐεεηιετ
2300 4908 2686 4964 attendendum
2725 4917 2808 4965 est
2833 4912 2975 4982 quod
3013 4915 3286 4985 sequitur,
3316 4919 3441 4989 quia
3467 4919 3552 4974 in-

1980 4994 2172 5061 ﬁrmis,
2220 4995 2428 5065 inquit,
2484 4998 2829 5055 intellectibus
2864 5019 2969 5057 non
3005 5003 3104 5058 erit
3146 5006 3273 5061 utile
3299 5007 3392 5064 illa
3423 5009 3553 5064 hora

1979 5084 2117 5137 hanc
2164 5084 2493 5156 Scripturam
2535 5088 2738 5143 audire.
2782 5089 3020 5148 Sinceris
3063 5103 3266 5160 autem,
3311 5099 3460 5154 sanis
3503 5110 3557 5154 ct

1983 5177 2158 5230 acutis
2194 5176 2552 5234 intellectibus
2581 5180 2726 5235 nullo
2751 5191 2990 5252 tempore
3016 5193 3228 5242 vetatur
3255 5187 3552 5259 Heptateu-

1967 5265 2252 5335 chum,aut
2279 5267 2506 5338 Regum,
2532 5271 2618 5324 vel
2638 5288 3016 5344 quamcunque
3045 5277 3326 5334 historiam
3352 5281 3556 5336 divina-

1986 5371 2106 5409 rum
2135 5356 2313 5428 legere
2359 5357 2784 5430 Scripturarum,
2824 5366 2951 5435 quia
2983 5377 3210 5437 possunt
3237 5370 3290 5423 in
3316 5370 3395 5425 eis
3419 5371 3555 5442 ﬁgu—
3645 5409 3651 5414 ι

1989 5463 2078 5501 ras
2110 5456 2164 5501 ct
2203 5464 2392 5505 sensus
2415 5451 2756 5520 dignoscere,
2791 5457 3095 5526 exemplum
3125 5459 3314 5514 salutis
3343 5461 3411 5514 ab
3449 5461 3552 5520 illis

1988 5537 2212 5608 legendo
2244 5541 2499 5610 recipere.
2528 5542 2636 5598 Illis
2659 5559 2788 5600 vero
2817 5547 2908 5616 qui
2931 5557 3202 5617 nequeunt
3222 5550 3287 5602 ab
3310 5550 3414 5605 illis
3439 5552 3548 5621 spi-

1988 5626 2197 5682 ritalem
2221 5643 2415 5699 capere
2436 5630 2861 5702 intelligentiam,
2900 5635 3320 5707 Heptateuchum
3335 5653 3420 5695 aut
3439 5641 3538 5695 Ιὶοξη
