3944 6416
414 252 529 308 8‘19

1716 244 2060 303 summa:
2096 228 2389 295 liminis

3562 234 3667 291 880

411 396 537 452 gum
573 378 629 434 in
673 376 762 432 illa
802 376 936 429 hora
979 369 1124 441 juste
1171 368 1419 439 prohibet
1467 361 1773 435 legendum.
1827 359 1995 414 Debet
2023 356 2069 415 Λ
2096 361 2339 418 exercet,
2370 353 2423 406 in
2448 338 2635 406 eodem
2669 356 2869 421 puncto
2894 361 3000 420 quo
3031 360 3191 402 aures
3220 345 3336 416 ejits
3362 362 3529 403 sonus
3548 348 3659 420 pul-

411 472 556 527 enim
586 478 715 524 tunc
754 462 1127 532 unusquisque
1169 460 1350 514 divino
1378 455 1675 512 aediﬁcatus
1714 463 1987 515 sermone,

410 572 466 620 et
510 562 578 617 ad
618 555 952 628 completorii
995 552 1226 607 officium
1253 591 1267 615 ,
1310 558 1364 604 et
1396 548 1464 602 ad
1498 560 1652 603 suum
1690 542 1989 598 aedificatus

410 666 634 727 pergere
670 648 867 702 locum.
899 644 1167 701 Caeterum
1206 639 1327 694 aliis
1358 632 1510 693 horis
1544 641 1638 690 aut
1665 647 1849 688 coram
1874 644 1990 683 om-

410 724 569 799 nibus
592 750 834 809 tempore
855 750 954 790 suo
982 735 1037 790 in
1065 731 1327 795 Ecclesia,
1352 737 1445 782 aut
1470 724 1842 795 unusquisque
1874 734 1992 789 pcr-

408 833 620 904 legendi
648 829 893 885 doctrina
928 822 1099 881 debet
1117 838 1211 879 eos
1240 822 1420 893 legere
1449 819 1505 873 in
1533 815 1738 874 schola.

483 926 542 980 Si
581 932 756 977 autem
788 918 986 991 jejunii
1010 917 1120 971 dies
1159 913 1376 984 fuerint,
1405 911 1545 963 dicta
1573 921 1803 977 vespera,
1828 918 1988 974 parra

409 1012 684 1070 intervallo
718 1026 843 1064 mox
863 1006 1111 1062 accedant
1132 1004 1201 1058 ad
1230 1002 1501 1056 lectionem
1529 996 1905 1057 Collationum,
1934 999 1988 1043 ut

411 1088 663 1167 diximus,
685 1113 730 1156 et
755 1100 899 1154 lectis
924 1105 1151 1168 quatuor
1164 1102 1256 1147 aut
1274 1091 1499 1161 quinque
1534 1086 1696 1157 foliis,
1724 1084 1800 1138 vel
1824 1099 1990 1153 quan-

410 1206 522 1249 tum
548 1194 678 1247 hora
705 1188 975 1261 permittit,
1005 1183 1244 1239 omnibus
1269 1183 1323 1235 in
1351 1194 1511 1232 unum
1535 1172 1985 1234 concurrentibus,

409 1301 503 1356 per
527 1283 662 1337 hanc
690 1294 892 1333 moram
923 1273 1188 1338 lectionis,
1219 1272 1265 1326 si
1294 1270 1410 1342 quis
1454 1267 1587 1337 forte
1629 1266 1683 1318 in
1721 1263 1989 1333 assignato

412 1376 511 1431 sibi
551 1371 825 1428 commisso
858 1366 1016 1439 fuerit
1090 1370 1376 1433 occupatus
1405 1400 1420 1425 ,
1444 1363 1717 1412 occurrat.
1762 1348 1989 1408 Collatio

322 1454 360 1518 ι’
412 1467 612 1522 dicitur
637 1460 933 1538 confessio,
973 1454 1260 1513 collocutio
1285 1493 1298 1517 ,
1341 1450 1425 1505 vel
1453 1445 1843 1510 confabulatio,
1891 1444 1982 1495 ubi

411 1558 479 1612 de
522 1552 822 1624 Scripturis
849 1548 1047 1605 divinis
1083 1546 1206 1600 aliis
1244 1540 1650 1599 conferentibus
1688 1538 1989 1603 interroga-

412 1647 611 1710 tiones,
650 1640 936 1699 conferunt
974 1637 1065 1693 alii
1108 1626 1376 1706 con'gruas
1423 1628 1821 1700 responsiones,
1860 1636 1913 1680 et
1942 1624 1985 1677 si

2091 458 2218 497 sans
2259 441 2566 506 advenerit,
2610 446 2847 509 coeptam
2878 438 3113 491 litteram
3159 451 3264 490 non
3307 435 3505 490 audeat
3541 451 3671 492 con-

2090 550 2383 591 summare.
2413 534 2547 587 llinc
2574 541 2630 587 et
2653 531 2790 585 alius
2816 530 3072 599 magister
3106 528 3180 581 ait
3212 546 3224 580 :
3259 529 3392 582 Cum
3417 528 3584 595 index
3612 529 3669 586 in

2092 623 2331 678 oratorio
2357 635 2648 692 percussus
2687 619 2870 683 fuerit,
2897 634 3022 672 mox
3061 632 3251 674 omnes
3272 618 3550 674 audientes
3577 634 3671 675 an-

2091 723 2304 784 tequam
2333 719 2574 778 currant,
2618 709 2822 765 faciant
2851 710 2953 764 sibi
2980 723 3198 763 crucem
3232 709 3286 763 in
3318 707 3503 765 fronte
3523 751 3536 775 ,
3584 727 3669 767 re-

2090 802 2418 874 spondentes
2438 801 2547 855 Deo
2567 801 2786 872 gratias,
2816 807 2869 854 et
2897 808 3024 854 tunc
3050 799 3359 854 laborantes
3389 816 3525 869 opus
3544 817 3667 872 pro-

2084 894 2311 965 jiciant,
2355 891 2589 946 artiﬁces
2636 889 2963 945 ferramenta
3012 889 3324 956 dimittant,
3374 892 3669 961 scriptores

2089 982 2323 1037 litteram
2350 995 2454 1035 non
2485 979 2772 1049 integrent.
2809 977 2997 1033 Omnis
3024 977 3254 1034 fratrum
3286 996 3479 1035 manus
3501 981 3657 1036 dese-

2091 1081 2176 1128 rat
2203 1073 2347 1143 quod
2374 1070 2587 1142 agebat,
2618 1069 3061 1148 festinettstatim,
3094 1085 3222 1124 mox
3248 1085 3370 1124 cum
3401 1072 3667 1140 gravitate

2089 1180 2185 1235 pes
2213 1163 2281 1218 ad
2307 1161 2635 1227 oratorium,
2669 1175 2862 1214 sensus
2890 1161 2955 1215 ad
2983 1161 3171 1225 Deum,
3202 1169 3264 1214 ut
3298 1176 3423 1215 mox
3454 1162 3520 1216 ad
3558 1162 3667 1231 pri-

2091 1269 2234 1309 mam
2260 1253 2558 1307 orationem
2584 1258 2902 1315 occurrant,
2945 1258 3001 1304 et
3026 1258 3282 1320 tanquam
3309 1265 3437 1319 apes
3469 1250 3535 1304 ad
3561 1251 3666 1304 mel

2090 1344 2402 1400 intrantium
2441 1343 2497 1397 in
2526 1341 2822 1396 oratorium
2870 1339 3101 1394 fratrum
3145 1354 3370 1394 examen
3408 1338 3661 1402 ebulliat;

2090 1445 2149 1490 ut
2173 1435 2264 1505 qui
2295 1433 2491 1488 tacitus
2512 1438 2632 1487 erat
2658 1430 2832 1485 sancti
2861 1430 3083 1485 oratorii
3111 1429 3279 1495 locus,
3297 1429 3479 1482 statim
3505 1436 3665 1499 pres-

2089 1528 2400 1597 byterorum
2427 1523 2750 1578 clamoribus
2776 1521 3079 1591 impleatur.

2163 1615 2315 1682 Quod
2360 1616 2407 1669 si
2447 1615 2560 1686 quis
2599 1604 2670 1668 ad
2708 1600 2988 1667 nocturnas
3026 1612 3227 1683 vigilias
3273 1622 3387 1683 post
3423 1612 3658 1668 Gloriam

414 1752 534 1809 quae
573 1735 665 1791 diu
708 1733 978 1817 latuerant
1021 1699 1242 1783 occulta
1278 1722 1684 1799 conferentibus
1725 1715 1989 1789 patefiunt
2016 1701 2063 1759 Β
2089 1706 2276 1778 psalmi
2316 1703 2635 1774 nonagesimi
2670 1699 2844 1773 quarti
2885 1701 3057 1774 (quem
3080 1711 3290 1773 propter
3322 1703 3663 1775 Ιιοσζοηιηὶησ

1372 1815 1385 1817 μ
1521 1814 1531 1817 Α
1603 1812 1620 1817 -
1762 1810 1774 1817 .
1952 1807 1964 1817 .
2096 1816 2117 1817 η
2142 1796 2432 1817 --._,L__.l-
2482 1804 2522 1817 ,ι
2561 1809 2761 1817 ω-..---
2795 1794 3033 1817 ---Ι-.-..---
3075 1792 3194 1817 J:-:\
3233 1796 3509 1817 ---η-..-μη
3566 1812 3663 1817 ---μ

412 1794 714 1902 perspicua.
745 1801 899 1894 ρὶιοά
927 1832 1108 1879 autem
1154 1819 1326 1876 dicit:
1357 1815 1416 1872 Si
1444 1814 1558 1881 quis
1591 1794 1723 1882 nm
1755 1810 1811 1863 in
1858 1807 1991 1861 assi-

412 1898 599 1992 gnato,
629 1914 951 1974 subauditur
972 1909 1294 1987 obedientiae
1322 1904 1499 1960 oflicio
1522 1901 1626 1958 sibi
1653 1898 1948 1956 commisso
1972 1911 1987 1961 ;

413 1988 569 2082 fuerit
608 2015 913 2078 occupatus,
965 1996 1388 2066 subintelligitur
1431 1990 1683 2048 omnibus
1724 1988 1779 2041 in
1820 1999 1988 2039 unum

412 2101 861 2162 concurrentibus
910 2101 1183 2153 occurrat.
1228 2087 1589 2146 Commissum
1614 2079 1760 2138 enim
1790 2078 1992 2133 dicitur

413 2204 702 2265 creditum,
731 2197 815 2253 vel
846 2190 1302 2251 commendatum.
1338 2181 1491 2238 Unde
1511 2187 1565 2234 ct
1593 2176 1839 2248 sequitur
1867 2190 1881 2226 :

489 2261 840 2359 Omnes‘ergo
867 2288 924 2340 in
962 2297 1127 2338 unum
1167 2275 1341 2349 positi,
1386 2268 1694 2340 compleant.
1739 2264 1856 2319 Non
1901 2261 1991 2316 hic

415 2384 617 2455 excipit
642 2351 917 2439 abbatem,
945 2389 1053 2429 non
1075 2366 1447 2442 pnepositum,
1476 2375 1584 2415 non
1608 2359 1862 2420 decanos,
1891 2351 1983 2422 qui

412 2444 700 2545 aliquoties
743 2468 864 2522 aliis
900 2459 1244 2519 cantantibus
1282 2455 1338 2510 in
1366 2448 1617 2511 ecclesia,
1649 2444 1868 2517 potibus
1897 2447 1993 2494 aut

413 2534 610 2620 fabulis
647 2566 739 2615 aut
765 2553 1006 2613 consiliis
1037 2555 1232 2605 vacant
1259 2546 1314 2601 in
1346 2544 1452 2598 hac
1491 2540 1648 2601 hora,
1679 2534 1773 2590 sed
1801 2546 1990 2587 omnes

412 2653 633 2711 omnino
675 2651 729 2705 in
758 2648 862 2702 hac
889 2639 1191 2699 collationis
1211 2637 1344 2691 hora
1369 2641 1672 2689 occurrere,
1711 2637 1902 2680 omnes
1933 2621 1991 2675 in

384 2752 385 2755 “
412 2758 578 2799 unum
608 2734 1016 2809 completorium
1049 2729 1201 2801 jubet
1227 2732 1466 2780 cantare.

486 2832 552 2886 Et
576 2804 819 2885 exeuntes
853 2842 886 2878 a
920 2817 1253 2891 completorio
1285 2813 1432 2868 nulla
1469 2811 1535 2865 sit
1575 2807 1790 2862 licentia
1817 2804 1991 2860 denuo

412 2928 659 2997 cuiquam
698 2918 840 2991 loqui
873 2912 1092 2986 aliquid.
1129 2907 1282 2976 Quod
1311 2906 1357 2960 si
1385 2905 1624 2959 inventus
1654 2898 1813 2970 fuerit
1851 2896 1993 2968 quis-

412 2989 569 3092 quam
601 2989 938 3087 pneudricari
977 3005 1115 3059 hanc
1147 2995 1529 3055 taciturnitatis
1559 2989 1819 3063 regulam,
1871 3004 1994 3058 gra-

417 3079 553 3169 iviori
591 3079 835 3164 uindictte
865 3099 1137 3171 subjaceat
1167 3106 1185 3145 :
1214 3097 1422 3159 excepto
1445 3087 1489 3142 si
1512 3082 1791 3139 necessitas
1813 3079 1991 3149 hospi-

413 3223 521 3262 tum
544 3196 910 3275 supervenerit,
940 3199 1031 3247 aut
1056 3189 1190 3260 forte
1211 3183 1371 3240 abbas
1410 3176 1578 3234 alicui
1595 3173 1806 3275 aliquid.
1822 3172 1993 3243 jusse-

413 3298 501 3351 rit.
538 3262 692 3361 Quod
734 3297 910 3343 tamen
944 3291 992 3338 et
1039 3282 1210 3351 ipsum
1257 3288 1376 3329 cum
1412 3284 1617 3325 summa
1659 3262 1915 3337 gravitate
1944 3270 1992 3315 et

413 3354 771 3442 moderatione
796 3372 1154 3432 honestissime
1179 3367 1292 3438 fiat.
1322 3363 1460 3419 Hinc
1496 3369 1551 3416 et
1573 3357 1704 3413 alibi
1732 3354 1994 3425 scriptum

417 3478 646 3549 legimus
678 3490 691 3526 :
723 3469 807 3524 Ab
829 3468 969 3522 hora
989 3476 1121 3518 vero
1141 3452 1514 3527 completionis
1539 3490 1555 3518 ,
1578 3463 1701 3504 cum
1723 3444 1901 3501 oratio
1927 3443 1996 3497 ad

420 3536 668 3624 somnum
693 3556 1012 3628 capiendum
1041 3550 1217 3611 datur,
1242 3544 1418 3601 nullus
1440 3541 1661 3598 omnino
1680 3536 1826 3607 loqui
1853 3551 1993 3606 pne-

421 3664 627 3718 sumat,
658 3651 766 3707 nisi
804 3644 1025 3719 grandis
1068 3637 1361 3695 necessitas
1388 3629 1701 3689 monasterii
1737 3639 1994 3698 poposce-

421 3753 513 3807 rit.
551 3716 653 3803 Cui
682 3743 749 3799 ab
779 3716 975 3795 abbate
1018 3731 1181 3788 fuerit
1218 3727 1525 3784 ordinatum
1576 3720 1723 3805 loqui
1755 3716 1994 3778 studeat,

422 3840 505 3896 vel
536 3837 700 3894 etiam
730 3848 759 3887 a
787 3825 1095 3902 praeposito,
1132 3819 1225 3891 qui
1251 3829 1440 3873 curam
1469 3796 1710 3868 aliorum.
1726 3814 1924 3879 portat.

990 3929 1217 3991 CAPUT
1244 3924 1406 3983 XLII!

411 4043 501 4098 De
523 4040 604 4096 Itis
645 4035 734 4108 qui
765 4031 832 4088 ad
863 4043 990 4096 opus
1014 4024 1110 4079 Dei
1146 4019 1222 4076 vel
1243 4017 1330 4144 ‘ad
1370 4026 1605 4070 mensam
1631 4006 1779 4063 tarde
1819 4014 2002 4055 occur-

1141 4108 1241 4144 run
1269 4128 1282 4144 .

1141 4108 1282 4147 runt.

495 4202 573 4256 Ad
619 4200 803 4253 horam
846 4188 1008 4247 divini
1035 4183 1187 4256 oﬂicii
1217 4192 1339 4234 mox
1369 4183 1426 4229 ut
1462 4170 1707 4227 auditum
1739 4161 1900 4256 fuerit
1925 4160 2000 4212 si—

2088 1796 2436 1869 protralteudo
2473 1804 2522 1848 et
2559 1809 2762 1848 morose
2794 1794 3033 1848 volumus
3069 1792 3195 1864 dici)
3224 1796 3528 1858 occurrerit,
3563 1812 3668 1849 non

2089 1896 2184 1942 stet
2224 1888 2281 1940 in
2311 1886 2493 1940 ordine
2521 1901 2616 1939 suo
2650 1885 2707 1937 in
2737 1884 2913 1949 choro,
2938 1883 3028 1938 sed
3048 1881 3265 1937 ultimus
3287 1885 3517 1938 omnium
3545 1895 3664 1949 stet,

2089 1986 2182 2030 aut
2218 1977 2274 2029 in
2310 1975 2423 2029 loco
2449 1992 2602 2046 quem
2635 1974 2826 2029 talibus
2858 1974 3231 2045 negligentibus
3270 1990 3504 2029 seorsum
3543 1993 3669 2030 con-

2089 2068 2317 2122 stituerit
2356 2067 2534 2153 abbas,
2575 2076 2634 2120 ut
2655 2066 2894 2120 videatur
2926 2065 2990 2120 ab
3026 2067 3160 2137 ipso,
3191 2064 3270 2120 vel
3296 2066 3361 2120 ab
3394 2067 3665 2131 omnibus;

2090 2174 2251 2229 usque
2284 2158 2408 2211 dum
2448 2157 2698 2228 completo
2735 2172 2887 2228 opere
2924 2156 3019 2210 Dei
3046 2154 3256 2235 publica
3303 2156 3669 2227 satisfactione

2089 2249 2350 2319 poeniteat.
2377 2247 2507 2302 Ideo
2544 2256 2720 2301 autem
2753 2263 2841 2301 eos
2862 2247 2918 2301 in
2940 2246 3128 2301 ultimo
3149 2255 3240 2301 aut
3265 2263 3499 2301 seorsum
3512 2248 3666 2319 judi-

2090 2340 2319 2393 cavimus
2360 2337 2542 2392 debere
2590 2345 2752 2401 stare,
2800 2345 2858 2390 ut
2911 2336 3006 2391 visi
3051 2335 3118 2389 ab
3154 2337 3395 2391 omnibus
3419 2377 3435 2402 ,
3471 2336 3547 2391 vel
3574 2353 3667 2408 pro

2089 2428 2204 2498 ipsa
2253 2426 2565 2482 verecundia
2608 2442 2706 2481 sua
2758 2424 3115 2480 emendentur.
3183 2424 3319 2480 Hinc
3379 2425 3669 2481 Cassianus

2090 2518 2167 2573 ait
2203 2536 2217 2572 :
2252 2517 2311 2572 ln
2360 2516 2645 2572 nocturnis
2688 2522 2868 2571 autem
2909 2515 3241 2570 orationibus
3279 2531 3448 2586 usque
3486 2516 3554 2571 ad
3586 2533 3669 2571 se-

2091 2608 2325 2664 cundum
2366 2606 2631 2678 psalmum
2677 2607 2835 2661 datur
2879 2605 3126 2660 tardandi
3161 2606 3366 2661 dilatio.
3416 2605 3667 2661 Attamen

2091 2707 2380 2768 antequam
2427 2696 2580 2752 linito
2605 2697 2792 2752 eodem
2835 2695 3046 2765 psalmo
3080 2693 3279 2751 fratres
3317 2695 3372 2750 in
3397 2696 3671 2752 orationes

2091 2793 2469 2864 procumhant,
2492 2791 2893 2863 congregationi
2924 2805 2982 2846 se
3025 2792 3271 2863 ingerere
3304 2799 3464 2864 atque
3495 2791 3673 2846 immi-

2093 2896 2248 2937 scere
2284 2879 2523 2935 festinet.
2572 2874 2725 2946 ρυσά
2778 2879 2824 2935 si
2867 2878 3097 2951 amplius
3143 2880 3226 2935 vel
3272 2874 3541 2936 modicum
3586 2894 3673 2934 re-

2096 2971 2408 3036 tardaverit,
2424 2969 2591 3025 finitis
2618 2968 2847 3039 Vigiliis,
2871 2985 2998 3024 vera
3022 2969 3325 3025 humilitate
3348 2970 3669 3032 submissus,

2019 3049 2064 3111 C
2094 3060 2309 3116 veniam
2354 3058 2727 3131 negligentiae,
2770 3059 2910 3113 sicut
2960 3059 3210 3129 superius
3264 3060 3532 3124 diximus,
3583 3074 3674 3113 ex-

2096 3159 2277 3222 petere
2305 3165 2410 3205 nen
2440 3151 2681 3216 omittat;
2716 3150 2769 3205 id
2795 3157 2899 3217 est,
2937 3151 2990 3204 in
3029 3150 3148 3205 loco
3180 3150 3386 3215 ultimo,
3434 3150 3525 3221 qui
3556 3151 3675 3206 tali-

2094 3241 2196 3297 bus
2218 3240 2614 3312 negligentibus
2643 3238 2805 3295 fuerit
2843 3240 3150 3310 deputatus,
3184 3238 3440 3308 iubeatur
3472 3247 3673 3307 astare,

2096 3342 2153 3389 et
2189 3333 2265 3389 ibi
2291 3347 2416 3389 cum
2441 3331 2781 3387 verecundiae
2808 3339 2954 3385 metu
2975 3338 3316 3400 exspectare,
3345 3339 3401 3386 et
3426 3337 3550 3402 post
3573 3331 3681 3386 im-

2094 3424 2298 3495 pletum
2336 3434 2553 3478 cursum
2596 3421 2804 3492 prolixa
2838 3420 2994 3474 venia
3033 3428 3160 3474 ante
3203 3428 3402 3473 emtum
3445 3418 3674 3485 fratrum

2097 3514 2485 3587 egredientium
2516 3510 2862 3567 ‘satisfacere.

2136 3682 2140 3686 ,
2171 3625 2313 3680 Nam
2338 3623 2383 3677 si
2410 3621 2540 3692 foris
2577 3621 2866 3675 oratorium
2904 3627 3228 3686 remaneant,
3265 3620 3363 3674 erit
3397 3619 3533 3691 forte
3556 3620 3679 3675 talis

2099 3716 2188 3787 qui
2225 3731 2279 3768 se
2302 3720 2393 3767 aut
2417 3709 2689 3765 recollocet
2718 3720 2767 3764 et
2792 3710 3041 3777 dormiat,
3071 3719 3161 3764 aut
3192 3718 3326 3764 certe
3345 3712 3522 3765 sedeat
3549 3711 3681 3781 foris

2100 3802 2177 3859 rel
2201 3800 2395 3874 fabulis
2422 3808 2564 3856 uacet
2584 3840 2600 3867 ,
2630 3808 2678 3854 et
2702 3800 2855 3854 detur
2875 3800 3077 3854 occasio
3100 3799 3370 3870 maligno;
3398 3800 3489 3854 sed
3510 3801 3680 3869 ingre-

2101 3896 2277 3950 diatur
2295 3894 2452 3965 intra,
2474 3901 2532 3945 ut
2572 3908 2672 3975 nec,
2699 3900 2868 3946 totum
2889 3892 3094 3963 perdat,
3120 3900 3167 3946 et
3188 3891 3251 3946 de
3282 3891 3480 3964 reliquo
3509 3909 3681 3946 emen-

2101 3984 2274 4039 detur.
2315 3982 2452 4037 Hine
2492 3991 2549 4037 et
2595 3973 2723 4038 alibi
2753 3983 3017 4065 scriptum
3053 3982 3280 4052 legimus
3322 3998 3337 4037 :
3384 3981 3519 4036 Nam
3549 3981 3681 4035 foris

2106 4077 2322 4134 omnino
2371 4090 2475 4131 non
2515 4084 2890 4146 segregentur,
2931 4090 3000 4129 ne
3030 4089 3061 4129 a
3097 4089 3285 4130 somno
3330 4073 3530 4130 detenti
3559 4073 3681 4128 dor-

2103 4169 2304 4235 miant,
2358 4174 2450 4222 aut
2492 4165 2546 4221 in
2593 4165 2775 4236 aliquo
2807 4165 3042 4234 maligno
3070 4164 3211 4220 hosti
3256 4164 3484 4221 adeundi
3516 4164 3684 4232 detur

424 4307 615 4364 9mm,
645 4285 837 4342 τείίσείδ
868 4278 1107 4336 omnibus
1133 4268 1377 4345 φατιίδεε
1409 4261 1607 4334 luerim
1649 4257 1705 4311 ίη
1735 4250 2001 4358 νξαηίθαδν
2105 4262 2341 4321 occasio.
2378 4260 2530 4315 lntus
2565 4259 2709 4313 enim
2737 4258 2944 4327 positus
2975 4271 3078 4312 nec
3117 4264 3288 4311 totum
3315 4254 3494 4326 perdit
3536 4253 3681 4324 quod

426 4344 770 4437 inmutatum
798 4369 1131 4445 festinatione
1160 4366 1440 4422 curratur;
1478 4367 1598 4407 cum
1633 4346 1886 4421 gravitate
1919 4352 1995 4396 ta-

2108 4360 2368 4425 cmperat,
2416 4357 2472 4406 et
2505 4347 2828 4404 verecundia
2870 4360 2933 4401 ac
2976 4354 3121 4401 metu
3150 4346 3436 4418 frangitur,
3461 4344 3586 4401 dum
3615 4345 3681 4401 ab

427 4407 770 4437 summu-cum
822 4407 1130 4428 ωηηωηνην
1161 4407 1272 4418 -.η-
1289 4407 1394 4412 --η-
1420 4407 1435 4422 ,
1633 4407 1658 4421 ν
2121 4407 2133 4409 _
2154 4407 2219 4425 η,
2244 4407 2253 4408 κ
2355 4407 2368 4418 ’

427 4490 567 4539 men,
596 4479 779 4525 utnon
798 4407 1097 4521 'scurrilitas
1130 4452 1359 4512 inueniat
1398 4446 1648 4539 fomitem.
1683 4439 1828 4539 Erga
1875 4434 2006 4490 nihil
2031 4407 2084 4466 Β
2108 4445 2360 4503 omnibus
2403 4441 2634 4496 videtur.
2680 4438 2747 4492 Et
2791 4437 3005 4507 quando
3036 4438 3215 4494 emteri
3256 4407 3467 4507 evxpleto
3510 4434 3685 4491 ollicio

429 4526 573 4637 operi
618 4560 718 4617 Dei
761 4565 1115 4629 prwponatur.
1164 4545 1303 4602 Hinc
1350 4538 1583 4637 quidm-1.
1614 4529 2005 4637 ιηίξιιᾶοιξονιιιη
2109 4536 2255 4593 foras
2279 4532 2650 4604 egrediuntur,
2686 4527 2775 4583 ille
2801 4527 2855 4581 in
2886 4527 3115 4583 ecclesia
3151 4527 3393 4599 proipsa
3430 4526 3685 4581 tarditate

429 4616 688 4728 magister
730 4616 823 4705 in
861 4616 880 4703 τ’
913 4641 1356 4713 Quandocunque
1395 4629 1481 4687 Vel
1532 4624 1741 4683 diurnis
1769 4619 1856 4728 vel
1911 4632 2009 4719 ιφ·
2109 4626 2351 4696 positus,
2412 4619 2692 4676 duodecim
2743 4617 2980 4690 psalmos
3029 4633 3191 4689 supra
3238 4633 3432 4673 cursus
3489 4616 3686 4671 seriem

433 4707 641 4801 etuinis
669 4740 818 4796 horis
854 4737 922 4792 ad
950 4746 1088 4804 opus
1126 4727 1370 4785 divinum
1416 4720 1631 4790 signum
1680 4707 2006 4804 resonuerit,
2107 4721 2307 4771 cantet.
2333 4711 2393 4767 Si
2410 4724 2539 4766 vero
2568 4724 2633 4764 ex
2656 4718 2770 4764 toto
2789 4724 3005 4764 cursum
3032 4724 3186 4763 suum
3203 4707 3521 4777 perdiderit,
3545 4719 3683 4775 pra:-

434 4852 560 4894 mox
580 4848 706 4891 cum
744 4842 958 4887 summa
982 4819 1331 4879 festinatione
1369 4806 1701 4879 surgendum
1728 4808 1843 4864 est,
1875 4812 1939 4853 ac
1964 4800 1995 4853 si

2111 4808 2268 4878 cipue
2304 4801 2585 4860 nocturnis
2613 4803 2782 4868 horis,
2812 4802 2866 4855 in
2901 4802 3095 4871 quibus
3130 4800 3335 4855 nullum
3374 4798 3515 4853 aliud
3553 4812 3692 4868 opus

434 4941 612 5000 prisco
645 4923 792 4995 regis
820 4921 1066 4978 insonet,
1097 4906 1246 4966 omni
1287 4914 1473 4972 opere,
1507 4893 1660 5000 quod
1680 4892 1733 4995 in
1762 4888 2011 4945 manibus

438 4983 758 5079 habebatur,
803 5003 1129 5083 postposito,
1165 5005 1228 5053 ut
1254 4991 1390 5051 nihil
1424 4987 1578 5083 operi
1618 4983 1716 5039 Dei
1745 4996 1999 5053 propona—

440 5119 550 5174 tur,
579 5070 682 5163 sed
705 5070 857 5158 mens
878 5070 948 5152 ad
973 5090 1209 5149 sonitum
1242 5079 1508 5157 praeconis
1536 5077 1763 5139 intenta,
1787 5080 1842 5127 et
1865 5070 2015 5141 operi

443 5160 550 5257 Dei.
567 5160 753 5254 innixa
770 5233 786 5258 ,
815 5203 941 5247 cum
975 5181 1124 5241 omni
1149 5176 1415 5251 gravitate
1437 5177 1495 5227 et
1513 5162 1927 5225 mansuetudine
1948 5160 2017 5216 ad

443 5252 795 5349 intonandum
823 5279 1050 5354 gloriam
1083 5266 1391 5339 maiestatis
1417 5263 1537 5335 eius
1565 5267 1622 5315 et
1649 5255 1867 5329 pietatis
1901 5252 2019 5322 ejus

444 5385 647 5457 gratias
686 5350 997 5435 referendas
1043 5365 1239 5424 festina
1284 5367 1491 5418 currat.
1539 5356 1679 5412 Hinc
1730 5350 2023 5408 Cassianus

445 5443 562 5532 §n:
596 5473 677 5530 Ad
705 5472 804 5526 has
827 5479 958 5536 ergo
998 5459 1274 5517 orationes
1315 5469 1437 5511 eum
1487 5451 1589 5506 fuit
1630 5446 1771 5521 signi
1815 5443 2024 5500 sonitus

451 5566 685 5629 auditus,
711 5565 860 5617 tanta
887 5535 1165 5610 celeritate
1189 5548 1348 5603 debet
1372 5542 1669 5599 monachus
1693 5535 1940 5597 exsilire,
1967 5538 2028 5587 ut

454 5669 558 5708 non
585 5655 762 5710 dicam
797 5648 933 5703 alios
960 5639 1214 5702 artiﬁces,
1252 5637 1345 5691 sed
1376 5632 1538 5701 isqui
1564 5643 1699 5701 opus
1732 5624 2028 5690 Scriptura:

2116 4894 2393 4968 impendit,
2423 4893 2848 4964 superpositione
2869 4890 3175 4946 damnetur.

2189 4987 2407 5043 Diurnis
2434 4994 2607 5039 autem
2634 4983 2798 5046 horis,
2826 4983 2915 5053 qui
2938 4981 3007 5035 ad
3047 4998 3174 5052 opus
3202 4979 3299 5034 Dei
3339 4986 3451 5049 post
3485 4993 3690 5031 versum

2120 5088 2167 5132 et
2191 5075 2423 5132 Gloriam
2444 5075 2599 5147 primi
2629 5073 2839 5144 psalmi,
2872 5072 2959 5144 qui
2980 5081 3093 5142 post
3122 5088 3323 5126 versum
3359 5069 3572 5132 dicitur,
3600 5084 3691 5121 oc-

2123 5168 2343 5224 currerit
2370 5164 2502 5239 [Al.,
2528 5181 2631 5218 non
2655 5160 2985 5235 occurrerit],
3011 5161 3118 5232 lege
3140 5178 3242 5231 qua
3274 5175 3434 5228 supra
3462 5157 3691 5212 diximus

2122 5260 2179 5314 in
2203 5258 2386 5313 ultimo
2412 5264 2530 5321 stet,
2559 5271 2651 5309 nec
2668 5260 2949 5323 prwsumat
2969 5252 3160 5306 sociari
3183 5251 3338 5304 choro
3362 5246 3694 5319 psallentium

2124 5365 2285 5421 usque
2297 5345 2366 5401 ad
2380 5342 2812 5413 satisfactionem,
2828 5340 2930 5395 nisi
2942 5340 3079 5410 forte
3096 5338 3253 5392 abbas
3267 5336 3530 5390 licentiam
3542 5334 3695 5387 dedr-

2126 5441 2194 5493 rit
2216 5433 2551 5509 permissione
2564 5448 2683 5496 sua,
2705 5431 2777 5484 ita
2798 5439 2971 5484 tamen
2982 5438 3037 5483 ut
3051 5428 3343 5496 satisfaciat
3369 5442 3486 5479 reus
3504 5442 3567 5479 ea:
3578 5424 3689 5476 hcc.

2128 5528 2266 5583 Ilinc
2297 5533 2514 5580 sanctus
2540 5519 2869 5574 Fructuosus
2892 5519 2970 5573 ait
2997 5536 3011 5572 :
3048 5518 3128 5572 Ad
3154 5517 3427 5571 orationes
3452 5515 3693 5574 diurnas,

2130 5620 2219 5689 qui
2246 5618 2314 5674 ad
2347 5616 2579 5686 primum
2605 5612 2868 5683 psalmum
2898 5628 3003 5668 non
3031 5610 3351 5676 occurrerit,
3389 5608 3614 5664 introire
3642 5604 3692 5658 in
