3944 6418
307 389 398 442 SSI
1331 391 1684 475 CORIMENT.
1731 391 1793 446 ιδ
1834 390 1994 446 RBG.
2036 389 2094 444 S.
2138 389 2515 447 BENEDICTI.

3453 393 3560 446 882

305 499 1878 574 oratoriumcumcwterisuouaudeat,sedpmnitcutitndc-
1904 508 1954 566 Α
1979 504 2198 559 boribus
2235 502 2438 572 jaceat,
2480 519 2584 558 non
2632 508 2837 558 tantum
2892 503 3198 573 degustare,
3247 505 3340 558 sed
3383 505 3546 559 etiam

307 591 591 665 lcgabitur.
615 591 752 648 llinc
779 591 1071 649 Cassianus
1095 595 1260 650 dicit:
1286 596 1344 650 Si
1364 597 1486 667 quis
1510 604 1712 659 autem,
1731 604 1880 651 ante-

305 700 466 756 quam
490 684 678 749 linitur
696 683 936 754 psalmus
963 683 1230 755 incmptus
1252 703 1356 741 non
1378 687 1636 750 occurrit,
1652 687 1880 740 ulterius

307 778 358 832 in
405 776 704 832 oratorium
749 776 890 831 inter
923 775 1220 848 psallentes
1259 775 1455 833 fratres
1507 777 1734 833 introire
1772 793 1877 831 non

304 867 530 931 audeat,
561 865 656 920 sed
695 874 846 921 stans
875 865 1007 922 foris
1035 867 1102 920 ad
1128 864 1349 934 januam
1382 867 1679 930 sustineat,
1707 867 1880 922 donec

307 958 472 1012 ﬁnitis
517 957 739 1027 psalmis
771 957 1113 1028 congregatio
1145 957 1436 1021 relaxetur,
1481 965 1539 1012 et
1579 965 1708 1012 tunc
1752 959 1880 1012 sub-

304 1050 466 1105 missa
511 1049 564 1104 in
601 1058 744 1103 terra
772 1047 1088 1118 paenitentia
1135 1048 1472 1119 negligentiae
1507 1064 1618 1104 sua:
1651 1048 1736 1103 vel
1773 1056 1881 1102 tar-

304 1141 488 1196 ditatis
525 1154 707 1195 coram
737 1138 986 1194 omnibus
1025 1138 1095 1192 ab
1121 1137 1316 1193 abbate
1347 1139 1602 1208 impetret
1643 1139 1877 1193 veniam.

303 1232 454 1298 Quod
497 1231 541 1285 si
571 1228 957 1299 contempserit
984 1227 1322 1292 satisfacere,
1369 1227 1520 1282 nullo
1551 1228 1710 1283 modo
1739 1229 1882 1282 inter

305 1324 501 1376 fratres
516 1321 826 1376 societatem
848 1318 1037 1373 orandi
1066 1318 1302 1372 habebit.
1324 1317 1476 1384 Quod
1499 1325 1680 1373 autem
1706 1318 1838 1372 dicit
1863 1333 1875 1370 :

304 1412 388 1466 Ita
419 1421 593 1465 tamen
622 1419 674 1464 ut
703 1409 998 1478 satisfaciat
1029 1423 1147 1461 reus
1177 1423 1242 1461 ea:
1267 1408 1385 1472 hoc,
1421 1407 1759 1478 intelligitur,
1799 1408 1879 1463 sic

301 1520 422 1558 cum
464 1519 562 1574 per
591 1501 862 1556 licentiam
891 1499 1103 1554 abbatis
1136 1499 1188 1552 in
1219 1500 1386 1554 choro
1429 1499 1633 1569 recipi,
1669 1507 1730 1553 ut
1757 1505 1882 1569 post

302 1606 578 1666 peractum
623 1608 840 1649 cursum
885 1591 1180 1646 satisfaciat
1226 1590 1402 1645 adhuc
1432 1605 1557 1644 reus
1581 1605 1680 1658 pro
1709 1590 1882 1660 negli-

301 1687 481 1755 gentia
515 1701 546 1739 a
575 1701 634 1740 se
668 1683 953 1738 commissa
974 1722 988 1745 ,
1018 1681 1188 1735 donec
1230 1680 1298 1734 ab
1323 1681 1519 1734 abbate
1544 1679 1772 1750 recipiat
1792 1695 1881 1734 vc-

303 1780 470 1842 niam,
501 1783 554 1831 et
579 1791 702 1831 cum
741 1774 988 1828 remissio
1025 1772 1180 1842 plena
1206 1771 1569 1840 subsequatur
1592 1779 1753 1840 atque
1784 1787 1878 1841 pa-

299 1869 474 1924 cifica.
1347 1862 1353 1868 ’

373 1959 452 2014 Ad
479 1965 887 2013 mensamautem
899 1955 988 2026 qui
1007 1963 1128 2009 ante
1151 1970 1350 2008 versum
1372 1971 1477 2008 non
1491 1950 1870 2016 occurrerit,'ut

303 2049 458 2107 simul
485 2066 658 2104 omnes
684 2049 862 2102 dicant
893 2063 1091 2100 versum
1121 2055 1170 2100 et
1194 2054 1359 2110 orent,
1389 2054 1438 2100 et
1465 2045 1560 2100 sub
1585 2061 1688 2098 uno
1715 2043 1873 2098 sintul

302 2158 478 2208 omnes
505 2141 750 2194 accedant
771 2138 839 2193 ad
859 2154 1111 2201 mensura,
1136 2138 1224 2209 qui
1237 2154 1328 2208 per
1348 2135 1710 2208 negligentiam
1721 2151 1872 2188 suam

301 2240 394 2284 aut
422 2231 599 2285 vitium
632 2245 734 2283 non
761 2229 1072 2292 occurrerit,
1111 2243 1271 2298 usque
1305 2227 1374 2280 ad
1400 2225 1680 2281 secundant
1715 2226 1872 2280 vicem

301 2336 396 2391 pro
425 2319 521 2372 hoc
559 2317 906 2388 corripiatur:
943 2319 990 2371 si
1019 2316 1188 2371 denuo
1219 2333 1322 2370 non
1367 2315 1732 2382 emendaverit,
1770 2331 1871 2368 non

299 2419 633 2481 permittatur
656 2409 724 2464 ad
753 2423 944 2463 mensae
965 2409 1252 2463 communis
1277 2409 1752 2479 participationem,
1781 2409 1871 2462 sed

300 2509 648 2563 sequestratus
678 2517 712 2555 a
740 2499 1003 2553 consortio
1032 2499 1288 2562 omnium,
1322 2496 1521 2565 reficiat
1558 2495 1722 2560 solus,
1747 2496 1870 2550 sub-

245 2635 253 2638 ,
299 2595 406 2644 lata
449 2592 496 2644 ei
537 2590 770 2660 portione
811 2605 910 2641 sua
958 2587 1061 2642 vini
1085 2629 1100 2651 ,
1139 2603 1300 2656 usque
1342 2585 1412 2638 ad
1459 2584 1870 2653 satisfactionem

302 2692 349 2734 ct
391 2679 820 2734 emendationem.
864 2677 1122 2733 Similiter
1158 2686 1330 2731 autem
1372 2677 1638 2746 patiatur,
1671 2676 1760 2745 qui
1800 2675 1870 2727 ad

301 2768 447 2822 illum
496 2783 696 2822 versum
743 2785 845 2822 non
889 2767 1045 2836 fuerit
1097 2781 1356 2836 prtcscns,
1405 2765 1495 2836 qui
1533 2774 1648 2835 post
1697 2763 1871 2818 cibum

300 2859 510 2912 dicitur.
563 2857 698 2912 Ilinc
739 2858 960 2928 quidam
997 2857 1386 2912 monachorum
1430 2855 1690 2925 magister
1723 2855 1816 2926 {ait
1848 2871 1863 2906 :

300 2951 379 3006 Al
417 2966 616 3004 mensze
665 2965 792 3003 vero
835 2949 1185 3019 antiphonam
1232 2946 1315 3001 vel
1355 2961 1572 3001 versum
1624 2946 1864 3016 priorem

298 3039 390 3109 qui
439 3053 545 3093 non
603 3037 897 3103 adfuerint,
945 3045 1150 3093 seruate
1201 3045 1258 3091 et
1307 3051 1412 3091 non
1460 3036 1768 3105 signatum,
1815 3044 1871 3092 et

300 3129 590 3194 siueidata
645 3137 700 3184 et
755 3135 974 3198 accepta
1030 3128 1403 3184 benedictione
1446 3127 1775 3182 manducent
1814 3134 1869 3181 et

300 3221 501 3284 bibant,
524 3229 579 3276 et
599 3221 714 3276 sine
741 3219 966 3288 alicujus
993 3219 1226 3290 eloquio.
1260 3219 1325 3274 Et
1348 3219 1540 3274 merito
1561 3218 1676 3272 sine
1698 3219 1872 3273 homi-

299 3311 381 3366 nis
413 3311 623 3380 eloqnio
653 3311 813 3366 debet
841 3309 1061 3366 reficere
1087 3310 1180 3380 qui
1209 3316 1334 3364 ante
1367 3308 1718 3364 refectionem
1747 3323 1870 3363 cum

300 3403 407 3456 Deo
437 3417 540 3456 non
573 3410 658 3458 est
680 3401 906 3457 locutus.
934 3401 1038 3470 Qui
1061 3418 1188 3457 vero
1205 3401 1497 3473 posteriori
1526 3417 1728 3458 mensze
1748 3418 1873 3458 ver-
1928 3454 1932 3460 .

297 3492 378 3546 Sui
411 3507 514 3547 non
537 3491 789 3559 adfuerit,
813 3493 971 3548 talem
997 3510 1212 3565 pmnam
1236 3495 1517 3565 suscipiat,
1541 3494 1757 3565 qualem
1780 3495 1869 3552 ille

297 3598 387 3649 qui
417 3591 543 3638 ante
573 3582 923 3640 refectionem
952 3600 1058 3640 non
1093 3594 1177 3640 est
1207 3585 1422 3641 locutus
1463 3601 1587 3642 cum
1618 3585 1747 3641 Deo.
1776 3585 1869 3642 Ila:

298 3687 427 3726 vero
473 3673 840 3740 correptiones
884 3675 968 3729 vel
1005 3677 1590 3732 excommunicationes
1623 3677 1708 3734 bis
1733 3678 1870 3732 dun-

298 3767 450 3812 taxat
478 3760 782 3814 constituta:
809 3770 964 3834 sunt,
1001 3763 1092 3831 qui
1139 3773 1264 3818 sunt
1294 3765 1567 3821 voluntate
1609 3777 1664 3822 et
1707 3769 1870 3838 negli-

295 3847 476 3919 gentia
501 3847 640 3902 tardi
665 3888 680 3912 ,
719 3857 773 3903 et
800 3849 960 3904 nullis
985 3850 1400 3909 necessitatibus
1432 3855 1700 3922 occupati.
1731 3855 1868 3909 Nam

297 3951 394 4008 pro
425 3936 656 3992 utilitate
703 3939 1014 3993 monasterii
1057 3940 1306 4010 occupati
1351 3941 1512 4011 digne
1547 3942 1796 3997 absentes
1836 3959 1867 3996 a

299 4028 652 4098 praesentibus
692 4027 744 4083 in
773 4029 1010 4084 oratorio
1039 4039 1420 4086 memorentur.
1465 4031 1602 4086 llinc
1630 4031 1868 4086 Isidorus

297 4119 428 4172 dicit
458 4135 472 4172 ι
501 4118 604 4184 Qui
649 4117 714 4173 ad
757 4133 994 4174 mensam
1035 4121 1240 4176 tardius
1273 4122 1514 4186 venerit,
1556 4131 1650 4176 aut
1692 4124 1866 4192 poeni-

299 4209 523 4264 tentiam
547 4216 698 4278 agat,
737 4216 830 4263 aut
857 4207 1075 4278 jejuniis
1102 4212 1168 4266 ad
1206 4227 1359 4266 suum
1400 4227 1536 4281 Opus
1570 4211 1652 4266 vel
1691 4211 1867 4266 cubile

302 4307 562 4354 recurrat.
596 4298 730 4354 Ilinc
760 4299 989 4354 Basilius
1015 4301 1090 4356 ait
1120 4320 1132 4356 :
1169 4301 1225 4357 Si
1252 4319 1374 4358 cum
1395 4303 1564 4373 possit
1593 4319 1699 4358 nou
1725 4314 1866 4358 sate-

299 4391 456 4459 gerit,
499 4389 732 4445 fateatur
772 4391 982 4460 culpam
1029 4393 1362 4464 negligentia:
1391 4410 1520 4459 sua},
1565 4404 1618 4449 ct
1653 4406 1867 4450 maneat

299 4481 413 4534 sine
453 4479 572 4534 cibo
598 4495 765 4549 usque
797 4481 865 4536 ad
906 4481 1048 4536 illaut
1077 4483 1266 4538 ltoram
1303 4500 1408 4553 qua
1447 4487 1766 4540 convenitur
1797 4489 1863 4542 ad

297 4571 476 4625 cibum
501 4571 553 4624 in
585 4575 860 4640 posterum
887 4573 1048 4628 diem.

373 4673 481 4726 Nec
505 4673 776 4745 quisquam
817 4687 1096 4746 prwsuntat
1137 4687 1258 4731 ante
1281 4687 1529 4732 statutam
1567 4681 1750 4733 horam
1787 4682 1862 4733 tcl

296 4773 470 4834 postea
483 4765 765 4836 quidquam
780 4767 881 4820 cibi
905 4767 982 4822 rel
992 4778 1140 4838 potus
1151 4771 1430 4840 percipere.
1451 4770 1584 4825 Ilinc
1605 4771 1865 4827 Fructuo-

299 4870 390 4909 sus
414 4855 490 4908 ait
515 4870 527 4908 :
551 4855 785 4922 Quilibet
823 4871 887 4911 ex
918 4859 1197 4913 monachis
1220 4857 1482 4928 jejunium
1517 4859 1725 4916 solvere
1753 4877 1861 4915 non

296 4952 602 5013 praesumat,
628 4959 726 5000 nec
755 4945 1066 5016 priusquam
1091 4948 1147 5002 in
1167 4963 1450 5004 commune
1476 4950 1721 5004 reficiant
1738 4967 1860 5004 cum

297 5034 522 5095 cazteris,
560 5035 641 5089 vel
682 5044 964 5106 postquam
1016 5036 1322 5102 refecerint,
1371 5028 1662 5110 quidquam
1719 5043 1860 5110 quod

299 5122 365 5176 ad
391 5122 680 5190 potandum
720 5124 804 5180 vel
835 5125 1099 5179 edendqu
1126 5126 1356 5195 pertinet
1393 5135 1610 5197 gustare
1630 5128 1714 5183 vel
1735 5143 1863 5183 con-

298 5211 503 5278 tingere
542 5212 756 5277 audeat,
809 5213 892 5266 vel
941 5214 1150 5268 occulte
1191 5214 1469 5284 quodlibet
1517 5217 1864 5285 peculiariter

297 5301 586 5355 recondere
602 5301 718 5356 ’τοι
776 5301 976 5357 habere
1024 5313 1336 5374 praesumat.
1387 5305 1525 5362 Hinc
1571 5305 1860 5362 Cassianus

296 5390 426 5442 dicit
451 5407 463 5442 :
489 5389 822 5445 Omnimodis
848 5399 1025 5446 autem
1054 5409 1118 5448 ex
1144 5396 1248 5451 hoc
1263 5396 1440 5453 caveri
1461 5396 1621 5452 debet
1638 5411 1706 5450 ne
1733 5405 1856 5452 ante

296 5479 440 5533 illam
467 5478 566 5535 vel.
594 5488 714 5548 post
755 5481 915 5534 illam
959 5483 1148 5538 horam
1189 5500 1296 5554 qua
1337 5499 1528 5542 omnes
1563 5484 1758 5541 fratres
1805 5485 1858 5540 in

295 5583 576 5622 commune
607 5568 952 5634 reficiuntur,
982 5581 1137 5627 extra
1177 5590 1418 5628 mensam
1459 5575 1860 5644 quomodocun-

240 5705 253 5713 .
293 5675 398 5728 que
444 5660 800 5730 quodcunque
847 5662 932 5715 vel
983 5664 1250 5718 modicum
1287 5665 1498 5734 aliquis.
1533 5665 1857 5722 manducare

215 5751 221 5757 '
289 5757 607 5826 praesumat,
643 5758 701 5805 ut
736 5752 899 5807 etiam
928 5768 1084 5824 poma
1109 5769 1229 5824 qua:
1261 5763 1500 5825 tempore
1525 5769 1622 5813 suo
1648 5755 1748 5815 sub
1769 5771 1859 5812 ιιι-φ

1982 601 2222 665 tangere,
2251 595 2454 662 absque
2479 594 2563 648 his
2607 610 2728 664 qua:
2757 593 2812 647 in
2846 608 3130 649 commune
3172 593 3550 658 comeduntur,

1979 685 2322 756 sacrilegium
2347 685 2438 739 sit.

2053 773 2154 828 Sed
2189 784 2235 828 et
2267 775 2314 827 si
2341 774 2426 828 cui
2459 773 2680 842 o/fertur
2718 772 2920 844 aliquid
2951 791 2984 827 a
3029 774 3202 844 priore
3230 782 3279 828 et
3321 775 3557 842 accipere

1982 867 2227 931 renuerit,
2258 865 2389 919 liora
2417 883 2522 935 qua
2547 864 2914 919 desideraverit
2937 865 3032 918 hoc
3059 865 3198 935 quod
3228 866 3375 936 prius
3410 883 3558 920 recu-

1978 959 2130 1020 savit,
2153 966 2245 1010 aut
2274 955 2422 1010 aliud
2450 956 2660 1010 omnino
2693 973 2797 1010 non
2817 956 3068 1025 percipiat
3097 973 3260 1027 usque
3285 957 3355 1011 ad
3378 974 3554 1012 cmen-

1979 1047 2242 1100 dationent
2275 1062 2580 1116 congruam.
2608 1045 2949 1116 Ilyperbaton
2975 1054 3059 1101 est
3080 1047 3202 1110 hoc,
3232 1048 3374 1116 quod
3399 1049 3557 1102 aliter

1981 1139 2286 1192 ordinatum
2329 1137 2643 1207 intelligitur
2689 1138 2759 1190 ita
2793 1157 2804 1190 :
2838 1137 2896 1192 Si
2935 1138 3021 1192 cui
3054 1137 3256 1208 aliquid
3298 1153 3329 1192 a
3375 1139 3558 1208 priore

1979 1227 2225 1292 offertur,
2253 1237 2307 1281 et
2338 1227 2575 1281 renucrit
2613 1227 2880 1296 accipere,
2917 1227 3049 1282 hora
3082 1242 3186 1297 qua
3213 1227 3556 1282 de-iderave-

1983 1315 2072 1380 rit,
2109 1316 2426 1371 subauditur
2471 1316 2758 1385 accipere;
2807 1323 2903 1370 aut
2949 1317 3054 1372 hoc
3101 1317 3367 1388 percipiat
3413 1319 3556 1389 quod

1982 1405 2131 1475 prius
2159 1406 2444 1470 recusavit,
2475 1414 2568 1459 aut
2596 1406 2741 1461 aliud
2765 1409 2986 1472 omnino
3012 1409 3166 1464 nihil.
3207 1409 3344 1466 llinc
3367 1411 3558 1468 beatus

1979 1493 2245 1548 Basilius‘:
2281 1493 2394 1549 Hoc
2427 1494 2572 1549 enim
2608 1494 2750 1565 quod
2797 1495 2886 1551 hic
2929 1497 2995 1552 de
3032 1513 3162 1555 esca
3197 1499 3400 1555 dictum
3449 1510 3555 1562 est.

1980 1585 2146 1638 etiam
2193 1585 2260 1640 de
2295 1587 2441 1640 onmi
2479 1601 2536 1640 re
2571 1601 2691 1655 qua:
2731 1587 2798 1641 ad
2853 1603 2985 1643 usus
3033 1589 3280 1660 corporis
3323 1591 3558 1660 pertinet

1981 1676 2167 1730 eadem
2190 1674 2358 1730 forma
2385 1675 2586 1730 servari
2605 1684 2798 1746 potest.
2823 1677 2964 1748 Ergo
2991 1679 3092 1732 iste
3115 1679 3239 1734 talis
3259 1681 3352 1750 qui
3374 1679 3555 1735 oblata

1984 1767 2222 1838 recipere
2257 1767 2452 1831 renuit,
2499 1769 2696 1839 dignus
2739 1777 2824 1824 est
2872 1778 2934 1824 ut
2972 1771 3184 1826 etiamsi
3214 1781 3423 1842 quierat
3449 1788 3556 1827 non

1904 1849 1949 1908 B
1977 1858 2224 1927 accipiat,
2240 1873 2517 1928 nsquequo
2539 1859 2729 1928 probet
2753 1859 2799 1914 is
2825 1860 2916 1930 qui
2944 1871 3158 1930 prmesl,
3182 1870 3380 1917 etcum
3407 1863 3552 1918 vide-

1977 1949 2045 2002 rit
2070 1949 2260 2004 vitium
2288 1950 2452 2004 animi
2482 1959 2748 2012 curatum,
2785 1960 2911 2007 tunc
2947 1953 3109 2008 etiam
3140 1954 3281 2024 quod
3309 1957 3555 2025 corporis

1975 2039 2158 2094 usibus
2188 2040 2550 2094 necessarium
2575 2039 2738 2096 fuerit
2763 2043 3044 2111 prmbebit.

2533 2131 2759 2188 CAPUT
2791 2133 2972 2189 XLIV.

2011 2221 2084 2273 De
2113 2221 2178 2274 iis
2201 2221 2288 2291 qui
2313 2221 2852 2288 excommunicantur,
2880 2225 3138 2295 quomodo
3161 2226 3515 2294 satisfaciant.

2044 2309 2147 2375 Qui
2167 2327 2262 2380 pro
2289 2312 2517 2381 graviori
2547 2310 2700 2382 culpa
2736 2311 2800 2364 ab
2830 2315 3061 2368 oratorio
3100 2323 3148 2368 et
3187 2332 3218 2368 a
3246 2332 3423 2370 mensa
3461 2333 3555 2370 ea:-

1970 2399 2404 2466 communicatur,
2419 2401 2548 2455 liora
2573 2419 2678 2473 qua
2707 2419 2835 2473 Opus
2852 2403 2946 2458 Dei
2975 2405 3028 2458 in
3062 2408 3294 2460 oratorio
3325 2407 3556 2462 celebra-

1970 2502 2078 2556 tur,
2105 2501 2226 2546 ante
2251 2492 2386 2562 fores
2410 2494 2628 2546 oratorii
2663 2504 2956 2564 prostratus
2975 2497 3176 2566 jaceat,
3201 2497 3330 2552 nihil
3354 2499 3556 2563 dicens,

1971 2581 2072 2635 nisi
2106 2590 2310 2636 tantunt
2333 2582 2498 2652 posito
2526 2581 2578 2636 in
2601 2592 2792 2636 terram
2815 2586 2983 2654 capite
3007 2595 3054 2638 et
3077 2596 3393 2656 prostratus,
3433 2605 3555 2657 pro-

1971 2688 2068 2725 nus
2095 2673 2326 2724 omnium
2357 2673 2420 2725 dc
2451 2676 2687 2728 oratorio
2716 2678 3016 2730 exeuntium
3057 2679 3274 2743 pedibus
3303 2695 3358 2732 se
3385 2681 3554 2750 proji—

1970 2761 2092 2813 ci.tt.
2113 2759 2178 2813 Et
2200 2761 2296 2813 hac
2320 2761 2504 2814 tandiu
2529 2761 2691 2831 faciat
2719 2780 2880 2834 usque
2903 2763 3028 2817 dum
3057 2767 3216 2820 abbas
3231 2768 3553 2836 judicarerit

1969 2851 2296 2921 satisfactum
2323 2868 2452 2906 esse.
2483 2851 2612 2918 Qua:
2641 2855 2917 2924 graviores
2947 2865 3072 2910 sunt
3105 2859 3297 2928 culpm,
3323 2861 3436 2930 jam
3464 2879 3556 2917 su-

1969 2945 2150 3015 perius
2177 2945 2378 2999 dictum
2408 2953 2512 3000 est.
2542 2945 2680 3001 Ilinc
2711 2961 2838 3002 vero
2865 2947 2932 3002 de
2958 2965 3194 3019 congrua
3217 2951 3557 3022 culpatorum

1969 3035 2335 3092 satisfactione
2359 3037 2646 3092 dicendum
2677 3046 2779 3093 est.
2826 3037 3086 3104 Quorum,
3114 3048 3172 3094 ut
3194 3041 3432 3096 Isidorus
3457 3044 3556 3107 ait,

1973 3129 2086 3182 syla
2113 3128 2268 3198 panis
2293 3135 2348 3180 et
2377 3141 2528 3196 aquae
2555 3125 2611 3182 in
2637 3129 2998 3197 vespertinum
3022 3129 3129 3184 erit
3149 3129 3450 3186 adhibenda
3479 3148 3560 3188 re-
3607 3156 3622 3163 -

1898 3195 1943 3256 C
1977 3195 2160 3282 factio,
2184 3218 2414 3272 amictus
2428 3195 2645 3281 eorum,
2681 3195 2775 3272 aut
2802 3209 3034 3289 tegimen
3061 3233 3266 3285 rasum,
3296 3229 3390 3276 aut
3415 3221 3557 3278 forte

1978 3310 2235 3373 cilicium,
2269 3309 2496 3364 lectulus
2517 3315 2727 3376 eorum,
2767 3317 2861 3364 aut
2887 3309 3027 3364 nuda
3057 3310 3274 3377 humus,
3301 3321 3390 3367 ant
3416 3311 3558 3372 forte

1977 3400 2165 3466 storia,
2221 3400 2272 3454 id
2313 3409 2416 3464 est,
2467 3407 2632 3455 malta
2679 3415 2840 3471 super
2869 3400 3111 3456 humum.
3161 3401 3296 3459 Ilinc
3339 3405 3554 3474 quidam

1977 3492 2360 3546 monachorum
2391 3491 2648 3560 magist’er
2683 3491 2792 3546 ait:
2833 3491 2933 3560 Qui
2968 3507 3099 3547 vero
3146 3491 3315 3548 frater
3337 3510 3554 3566 gravem

1975 3588 2187 3658 culpam
2212 3587 2510 3652 admiserit,
2543 3587 2656 3658 ipse
2684 3588 2752 3642 ab
2781 3597 3010 3658 utroque
3036 3591 3550 3655 cxcommunicetur,

1975 3680 2026 3734 il
2062 3687 2168 3742 est,
2206 3680 2274 3734 ab
2300 3681 2556 3744 oratorio,
2596 3689 2650 3735 et
2679 3697 2707 3733 a
2739 3695 2948 3743 mensa,
2997 3687 3052 3736 et
3081 3696 3186 3735 non
3230 3682 3345 3752 ipse
3373 3683 3438 3737 ad
3469 3685 3554 3738 in-

1972 3769 2299 3840 dulgentiam
2339 3771 2558 3840 majoris
2587 3772 2886 3840 perveniat,
2928 3771 3032 3825 nisi
3073 3781 3200 3827 ante
3239 3773 3401 3828 limen
3431 3792 3556 3831 ora-

1974 3859 2094 3912 torii
2121 3866 2428 3928 prostratus
2474 3859 2805 3929 lacrymabili
2852 3876 2983 3914 voce
3021 3861 3305 3916 intervallo
3331 3877 3552 3918 cessan-

1971 3950 2106 4002 tium
2140 3950 2191 4002 in
2217 3949 2441 4018 psalmis
2481 3951 2734 4003 horarum
2775 3949 2884 4004 Deo
2922 3958 2978 4008 et
3021 3952 3272 4008 omnibus
3298 3955 3552 4008 emenda-

1971 4038 2118 4092 tione
2152 4035 2476 4092 satisfecerit
2503 4037 2844 4106 rcpromissa.

2042 4125 2142 4191 Qui
2177 4125 2301 4179 dum
2326 4126 2512 4195 jussus
2557 4125 2620 4179 ab
2653 4125 2834 4180 abbate
2860 4129 3072 4193 venerit,
3106 4129 3271 4184 volvat
3307 4148 3362 4186 se
3391 4133 3552 4202 ipsius

1969 4218 2170 4271 abbatis
2197 4217 2433 4288 pedibus,
2479 4217 2666 4271 deinde
2703 4219 2936 4272 omnium
2961 4219 3186 4290 fratrum
3214 4224 3461 4292 vestigiis,
3494 4236 3551 4280 ut

1968 4317 2112 4361 orent
2136 4324 2230 4378 pro
2258 4325 2337 4361 eo.
2394 4307 2458 4361 Et
2483 4317 2606 4361 tunc
2636 4310 2679 4362 si
2701 4308 2920 4377 jusserit
2947 4310 3130 4377 abbas,
3165 4315 3450 4384 recipiatur
3496 4318 3549 4372 in

1969 4403 2144 4462 choro,
2172 4399 2245 4452 rel
2269 4401 2322 4452 in
2352 4400 2552 4462 ordine,
2576 4416 2677 4469 quo
2703 4400 2863 4454 abbas
2889 4401 3202 4470 decreverit,
3238 4405 3311 4460 ita
3343 4423 3469 4462 sane
3495 4417 3549 4461 ut

1968 4491 2224 4560 psalmum
2250 4501 2339 4544 aut
2377 4489 2666 4554 lectionem,
2713 4490 2788 4545 rel
2815 4490 2963 4544 aliud
2982 4493 3122 4563 quid'
3139 4512 3240 4549 non
3267 4508 3550 4566 prtesumat

1966 4589 2018 4640 in
2046 4587 2273 4640 oratorio
2320 4588 2598 4658 imponere,
2654 4589 2754 4640 nisi
2803 4588 2990 4641 iterant
3035 4586 3194 4641 abbas
3225 4587 3430 4658 jubeat.
3478 4587 3548 4642 Et

1965 4672 2200 4728 omnibus
2215 4662 2370 4729 lteris
2394 4676 2517 4728 dum
2545 4677 2830 4746 completur
2851 4694 2981 4747 opus
3005 4675 3121 4740 Del,
3145 4677 3392 4746 proficiat
3413 4693 3468 4731 se
3489 4678 3545 4734 in

1964 4781 2156 4820 terram
2200 4765 2388 4820 inloco
2421 4767 2477 4819 in
2501 4782 2603 4837 quo
2641 4776 2763 4831 stat,
2810 4777 2858 4822 ct
2894 4769 2968 4822 sic
3001 4766 3294 4837 satisfaciat
3322 4807 3336 4832 ,
3360 4785 3548 4840 usque-

1965 4858 2088 4908 dum
2116 4857 2159 4908 ci
2185 4855 2370 4924 jubeat
2400 4856 2560 4910 abbas
2601 4865 2656 4910 ut
2699 4860 2931 4928 quiescat
2965 4860 3083 4928 jam
3113 4857 3178 4912 ab
3201 4859 3302 4912 hac
3323 4859 3540 4930 satisfa-

1963 4945 2151 4998 ctione.
2203 4942 2338 4998 Hinc
2367 4945 2603 5000 Isidorus
2632 4947 2706 5000 ait
2735 4965 2746 5000 :
2790 4947 3100 5002 Satisfactio
3119 4947 3544 5019 delinquentium

1971 5034 2084 5087 lucc
2104 5043 2214 5087 est:
2243 5033 2468 5088 Peracto
2490 5037 2822 5104 paenitentize
2844 5046 3082 5107 tempore
3103 5045 3320 5093 vocatus
3345 5039 3541 5102 veniat,

1969 5123 2131 5176 ltumo
2154 5132 2460 5192 prostratus
2480 5123 2680 5192 jaceat,
2723 5127 2909 5197 jussus
2945 5127 3013 5182 ab
3057 5129 3250 5184 abbate
3284 5129 3351 5184 de
3399 5137 3542 5186 terra

1965 5221 2270 5282 consurgat,
2317 5230 2543 5286 surgens
2583 5216 2652 5269 ab
2677 5219 2928 5274 omnibus
2967 5235 3068 5289 pro
3101 5221 3424 5292 negligentia
3449 5237 3541 5275 vc-

1967 5307 2109 5360 niam
2167 5313 2392 5375 poscat,
2448 5307 2740 5376 adepturus
2786 5310 3174 5381 indulgentiam
3217 5319 3339 5382 post
3380 5310 3540 5380 hujus

1965 5395 2348 5449 eniendatorize
2384 5395 2770 5452 satisfactionis
2796 5414 3124 5484 mensuram.

2037 5485 2140 5550 Qui
2177 5501 2297 5538 vero
2321 5501 2416 5554 pro
2440 5485 2632 5540 levibus
2680 5486 2846 5558 culpis
2873 5490 3392 5544 excommunicantur
3419 5496 3560 5570 tam.

1963 5583 2074 5628 tum
2099 5590 2353 5638 autenm,
2381 5575 2436 5628 iu
2473 5578 2706 5631 oratorio
2730 5579 3083 5647 satisfaciant,
3121 5594 3282 5648 usque
3323 5578 3394 5631 ad
3411 5579 3539 5648 jus-

1961 5663 2160 5716 sionem
2196 5661 2397 5718 abbatis
2417 5664 2514 5718 hoc
2537 5682 2738 5736 semper
2775 5668 2994 5736 faciant,
3038 5683 3200 5738 usque
3224 5666 3348 5720 dunt
3377 5668 3534 5724 bette-

1961 5754 2100 5810 dicat
2125 5762 2174 5810 et
2202 5753 2342 5808 dicat
2365 5767 2384 5806 :
2414 5753 2632 5829 Sufﬁcit.
2664 5755 2818 5825 Quod
2862 5757 3014 5822 dicit,
3050 5755 3338 5824 benedicat,
3371 5757 3536 5816 intel.
