3944 6422
395 390 499 444 883

1666 374 2017 434 SMARAGDI
2049 368 2337 430 ABBATIS

3535 364 3645 421 εει

397 506 605 579 ligitur,
647 499 891 557 Dimittat
931 496 1025 551 tibi
1069 493 1347 549 Dominus.
1379 489 1533 558 Quod
1561 487 1715 555 dicit,
1758 486 1958 557 sufficit,
1991 489 2043 547 Α
2067 483 2290 553 impigra
2328 481 2510 545 fuerit,
2557 480 2624 534 ad
2670 480 2772 534 hoc
2800 494 2936 549 opus
2979 478 3204 532 idoneus
3247 476 3501 532 inventus
3525 518 3542 543 ,
3587 488 3650 532 ut

398 593 714 653 subauditur
733 606 833 663 pro
860 587 963 646 haé
983 589 1139 659 culpa
1167 584 1467 643 satisfactio
1491 590 1632 639 acta.

963 701 1191 759 CAPUT
1229 699 1388 755 XLV.

730 796 806 850 De
828 796 893 850 iis
913 810 1002 866 qui
1028 792 1289 864 falluntur
1312 793 1367 846 in
1388 790 1636 846 oratorio.

468 886 530 942 Si
558 886 677 959 quis
712 885 839 940 dum
870 884 1175 955 pronuntiat
1220 880 1477 951 psalmum
1505 920 1523 946 ,
1564 876 1970 949 responsorium,

398 987 490 1031 aut
511 976 882 1048 atttipltonam,
910 971 988 1029 vel
1018 971 1322 1038 lectionem,
1350 967 1577 1040 fallitur,
1613 968 1714 1022 nisi
1740 982 1857 1020 cum
1889 981 1974 1018 sa-

398 1067 695 1137 tisfactione
736 1063 807 1119 ibi
833 1080 1009 1118 coram
1039 1061 1275 1117 omnibus
1302 1057 1608 1113 humiliatus
1647 1056 1828 1127 fuerit,
1857 1071 1971 1107 ma-

394 1158 503 1229 jori
545 1153 788 1213 vindictae
840 1152 1156 1222 subjaceat;
1210 1148 1396 1220 quippe
1438 1147 1527 1217 qui
1582 1144 1749 1199 noluit
1804 1143 1975 1196 humi-

360 1238 546 1298 ‘litate
587 1245 844 1312 corrigere
886 1239 1026 1296 quod
1079 1237 1389 1308 negligentia
1440 1233 1676 1305 deliquit.
1737 1230 1973 1302 Infantes

399 1352 517 1389 rere
559 1350 656 1405 pro
701 1332 799 1387 tali
848 1346 1002 1402 συπρα
1052 1328 1311 1400 vapulent.
1373 1324 1527 1394 Quod
1571 1323 1732 1388 dicit,
1783 1323 1981 1392 majori
2038 1352 2039 1359 η

399 1428 643 1483 vindicta
691 1426 998 1497 subjaceat,
1053 1421 1404 1486 subauditur,
1470 1417 1625 1487 quasi
1675 1416 1747 1470 ibi
1792 1428 1974 1470 coram

400 1517 651 1575 omnibus
696 1516 1010 1572 humiliatus
1067 1514 1272 1570 fuisset.
1327 1510 1478 1579 Quod
1521 1523 1651 1564 vero
1694 1506 1847 1572 dicit,
1893 1504 1977 1557 iu-

403 1612 574 1681 fant‘es
617 1625 711 1680 pro
755 1607 849 1661 tali
878 1606 1030 1678 culpa
1068 1603 1343 1674 rapulent,
1382 1597 1822 1669 subintelligitur,
1870 1594 1974 1648 nisi

402 1698 475 1754 ibi
507 1712 689 1755 coram
736 1694 985 1751 omnibus
1020 1691 1285 1748 humiliati
1331 1689 1549 1745 fuerint.
1604 1686 1731 1743 Hmc
1771 1686 1837 1741 de
1871 1685 1979 1741 illis

402 1792 492 1862 qui
520 1806 642 1846 raro
662 1789 941 1854 faIiuntnr,
969 1794 1023 1843 et
1051 1801 1191 1857 saepe
1215 1770 1447 1856 Correpti
1473 1798 1579 1839 non
1599 1782 1977 1846 emendantur,

402 1882 615 1939 etiamsi
646 1881 719 1936 ibi
759 1878 1033 1951 humiliati
1060 1876 1261 1932 fuerint
1281 1917 1294 1941 ,
1324 1884 1385 1931 ut
1411 1872 1685 1944 vapulem,
1712 1882 1772 1926 ut
1793 1885 1977 1927 emcn-

402 1975 618 2039 dentur,
644 1981 703 2028 et
735 1986 875 2042 stupe
895 1970 1015 2040 iam
1033 1984 1140 2024 non
1163 1966 1433 2023 fallantur.

970 2080 1196 2139 CAPUT
1223 2078 1405 2136 XLVI.

503 2175 579 2229 De
604 2175 668 2228 iis
694 2176 785 2244 qui
820 2175 874 2227 in
900 2171 1019 2226 aliis
1043 2168 1353 2242 quibuslibet
1382 2170 1532 2223 rebus
1561 2166 1887 2239 delinquunt.

476 2288 534 2341 Si
557 2287 672 2358 quis
697 2284 820 2338 dum
845 2285 907 2338 in
925 2283 1103 2337 labore
1139 2282 1341 2354 quovis,
1380 2281 1433 2336 in
1459 2279 1700 2351 cequina,
1731 2279 1785 2333 in
1814 2278 1975 2333 cella-

406 2379 504 2443 rio,
534 2378 590 2431 in
615 2372 993 2439 ministerio,in
1014 2372 1259 2443 pistrino,
1281 2372 1337 2425 in
1361 2371 1534 2435 horto,
1561 2371 1617 2424 in
1636 2378 1751 2423 arte
1777 2369 1976 2440 aliqua,

403 2468 530 2521 dum
560 2464 794 2529 laborat,
826 2462 904 2517 vel
940 2464 996 2517 in
1023 2476 1328 2533 quocunque
1351 2458 1465 2514 loco
1501 2457 1703 2530 aliquid
1751 2458 1980 2530 delique-

402 2558 498 2622 rit,
523 2564 614 2609 aut
645 2554 855 2625 fregerit
881 2551 1182 2623 quidpiam,
1232 2559 1324 2604 aut
1354 2548 1636 2620 perdiderit
1661 2588 1675 2614 ,
1730 2547 1805 2603 rel
1830 2548 1979 2602 aliud

354 2632 358 2636 ’
404 2644 531 2715 quid
564 2642 836 2697 excesserit
869 2640 956 2695 ubi
988 2649 1037 2695 et
1079 2640 1187 2705 ubi,
1235 2648 1284 2693 et
1333 2655 1436 2694 non
1486 2639 1701 2715 veniens
1734 2637 1979 2692 continuo

403 2712 526 2809 ante
555 2731 813 2796 abbatem,
858 2729 934 2784 vel
971 2729 1421 2800 congregationem
1448 2767 1465 2793 ,
1508 2726 1617 2797 ipse
1647 2712 1784 2780 ultro
1821 2728 1979 2781 satis—

404 2823 608 2897 fecerit,
638 2832 686 2876 et
712 2820 1003 2893 prodiderit
1044 2819 1291 2874 delictum
1315 2834 1469 2874 suum
1495 2859 1509 2883 ,
1542 2818 1667 2872 dum
1695 2834 1787 2889 per
1814 2817 1979 2872 alium

405 2916 667 2987 cognitum
705 2913 883 2984 fuerit,
913 2910 1104 2982 majori
1126 2910 1397 2981 subjaeeat
1422 2910 1792 2965 emendationi.
1843 2909 1980 2965 Hinc

406 3004 694 3061 Cassianus
739 3002 852 3057 ait:
908 3000 966 3057 Si
1011 3001 1133 3071 quis
1182 2999 1379 3069 aliquid
1430 2997 1680 3070 fregerit,
1731 3007 1825 3054 aut
1865 3013 1982 3069 pcr-

405 3094 636 3159 diderit,
677 3108 782 3148 non
809 3093 968 3149 aliter
1005 3090 1381 3164 negligentiam
1413 3104 1566 3145 suam
1606 3089 1833 3157 delebit,
1876 3091 1979 3144 nisi

405 3203 588 3245 coram
612 3188 862 3245 omnibus
880 3186 1139 3243 fratribus
1166 3186 1348 3242 tandiu
1370 3185 1754 3257 supplicaverit
1787 3185 1899 3242 Deo
1928 3186 1981 3240 in
2008 3176 2054 3239 C

406 3290 551 3337 terra
579 3288 912 3352 prostratus,
963 3279 1137 3336 donec
1183 3279 1426 3334 oratione
1464 3278 1706 3334 solvatur
1751 3278 1979 3335 abbatis.

405 3371 581 3442 Supra
613 3370 758 3426 enim
789 3370 1076 3425 nominatas
1100 3362 1440 3441 negligentia:
1473 3368 1769 3425 secundum
1799 3370 1986 3425 modi.—

402 3459 518 3518 lum
543 3460 819 3532 proprium
844 3460 956 3515 sint
980 3460 1296 3531 pensandze,
1328 3467 1384 3515 et
1400 3460 1560 3531 juxta.
1579 3467 1793 3515 mtatem
1820 3460 1986 3515 delin-

406 3553 710 3625 quentium,
744 3551 796 3606 id
820 3559 922 3618 est,
950 3550 1039 3617 vel
1066 3558 1327 3615 teneram,
1358 3549 1442 3606 vel
1472 3550 1719 3617 senilem,
1749 3549 1834 3604 vel
1861 3550 1986 3605 viri-

407 3644 548 3711 lem,
573 3651 698 3699 sunt
722 3642 1046 3713 corrigendi.
1079 3641 1137 3697 Si
1165 3642 1343 3698 abbati
1371 3640 1456 3698 vel
1478 3640 1767 3713 praeposito
1794 3656 1981 3709 puram

407 3737 619 3793 dederit
653 3735 1046 3793 confessionem
1077 3744 1132 3791 et
1171 3745 1506 3806 compertum
1545 3733 1708 3791 fuerit
1738 3750 1843 3789 non
1871 3750 1983 3789 suae

406 3826 700 3883 voluntatis
746 3825 951 3896 fuisse,
994 3830 1138 3899 quod
1193 3842 1322 3884 casu
1375 3827 1604 3894 accidit,
1659 3826 1887 3883 sulIiciat
1933 3826 1982 3880 ci

407 3921 696 3977 emendare
729 3934 852 3977 cum
881 3920 1051 3976 venia:
1079 3919 1447 3977 satisfactione
1472 3920 1616 3992 quod
1639 3919 1882 3989 deliquit.
1925 3917 1982 3973 Si

409 4029 539 4071 vero
582 4030 688 4070 non
716 4030 811 4071 sua
855 4014 1230 4100 conlessioqc,
1281 4014 1376 4072 sed
1413 4013 1636 4071 alterius
1679 4014 1984 4084 proditione

407 4105 683 4176 cognitum
709 4104 890 4172 fuerit,
915 4113 1077 4176 prout
1120 4105 1291 4177 eulpae
1317 4105 1631 4175 magnitudo
1658 4104 1978 4175 poposcerit,

407 4197 736 4268 pmnitentia:
756 4195 1072 4267 subiacebit.

484 4289 547 4345 Si
581 4290 773 4346 anima:
806 4305 924 4345 vero
950 4292 1159 4363 peccati
1190 4306 1353 4346 causa
1383 4288 1553 4345 latens
1576 4290 1754 4359 fuerit,
1783 4300 1983 4344 tantum

414 4380 627 4447 abbati,
682 4389 774 4435 aut
812 4381 1175 4453 spiritualibus
1203 4379 1495 4436 senioribus
1543 4379 1852 4452 patefaciet,
1896 4382 1987 4451 qui

409 4472 579 4526 sciant
603 4487 790 4528 curare
815 4486 945 4538 sua,
965 4481 1015 4527 et
1040 4470 1215 4528 aliena
1249 4469 1462 4526 vulnera
1487 4487 1591 4526 non
1617 4470 1869 4543 detegere,
1894 4482 1985 4525 aut

408 4560 693 4635 publicare.
716 4532 1008 4619 Hortamur
1029 4569 1232 4626 autem,
1250 4561 1393 4632 quod
1415 4561 1458 4617 si
1481 4577 1546 4617 ex
1568 4532 1865 4633 majoribus
1883 4562 1989 4617 cul-
2012 4532 2064 4590 Β

410 4652 510 4723 pis,
536 4651 680 4722 quod
700 4652 768 4708 ad
786 4654 978 4709 anima:
1000 4652 1260 4723 majorem
1277 4652 1546 4723 pertineat
1565 4652 1983 4715 damnationem,

412 4742 645 4814 aliquam
666 4745 998 4802 commiserit
1019 4744 1209 4812 frater,
1234 4745 1494 4801 secretius
1516 4759 1613 4814 per
1637 4758 1828 4814 puram
1858 4759 1988 4799 cuu-

411 4833 705 4892 iessionem
746 4851 846 4893 suo
877 4835 1186 4893 manifestet
1209 4834 1412 4899 abbati,
1458 4847 1548 4897 ne,
1593 4833 1718 4886 dum
1748 4841 1989 4901 tempore

413 4928 517 4985 hoc
553 4928 718 4983 animi
748 4927 963 5000 culpam
1005 4930 1258 4998 detegere
1282 4924 1630 4987 verecundat,
1682 4937 1806 4978 cum
1837 4932 1985 4978 reatu

410 5016 585 5090 culpa:
606 5018 798 5075 faciem
825 5017 1024 5075 diaboli
1051 5016 1280 5071 interius
1308 5011 1584 5070 recondat.

967 5125 1195 5184 CAPUT
1232 5123 1438 5182 XLVII.
1478 5142 1482 5149 '

716 5219 791 5274 De
827 5218 1174 5291 signiﬁcanda
1209 5216 1339 5271 hora
1376 5217 1543 5289 operis
1570 5216 1687 5272 Dei.

488 5308 803 5367 Nuntianda
837 5308 968 5363 hora
1006 5309 1174 5378 operis
1200 5305 1327 5375 Dei,
1368 5307 1453 5361 die
1484 5317 1735 5378 noctuque
1765 5310 1831 5361 sit
1860 5323 1986 5360 cura

413 5401 639 5465 abbatis,
664 5409 723 5451 ut
748 5399 858 5470 ipse
887 5399 1105 5462 nuntiet,
1132 5406 1224 5451 aut
1252 5396 1346 5452 tali
1376 5396 1599 5455 sollicito
1626 5397 1781 5467 fratri
1809 5398 1987 5467 injuri»

414 5501 504 5561 gat
529 5492 666 5546 hanc
693 5504 898 5556 curam,
934 5497 993 5544 ut
1030 5488 1204 5543 omnia
1232 5488 1374 5543 horis
1409 5488 1813 5557 competentibus
1851 5504 1990 5541 com-

416 5581 679 5650 pleantur.
700 5578 839 5638 ilinc
856 5580 1074 5653 quidam
1099 5578 1259 5636 Pater
1280 5580 1387 5634 ait:
1416 5578 1587 5633 Horas
1614 5591 1742 5634 vero
1770 5578 1836 5633 ad
1863 5592 1991 5632 cur-

421 5688 537 5730 sum
571 5691 863 5746 procurare
878 5674 1034 5746 juxta
1060 5672 1513 5744 dispensationem
1556 5671 1767 5725 abbatis
1807 5670 1988 5733 debet,

2072 589 2206 644 Opus
2235 573 2325 627 Dei
2355 587 2465 627 non
2489 572 2767 636 tardetur;
2819 569 2908 638 qui
2942 583 3082 632 non,
3119 581 3223 635 qua
3250 567 3385 621 hora
3427 567 3504 622 illi
3532 567 3651 623 libi-

2076 673 2188 719 tum
2219 664 2404 729 fuerit,
2429 663 2623 718 fratres
2668 661 2737 715 ad
2781 659 2992 732 vigilias
3026 659 3288 715 suscitare
3335 668 3647 728 prtesumat,

2072 754 2168 811 sed
2194 754 2272 809 sic
2314 761 2482 808 totam
2519 752 2991 823 congregationem
3022 749 3089 803 ad
3132 748 3364 803 ofﬁcium
3389 750 3650 805 orationis

2073 847 2295 911 invitet,
2343 862 2411 901 ne
2444 846 2498 900 in
2545 854 2776 915 utroque
2807 844 3112 899 inveniatur
3142 843 3419 909 incautus,
3466 842 3522 898 id
3543 856 3648 910 est,

2073 953 2142 992 ne
2186 937 2270 991 vel
2321 950 2613 1007 oppressus
2660 948 2849 989 somno
2891 940 3145 988 statutam
3192 932 3364 988 noctis
3407 941 3651 990 transeat

2075 1027 2263 1080 horam
2280 1065 2295 1090 ,
2323 1024 2408 1079 vel
2433 1024 2680 1079 eamdem
2704 1023 2932 1076 festinus
2957 1021 3232 1090 anticipet.
3284 1020 3341 1076 Si
3364 1037 3494 1084 vero
3517 1037 3650 1093 qua-

2076 1116 2205 1170 libet
2227 1115 2511 1170 occasione
2530 1128 2561 1166 a
2585 1111 2729 1182 justo
2749 1100 2936 1166 ordine
2956 1110 3231 1164 deviatum
3252 1110 3439 1177 fuerit,
3466 1121 3525 1167 ut
3543 1129 3649 1168 non

2073 1206 2372 1262 secundum
2394 1204 2638 1259 ordinem
2665 1217 2820 1258 suum
2846 1201 2992 1255 horse
3017 1200 3414 1268 custodiantur,
3463 1218 3652 1273 super-

2074 1299 2341 1368 positione
2374 1297 2699 1352 damnentur

2147 1388 2386 1443 Psalmos
2414 1395 2587 1440 autem
2612 1384 2688 1439 vel
2710 1383 3020 1454 antiphonas
3042 1391 3158 1461 post
3182 1383 3421 1438 abbatem
3464 1385 3650 1439 ordine

2073 1498 2169 1535 suo
2192 1478 2380 1549 quibus
2400 1478 2606 1549 justum
2628 1476 2787 1547 fuerit
2807 1475 3095 1545 imponant.
3118 1474 3347 1529 Cantare
3366 1483 3541 1529 autem
3560 1486 3654 1529 aut

2074 1572 2240 1643 legere
2270 1588 2375 1625 non
2401 1578 2684 1640 praesumat
2708 1610 2720 1632 ,
2761 1569 2864 1622 nisi
2902 1568 2992 1638 qui
3016 1576 3181 1637 potest
3222 1568 3392 1638 ipsum
3432 1565 3652 1637 oﬂicium

2075 1663 2307 1734 implere,
2347 1670 2403 1716 ut
2434 1652 2758 1729 a'diﬁcentur
2784 1659 3075 1714 audientes.
3115 1656 3268 1723 Quod
3296 1674 3414 1712 cum
3442 1657 3655 1712 humili-

2077 1762 2182 1807 tate
2205 1762 2253 1806 et
2278 1752 2555 1822 gravitate,
2579 1759 2628 1803 et
2673 1757 2894 1803 tremore
2924 1746 3110 1818 faciat,
3138 1757 3184 1803 et
3214 1748 3300 1800 cui
3319 1747 3540 1818 jusserit
3567 1747 3658 1802 ab-

2009 1832 2053 1890 Β
2081 1845 2193 1898 bas.
2248 1844 2400 1909 Quod
2457 1842 2625 1906 dicit,
2675 1850 2790 1913 post
2836 1840 3073 1895 abbatem
3121 1842 3303 1896 ordine
3348 1858 3445 1895 suo
3488 1842 3653 1910 impo-

2077 1940 2204 1985 nant
2228 1972 2243 1998 ,
2291 1946 2397 1985 non
2446 1931 2515 1986 de
2549 1929 2673 1995 illo,
2723 1944 2830 1999 quo
2856 1930 3078 1999 ingressi
3114 1937 3242 1983 sunt
3283 1929 3477 1985 ordine
3501 1930 3653 1995 dicit,

2076 2021 2173 2076 sed
2196 2020 2262 2076 de
2285 2020 2391 2076 illis
2432 2020 2629 2090 quibus
2651 2020 2719 2074 ab
2745 2020 2940 2075 abbate
2974 2019 3186 2089 jussum
3218 2028 3325 2085 est,
3352 2027 3406 2074 et
3431 2019 3524 2089 qui
3552 2019 3658 2073 hoc

2077 2126 2211 2181 opus
2237 2111 2375 2166 bene
2403 2125 2561 2181 agere
2587 2120 2837 2180 possunt,
2884 2111 2951 2166 de
2990 2112 3188 2181 quibus
3220 2110 3381 2165 etiam
3407 2110 3659 2180 superius

2077 2199 2249 2255 dixit:
2283 2199 2503 2255 Fratres
2535 2214 2641 2255 non
2665 2215 2763 2269 per
2786 2201 3031 2255 ordinem
3062 2199 3241 2270 legant
3275 2207 3371 2254 aut
3411 2207 3656 2264 cantent,

2079 2290 2173 2347 sed
2213 2291 2304 2361 qui
2329 2289 2598 2345 aediﬁcent
2620 2289 2919 2344 audientes.
2969 2288 3123 2356 Quod
3149 2296 3206 2343 et
3231 2287 3305 2342 illi
3335 2286 3477 2342 sicut
3512 2286 3658 2343 ordi—

2080 2383 2266 2447 natim,
2296 2382 2368 2437 ita
2397 2389 2452 2437 et
2476 2389 2634 2436 caute
2666 2391 2723 2435 et
2754 2395 2876 2435 cum
2916 2379 3223 2435 humilitate
3248 2393 3409 2451 agere
3434 2379 3650 2433 debent.
3704 2392 3708 2401 '

2083 2471 2234 2528 Unde
2263 2481 2317 2527 et
2344 2471 2590 2541 sequitur
2614 2489 2627 2524 :
2658 2470 2889 2526 Cantare
2919 2477 2972 2525 et
3000 2469 3179 2541 legere
3217 2484 3322 2524 non
3349 2476 3660 2539 praesumat,

2082 2563 2185 2617 nisi
2221 2563 2311 2632 qui
2348 2568 2547 2632 potest,
2574 2569 2680 2616 etc.
2896 2606 2901 2611 .

2625 2651 2852 2708 CAPUT
2892 2651 3119 2709 XLVIII.

2420 2744 2499 2802 De
2522 2763 2674 2817 opere
2699 2763 2953 2802 manuum
2972 2746 3300 2819 quotidiana.

2155 2844 2407 2900 Otiositas
2432 2846 2646 2900 inimica
2670 2856 2743 2900 est
2775 2846 2986 2901 animte.
3013 2843 3231 2902 Otiosus
3256 2846 3399 2901 enim
3434 2859 3664 2918 corpore

2084 2937 2402 3003 monachus,
2430 2944 2612 2993 mente
2632 2951 2664 2990 a
2693 2936 2926 2992 sordidis
2945 2935 3358 3008 cogitationibus
3386 2951 3665 3006 nunquam

2086 3027 2284 3096 poterit
2326 3042 2447 3083 esse
2490 3027 2716 3083 otiosus.
2770 3025 2876 3083 Per
2918 3028 3089 3083 otium
3136 3029 3283 3083 enim
3320 3027 3566 3083 libidines
3608 3036 3666 3083 et

2088 3119 2372 3174 noxiarum
2411 3119 2793 3191 cogitationum
2840 3119 3108 3176 desideria
3147 3127 3502 3176 concrescunt
3524 3160 3539 3185 ,
3584 3119 3666 3174 di-

2084 3218 2243 3266 oentc
2288 3208 2612 3266 Salomone:
2658 3210 2727 3265 In
2755 3209 3029 3265 desideriis
3060 3220 3135 3266 est
3167 3211 3341 3266 omnis
3368 3211 3587 3275 otiosus,
3614 3220 3665 3264 et

2082 3304 2249 3359 multa
2285 3303 2427 3358 mala
2450 3304 2706 3375 excogitat
2734 3304 2990 3359 otiositas.
3037 3303 3327 3358 Hortamur
3354 3316 3482 3373 ergo
3505 3342 3521 3369 ,
3550 3300 3664 3356 Ira-

2086 3404 2193 3451 tres
2217 3436 2233 3461 ,
2277 3403 2340 3449 ut
2365 3395 2536 3450 otium
2561 3410 2668 3450 non
2706 3395 2899 3450 ametis
2922 3436 2936 3457 ,
2990 3395 3083 3449 sed
3110 3407 3209 3463 per
3233 3394 3504 3449 sincerum
3534 3407 3665 3446 una-

2083 3487 2347 3542 uimitatis
2386 3500 2708 3541 consensum
2742 3485 3132 3554 unusquisque,
3180 3491 3239 3538 ut
3268 3482 3545 3554 praevalet,
3589 3484 3666 3537 sic

2083 3580 2314 3643 laboret,
2360 3576 2573 3645 abiecto
2599 3592 2630 3630 a
2661 3592 2741 3641 se,
2784 3575 2875 3643 qui
2910 3575 3017 3628 huc
3047 3588 3219 3643 usque
3243 3573 3367 3627 talis
3393 3571 3516 3640 fuit,
3564 3574 3665 3628 hoc

2083 3669 2213 3724 vitio
2234 3708 2249 3733 ,
2278 3672 2558 3738 promptus
2586 3664 2652 3720 ad
2692 3678 2853 3719 omne
2890 3678 3025 3733 opus
3054 3669 3328 3727 occurrat,
3379 3663 3506 3732 quia
3534 3664 3665 3717 scri-

2083 3770 2233 3831 ptum
2257 3768 2339 3814 est
2369 3777 2381 3812 :
2434 3756 2558 3812 Non
2591 3756 2762 3811 oderis
2791 3753 3055 3809 laboriosa
3083 3770 3256 3825 opera,
3290 3763 3338 3808 et
3365 3753 3666 3807 rusticatio-

2085 3872 2200 3910 nem
2229 3855 2293 3910 ab
2325 3854 2859 3930 Altissimdcrsatam
2895 3847 3224 3921 (Eccli.vu).
3278 3846 3336 3903 Si
3366 3848 3510 3902 enim
3538 3862 3665 3918 apo-

2085 3947 2210 4002 stoli
2253 3943 2532 4015 corporale
2558 3957 2693 4013 Opus
2737 3940 3005 3996 faciebant
3026 3938 3172 3993 unde
3212 3938 3380 3992 vitam
3424 3938 3666 4006 corporis

2084 4038 2432 4101 sustinerent,
2483 4043 2685 4107 quanto
2711 4033 2881 4105 magis
2917 4030 3188 4096 monachi,
3231 4029 3428 4100 quibus
3453 4034 3666 4098 oportet

2085 4146 2191 4186 non
2218 4130 2390 4186 solum
2412 4129 2537 4184 vitte
2565 4143 2676 4182 sum
2703 4125 3006 4181 necessaria
3025 4122 3260 4194 prapriis
3288 4121 3537 4176 manibus
3563 4134 3664 4173 ex-

2088 4221 2272 4276 hibere
2298 4261 2312 4286 ,
2358 4221 2454 4278 sed
2501 4219 2664 4274 etiam
2712 4216 3061 4287 indigentiam
3112 4213 3342 4268 aliorum
3388 4210 3669 4266 laboribus

2087 4314 2199 4369 suis
2228 4313 2468 4369 reficere.
2510 4310 2610 4379 Qui
2638 4296 2844 4365 viribus
2879 4307 3118 4377 corporis
3149 4315 3205 4360 et
3248 4305 3554 4375 integritate
3581 4318 3666 4359 sa-

2089 4410 2215 4464 lutis
2239 4408 2580 4471 consistunt,
2632 4406 2675 4460 si
2708 4405 2759 4459 in
2792 4418 2958 4475 opere
2985 4401 3141 4457 otiosi
3177 4408 3337 4467 sunt,
3381 4399 3667 4470 dupliciter

2089 4514 2312 4570 peccare
2349 4504 2648 4553 noseuntur
2671 4535 2685 4560 ,
2733 4494 2858 4563 quia
2904 4508 3009 4547 non
3039 4490 3211 4546 solum
3249 4505 3352 4545 non
3398 4488 3667 4553 laborant,

2094 4591 2188 4645 sed
2207 4589 2369 4657 etiam
2394 4584 2527 4641 alios
2552 4585 2762 4649 vitiant,
2796 4592 2852 4638 et
2877 4584 2944 4638 ad
2969 4583 3324 4637 imitationem
3354 4595 3503 4636 suam
3535 4579 3669 4634 invi-

2094 4689 2228 4735 tant.
2275 4677 2565 4747 Propterea
2586 4676 2728 4729 enim
2764 4675 2993 4744 quisque
3019 4675 3084 4727 ad
3110 4671 3276 4728 Deum
3310 4670 3663 4734 convertitur,

2095 4781 2153 4824 ut
2187 4771 2233 4824 ei
2260 4769 2570 4824 de=erviens
2611 4766 2813 4821 laboris
2852 4765 3049 4821 habeat
3088 4777 3447 4826 curam,non
3475 4769 3535 4815 ut
3556 4760 3671 4815 otio

2095 4859 2307 4914 deditus
2334 4858 2526 4912 inertia
2548 4899 2563 4922 ,
2588 4856 2913 4928 pigritiaque
2942 4863 3216 4926 pascatur.
3250 4853 3353 4920 Qui
3380 4852 3461 4907 sic
3480 4850 3671 4906 volunt

2092 4965 2286 5005 vacare
2314 4949 2554 5014 lectioni,
2600 4958 2661 5003 ut
2685 4964 2792 5003 non
2821 4955 3114 5017 operentur
3139 4987 3153 5011 ,
3193 4946 3292 5017 ipsi
3320 4951 3677 5001 contumaces

2090 5039 2348 5103 existunt,
2386 5038 2512 5109 quia
2539 5054 2647 5094 non
2675 5035 2878 5093 faciunt
2903 5037 3046 5107 quod
3070 5037 3141 5091 ibi
3169 5034 3370 5104 legunt.
3417 5032 3495 5088 Ibi
3519 5033 3675 5087 enim

2091 5129 2349 5200 scriptum
2407 5137 2532 5184 est:
2595 5125 2883 5199 Operantes
2929 5142 3081 5181 suum
3127 5139 3310 5196 panem
3354 5122 3671 5176 manducent

2094 5212 2275 5294 (Prov.
2304 5223 2516 5291 XXVIII).
2551 5218 2686 5275 Hine
2716 5233 2812 5290 per
2835 5217 3149 5288 prophetam
3170 5214 3244 5269 de
3288 5213 3468 5268 anima
3495 5211 3673 5265 otiosa

2093 5313 2294 5368 dicitur
2315 5327 2333 5364 :
2366 5309 2620 5365 Viderunt
2651 5325 2767 5363 eam
2796 5309 2965 5362 hostes
2992 5346 3013 5372 ,
3048 5314 3096 5359 et
3132 5304 3426 5357 deriserunt
3451 5299 3673 5353 sabbata

2093 5403 2206 5473 ejus
2232 5399 2445 5472 (Thren.
2484 5399 2545 5470 ι).
2592 5397 2785 5452 Hostes
2818 5395 2962 5449 enim
3008 5392 3231 5447 sabbata
3256 5391 3502 5445 videntes
3546 5388 3671 5443 irri-

2094 5492 2242 5553 dent,
2290 5503 2415 5544 cum
2456 5486 2677 5555 maligni
2723 5484 2945 5555 spiritus
2982 5484 3101 5553 ipsa
3140 5480 3438 5536 vacationis
3464 5480 3575 5533 otia
3603 5478 3674 5532 ad

2092 5576 2449 5647 cogitationes
2477 5574 2688 5629 illicitas
2718 5571 3052 5643 pertrahunt.

2167 5668 2234 5722 Et
2264 5667 2380 5722 ideo
2411 5666 2563 5720 certis
2610 5663 2925 5735 temporibus
2969 5660 3215 5731 occupari
3259 5658 3439 5711 debent
3477 5655 3670 5725 fratres

424 5767 515 5819 sui
538 5744 844 5823 ordinatum
883 5744 1087 5833 inerit;
1111 5763 1161 5819 id
1194 5772 1295 5831 est,
1338 5761 1642 5834 quimcute
1681 5761 1909 5817 sollicita
1938 5773 2001 5818 et
2094 5762 2151 5815 in
2185 5758 2361 5813 labore
2398 5769 2693 5820 manuum,
2736 5754 2888 5806 certis
2931 5748 3305 5837 itt-rtmk‘ltoris
3343 5746 3399 5798 in
3451 5744 3670 5799 lectione
