3944 6412
279 312 389 372 885

1310 310 1663 368 COMMENT.
1706 309 1775 365 IN
1814 308 1974 365 RBG.
2018 309 2077 364 S.
2118 307 2493 367 BENEDICTI.

3428 313 3531 369 886

272 427 472 483 divina.
524 422 773 495 Idcoque‘
805 422 903 476 hac
951 422 1284 494 dispositione
1331 425 1591 480 credimus
1632 434 1852 493 utraque
1880 424 1930 482 Α
1956 419 2197 477 Monachi
2232 411 2411 478 autem
2454 429 2741 493 operantes
2789 422 3035 480 meditari
3062 402 3117 480 et
3163 425 3395 496 psallere
3436 428 3537 482 dc-

272 529 508 587 tempora
535 514 795 578 ordinari,
827 511 883 567 id
918 521 1012 579 est,
1053 523 1108 568 ut
1138 532 1170 568 a
1213 512 1421 569 Pascha
1449 532 1608 586 usque
1651 515 1722 568 ad
1745 513 1856 568 Ka-

272 608 459 663 lendas
492 604 756 671 Octobris,
793 619 948 659 mane
993 614 1234 659 exeuntes
1259 646 1274 669 ,
1306 624 1337 659 a
1380 606 1551 676 prima
1587 621 1749 675 usque
1786 604 1856 657 ad

274 703 462 757 horam
488 715 619 769 pene
662 705 905 768 quartam
930 694 1165 751 laborent
1202 696 1343 767 quod
1372 696 1716 750 necessarium
1746 693 1858 762 fue-

276 792 365 844 rit.
417 788 495 843 Ab
543 788 674 842 hora
712 795 888 840 autem
934 795 1122 856 quarta
1161 802 1324 856 usque
1364 785 1432 839 ad
1478 785 1662 838 horam
1707 784 1859 854 quasi

273 889 480 935 sextam
510 878 719 931 lectioni
744 884 942 930 uacent.
974 875 1149 946 Agent
1168 876 1297 931 dicit
1316 917 1329 941 ,
1357 874 1632 937 festinent,
1670 874 1750 927 vel
1775 889 1859 928 sa.

240 1000 255 1009 -
277 972 348 1027 tis
378 978 540 1042 agant
565 988 578 1023 :
610 970 715 1024 hoc
743 968 886 1023 enim
911 968 1225 1039 intelligitur
1248 977 1422 1038 agent.
1468 967 1606 1022 lline
1626 966 1860 1021 lsidorus

279 1065 355 1120 ait
381 1082 395 1117 :
433 1062 672 1133 Propriis
701 1069 882 1116 autem
912 1062 1247 1130 temporibus
1267 1068 1480 1131 oportet
1505 1060 1716 1130 Operari
1746 1074 1860 1112 mo-

279 1157 536 1219 nachum,
585 1161 639 1209 et
683 1170 714 1207 a
754 1152 987 1223 propriis
1032 1152 1263 1206 orationi
1302 1149 1627 1220 lectionique
1656 1149 1859 1203 incum-

280 1250 429 1302 bere.
460 1246 633 1300 Horas
654 1244 800 1299 enim
825 1242 985 1298 debet
1013 1242 1209 1297 habere
1246 1240 1542 1296 monachus
1570 1254 1858 1309 congruas,

280 1347 334 1392 et
361 1337 427 1390 ad
457 1333 665 1405 singula
687 1332 860 1388 ollicia
886 1332 1186 1402 deputatas.
1225 1330 1415 1385 Partes
1443 1336 1624 1384 autem
1654 1338 1861 1399 tempo-

282 1443 401 1482 rum
457 1425 571 1481 suis
627 1409 930 1493 quibusque
972 1422 1227 1491 operibus
1282 1420 1464 1475 taliter
1513 1420 1857 1489 deputantur.

284 1516 497 1573 Estate
525 1515 669 1571 enim
694 1529 724 1568 a
753 1526 910 1567 mane
937 1526 1110 1582 usque
1138 1511 1193 1565 in
1224 1511 1416 1565 horam
1461 1508 1675 1563 tertiam
1717 1507 1863 1562 labo-

285 1622 407 1663 rare
437 1611 669 1676 oportet,
700 1618 731 1658 a
772 1602 932 1658 tertia
960 1616 1090 1655 vero
1112 1615 1282 1670 usque
1316 1598 1384 1653 ad
1409 1605 1618 1653 sextam
1646 1597 1861 1653 lectioni

1960 509 2109 574 bent,
2162 520 2220 566 ut
2250 528 2471 568 carmen
2520 514 2670 568 verbi
2714 513 2804 569 Dei
2850 513 3206 570 delectatione
3230 514 3538 571 consoletur

1962 601 2137 671 ipsum
2170 601 2429 657 laborem.
2471 602 2702 659 Maxime
2726 611 2905 659 autem
2933 604 3368 676 Quadragesima:
3398 617 3533 661 tem-

1959 708 2091 762 pore
2114 691 2468 747 laborandum
2496 702 2578 747 est
2615 708 2860 764 corpore,
2883 695 2986 751 lixa
3025 697 3079 752 in
3117 698 3226 753 Deo
3252 698 3415 753 animi
3447 698 3534 752 in-

1962 782 2220 837 tentione.
2285 781 2483 851 Sicque
2530 799 2723 839 manus
2773 785 3095 854 implicanda
3142 796 3226 844 est
3276 789 3328 843 in
3373 802 3540 858 opere

1959 875 2293 946 quotidiano,
2323 883 2382 928 ut
2408 890 2562 930 mens
2587 891 2695 931 non
2720 886 2997 932 avertatur
3028 895 3057 932 a
3084 879 3210 933 Deo.

2031 965 2100 1020 In
2122 965 2306 1036 quibus
2353 964 2537 1020 diebus
2586 964 3013 1036 Quadragesima:
3056 968 3313 1038 accipiant
3362 986 3541 1025 omnes

1960 1055 2193 1126 singulos
2223 1056 2424 1109 codices
2453 1056 2517 1110 de
2549 1055 2881 1122 bibliotheca,
2927 1074 3057 1128 quos
3081 1074 3175 1127 per
3206 1059 3437 1113 ordinem
3476 1076 3540 1115 ea:

1960 1149 2160 1218 integro
2203 1146 2397 1217 legant.
2452 1145 2556 1212 Qui
2585 1146 2787 1200 codices
2826 1147 2880 1200 in
2911 1148 3079 1217 capite
3109 1146 3390 1219 Quadrage
3423 1150 3543 1203 imm

1959 1239 2122 1292 nandi
2155 1240 2296 1292 sunt.
2343 1239 2419 1292 De
2460 1237 2786 1292 bibliotheca
2810 1237 2960 1302 dicit,
3001 1237 3055 1292 id
3082 1239 3302 1301 est,.de
3352 1239 3543 1294 cellula

1961 1328 2051 1382 ubi
2075 1328 2198 1383 libri
2224 1327 2605 1383 reconduntur.
2658 1326 2793 1381 Nam
2821 1328 2961 1397 quod
2986 1326 3173 1383 Grmce
3195 1328 3543 1394 bibliotheca,

1963 1417 2156 1472 Latine
2181 1417 2439 1487 repositio
2468 1416 2730 1472 librorum
2756 1417 2971 1473 dicitur.

2031 1506 2165 1562 Ante
2192 1507 2368 1562 omnia
2414 1523 2539 1561 sane
2564 1506 2875 1577 deputentur
2923 1524 3058 1562 unus
3094 1517 3187 1561 aut
3220 1508 3325 1563 duo
3373 1511 3548 1564 senio-

1964 1617 2065 1665 res,
2093 1600 2183 1671 qui
2208 1599 2527 1653 circumeant
2558 1599 2931 1654 monasterium
2971 1598 3115 1653 horis
3140 1599 3326 1669 quibus
3356 1610 3544 1655 vacant

283 1711 517 1761 vacare,
553 1692 749 1749 dehinc
782 1706 953 1760 usque
982 1692 1052 1746 ad
1096 1704 1293 1744 nonam
1334 1689 1694 1758 requiescere.
1733 1686 1864 1741 Post
1963 1690 2152 1759 fratres
2199 1688 2427 1754 lectioni,
2475 1696 2523 1741 et
2572 1687 2779 1743 uideant
2820 1704 2883 1743 ne
2910 1687 3044 1759 forte
3089 1690 3387 1745 inveniatur
3430 1690 3543 1760 fra-

287 1802 483 1844 nonam
512 1793 690 1840 autem
726 1797 894 1854 usque
923 1782 991 1837 ad
1033 1788 1244 1851 tempus
1269 1778 1631 1850 vespertinum
1662 1779 1860 1834 iterum
1890 1774 1934 1833 B
1963 1791 2042 1835 ter
2065 1780 2360 1847 acediosus,
2391 1780 2482 1851 qui
2510 1788 2659 1835 vacat
2687 1781 2793 1835 otio
2824 1788 2914 1835 aut
2939 1780 3134 1850 fabulis
3159 1791 3206 1836 et
3233 1798 3338 1837 non
3364 1793 3440 1837 est
3466 1783 3549 1838 in-

284 1878 519 1951 operari.
1877 1931 1886 1943 _
1911 1918 1921 1928 .
1964 1879 2131 1925 tentus
2152 1869 2380 1937 lectioni,
2403 1879 2451 1924 et
2482 1886 2586 1924 non
2614 1868 2783 1924 solum
2803 1869 2900 1925 sibi
2925 1871 3126 1926 inutilis
3146 1882 3242 1939 est,
3275 1871 3365 1933 sed
3389 1875 3550 1929 etiam

364 1967 487 2022 Post
530 1974 730 2021 sextam
759 1973 932 2018 autem
965 1970 1234 2033 surgentes
1267 1980 1300 2017 a
1342 1977 1524 2016 mensa
1562 1970 1780 2032 pausent
1810 1960 1865 2014 in

289 2060 433 2113 lectis
459 2057 568 2111 suis
598 2070 715 2110 cum
749 2053 890 2108 onmi
936 2051 1141 2107 silentio
1166 2093 1181 2116 ,
1225 2061 1317 2107 aut
1347 2052 1481 2122 forte
1515 2052 1603 2122 qui
1650 2050 1865 2106 uoluerit

290 2151 475 2220 legere,
531 2148 630 2203 sibi
671 2148 746 2201 sic
791 2144 961 2216 legat,
1014 2153 1069 2197 ut
1116 2142 1281 2197 alium
1328 2159 1431 2198 non
1477 2142 1743 2213 inquietet.
1801 2140 1868 2194 Et

292 2248 521 2310 agantur
555 2252 693 2290 nona
739 2233 1016 2305 temperius
1043 2273 1059 2298 ,
1103 2232 1363 2287 mediante
1403 2241 1585 2288 octava
1630 2231 1779 2294 hora,
1820 2241 1868 2285 et

291 2341 477 2384 iterum
500 2326 638 2399 quod
669 2324 965 2396 faciendum
997 2331 1070 2376 est
1096 2331 1375 2393 operentur
1408 2338 1569 2393 usque
1596 2321 1665 2376 ad
1692 2338 1869 2391 vespe-

292 2436 428 2474 rum.
460 2416 517 2474 Si
548 2426 721 2472 autem
753 2414 1030 2469 necessitas
1058 2412 1180 2478 loci,
1210 2421 1302 2466 aut
1341 2421 1620 2484 paupertas
1645 2414 1869 2483 exegerit

294 2521 348 2565 ut
393 2509 461 2564 ad
486 2508 660 2579 fruges
688 2504 1005 2576 colligendas
1025 2518 1117 2572 per
1148 2520 1204 2559 se
1247 2512 1583 2575 occupentur,
1621 2521 1723 2558 non
1748 2520 1873 2557 con-

292 2604 584 2664 tristentur,
634 2599 759 2671 quia
803 2609 927 2653 tunc
978 2611 1095 2650 uere
1132 2598 1374 2653 monachi
1419 2607 1562 2662 sunt,
1602 2600 1650 2651 si
1696 2597 1872 2651 labore

296 2708 546 2749 manuum
572 2707 790 2746 suarum
818 2695 1014 2760 vivunt,
1039 2694 1171 2748 sicut
1195 2700 1243 2746 et
1264 2699 1439 2761 patres
1462 2689 1628 2744 nostri
1665 2698 1715 2743 et
1743 2706 1872 2760 apo-

296 2786 435 2840 stoli.
484 2783 755 2856 Scriptum
783 2796 866 2843 est
892 2786 1039 2841 enim
1066 2803 1079 2840 :
1113 2783 1339 2839 Labores
1366 2798 1620 2837 manuum
1662 2790 1873 2835 tuarum

296 2876 420 2945 quia
447 2876 791 2933 manducabis
818 2917 833 2942 ,
883 2864 1063 2931 beatus
1089 2893 1167 2941 es,
1195 2886 1244 2930 et
1286 2877 1411 2929 bene
1440 2873 1533 2929 tibi
1558 2874 1656 2928 erit
1698 2869 1870 2944 (Psal.

297 2968 520 3040 cxxvn).
551 2968 694 3041 Ergo
707 2969 1052 3035 monachum,
1069 2976 1127 3024 ut
1147 2968 1341 3024 beatus
1353 2965 1625 3023 Ferriolns
1640 2966 1737 3031 ait,
1753 2965 1877 3020 abs-

297 3077 401 3131 que
424 3060 590 3115 certis
623 3059 1055 3116 solemnitatibus
1095 3060 1181 3114 vel
1212 3057 1495 3113 manifesta
1534 3055 1873 3126 aegritudine,

1963 1961 2096 2016 alios
2121 1959 2344 2017 extollit.
2387 1960 2489 2016 Hic
2511 1962 2633 2016 talis
2654 1962 2700 2016 si
2725 1961 2886 2033 (quod
2907 1962 3065 2035 absit)
3108 1974 3337 2035 repertus
3367 1965 3547 2035 fuerit,

1964 2052 2282 2123 corripiatur
2300 2050 2459 2107 semel
2484 2060 2532 2106 et
2555 2051 2782 2107 secundo
2800 2070 2819 2119 ;
2840 2054 2885 2107 si
2908 2069 3013 2108 non
3031 2054 3402 2122 emendaverit,
3434 2071 3555 2109 cor-

1967 2143 2186 2212 reptioni
2216 2141 2443 2213 regulari
2461 2142 2728 2213 subjaceat
2748 2141 2944 2209 taliter,
2974 2152 3031 2198 ut
3047 2146 3218 2199 cteteri
3238 2154 3435 2199 metum
3458 2146 3552 2200 ha-

1967 2236 2138 2291 beant.
2169 2235 2464 2291 Acediosus
2478 2235 2676 2291 dicitur
2695 2236 2967 2299 taediosus,
2984 2237 3199 2301 anxius,
3224 2251 3376 2291 vana:
3399 2251 3549 2291 men-

1971 2328 2059 2394 tis,
2092 2326 2177 2382 vel
2199 2327 2381 2383 animo
2403 2326 2565 2394 levis,
2600 2326 2693 2396 qui
2718 2326 2875 2382 tmdio
2902 2327 3097 2382 mentis
3122 2335 3445 2391 commotus,
3467 2325 3557 2383 vel

1968 2418 2189 2474 levitate
2204 2418 2371 2474 animi
2391 2417 2718 2481 sublevatus,
2734 2433 2836 2474 nec
2856 2432 2916 2474 se
2938 2418 3066 2473 sinit
3079 2417 3282 2490 legere,
3306 2430 3404 2473 nec
3416 2417 3554 2472 alios

1970 2508 2184 2564 lectioni
2217 2509 2346 2565 sinit
2372 2524 2587 2565 vacare.
2636 2507 2739 2577 Qui
2764 2518 2820 2565 et
2845 2508 2949 2564 sibi
2977 2509 3219 2579 vagando
3240 2508 3467 2573 inutilis,
3497 2516 3554 2563 et

1972 2599 2094 2656 aliis
2139 2600 2442 2672 legentibus
2487 2602 2759 2657 invenitur
2805 2617 2926 2658 esse
2972 2602 3301 2659 contrarius.
3364 2601 3551 2659 Otium

1973 2690 2117 2745 enim
2138 2698 2193 2746 et
2224 2689 2433 2747 fabulas
2464 2691 2638 2762 diligit
2665 2708 2680 2758 ;
2718 2700 2774 2748 et
2796 2693 2923 2755 ideo
2948 2701 3087 2751 et'se
3106 2701 3163 2750 et
3192 2693 3327 2749 alios
3347 2709 3379 2748 a
3403 2708 3559 2749 sacra

1975 2782 2203 2837 lectione
2233 2782 2478 2846 distollit,
2515 2782 2567 2837 id
2594 2790 2697 2848 est,
2729 2791 2998 2855 segregat,
3022 2783 3106 2841 vel
3135 2785 3421 2840 disturbat.
3452 2784 3557 2852 Qui

1979 2873 2158 2928 taliter
2200 2873 2574 2944 corripiendus
2621 2882 2744 2940 est,
2804 2882 2865 2930 ut
2916 2877 3100 2931 caeteri
3146 2874 3267 2944 eius
3316 2876 3560 2932 videntes

1978 2963 2301 3020 acerrimam
2351 2964 2777 3033 correptionem,
2839 2965 3001 3019 talem
3053 2973 3113 3021 ut
3172 2966 3400 3021 ulterius
3450 2983 3558 3021 non

1979 3055 2212 3111 audeant
2260 3054 2607 3139 committere
2638 3054 3087 3110 disturbationem
3114 3096 3129 3121 ,
3174 3071 3242 3111 ne
3282 3056 3352 3110 ad
3395 3055 3558 3111 talem

297 3119 440 3208 diem
467 3152 584 3209 sine
606 3153 919 3224 operatione
942 3159 1329 3215 transeuntem,
1365 3167 1395 3207 a
1423 3119 1669 3208 convivio
1689 3149 1875 3205 decer-
1903 3119 1948 3180 Ο
1979 3147 2173 3201 audeat
2201 3144 2370 3200 frater
2399 3119 2607 3201 fratri;
2625 3145 2776 3201 horis
2813 3119 3303 3218 incompetentibus
3332 3145 3559 3219 jungore

298 3244 476 3301 nimus
497 3244 906 3311 excludendum,
942 3241 1165 3312 iubente
1195 3241 1453 3314 Apostolo
1479 3260 1491 3295 :
1529 3239 1632 3307 Qui
1664 3256 1768 3294 non
1797 3238 1877 3293 la-

298 3334 504 3401 borant,
531 3351 634 3389 non
668 3335 980 3390 manducent
1006 3334 1093 3406 (11
1121 3334 1299 3390 Thess.
1328 3334 1433 3405 ut).

369 3421 561 3479 Omnia
605 3435 779 3480 tamen
826 3434 1124 3481 mensurate
1170 3426 1302 3495 ﬁant
1352 3436 1562 3498 propter
1601 3424 1879 3497 pusillani-

300 3530 425 3569 mes.
456 3513 839 3571 Pusillanimus
865 3515 1063 3572 dicitur
1098 3516 1352 3586 pusillum
1380 3517 1624 3573 animum
1650 3517 1876 3582 habens,

298 3604 580 3673 parvulum
613 3606 699 3660 vel
726 3606 1023 3674 modicum,
1046 3615 1142 3663 aut
1164 3614 1314 3664 certe
1334 3608 1700 3679 desperatum.
1745 3604 1881 3661 Hinc

300 3695 492 3750 beatus
517 3694 839 3750 Pachomius
863 3697 975 3751 ait:
1029 3695 1107 3751 Ne
1132 3698 1252 3766 plus
1278 3700 1460 3767 operis
1487 3699 1686 3754 fratres
1725 3714 1879 3754 com-

299 3784 570 3854 pellantur
597 3783 798 3851 facere,
846 3786 940 3839 sed
973 3786 1283 3842 moderatus
1321 3787 1477 3843 labor
1500 3805 1689 3844 omnes
1712 3791 1780 3843 ad
1808 3791 1883 3844 la-

300 3864 600 3930 borandum
627 3882 901 3943 provocet.
936 3872 1126 3944 Sitque
1149 3874 1290 3929 inter
1324 3889 1419 3931 eos
1444 3892 1550 3946 pax
1568 3886 1731 3948 atque
1754 3894 1885 3933 con-

301 3963 509 4025 cordia,
550 3971 606 4018 et
638 3963 867 4019 libenter
892 3962 1189 4034 majoribus
1230 3965 1605 4039 subiiciantur,
1632 3968 1883 4025 sedentes

303 4062 359 4110 et
382 4054 717 4109 ambulantes
754 4070 819 4112 ac
847 4064 1056 4113 stantes
1083 4057 1138 4112 in
1163 4059 1355 4114 ordine
1396 4074 1529 4125 suo,
1573 4066 1628 4113 et
1653 4059 1883 4115 invicem

305 4144 374 4200 de
399 4144 704 4201 humilitate
725 4154 1016 4203 certantes.

375 4235 419 4288 Α
443 4234 698 4290 Kalendis
723 4246 898 4295 autem
920 4236 1176 4305 Octobris,
1200 4256 1362 4310 usque
1381 4240 1451 4295 ad
1470 4223 1624 4313 caput
1652 4242 1886 4312 quadra-

307 4326 535 4395 gesima',
567 4343 727 4397 usque
768 4328 838 4382 ad
866 4329 1051 4383 horam
1080 4330 1364 4385 secundam
1391 4331 1597 4402 plenam
1618 4372 1633 4398 ,
1676 4332 1886 4389 lectioni

310 4425 527 4481 vacent;
571 4417 702 4470 hora
731 4417 963 4472 secunda
992 4427 1182 4489 agatur
1216 4420 1392 4484 tertia,
1436 4427 1486 4474 et
1513 4438 1675 4491 usque
1702 4420 1770 4474 ad
1793 4439 1886 4493 uo-

312 4522 430 4558 nam
476 4522 650 4561 omnes
677 4508 731 4561 in
766 4525 895 4577 opus
922 4525 1073 4563 suum
1103 4508 1337 4565 laborent
1382 4511 1522 4581 quod
1554 4512 1888 4582 eisinjungi-

311 4606 415 4648 tur.
470 4594 637 4651 Facto
683 4608 859 4652 autem
905 4599 1072 4669 primo
1119 4599 1268 4666 signa
1313 4600 1457 4654 hanc
1498 4617 1647 4655 name
1680 4601 1887 4671 disjun-

312 4694 435 4754 gant
473 4701 527 4739 se
570 4684 635 4738 ab
683 4703 833 4757 opere
870 4704 967 4742 suo
1013 4688 1238 4757 singuli,
1287 4698 1334 4742 et
1381 4690 1483 4743 sint
1539 4691 1712 4759 parati
1763 4691 1890 4744 dum

311 4773 598 4827 secundum
637 4776 844 4847 signum
867 4775 1170 4848 pulsaverit.
1204 4778 1331 4833 Post
1362 4780 1693 4849 refectionem
1715 4792 1887 4836 autem

316 4875 492 4919 vacent
535 4865 841 4924 lectionibus
885 4869 1025 4932 suis,
1064 4878 1156 4924 aut
1191 4869 1424 4941 psalmis.
1462 4872 1651 4944 Operis
1677 4873 1771 4929 Dei
1806 4890 1890 4928 re-

317 4953 557 5010 cordatio
579 4962 845 5022 teneatur,
876 4956 927 5011 id
956 4968 1061 5025 est,
1107 4967 1168 5014 ut
1197 4960 1323 5016 dum
1368 4963 1607 5018 exterius
1635 4978 1733 5033 per
1760 4972 1890 5019 tem-

316 5043 552 5109 poralcm
573 5046 1031 5114 opportunitatem
1055 5063 1246 5103 manus
1263 5050 1517 5119 operibus
1534 5061 1889 5122 occupantur,

316 5130 546 5186 interius
590 5147 745 5187 mens
788 5147 909 5187 cum
940 5132 1133 5204 lingua:
1175 5136 1522 5191 meditatione
1548 5138 1889 5213 psalmorum

316 5228 369 5273 et
398 5218 800 5288 Scripturarum
825 5220 1198 5277 recordatione
1227 5223 1518 5278 dulcescat.
1550 5225 1683 5279 Nam
1706 5226 1748 5281 si
1779 5228 1892 5280 vio-

318 5309 456 5365 lator
504 5309 664 5379 hujus
717 5311 916 5384 regulae
962 5310 1288 5368 fabulatioue
1316 5314 1642 5380 delectetur,
1690 5316 1890 5371 silentii

317 5415 476 5469 poena
513 5402 824 5473 castigetur.

387 5491 456 5545 In
503 5491 931 5564 Quadragesimaz
971 5510 1090 5550 uero
1132 5496 1312 5549 diebus
1360 5514 1392 5550 a
1439 5512 1591 5551 mane
1627 5515 1785 5570 usque
1822 5499 1891 5553 ad

320 5584 524 5638 tertiam
549 5583 756 5654 plenam
784 5596 960 5641 uacent
988 5585 1289 5643 lectionibus
1310 5590 1440 5654 suis,
1464 5600 1511 5643 et
1534 5607 1693 5661 usque
1714 5591 1784 5645 ad
1803 5593 1892 5647 de-

322 5672 507 5726 cimam
536 5673 716 5730 haram
745 5674 953 5748 plenam
988 5686 1264 5748 operentur
1306 5680 1445 5753 quod
1474 5680 1544 5735 eis
1577 5680 1887 5754 injungimr.

1977 3236 2487 3304 confabulationem.
2522 3236 2675 3293 Unde
2695 3245 2749 3292 ct
2772 3238 3091 3321 subauditur
3117 3256 3131 3294 :

2052 3331 2232 3403 Neque
2261 3330 2424 3403 frater
2462 3330 2531 3385 ad
2562 3330 2777 3400 fratrem
2807 3331 3069 3404 jungatur
3111 3333 3253 3387 horis
3293 3333 3561 3404 incompe-

1979 3422 2223 3476 tentibus.
2270 3420 2377 3477 Illae
2416 3421 2561 3476 enim
2590 3421 2736 3476 hora:
2761 3429 2887 3477 sunt
2916 3421 3345 3493 incompetentes
3366 3421 3563 3478 fabulis

1980 3514 2164 3579 vanis,
2209 3528 2330 3584 quae
2376 3520 2503 3568 sunt
2555 3520 2925 3583 competentes
2986 3510 3308 3569 lectionibus
3366 3516 3558 3569 sacris.

1981 3607 2133 3674 Quod
2161 3614 2341 3661 autem
2368 3605 2520 3668 dicit,
2551 3622 2712 3677 neque
2757 3604 2924 3676 frater
2950 3605 3019 3659 ad
3047 3604 3265 3676 fratrem
3300 3605 3565 3677 jungatur

1982 3697 2125 3750 horis
2151 3696 2633 3767 incompetentibus,
2662 3712 2766 3751 non
2789 3695 3085 3767 proficuum
3113 3695 3197 3751 vel
3223 3705 3468 3753 sanctam
3489 3699 3567 3763 in-_

1983 3797 2067 3843 ter
2094 3796 2312 3843 sanctos
2360 3788 2611 3856 prohibet
2643 3788 3077 3858 conjunctionem
3105 3830 3121 3854 ,
3172 3788 3267 3845 sed
3296 3788 3561 3853 nocivum,

1984 3877 2297 3945 nocivisque
2363 3876 2561 3933 fabulis
2633 3877 2847 3947 plenam
2920 3877 3355 3946 coniunctionem
3420 3881 3561 3937 inter

1983 3970 2187 4025 otiosos
2219 3969 2605 4039 acediososque
2638 3975 2805 4023 vetat.
2976 3954 2981 3961 ’

2054 4057 2328 4111 Dominico
2372 4056 2457 4110 die
2492 4055 2701 4111 lectioni
2746 4066 2925 4111 vacent
2972 4074 3174 4125 omnes,
3218 4061 3444 4132 exceptis
3481 4064 3563 4118 his

1983 4148 2073 4217 qui
2108 4146 2262 4201 variis
2295 4146 2472 4217 officiis
2499 4146 2733 4216 deputati
2759 4156 2900 4201 sunt.
2946 4146 3082 4203 Ilinc
3117 4148 3319 4206 Patres
3354 4152 3565 4222 antiqui

1986 4237 2278 4291 dixerunt:
2313 4237 2408 4291 Die
2434 4243 2612 4291 autem
2655 4236 2931 4293 Dominica
2957 4237 3029 4293 nil
3060 4239 3205 4295 aliud
3230 4248 3426 4310 agant,
3461 4243 3565 4298 nisi

1988 4327 2097 4381 Deo
2137 4332 2349 4389 vacent,
2402 4340 2470 4379 ne
2494 4339 2591 4393 pro
2626 4325 2807 4396 aliqua
2834 4327 3120 4385 occasione
3145 4345 3203 4385 se
3242 4331 3428 4397 velint,
3475 4344 3570 4387 aut

1989 4416 2120 4471 alios
2154 4431 2431 4471 excusare.
2476 4415 2677 4470 Tamen
2706 4426 3001 4485 contestor,
3026 4418 3243 4489 fratres,
3273 4424 3412 4479 nulla
3440 4441 3570 4495 ope-

1997 4508 2133 4562 ratio
2188 4508 2245 4562 in
2290 4507 2377 4562 die
2421 4506 2508 4560 illa
2564 4517 2751 4563 sancta
2797 4511 3179 4581 comperiatur,
3224 4514 3325 4569 nisi
3359 4525 3565 4570 tantum

1996 4597 2231 4669 hymnis.
2263 4605 2317 4653 et
2349 4596 2590 4667 psalmis,
2617 4605 2673 4653 et
2699 4598 2927 4654 canticis
2962 4600 3293 4671 spiritalibus
3325 4603 3442 4658 dies
3478 4604 3565 4659 illa

1993 4697 2318 4743 transeatur.

2065 4777 2127 4832 Si
2145 4778 2259 4849 quis
2283 4794 2400 4831 vero
2427 4778 2500 4831 ita
2528 4779 2786 4850 negligens
2814 4790 2859 4834 ct
2875 4781 3166 4837 desidiosus
3180 4782 3361 4853 fuerit,
3387 4795 3443 4838 ut
3464 4802 3568 4840 non

1995 4865 2132 4930 velit,
2173 4877 2262 4920 aut
2295 4884 2394 4922 non
2431 4868 2593 4938 possit
2623 4870 2887 4936 meditari,
2919 4881 3011 4926 aut
3040 4870 3227 4944 legere,
3258 4874 3569 4947 iujungatur

1990 4958 2037 5010 ei
2062 4973 2188 5028 Opus
2213 4958 2350 5027 quod
2371 4957 2532 5028 faciat
2555 4971 2609 5013 ut
2634 4976 2735 5015 non
2757 4972 2919 5016 vacet.
2942 4962 3254 5022 Desidiosus
3271 4966 3484 5032 dicitur,
3515 4966 3567 5025 id

1990 5058 2094 5114 est,
2124 5049 2349 5113 desidia,
2384 5050 2465 5104 vel
2503 5052 2823 5123 negligentia
2852 5055 3060 5125 plenus.
3089 5056 3397 5114 Desidiosus
3421 5060 3567 5115 enim

1992 5158 2021 5194 a
2054 5141 2347 5195 desidendo
2368 5181 2381 5204 ,
2419 5141 2469 5195 εει
2497 5150 2581 5196 est
2603 5183 2615 5205 ,
2643 5143 2799 5199 valde
2839 5146 3094 5210 sedendo,
3143 5149 3422 5220 otiumque
3444 5149 3565 5205 dili-

1991 5231 2166 5302 gendo
2195 5239 2439 5285 vocatur.
2473 5234 2547 5287 De
2576 5234 2665 5288 tali
2688 5236 2831 5289 enim
2858 5234 3110 5295 Salomon
3143 5240 3217 5295 ait
3242 5259 3255 5293 :
3286 5241 3566 5305 Abscondit

1990 5322 2134 5392 piger
2183 5338 2394 5376 manum
2441 5324 2535 5377 sub
2574 5324 2803 5390 ascella,
2844 5344 2936 5381 nec
2975 5330 3046 5384 ad
3094 5348 3152 5385 os
3196 5346 3354 5387 suum
3397 5330 3567 5402 appli-

1997 5423 2256 5505 εαιρεαηι.
2318 5411 2391 5468 De
2437 5415 2644 5470 duabus
2690 5417 2833 5475 enin:
2885 5420 2971 5475 hic
3017 5420 3254 5492 loquitur
3297 5423 3562 5492 personis.

1995 5500 2113 5557 Una
2128 5500 2255 5573 'qua:
2295 5520 2417 5558 cum
2456 5505 2628 5575 possit
2651 5505 2829 5576 legere
2860 5518 2952 5564 aut
2999 5511 3267 5576 meditari,
3303 5528 3399 5583 per
3424 5513 3569 5570 (ἰθεῖα

1992 5592 2135 5646 diam
2162 5592 2339 5646 cordis
2366 5603 2615 5649 neutrum
2646 5597 2757 5652 vult
2784 5614 2963 5668 agere,
3005 5604 3099 5656 sed
3141 5603 3312 5674 magis
3335 5604 3447 5658 otio
3482 5604 3568 5662 vel

1993 5685 2143 5738 vanis
2187 5684 2303 5741 vult
2349 5684 2540 5745 fabulis
2590 5704 2801 5745 vacare.
2850 5689 2967 5744 Alia
3009 5690 3151 5746 enim
3199 5676 3425 5766 persona
3461 5704 3565 5755 est.
