  <div class='ocr_page' id='page_1' title='image "/cluster/home/n/w/nwhite01/storage/ocr_20150623/102/umn.31951002477395f/451.png"; bbox 0 0 3944 6422; ppageno 0'>
   <div class='ocr_carea' id='block_1_1' title="bbox 436 327 540 383">
    <p class='ocr_par' dir='ltr' id='par_1_1' title="bbox 436 327 540 383">
     <span class='ocr_line' id='line_1_1' title="bbox 436 327 540 383; baseline -0.029 1"><span class='ocrx_word' id='word_1_1' title='bbox 436 327 540 383; x_wconf 70' lang='lat'><strong>837</strong></span> 
     </span>
    </p>
   </div>
   <div class='ocr_carea' id='block_1_2' title="bbox 1729 307 2517 382">
    <p class='ocr_par' dir='ltr' id='par_1_2' title="bbox 1729 307 2517 382">
     <span class='ocr_line' id='line_1_2' title="bbox 1729 307 2517 382; baseline -0.004 0"><span class='ocrx_word' id='word_1_2' title='bbox 1729 323 2083 382; x_wconf 65' lang='lat' dir='ltr'><strong>SMARAGDI-</strong></span> <span class='ocrx_word' id='word_1_3' title='bbox 2116 321 2408 380; x_wconf 63' lang='lat' dir='ltr'><strong>sanans</strong></span> <span class='ocrx_word' id='word_1_4' title='bbox 2502 307 2517 332; x_wconf 90' lang='lat'>‘</span> 
     </span>
    </p>
   </div>
   <div class='ocr_carea' id='block_1_3' title="bbox 3585 321 3746 388">
    <p class='ocr_par' dir='ltr' id='par_1_3' title="bbox 3585 321 3746 388">
     <span class='ocr_line' id='line_1_3' title="bbox 3585 321 3746 388; baseline -0.006 -63"><span class='ocrx_word' id='word_1_5' title='bbox 3585 331 3690 388; x_wconf 52' lang='lat' dir='ltr'><strong>m8</strong></span> <span class='ocrx_word' id='word_1_6' title='bbox 3742 321 3746 324; x_wconf 80' lang='lat'><strong>.</strong></span> 
     </span>
    </p>
   </div>
   <div class='ocr_carea' id='block_1_4' title="bbox 441 435 3690 516">
    <p class='ocr_par' dir='ltr' id='par_1_4' title="bbox 441 435 3690 516">
     <span class='ocr_line' id='line_1_4' title="bbox 441 435 3690 516; baseline 0 -18"><span class='ocrx_word' id='word_1_7' title='bbox 441 461 581 516; x_wconf 72' lang='lat' dir='ltr'><strong>qum,</strong></span> <span class='ocrx_word' id='word_1_8' title='bbox 610 441 857 516; x_wconf 79' lang='lat' dir='ltr'><strong>quamvis</strong></span> <span class='ocrx_word' id='word_1_9' title='bbox 887 441 1035 506; x_wconf 86' lang='lat' dir='ltr'><strong>velit,</strong></span> <span class='ocrx_word' id='word_1_10' title='bbox 1059 457 1154 512; x_wconf 88' lang='lat' dir='ltr'><strong>per</strong></span> <span class='ocrx_word' id='word_1_11' title='bbox 1185 441 1550 514; x_wconf 68' lang='lat' dir='ltr'><strong>ignorantiam</strong></span> <span class='ocrx_word' id='word_1_12' title='bbox 1591 457 1691 496; x_wconf 88' lang='lat' dir='ltr'><strong>nec</strong></span> <span class='ocrx_word' id='word_1_13' title='bbox 1721 441 1898 512; x_wconf 79' lang='lat' dir='ltr'><strong>legere</strong></span> <span class='ocrx_word' id='word_1_14' title='bbox 1927 456 2020 494; x_wconf 86' lang='lat' dir='ltr'><strong>va—</strong></span> <span class='ocrx_word' id='word_1_15' title='bbox 2048 443 2096 503; x_wconf 83' lang='grc' dir='ltr'><strong>Λ</strong></span> <span class='ocrx_word' id='word_1_16' title='bbox 2123 437 2290 493; x_wconf 88' lang='lat' dir='ltr'><strong>ducit.</strong></span> <span class='ocrx_word' id='word_1_17' title='bbox 2331 435 2682 509; x_wconf 85' lang='lat' dir='ltr'><strong>Compnnctio</strong></span> <span class='ocrx_word' id='word_1_18' title='bbox 2707 438 2889 494; x_wconf 79' lang='lat' dir='ltr'><strong>cordis</strong></span> <span class='ocrx_word' id='word_1_19' title='bbox 2911 447 2996 494; x_wconf 89' lang='lat' dir='ltr'><strong>est</strong></span> <span class='ocrx_word' id='word_1_20' title='bbox 3026 439 3303 496; x_wconf 79' lang='lat' dir='ltr'><strong>humilitas</strong></span> <span class='ocrx_word' id='word_1_21' title='bbox 3342 441 3536 498; x_wconf 88' lang='lat' dir='ltr'><strong>mentis</strong></span> <span class='ocrx_word' id='word_1_22' title='bbox 3565 459 3690 500; x_wconf 83' lang='lat' dir='ltr'><strong>cum</strong></span> 
     </span>
    </p>
   </div>
   <div class='ocr_carea' id='block_1_5' title="bbox 435 531 2012 602">
    <p class='ocr_par' dir='ltr' id='par_1_5' title="bbox 435 531 2012 602">
     <span class='ocr_line' id='line_1_5' title="bbox 435 531 2012 602; baseline -0.002 -12"><span class='ocrx_word' id='word_1_23' title='bbox 435 537 526 597; x_wconf 85' lang='lat' dir='ltr'><strong>let,</strong></span> <span class='ocrx_word' id='word_1_24' title='bbox 561 549 659 590; x_wconf 88' lang='lat' dir='ltr'><strong>nec</strong></span> <span class='ocrx_word' id='word_1_25' title='bbox 688 531 952 597; x_wconf 86' lang='lat' dir='ltr'><strong>meditari,</strong></span> <span class='ocrx_word' id='word_1_26' title='bbox 985 543 1039 588; x_wconf 89' lang='lat' dir='ltr'><strong>et</strong></span> <span class='ocrx_word' id='word_1_27' title='bbox 1063 534 1202 599; x_wconf 88' lang='lat' dir='ltr'><strong>ideo,</strong></span> <span class='ocrx_word' id='word_1_28' title='bbox 1248 547 1316 588; x_wconf 90' lang='lat' dir='ltr'><strong>ne</strong></span> <span class='ocrx_word' id='word_1_29' title='bbox 1344 532 1456 588; x_wconf 89' lang='lat' dir='ltr'><strong>otio</strong></span> <span class='ocrx_word' id='word_1_30' title='bbox 1482 541 1678 598; x_wconf 86' lang='lat' dir='ltr'><strong>vacet,</strong></span> <span class='ocrx_word' id='word_1_31' title='bbox 1726 541 2012 602; x_wconf 85' lang='lat' dir='ltr'><strong>utrumque</strong></span> 
     </span>
    </p>
   </div>
   <div class='ocr_carea' id='block_1_6' title="bbox 432 623 2011 698">
    <p class='ocr_par' dir='ltr' id='par_1_6' title="bbox 432 623 2011 698">
     <span class='ocr_line' id='line_1_6' title="bbox 432 623 2011 698; baseline -0.003 -17"><span class='ocrx_word' id='word_1_32' title='bbox 432 641 568 698; x_wconf 78' lang='lat' dir='ltr'><strong>opus</strong></span> <span class='ocrx_word' id='word_1_33' title='bbox 617 625 1000 697; x_wconf 74' lang='lat' dir='ltr'><strong>iniungendum</strong></span> <span class='ocrx_word' id='word_1_34' title='bbox 1046 633 1132 682; x_wconf 88' lang='lat' dir='ltr'><strong>est</strong></span> <span class='ocrx_word' id='word_1_35' title='bbox 1179 625 1322 692; x_wconf 88' lang='lat' dir='ltr'><strong>illis,</strong></span> <span class='ocrx_word' id='word_1_36' title='bbox 1365 625 1426 680; x_wconf 79' lang='lat' dir='ltr'><strong>in</strong></span> <span class='ocrx_word' id='word_1_37' title='bbox 1455 637 1564 695; x_wconf 89' lang='lat' dir='ltr'><strong>quo</strong></span> <span class='ocrx_word' id='word_1_38' title='bbox 1589 623 1835 680; x_wconf 86' lang='lat' dir='ltr'><strong>laborent</strong></span> <span class='ocrx_word' id='word_1_39' title='bbox 1878 623 2011 678; x_wconf 82' lang='lat' dir='ltr'><strong>utri-</strong></span> 
     </span>
    </p>
   </div>
   <div class='ocr_carea' id='block_1_7' title="bbox 434 734 557 791">
    <p class='ocr_par' dir='ltr' id='par_1_7' title="bbox 434 734 557 791">
     <span class='ocr_line' id='line_1_7' title="bbox 434 734 557 791; baseline 0 -17"><span class='ocrx_word' id='word_1_40' title='bbox 434 734 557 791; x_wconf 88' lang='lat' dir='ltr'><strong>quc.</strong></span> 
     </span>
    </p>
   </div>
   <div class='ocr_carea' id='block_1_8' title="bbox 502 806 2008 880">
    <p class='ocr_par' dir='ltr' id='par_1_8' title="bbox 502 806 2008 880">
     <span class='ocr_line' id='line_1_8' title="bbox 502 806 2008 880; baseline -0.004 -16"><span class='ocrx_word' id='word_1_41' title='bbox 502 806 780 864; x_wconf 77' lang='lat' dir='ltr'><strong>Fratribus</strong></span> <span class='ocrx_word' id='word_1_42' title='bbox 811 807 1036 876; x_wconf 77' lang='lat' dir='ltr'><strong>inﬁrmis</strong></span> <span class='ocrx_word' id='word_1_43' title='bbox 1065 807 1140 861; x_wconf 80' lang='lat' dir='ltr'><strong>rel</strong></span> <span class='ocrx_word' id='word_1_44' title='bbox 1167 807 1406 863; x_wconf 86' lang='lat' dir='ltr'><strong>delicatis</strong></span> <span class='ocrx_word' id='word_1_45' title='bbox 1433 807 1555 863; x_wconf 85' lang='lat' dir='ltr'><strong>talis</strong></span> <span class='ocrx_word' id='word_1_46' title='bbox 1583 824 1773 880; x_wconf 80' lang='lat' dir='ltr'><strong>opera,</strong></span> <span class='ocrx_word' id='word_1_47' title='bbox 1805 812 1896 859; x_wconf 88' lang='lat' dir='ltr'><strong>aut</strong></span> <span class='ocrx_word' id='word_1_48' title='bbox 1922 821 2008 858; x_wconf 88' lang='lat' dir='ltr'><strong>ars</strong></span> 
     </span>
    </p>
   </div>
   <div class='ocr_carea' id='block_1_9' title="bbox 428 895 2011 969">
    <p class='ocr_par' dir='ltr' id='par_1_9' title="bbox 428 895 2011 969">
     <span class='ocr_line' id='line_1_9' title="bbox 428 895 2011 969; baseline -0.004 -17"><span class='ocrx_word' id='word_1_49' title='bbox 428 899 762 969; x_wconf 85' lang='lat' dir='ltr'><strong>injungatur,</strong></span> <span class='ocrx_word' id='word_1_50' title='bbox 797 909 850 951; x_wconf 92' lang='lat' dir='ltr'><strong>ut</strong></span> <span class='ocrx_word' id='word_1_51' title='bbox 879 914 972 952; x_wconf 85' lang='lat' dir='ltr'><strong>nec</strong></span> <span class='ocrx_word' id='word_1_52' title='bbox 1000 897 1154 951; x_wconf 78' lang='lat' dir='ltr'><strong>otiosi</strong></span> <span class='ocrx_word' id='word_1_53' title='bbox 1173 898 1296 962; x_wconf 85' lang='lat' dir='ltr'><strong>sint,</strong></span> <span class='ocrx_word' id='word_1_54' title='bbox 1329 913 1421 951; x_wconf 85' lang='lat' dir='ltr'><strong>nec</strong></span> <span class='ocrx_word' id='word_1_55' title='bbox 1443 897 1686 952; x_wconf 72' lang='lat' dir='ltr'><strong>violentia</strong></span> <span class='ocrx_word' id='word_1_56' title='bbox 1705 895 1898 950; x_wconf 74' lang='lat' dir='ltr'><strong>laboris</strong></span> <span class='ocrx_word' id='word_1_57' title='bbox 1921 910 2011 963; x_wconf 86' lang='lat' dir='ltr'><strong>op-</strong></span> 
     </span>
    </p>
   </div>
   <div class='ocr_carea' id='block_1_10' title="bbox 426 981 2008 1057">
    <p class='ocr_par' dir='ltr' id='par_1_10' title="bbox 426 981 2008 1057">
     <span class='ocr_line' id='line_1_10' title="bbox 426 981 2008 1057; baseline -0.004 -17"><span class='ocrx_word' id='word_1_58' title='bbox 426 988 741 1057; x_wconf 82' lang='lat' dir='ltr'><strong>primantur.</strong></span> <span class='ocrx_word' id='word_1_59' title='bbox 760 985 996 1052; x_wconf 81' lang='lat' dir='ltr'><strong>Quorum</strong></span> <span class='ocrx_word' id='word_1_60' title='bbox 1012 984 1332 1040; x_wconf 67' lang='lat' dir='ltr'><strong>imbecillitas</strong></span> <span class='ocrx_word' id='word_1_61' title='bbox 1354 985 1418 1040; x_wconf 89' lang='lat' dir='ltr'><strong>ab</strong></span> <span class='ocrx_word' id='word_1_62' title='bbox 1433 985 1615 1039; x_wconf 90' lang='lat' dir='ltr'><strong>abbate</strong></span> <span class='ocrx_word' id='word_1_63' title='bbox 1629 981 2008 1038; x_wconf 87' lang='lat' dir='ltr'><strong>consideranda</strong></span> 
     </span>
    </p>
   </div>
   <div class='ocr_carea' id='block_1_11' title="bbox 427 1070 2008 1144">
    <p class='ocr_par' dir='ltr' id='par_1_11' title="bbox 427 1070 2008 1144">
     <span class='ocr_line' id='line_1_11' title="bbox 427 1070 2008 1144; baseline -0.001 -16"><span class='ocrx_word' id='word_1_64' title='bbox 427 1086 502 1128; x_wconf 86' lang='lat' dir='ltr'><strong>est</strong></span> <span class='ocrx_word' id='word_1_65' title='bbox 545 1077 814 1132; x_wconf 86' lang='lat' dir='ltr'><strong>Delicatus</strong></span> <span class='ocrx_word' id='word_1_66' title='bbox 833 1077 1050 1140; x_wconf 82' lang='lat' dir='ltr'><strong>dicitur,</strong></span> <span class='ocrx_word' id='word_1_67' title='bbox 1073 1075 1278 1130; x_wconf 79' lang='lat' dir='ltr'><strong>deliciis</strong></span> <span class='ocrx_word' id='word_1_68' title='bbox 1293 1083 1497 1144; x_wconf 87' lang='lat' dir='ltr'><strong>pastus,</strong></span> <span class='ocrx_word' id='word_1_69' title='bbox 1519 1083 1573 1138; x_wconf 85' lang='lat' dir='ltr'><strong>et</strong></span> <span class='ocrx_word' id='word_1_70' title='bbox 1593 1073 1821 1128; x_wconf 80' lang='lat' dir='ltr'><strong>diversis</strong></span> <span class='ocrx_word' id='word_1_71' title='bbox 1837 1070 2008 1140; x_wconf 87' lang='lat' dir='ltr'><strong>epulis</strong></span> 
     </span>
    </p>
   </div>
   <div class='ocr_carea' id='block_1_12' title="bbox 429 1161 2004 1230">
    <p class='ocr_par' dir='ltr' id='par_1_12' title="bbox 429 1161 2004 1230">
     <span class='ocr_line' id='line_1_12' title="bbox 429 1161 2004 1230; baseline -0.004 -10"><span class='ocrx_word' id='word_1_72' title='bbox 429 1167 718 1222; x_wconf 80' lang='lat' dir='ltr'><strong>enutritus.</strong></span> <span class='ocrx_word' id='word_1_73' title='bbox 760 1167 828 1220; x_wconf 85' lang='lat' dir='ltr'><strong>Et</strong></span> <span class='ocrx_word' id='word_1_74' title='bbox 855 1166 975 1219; x_wconf 83' lang='lat' dir='ltr'><strong>ideo</strong></span> <span class='ocrx_word' id='word_1_75' title='bbox 997 1164 1316 1219; x_wconf 79' lang='lat' dir='ltr'><strong>fortioribus</strong></span> <span class='ocrx_word' id='word_1_76' title='bbox 1343 1163 1618 1219; x_wconf 80' lang='lat' dir='ltr'><strong>laboribus</strong></span> <span class='ocrx_word' id='word_1_77' title='bbox 1644 1163 1869 1226; x_wconf 87' lang='lat' dir='ltr'><strong>inscius,</strong></span> <span class='ocrx_word' id='word_1_78' title='bbox 1913 1161 2004 1230; x_wconf 88' lang='lat' dir='ltr'><strong>qui</strong></span> 
     </span>
    </p>
   </div>
   <div class='ocr_carea' id='block_1_13' title="bbox 429 1251 2006 1326">
    <p class='ocr_par' dir='ltr' id='par_1_13' title="bbox 429 1251 2006 1326">
     <span class='ocr_line' id='line_1_13' title="bbox 429 1251 2006 1326; baseline -0.004 -16"><span class='ocrx_word' id='word_1_79' title='bbox 429 1266 652 1326; x_wconf 83' lang='lat' dir='ltr'><strong>propter</strong></span> <span class='ocrx_word' id='word_1_80' title='bbox 691 1255 932 1325; x_wconf 89' lang='lat' dir='ltr'><strong>corporis</strong></span> <span class='ocrx_word' id='word_1_81' title='bbox 961 1253 1378 1310; x_wconf 82' lang='lat' dir='ltr'><strong>teneritudinem</strong></span> <span class='ocrx_word' id='word_1_82' title='bbox 1404 1295 1418 1320; x_wconf 98' lang='lat'><strong>,</strong></span> <span class='ocrx_word' id='word_1_83' title='bbox 1468 1261 1562 1307; x_wconf 90' lang='lat' dir='ltr'><strong>aut</strong></span> <span class='ocrx_word' id='word_1_84' title='bbox 1584 1251 2006 1308; x_wconf 84' lang='lat' dir='ltr'><strong>imbecillitatem</strong></span> 
     </span>
    </p>
   </div>
   <div class='ocr_carea' id='block_1_14' title="bbox 425 1341 2004 1419">
    <p class='ocr_par' dir='ltr' id='par_1_14' title="bbox 425 1341 2004 1419">
     <span class='ocr_line' id='line_1_14' title="bbox 425 1341 2004 1419; baseline -0.005 -17"><span class='ocrx_word' id='word_1_85' title='bbox 425 1350 514 1419; x_wconf 90' lang='lat' dir='ltr'><strong>pie</strong></span> <span class='ocrx_word' id='word_1_86' title='bbox 539 1364 662 1404; x_wconf 90' lang='lat' dir='ltr'><strong>cum</strong></span> <span class='ocrx_word' id='word_1_87' title='bbox 705 1347 934 1403; x_wconf 83' lang='lat' dir='ltr'><strong>infirmis</strong></span> <span class='ocrx_word' id='word_1_88' title='bbox 962 1356 1045 1403; x_wconf 91' lang='lat' dir='ltr'><strong>est</strong></span> <span class='ocrx_word' id='word_1_89' title='bbox 1070 1347 1402 1410; x_wconf 82' lang='lat' dir='ltr'><strong>tolerandus,</strong></span> <span class='ocrx_word' id='word_1_90' title='bbox 1441 1354 1494 1400; x_wconf 91' lang='lat' dir='ltr'><strong>et</strong></span> <span class='ocrx_word' id='word_1_91' title='bbox 1537 1345 1846 1410; x_wconf 88' lang='lat' dir='ltr'><strong>humanius,</strong></span> <span class='ocrx_word' id='word_1_92' title='bbox 1892 1341 2004 1398; x_wconf 87' lang='lat' dir='ltr'><strong>cle-</strong></span> 
     </span>
    </p>
   </div>
   <div class='ocr_carea' id='block_1_15' title="bbox 425 1434 2006 1508">
    <p class='ocr_par' dir='ltr' id='par_1_15' title="bbox 425 1434 2006 1508">
     <span class='ocr_line' id='line_1_15' title="bbox 425 1434 2006 1508; baseline -0.004 -14"><span class='ocrx_word' id='word_1_93' title='bbox 425 1437 768 1508; x_wconf 87' lang='lat' dir='ltr'><strong>mentiusque</strong></span> <span class='ocrx_word' id='word_1_94' title='bbox 793 1437 1126 1493; x_wconf 88' lang='lat' dir='ltr'><strong>tractandus.</strong></span> <span class='ocrx_word' id='word_1_95' title='bbox 1177 1434 1288 1492; x_wconf 88' lang='lat' dir='ltr'><strong>Nec</strong></span> <span class='ocrx_word' id='word_1_96' title='bbox 1311 1444 1500 1490; x_wconf 90' lang='lat' dir='ltr'><strong>contra</strong></span> <span class='ocrx_word' id='word_1_97' title='bbox 1538 1449 1633 1490; x_wconf 89' lang='lat' dir='ltr'><strong>eos</strong></span> <span class='ocrx_word' id='word_1_98' title='bbox 1662 1449 2006 1489; x_wconf 88' lang='lat' dir='ltr'><strong>murmuran-</strong></span> 
     </span>
    </p>
   </div>
   <div class='ocr_carea' id='block_1_16' title="bbox 425 1524 2008 1597">
    <p class='ocr_par' dir='ltr' id='par_1_16' title="bbox 425 1524 2008 1597">
     <span class='ocr_line' id='line_1_16' title="bbox 425 1524 2008 1597; baseline -0.001 -15"><span class='ocrx_word' id='word_1_99' title='bbox 425 1527 556 1582; x_wconf 88' lang='lat' dir='ltr'><strong>dum</strong></span> <span class='ocrx_word' id='word_1_100' title='bbox 576 1535 658 1582; x_wconf 90' lang='lat' dir='ltr'><strong>est</strong></span> <span class='ocrx_word' id='word_1_101' title='bbox 682 1527 782 1591; x_wconf 87' lang='lat' dir='ltr'><strong>eis,</strong></span> <span class='ocrx_word' id='word_1_102' title='bbox 813 1526 904 1597; x_wconf 85' lang='lat' dir='ltr'><strong>qui</strong></span> <span class='ocrx_word' id='word_1_103' title='bbox 927 1526 1070 1581; x_wconf 86' lang='lat' dir='ltr'><strong>vires</strong></span> <span class='ocrx_word' id='word_1_104' title='bbox 1093 1525 1368 1582; x_wconf 88' lang='lat' dir='ltr'><strong>laborandi</strong></span> <span class='ocrx_word' id='word_1_105' title='bbox 1396 1525 1614 1589; x_wconf 89' lang='lat' dir='ltr'><strong>habent,</strong></span> <span class='ocrx_word' id='word_1_106' title='bbox 1643 1524 1736 1580; x_wconf 85' lang='lat' dir='ltr'><strong>sed</strong></span> <span class='ocrx_word' id='word_1_107' title='bbox 1762 1526 1934 1595; x_wconf 80' lang='lat' dir='ltr'><strong>magis</strong></span> <span class='ocrx_word' id='word_1_108' title='bbox 1952 1533 2008 1580; x_wconf 89' lang='lat' dir='ltr'><strong>et</strong></span> 
     </span>
    </p>
   </div>
   <div class='ocr_carea' id='block_1_17' title="bbox 422 1614 2004 1682">
    <p class='ocr_par' dir='ltr' id='par_1_17' title="bbox 422 1614 2004 1682">
     <span class='ocr_line' id='line_1_17' title="bbox 422 1614 2004 1682; baseline -0.003 -9"><span class='ocrx_word' id='word_1_109' title='bbox 422 1618 512 1673; x_wconf 86' lang='lat' dir='ltr'><strong>isti</strong></span> <span class='ocrx_word' id='word_1_110' title='bbox 543 1627 598 1673; x_wconf 88' lang='lat' dir='ltr'><strong>et</strong></span> <span class='ocrx_word' id='word_1_111' title='bbox 620 1617 818 1672; x_wconf 82' lang='lat' dir='ltr'><strong>infirmi</strong></span> <span class='ocrx_word' id='word_1_112' title='bbox 845 1632 875 1671; x_wconf 89' lang='lat' dir='ltr'><strong>a</strong></span> <span class='ocrx_word' id='word_1_113' title='bbox 905 1617 1052 1672; x_wconf 89' lang='lat' dir='ltr'><strong>sanis</strong></span> <span class='ocrx_word' id='word_1_114' title='bbox 1073 1625 1201 1672; x_wconf 89' lang='lat' dir='ltr'><strong>sunt</strong></span> <span class='ocrx_word' id='word_1_115' title='bbox 1224 1614 1536 1672; x_wconf 87' lang='lat' dir='ltr'><strong>consulendi</strong></span> <span class='ocrx_word' id='word_1_116' title='bbox 1555 1656 1570 1682; x_wconf 94' lang='lat'><strong>,</strong></span> <span class='ocrx_word' id='word_1_117' title='bbox 1611 1622 1686 1680; x_wconf 91' lang='lat' dir='ltr'><strong>et,</strong></span> <span class='ocrx_word' id='word_1_118' title='bbox 1718 1622 1778 1669; x_wconf 91' lang='lat' dir='ltr'><strong>ut</strong></span> <span class='ocrx_word' id='word_1_119' title='bbox 1801 1614 2004 1670; x_wconf 88' lang='lat' dir='ltr'><strong>dictum</strong></span> 
     </span>
    </p>
   </div>
   <div class='ocr_carea' id='block_1_18' title="bbox 2115 529 3691 602">
    <p class='ocr_par' dir='ltr' id='par_1_18' title="bbox 2115 529 3691 602">
     <span class='ocr_line' id='line_1_18' title="bbox 2115 529 3691 602; baseline 0.004 -18"><span class='ocrx_word' id='word_1_120' title='bbox 2115 531 2385 602; x_wconf 77' lang='lat' dir='ltr'><strong>lacrymis,</strong></span> <span class='ocrx_word' id='word_1_121' title='bbox 2412 530 2661 586; x_wconf 76' lang='lat' dir='ltr'><strong>exoriens</strong></span> <span class='ocrx_word' id='word_1_122' title='bbox 2683 530 2750 584; x_wconf 90' lang='lat' dir='ltr'><strong>de</strong></span> <span class='ocrx_word' id='word_1_123' title='bbox 2771 529 3148 586; x_wconf 82' lang='lat' dir='ltr'><strong>recordatione</strong></span> <span class='ocrx_word' id='word_1_124' title='bbox 3167 531 3397 601; x_wconf 83' lang='lat' dir='ltr'><strong>peccati,</strong></span> <span class='ocrx_word' id='word_1_125' title='bbox 3421 539 3479 588; x_wconf 90' lang='lat' dir='ltr'><strong>et</strong></span> <span class='ocrx_word' id='word_1_126' title='bbox 3495 533 3691 591; x_wconf 81' lang='lat' dir='ltr'><strong>timore</strong></span> 
     </span>
    </p>
   </div>
   <div class='ocr_carea' id='block_1_19' title="bbox 2104 618 3690 694">
    <p class='ocr_par' dir='ltr' id='par_1_19' title="bbox 2104 618 3690 694">
     <span class='ocr_line' id='line_1_19' title="bbox 2104 618 3690 694; baseline 0.006 -21"><span class='ocrx_word' id='word_1_127' title='bbox 2104 619 2311 688; x_wconf 74' lang='lat' dir='ltr'><strong>iudicii.</strong></span> <span class='ocrx_word' id='word_1_128' title='bbox 2364 619 2455 674; x_wconf 85' lang='lat' dir='ltr'><strong>Illa</strong></span> <span class='ocrx_word' id='word_1_129' title='bbox 2499 628 2582 674; x_wconf 91' lang='lat' dir='ltr'><strong>est</strong></span> <span class='ocrx_word' id='word_1_130' title='bbox 2629 619 2906 674; x_wconf 85' lang='lat' dir='ltr'><strong>conversis</strong></span> <span class='ocrx_word' id='word_1_131' title='bbox 2961 618 3200 690; x_wconf 89' lang='lat' dir='ltr'><strong>perfecta</strong></span> <span class='ocrx_word' id='word_1_132' title='bbox 3255 624 3690 694; x_wconf 84' lang='lat' dir='ltr'><strong>compunctionis</strong></span> 
     </span>
    </p>
   </div>
   <div class='ocr_carea' id='block_1_20' title="bbox 2110 710 3687 781">
    <p class='ocr_par' dir='ltr' id='par_1_20' title="bbox 2110 710 3687 781">
     <span class='ocr_line' id='line_1_20' title="bbox 2110 710 3687 781; baseline 0.004 -17"><span class='ocrx_word' id='word_1_133' title='bbox 2110 710 2345 777; x_wconf 84' lang='lat' dir='ltr'><strong>all&#39;ectio,</strong></span> <span class='ocrx_word' id='word_1_134' title='bbox 2395 727 2516 781; x_wconf 73' lang='lat' dir='ltr'><strong>quze</strong></span> <span class='ocrx_word' id='word_1_135' title='bbox 2568 725 2757 766; x_wconf 91' lang='lat' dir='ltr'><strong>omnes</strong></span> <span class='ocrx_word' id='word_1_136' title='bbox 2786 726 2815 764; x_wconf 89' lang='lat' dir='ltr'><strong>a</strong></span> <span class='ocrx_word' id='word_1_137' title='bbox 2845 725 2905 766; x_wconf 91' lang='lat' dir='ltr'><strong>se</strong></span> <span class='ocrx_word' id='word_1_138' title='bbox 2951 710 3250 766; x_wconf 79' lang='lat' dir='ltr'><strong>carnalium</strong></span> <span class='ocrx_word' id='word_1_139' title='bbox 3295 713 3687 771; x_wconf 84' lang='lat' dir='ltr'><strong>desideriorum</strong></span> 
     </span>
    </p>
   </div>
   <div class='ocr_carea' id='block_1_21' title="bbox 2109 802 3685 873">
    <p class='ocr_par' dir='ltr' id='par_1_21' title="bbox 2109 802 3685 873">
     <span class='ocr_line' id='line_1_21' title="bbox 2109 802 3685 873; baseline 0.004 -15"><span class='ocrx_word' id='word_1_140' title='bbox 2109 803 2333 858; x_wconf 72' lang='lat' dir='ltr'><strong>alie-etas</strong></span> <span class='ocrx_word' id='word_1_141' title='bbox 2377 803 2604 873; x_wconf 81' lang='lat' dir='ltr'><strong>repellit,</strong></span> <span class='ocrx_word' id='word_1_142' title='bbox 2655 809 2711 857; x_wconf 88' lang='lat' dir='ltr'><strong>et</strong></span> <span class='ocrx_word' id='word_1_143' title='bbox 2755 802 3108 857; x_wconf 88' lang='lat' dir='ltr'><strong>intentionem</strong></span> <span class='ocrx_word' id='word_1_144' title='bbox 3157 818 3308 858; x_wconf 87' lang='lat' dir='ltr'><strong>suam</strong></span> <span class='ocrx_word' id='word_1_145' title='bbox 3337 811 3449 859; x_wconf 91' lang='lat' dir='ltr'><strong>toto</strong></span> <span class='ocrx_word' id='word_1_146' title='bbox 3480 807 3685 864; x_wconf 82' lang='lat' dir='ltr'><strong>mentis</strong></span> 
     </span>
    </p>
   </div>
   <div class='ocr_carea' id='block_1_22' title="bbox 2107 891 3684 963">
    <p class='ocr_par' dir='ltr' id='par_1_22' title="bbox 2107 891 3684 963">
     <span class='ocr_line' id='line_1_22' title="bbox 2107 891 3684 963; baseline 0.003 -15"><span class='ocrx_word' id='word_1_147' title='bbox 2107 895 2286 949; x_wconf 87' lang='lat' dir='ltr'><strong>studio</strong></span> <span class='ocrx_word' id='word_1_148' title='bbox 2315 895 2368 948; x_wconf 91' lang='lat' dir='ltr'><strong>in</strong></span> <span class='ocrx_word' id='word_1_149' title='bbox 2390 894 2481 948; x_wconf 86' lang='lat' dir='ltr'><strong>Dei</strong></span> <span class='ocrx_word' id='word_1_150' title='bbox 2505 892 3009 963; x_wconf 82' lang='lat' dir='ltr'><strong>contemplationem</strong></span> <span class='ocrx_word' id='word_1_151' title='bbox 3033 891 3237 962; x_wconf 78' lang='lat' dir='ltr'><strong>deﬁgit.</strong></span> <span class='ocrx_word' id='word_1_152' title='bbox 3262 891 3354 947; x_wconf 78' lang='lat' dir='ltr'><strong>ille</strong></span> <span class='ocrx_word' id='word_1_153' title='bbox 3379 893 3523 948; x_wconf 85' lang='lat' dir='ltr'><strong>enim</strong></span> <span class='ocrx_word' id='word_1_154' title='bbox 3545 895 3684 952; x_wconf 82' lang='lat' dir='ltr'><strong>bene</strong></span> 
     </span>
    </p>
   </div>
   <div class='ocr_carea' id='block_1_23' title="bbox 2107 985 3682 1058">
    <p class='ocr_par' dir='ltr' id='par_1_23' title="bbox 2107 985 3682 1058">
     <span class='ocr_line' id='line_1_23' title="bbox 2107 985 3682 1058; baseline 0.001 -15"><span class='ocrx_word' id='word_1_155' title='bbox 2107 990 2343 1044; x_wconf 47' lang='lat' dir='ltr'><strong>abstinet</strong></span> <span class='ocrx_word' id='word_1_156' title='bbox 2371 1003 2400 1042; x_wconf 88' lang='lat' dir='ltr'><strong>a</strong></span> <span class='ocrx_word' id='word_1_157' title='bbox 2423 988 2582 1052; x_wconf 89' lang='lat' dir='ltr'><strong>cibis,</strong></span> <span class='ocrx_word' id='word_1_158' title='bbox 2619 987 2713 1058; x_wconf 86' lang='lat' dir='ltr'><strong>qui</strong></span> <span class='ocrx_word' id='word_1_159' title='bbox 2737 995 2791 1041; x_wconf 90' lang='lat' dir='ltr'><strong>et</strong></span> <span class='ocrx_word' id='word_1_160' title='bbox 2819 1002 2847 1040; x_wconf 82' lang='lat' dir='ltr'><strong>a</strong></span> <span class='ocrx_word' id='word_1_161' title='bbox 2871 985 3089 1040; x_wconf 77' lang='lat' dir='ltr'><strong>malitia:</strong></span> <span class='ocrx_word' id='word_1_162' title='bbox 3113 985 3342 1050; x_wconf 79' lang='lat' dir='ltr'><strong>actibus,</strong></span> <span class='ocrx_word' id='word_1_163' title='bbox 3369 993 3424 1040; x_wconf 91' lang='lat' dir='ltr'><strong>et</strong></span> <span class='ocrx_word' id='word_1_164' title='bbox 3444 1001 3478 1041; x_wconf 84' lang='lat' dir='ltr'><strong>a</strong></span> <span class='ocrx_word' id='word_1_165' title='bbox 3498 988 3682 1044; x_wconf 77' lang='lat' dir='ltr'><strong>mundi</strong></span> 
     </span>
    </p>
   </div>
   <div class='ocr_carea' id='block_1_24' title="bbox 2107 1079 2780 1136">
    <p class='ocr_par' dir='ltr' id='par_1_24' title="bbox 2107 1079 2780 1136">
     <span class='ocr_line' id='line_1_24' title="bbox 2107 1079 2780 1136; baseline -0.009 0"><span class='ocrx_word' id='word_1_166' title='bbox 2107 1081 2346 1136; x_wconf 87' lang='lat' dir='ltr'><strong>abstinet</strong></span> <span class='ocrx_word' id='word_1_167' title='bbox 2374 1079 2780 1134; x_wconf 88' lang='lat' dir='ltr'><strong>ambitionibus.</strong></span> 
     </span>
    </p>
   </div>
   <div class='ocr_carea' id='block_1_25' title="bbox 2177 1167 3680 1242">
    <p class='ocr_par' dir='ltr' id='par_1_25' title="bbox 2177 1167 3680 1242">
     <span class='ocr_line' id='line_1_25' title="bbox 2177 1167 3680 1242; baseline -0.002 -16"><span class='ocrx_word' id='word_1_168' title='bbox 2177 1172 2318 1242; x_wconf 83' lang='lat' dir='ltr'><strong>Ergo</strong></span> <span class='ocrx_word' id='word_1_169' title='bbox 2345 1172 2426 1226; x_wconf 85' lang='lat' dir='ltr'><strong>his</strong></span> <span class='ocrx_word' id='word_1_170' title='bbox 2457 1170 2637 1225; x_wconf 86' lang='lat' dir='ltr'><strong>diebus</strong></span> <span class='ocrx_word' id='word_1_171' title='bbox 2673 1184 2954 1240; x_wconf 78' lang='lat' dir='ltr'><strong>augeamus</strong></span> <span class='ocrx_word' id='word_1_172' title='bbox 2977 1167 3122 1222; x_wconf 89' lang='lat' dir='ltr'><strong>nobis</strong></span> <span class='ocrx_word' id='word_1_173' title='bbox 3145 1167 3345 1240; x_wconf 72' lang='lat' dir='ltr'><strong>aliquid</strong></span> <span class='ocrx_word' id='word_1_174' title='bbox 3377 1167 3449 1221; x_wconf 80' lang='lat' dir='ltr'><strong>ad</strong></span> <span class='ocrx_word' id='word_1_175' title='bbox 3469 1167 3680 1223; x_wconf 82' lang='lat' dir='ltr'><strong>solitum</strong></span> 
     </span>
    </p>
   </div>
   <div class='ocr_carea' id='block_1_26' title="bbox 2104 1254 3678 1334">
    <p class='ocr_par' dir='ltr' id='par_1_26' title="bbox 2104 1254 3678 1334">
     <span class='ocr_line' id='line_1_26' title="bbox 2104 1254 3678 1334; baseline -0.004 -18"><span class='ocrx_word' id='word_1_176' title='bbox 2104 1278 2320 1334; x_wconf 79' lang='lat' dir='ltr'><strong>pensum</strong></span> <span class='ocrx_word' id='word_1_177' title='bbox 2368 1259 2630 1314; x_wconf 82' lang='lat' dir='ltr'><strong>servitutis</strong></span> <span class='ocrx_word' id='word_1_178' title='bbox 2677 1268 2888 1312; x_wconf 72' lang='lat' dir='ltr'><strong>nostra&#39;.</strong></span> <span class='ocrx_word' id='word_1_179' title='bbox 2958 1256 3186 1310; x_wconf 71' lang='lat' dir='ltr'><strong>Solitum</strong></span> <span class='ocrx_word' id='word_1_180' title='bbox 3243 1269 3470 1325; x_wconf 87' lang='lat' dir='ltr'><strong>pensum</strong></span> <span class='ocrx_word' id='word_1_181' title='bbox 3523 1254 3678 1322; x_wconf 87' lang='lat' dir='ltr'><strong>dicit,</strong></span> 
     </span>
    </p>
   </div>
   <div class='ocr_carea' id='block_1_27' title="bbox 2105 1344 3682 1416">
    <p class='ocr_par' dir='ltr' id='par_1_27' title="bbox 2105 1344 3682 1416">
     <span class='ocr_line' id='line_1_27' title="bbox 2105 1344 3682 1416; baseline -0.004 -9"><span class='ocrx_word' id='word_1_182' title='bbox 2105 1359 2422 1408; x_wconf 85' lang='lat' dir='ltr'><strong>consuetum</strong></span> <span class='ocrx_word' id='word_1_183' title='bbox 2475 1348 2560 1404; x_wconf 88' lang='lat' dir='ltr'><strong>vel</strong></span> <span class='ocrx_word' id='word_1_184' title='bbox 2603 1347 2864 1404; x_wconf 90' lang='lat' dir='ltr'><strong>usitatum</strong></span> <span class='ocrx_word' id='word_1_185' title='bbox 2911 1345 3252 1400; x_wconf 64' lang='lat' dir='ltr'><strong>abstinentia:</strong></span> <span class='ocrx_word' id='word_1_186' title='bbox 3298 1353 3498 1400; x_wconf 71' lang='lat' dir='ltr'><strong>nostra:</strong></span> <span class='ocrx_word' id='word_1_187' title='bbox 3539 1344 3682 1416; x_wconf 85' lang='lat' dir='ltr'><strong>jeju-</strong></span> 
     </span>
    </p>
   </div>
   <div class='ocr_carea' id='block_1_28' title="bbox 2104 1433 3680 1508">
    <p class='ocr_par' dir='ltr' id='par_1_28' title="bbox 2104 1433 3680 1508">
     <span class='ocr_line' id='line_1_28' title="bbox 2104 1433 3680 1508; baseline -0.004 -12"><span class='ocrx_word' id='word_1_188' title='bbox 2104 1443 2275 1508; x_wconf 86' lang='lat' dir='ltr'><strong>nium,</strong></span> <span class='ocrx_word' id='word_1_189' title='bbox 2325 1440 2412 1495; x_wconf 87' lang='lat' dir='ltr'><strong>cui</strong></span> <span class='ocrx_word' id='word_1_190' title='bbox 2441 1439 2618 1494; x_wconf 87' lang='lat' dir='ltr'><strong>adhuc</strong></span> <span class='ocrx_word' id='word_1_191' title='bbox 2656 1438 2846 1492; x_wconf 86' lang='lat' dir='ltr'><strong>diebus</strong></span> <span class='ocrx_word' id='word_1_192' title='bbox 2882 1435 3310 1506; x_wconf 71' lang='lat' dir='ltr'><strong>quadragesima:</strong></span> <span class='ocrx_word' id='word_1_193' title='bbox 3335 1433 3542 1504; x_wconf 82' lang='lat' dir='ltr'><strong>aliquid</strong></span> <span class='ocrx_word' id='word_1_194' title='bbox 3564 1449 3680 1489; x_wconf 89' lang='lat' dir='ltr'><strong>am-</strong></span> 
     </span>
    </p>
   </div>
   <div class='ocr_carea' id='block_1_29' title="bbox 2105 1525 3289 1604">
    <p class='ocr_par' dir='ltr' id='par_1_29' title="bbox 2105 1525 3289 1604">
     <span class='ocr_line' id='line_1_29' title="bbox 2105 1525 3289 1604; baseline -0.007 -17"><span class='ocrx_word' id='word_1_195' title='bbox 2105 1534 2244 1604; x_wconf 88' lang='lat' dir='ltr'><strong>plius</strong></span> <span class='ocrx_word' id='word_1_196' title='bbox 2267 1540 2348 1587; x_wconf 87' lang='lat' dir='ltr'><strong>est</strong></span> <span class='ocrx_word' id='word_1_197' title='bbox 2379 1531 2700 1602; x_wconf 83' lang='lat' dir='ltr'><strong>augendum.</strong></span> <span class='ocrx_word' id='word_1_198' title='bbox 2734 1528 2887 1585; x_wconf 86' lang='lat' dir='ltr'><strong>Unde</strong></span> <span class='ocrx_word' id='word_1_199' title='bbox 2912 1535 2968 1582; x_wconf 90' lang='lat' dir='ltr'><strong>et</strong></span> <span class='ocrx_word' id='word_1_200' title='bbox 2996 1525 3246 1581; x_wconf 80' lang='lat' dir='ltr'><strong>subditur</strong></span> <span class='ocrx_word' id='word_1_201' title='bbox 3268 1539 3289 1579; x_wconf 86' lang='lat'><strong>:</strong></span> 
     </span>
    </p>
   </div>
   <div class='ocr_carea' id='block_1_30' title="bbox 2175 1613 3673 1690">
    <p class='ocr_par' dir='ltr' id='par_1_30' title="bbox 2175 1613 3673 1690">
     <span class='ocr_line' id='line_1_30' title="bbox 2175 1613 3673 1690; baseline -0.006 -15"><span class='ocrx_word' id='word_1_202' title='bbox 2175 1621 2452 1675; x_wconf 74' lang='lat' dir='ltr'><strong>Orationes</strong></span> <span class='ocrx_word' id='word_1_203' title='bbox 2473 1618 2760 1690; x_wconf 76' lang='lat' dir='ltr'><strong>peculiares</strong></span> <span class='ocrx_word' id='word_1_204' title='bbox 2784 1616 3020 1670; x_wconf 86' lang='lat' dir='ltr'><strong>ciborum</strong></span> <span class='ocrx_word' id='word_1_205' title='bbox 3039 1624 3088 1669; x_wconf 88' lang='lat' dir='ltr'><strong>et</strong></span> <span class='ocrx_word' id='word_1_206' title='bbox 3112 1623 3263 1685; x_wconf 83' lang='lat' dir='ltr'><strong>potus</strong></span> <span class='ocrx_word' id='word_1_207' title='bbox 3286 1613 3673 1680; x_wconf 75' lang='lat' dir='ltr'><strong>abstinentiam,</strong></span> 
     </span>
    </p>
   </div>
   <div class='ocr_carea' id='block_1_31' title="bbox 423 1703 3676 1784">
    <p class='ocr_par' dir='ltr' id='par_1_31' title="bbox 423 1703 3676 1784">
     <span class='ocr_line' id='line_1_31' title="bbox 423 1703 3676 1784; baseline -0.001 -22"><span class='ocrx_word' id='word_1_208' title='bbox 423 1714 528 1772; x_wconf 88' lang='lat' dir='ltr'><strong>est,</strong></span> <span class='ocrx_word' id='word_1_209' title='bbox 546 1708 834 1762; x_wconf 87' lang='lat' dir='ltr'><strong>humanius</strong></span> <span class='ocrx_word' id='word_1_210' title='bbox 857 1707 1286 1778; x_wconf 67' lang='lat' dir='ltr'><strong>clbmentiusqne</strong></span> <span class='ocrx_word' id='word_1_211' title='bbox 1313 1706 1601 1762; x_wconf 87' lang='lat' dir='ltr'><strong>tractandi.</strong></span> <span class='ocrx_word' id='word_1_212' title='bbox 1635 1705 1884 1773; x_wconf 82' lang='lat' dir='ltr'><strong>Quorum</strong></span> <span class='ocrx_word' id='word_1_213' title='bbox 1903 1705 2004 1760; x_wconf 87' lang='lat' dir='ltr'><strong>im-</strong></span> <span class='ocrx_word' id='word_1_214' title='bbox 2031 1780 2054 1784; x_wconf 90' lang='lat'><em>_</em></span> <span class='ocrx_word' id='word_1_215' title='bbox 2105 1723 2158 1766; x_wconf 77' lang='lat' dir='ltr'><strong>ut</strong></span> <span class='ocrx_word' id='word_1_216' title='bbox 2185 1711 2538 1784; x_wconf 74' lang='lat' dir='ltr'><strong>unusquisque</strong></span> <span class='ocrx_word' id='word_1_217' title='bbox 2575 1725 2730 1780; x_wconf 82' lang='lat' dir='ltr'><strong>super</strong></span> <span class='ocrx_word' id='word_1_218' title='bbox 2757 1723 3052 1764; x_wconf 85' lang='lat' dir='ltr'><strong>mensuram</strong></span> <span class='ocrx_word' id='word_1_219' title='bbox 3081 1706 3179 1760; x_wconf 84' lang='lat' dir='ltr'><strong>sibi</strong></span> <span class='ocrx_word' id='word_1_220' title='bbox 3197 1705 3449 1760; x_wconf 78' lang='lat' dir='ltr'><strong>indictum</strong></span> <span class='ocrx_word' id='word_1_221' title='bbox 3475 1703 3676 1776; x_wconf 74' lang='lat' dir='ltr'><strong>aliquid</strong></span> 
     </span>
    </p>
   </div>
   <div class='ocr_carea' id='block_1_32' title="bbox 422 1780 3674 1874">
    <p class='ocr_par' dir='ltr' id='par_1_32' title="bbox 422 1780 3674 1874">
     <span class='ocr_line' id='line_1_32' title="bbox 422 1780 3674 1874; baseline -0.001 -21"><span class='ocrx_word' id='word_1_222' title='bbox 422 1798 708 1865; x_wconf 85' lang='lat' dir='ltr'><strong>bccillitas,</strong></span> <span class='ocrx_word' id='word_1_223' title='bbox 742 1799 794 1854; x_wconf 89' lang='lat' dir='ltr'><strong>id</strong></span> <span class='ocrx_word' id='word_1_224' title='bbox 820 1807 905 1854; x_wconf 88' lang='lat' dir='ltr'><strong>est</strong></span> <span class='ocrx_word' id='word_1_225' title='bbox 925 1841 940 1866; x_wconf 95' lang='lat'><strong>,</strong></span> <span class='ocrx_word' id='word_1_226' title='bbox 973 1798 1234 1870; x_wconf 82' lang='lat' dir='ltr'><strong>fragilitas</strong></span> <span class='ocrx_word' id='word_1_227' title='bbox 1262 1798 1346 1853; x_wconf 84' lang='lat' dir='ltr'><strong>vel</strong></span> <span class='ocrx_word' id='word_1_228' title='bbox 1385 1798 1790 1868; x_wconf 48' lang='lat' dir='ltr'><strong>impossibil‘itas</strong></span> <span class='ocrx_word' id='word_1_229' title='bbox 1815 1800 1884 1856; x_wconf 92' lang='lat' dir='ltr'><strong>ab</strong></span> <span class='ocrx_word' id='word_1_230' title='bbox 1904 1799 2000 1855; x_wconf 88' lang='lat' dir='ltr'><strong>ab-</strong></span> <span class='ocrx_word' id='word_1_231' title='bbox 2031 1780 2079 1839; x_wconf 76' lang='grc' dir='ltr'><strong>Β</strong></span> <span class='ocrx_word' id='word_1_232' title='bbox 2107 1805 2170 1856; x_wconf 85' lang='lat' dir='ltr'><strong>de</strong></span> <span class='ocrx_word' id='word_1_233' title='bbox 2193 1780 2408 1874; x_wconf 79' lang='lat' dir='ltr'><strong>propria</strong></span> <span class='ocrx_word' id='word_1_234' title='bbox 2436 1780 2699 1856; x_wconf 68' lang='lat' dir='ltr'><strong>uoluntate</strong></span> <span class='ocrx_word' id='word_1_235' title='bbox 2723 1815 2841 1852; x_wconf 88' lang='lat' dir='ltr'><strong>cum</strong></span> <span class='ocrx_word' id='word_1_236' title='bbox 2872 1797 3065 1868; x_wconf 84' lang='lat' dir='ltr'><strong>gaudio</strong></span> <span class='ocrx_word' id='word_1_237' title='bbox 3093 1797 3264 1850; x_wconf 84' lang='lat' dir='ltr'><strong>sancti</strong></span> <span class='ocrx_word' id='word_1_238' title='bbox 3290 1795 3522 1867; x_wconf 82' lang='lat' dir='ltr'><strong>Spiritus</strong></span> <span class='ocrx_word' id='word_1_239' title='bbox 3547 1795 3674 1865; x_wconf 64' lang='lat' dir='ltr'><strong>olfe-</strong></span> 
     </span>
    </p>
   </div>
   <div class='ocr_carea' id='block_1_33' title="bbox 421 1888 2004 1961">
    <p class='ocr_par' dir='ltr' id='par_1_33' title="bbox 421 1888 2004 1961">
     <span class='ocr_line' id='line_1_33' title="bbox 421 1888 2004 1961; baseline -0.001 -17"><span class='ocrx_word' id='word_1_240' title='bbox 421 1889 548 1944; x_wconf 84' lang='lat' dir='ltr'><strong>bate</strong></span> <span class='ocrx_word' id='word_1_241' title='bbox 569 1891 721 1961; x_wconf 85' lang='lat' dir='ltr'><strong>quasi</strong></span> <span class='ocrx_word' id='word_1_242' title='bbox 749 1904 782 1943; x_wconf 90' lang='lat' dir='ltr'><strong>a</strong></span> <span class='ocrx_word' id='word_1_243' title='bbox 806 1889 894 1960; x_wconf 86' lang='lat' dir='ltr'><strong>pio</strong></span> <span class='ocrx_word' id='word_1_244' title='bbox 918 1898 1006 1944; x_wconf 80' lang='lat' dir='ltr'><strong>est</strong></span> <span class='ocrx_word' id='word_1_245' title='bbox 1025 1888 1414 1944; x_wconf 84' lang='lat' dir='ltr'><strong>consideranda</strong></span> <span class='ocrx_word' id='word_1_246' title='bbox 1438 1896 1595 1957; x_wconf 82' lang='lat' dir='ltr'><strong>patre</strong></span> <span class='ocrx_word' id='word_1_247' title='bbox 1619 1889 1824 1959; x_wconf 88' lang='lat' dir='ltr'><strong>pariter</strong></span> <span class='ocrx_word' id='word_1_248' title='bbox 1843 1897 2004 1959; x_wconf 89' lang='lat' dir='ltr'><strong>atque</strong></span> 
     </span>
    </p>
   </div>
   <div class='ocr_carea' id='block_1_34' title="bbox 423 1990 655 2038">
    <p class='ocr_par' dir='ltr' id='par_1_34' title="bbox 423 1990 655 2038">
     <span class='ocr_line' id='line_1_34' title="bbox 423 1990 655 2038; baseline 0 -2"><span class='ocrx_word' id='word_1_249' title='bbox 423 1990 655 2038; x_wconf 75' lang='lat' dir='ltr'><strong>rectore.</strong></span> 
     </span>
    </p>
   </div>
   <div class='ocr_carea' id='block_1_35' title="bbox 988 2050 1420 2108">
    <p class='ocr_par' dir='ltr' id='par_1_35' title="bbox 988 2050 1420 2108">
     <span class='ocr_line' id='line_1_35' title="bbox 988 2050 1420 2108; baseline -0.009 0"><span class='ocrx_word' id='word_1_250' title='bbox 988 2051 1216 2108; x_wconf 80' lang='lat' dir='ltr'><strong>CAPUT</strong></span> <span class='ocrx_word' id='word_1_251' title='bbox 1253 2050 1420 2105; x_wconf 75' lang='lat' dir='ltr'><strong>XLIX</strong></span> 
     </span>
    </p>
   </div>
   <div class='ocr_carea' id='block_1_36' title="bbox 737 2143 1646 2214">
    <p class='ocr_par' dir='ltr' id='par_1_36' title="bbox 737 2143 1646 2214">
     <span class='ocr_line' id='line_1_36' title="bbox 737 2143 1646 2214; baseline 0 -16"><span class='ocrx_word' id='word_1_252' title='bbox 737 2144 814 2198; x_wconf 79' lang='lat' dir='ltr'><strong>De</strong></span> <span class='ocrx_word' id='word_1_253' title='bbox 837 2143 1266 2214; x_wconf 81' lang='lat' dir='ltr'><strong>Quadragesimte</strong></span> <span class='ocrx_word' id='word_1_254' title='bbox 1293 2143 1646 2198; x_wconf 79' lang='lat' dir='ltr'><strong>obseruatione</strong></span> 
     </span>
    </p>
   </div>
   <div class='ocr_carea' id='block_1_37' title="bbox 495 2256 2002 2328">
    <p class='ocr_par' dir='ltr' id='par_1_37' title="bbox 495 2256 2002 2328">
     <span class='ocr_line' id='line_1_37' title="bbox 495 2256 2002 2328; baseline 0.001 -18"><span class='ocrx_word' id='word_1_255' title='bbox 495 2257 635 2312; x_wconf 78' lang='lat' dir='ltr'><strong>Licet</strong></span> <span class='ocrx_word' id='word_1_256' title='bbox 688 2258 833 2311; x_wconf 75' lang='lat' dir='ltr'><strong>omni</strong></span> <span class='ocrx_word' id='word_1_257' title='bbox 882 2265 1107 2328; x_wconf 85' lang='lat' dir='ltr'><strong>tempore</strong></span> <span class='ocrx_word' id='word_1_258' title='bbox 1149 2257 1251 2312; x_wconf 68' lang='lat' dir='ltr'><strong>vita</strong></span> <span class='ocrx_word' id='word_1_259' title='bbox 1296 2257 1538 2311; x_wconf 82' lang='lat' dir='ltr'><strong>monachi</strong></span> <span class='ocrx_word' id='word_1_260' title='bbox 1574 2256 2002 2328; x_wconf 72' lang='lat' dir='ltr'><strong>Quadragesimat</strong></span> 
     </span>
    </p>
   </div>
   <div class='ocr_carea' id='block_1_38' title="bbox 420 2346 2001 2419">
    <p class='ocr_par' dir='ltr' id='par_1_38' title="bbox 420 2346 2001 2419">
     <span class='ocr_line' id='line_1_38' title="bbox 420 2346 2001 2419; baseline 0.002 -20"><span class='ocrx_word' id='word_1_261' title='bbox 420 2347 603 2400; x_wconf 69' lang='lat' dir='ltr'><strong>debeat</strong></span> <span class='ocrx_word' id='word_1_262' title='bbox 631 2346 1036 2402; x_wconf 79' lang='lat' dir='ltr'><strong>observationem</strong></span> <span class='ocrx_word' id='word_1_263' title='bbox 1077 2347 1284 2402; x_wconf 88' lang='lat' dir='ltr'><strong>habere.</strong></span> <span class='ocrx_word' id='word_1_264' title='bbox 1327 2346 1501 2413; x_wconf 86' lang='lat' dir='ltr'><strong>Licet,</strong></span> <span class='ocrx_word' id='word_1_265' title='bbox 1546 2349 1636 2404; x_wconf 86' lang='lat' dir='ltr'><strong>hic</strong></span> <span class='ocrx_word' id='word_1_266' title='bbox 1674 2363 1772 2418; x_wconf 89' lang='lat' dir='ltr'><strong>pro</strong></span> <span class='ocrx_word' id='word_1_267' title='bbox 1815 2365 2001 2419; x_wconf 88' lang='lat' dir='ltr'><strong>quam-</strong></span> 
     </span>
    </p>
   </div>
   <div class='ocr_carea' id='block_1_39' title="bbox 420 2437 2002 2509">
    <p class='ocr_par' dir='ltr' id='par_1_39' title="bbox 420 2437 2002 2509">
     <span class='ocr_line' id='line_1_39' title="bbox 420 2437 2002 2509; baseline 0.003 -17"><span class='ocrx_word' id='word_1_268' title='bbox 420 2438 498 2492; x_wconf 70' lang='lat' dir='ltr'><strong>eis</strong></span> <span class='ocrx_word' id='word_1_269' title='bbox 539 2438 784 2508; x_wconf 87' lang='lat' dir='ltr'><strong>positum</strong></span> <span class='ocrx_word' id='word_1_270' title='bbox 829 2446 930 2492; x_wconf 89' lang='lat' dir='ltr'><strong>est.</strong></span> <span class='ocrx_word' id='word_1_271' title='bbox 983 2437 1208 2509; x_wconf 87' lang='lat' dir='ltr'><strong>Oportet</strong></span> <span class='ocrx_word' id='word_1_272' title='bbox 1256 2439 1399 2494; x_wconf 91' lang='lat' dir='ltr'><strong>enim</strong></span> <span class='ocrx_word' id='word_1_273' title='bbox 1448 2439 1716 2494; x_wconf 89' lang='lat' dir='ltr'><strong>monacho</strong></span> <span class='ocrx_word' id='word_1_274' title='bbox 1746 2440 1862 2496; x_wconf 89' lang='lat' dir='ltr'><strong>sine</strong></span> <span class='ocrx_word' id='word_1_275' title='bbox 1903 2441 2002 2496; x_wconf 85' lang='lat' dir='ltr'><strong>du-</strong></span> 
     </span>
    </p>
   </div>
   <div class='ocr_carea' id='block_1_40' title="bbox 417 2527 1998 2596">
    <p class='ocr_par' dir='ltr' id='par_1_40' title="bbox 417 2527 1998 2596">
     <span class='ocr_line' id='line_1_40' title="bbox 417 2527 1998 2596; baseline 0.001 -12"><span class='ocrx_word' id='word_1_276' title='bbox 417 2529 510 2585; x_wconf 87' lang='lat' dir='ltr'><strong>hi0</strong></span> <span class='ocrx_word' id='word_1_277' title='bbox 536 2544 658 2584; x_wconf 91' lang='lat' dir='ltr'><strong>cum</strong></span> <span class='ocrx_word' id='word_1_278' title='bbox 691 2529 922 2584; x_wconf 84' lang='lat' dir='ltr'><strong>mundus</strong></span> <span class='ocrx_word' id='word_1_279' title='bbox 965 2528 1038 2582; x_wconf 89' lang='lat' dir='ltr'><strong>illi</strong></span> <span class='ocrx_word' id='word_1_280' title='bbox 1077 2527 1370 2584; x_wconf 63' lang='lat' dir='ltr'><strong>crucifixius</strong></span> <span class='ocrx_word' id='word_1_281' title='bbox 1397 2536 1500 2594; x_wconf 90' lang='lat' dir='ltr'><strong>est,</strong></span> <span class='ocrx_word' id='word_1_282' title='bbox 1550 2537 1606 2584; x_wconf 91' lang='lat' dir='ltr'><strong>et</strong></span> <span class='ocrx_word' id='word_1_283' title='bbox 1646 2528 1733 2584; x_wconf 89' lang='lat' dir='ltr'><strong>ille</strong></span> <span class='ocrx_word' id='word_1_284' title='bbox 1773 2531 1998 2596; x_wconf 90' lang='lat' dir='ltr'><strong>mundo,</strong></span> 
     </span>
    </p>
   </div>
   <div class='ocr_carea' id='block_1_41' title="bbox 415 2619 1994 2692">
    <p class='ocr_par' dir='ltr' id='par_1_41' title="bbox 415 2619 1994 2692">
     <span class='ocr_line' id='line_1_41' title="bbox 415 2619 1994 2692; baseline 0 -18"><span class='ocrx_word' id='word_1_285' title='bbox 415 2629 478 2676; x_wconf 82' lang='lat' dir='ltr'><strong>ut</strong></span> <span class='ocrx_word' id='word_1_286' title='bbox 503 2621 730 2692; x_wconf 72' lang='lat' dir='ltr'><strong>castiget</strong></span> <span class='ocrx_word' id='word_1_287' title='bbox 755 2635 951 2689; x_wconf 87' lang='lat' dir='ltr'><strong>corpus</strong></span> <span class='ocrx_word' id='word_1_288' title='bbox 979 2635 1156 2684; x_wconf 85' lang='lat' dir='ltr'><strong>suum,</strong></span> <span class='ocrx_word' id='word_1_289' title='bbox 1213 2627 1269 2674; x_wconf 89' lang='lat' dir='ltr'><strong>et</strong></span> <span class='ocrx_word' id='word_1_290' title='bbox 1309 2619 1364 2674; x_wconf 93' lang='lat' dir='ltr'><strong>in</strong></span> <span class='ocrx_word' id='word_1_291' title='bbox 1410 2619 1723 2674; x_wconf 87' lang='lat' dir='ltr'><strong>servitutem</strong></span> <span class='ocrx_word' id='word_1_292' title='bbox 1769 2619 1994 2690; x_wconf 85' lang='lat' dir='ltr'><strong>redigat,</strong></span> 
     </span>
    </p>
   </div>
   <div class='ocr_carea' id='block_1_42' title="bbox 413 2709 1996 2782">
    <p class='ocr_par' dir='ltr' id='par_1_42' title="bbox 413 2709 1996 2782">
     <span class='ocr_line' id='line_1_42' title="bbox 413 2709 1996 2782; baseline -0.001 -15"><span class='ocrx_word' id='word_1_293' title='bbox 413 2720 472 2767; x_wconf 88' lang='lat' dir='ltr'><strong>et</strong></span> <span class='ocrx_word' id='word_1_294' title='bbox 519 2713 664 2768; x_wconf 90' lang='lat' dir='ltr'><strong>omni</strong></span> <span class='ocrx_word' id='word_1_295' title='bbox 719 2720 961 2782; x_wconf 85' lang='lat' dir='ltr'><strong>tempore</strong></span> <span class='ocrx_word' id='word_1_296' title='bbox 1008 2711 1263 2766; x_wconf 82' lang='lat' dir='ltr'><strong>exhibeat</strong></span> <span class='ocrx_word' id='word_1_297' title='bbox 1313 2709 1662 2781; x_wconf 81' lang='lat' dir='ltr'><strong>semetipsum</strong></span> <span class='ocrx_word' id='word_1_298' title='bbox 1711 2710 1852 2765; x_wconf 81' lang='lat' dir='ltr'><strong>sicut</strong></span> <span class='ocrx_word' id='word_1_299' title='bbox 1901 2711 1996 2766; x_wconf 87' lang='lat' dir='ltr'><strong>Dei</strong></span> 
     </span>
    </p>
   </div>
   <div class='ocr_carea' id='block_1_43' title="bbox 417 2797 1995 2869">
    <p class='ocr_par' dir='ltr' id='par_1_43' title="bbox 417 2797 1995 2869">
     <span class='ocr_line' id='line_1_43' title="bbox 417 2797 1995 2869; baseline -0.001 -11"><span class='ocrx_word' id='word_1_300' title='bbox 417 2803 770 2869; x_wconf 73' lang='lat' dir='ltr'><strong>miniStrum,</strong></span> <span class='ocrx_word' id='word_1_301' title='bbox 820 2803 874 2856; x_wconf 92' lang='lat' dir='ltr'><strong>in</strong></span> <span class='ocrx_word' id='word_1_302' title='bbox 920 2801 1086 2856; x_wconf 87' lang='lat' dir='ltr'><strong>variis</strong></span> <span class='ocrx_word' id='word_1_303' title='bbox 1123 2797 1556 2867; x_wconf 76' lang='lat' dir='ltr'><strong>necessitatibus,</strong></span> <span class='ocrx_word' id='word_1_304' title='bbox 1605 2801 1658 2856; x_wconf 91' lang='lat' dir='ltr'><strong>in</strong></span> <span class='ocrx_word' id='word_1_305' title='bbox 1699 2800 1995 2866; x_wconf 83' lang='lat' dir='ltr'><strong>laboribus,</strong></span> 
     </span>
    </p>
   </div>
   <div class='ocr_carea' id='block_1_44' title="bbox 415 2891 1996 2972">
    <p class='ocr_par' dir='ltr' id='par_1_44' title="bbox 415 2891 1996 2972">
     <span class='ocr_line' id='line_1_44' title="bbox 415 2891 1996 2972; baseline -0.003 -16"><span class='ocrx_word' id='word_1_306' title='bbox 415 2901 469 2956; x_wconf 88' lang='lat' dir='ltr'><strong>in</strong></span> <span class='ocrx_word' id='word_1_307' title='bbox 494 2899 710 2972; x_wconf 78' lang='lat' dir='ltr'><strong>vigiliis.</strong></span> <span class='ocrx_word' id='word_1_308' title='bbox 741 2907 794 2954; x_wconf 90' lang='lat' dir='ltr'><strong>et</strong></span> <span class='ocrx_word' id='word_1_309' title='bbox 807 2897 1027 2968; x_wconf 81' lang='lat' dir='ltr'><strong>jejuniis</strong></span> <span class='ocrx_word' id='word_1_310' title='bbox 1047 2939 1061 2965; x_wconf 90' lang='lat'><strong>,</strong></span> <span class='ocrx_word' id='word_1_311' title='bbox 1087 2891 1406 2967; x_wconf 57' lang='lat' dir='ltr'><strong>exterisque</strong></span> <span class='ocrx_word' id='word_1_312' title='bbox 1431 2897 1721 2952; x_wconf 84' lang='lat' dir='ltr'><strong>virtutibus</strong></span> <span class='ocrx_word' id='word_1_313' title='bbox 1752 2911 1810 2952; x_wconf 90' lang='lat' dir='ltr'><strong>se</strong></span> <span class='ocrx_word' id='word_1_314' title='bbox 1841 2913 1996 2953; x_wconf 79' lang='lat' dir='ltr'><strong>exer-</strong></span> 
     </span>
    </p>
   </div>
   <div class='ocr_carea' id='block_1_45' title="bbox 413 2992 603 3045">
    <p class='ocr_par' dir='ltr' id='par_1_45' title="bbox 413 2992 603 3045">
     <span class='ocr_line' id='line_1_45' title="bbox 413 2992 603 3045; baseline 0.011 -2"><span class='ocrx_word' id='word_1_315' title='bbox 413 2992 603 3045; x_wconf 79' lang='lat' dir='ltr'><strong>cendo.</strong></span> 
     </span>
    </p>
   </div>
   <div class='ocr_carea' id='block_1_46' title="bbox 485 3080 2012 3152">
    <p class='ocr_par' dir='ltr' id='par_1_46' title="bbox 485 3080 2012 3152">
     <span class='ocr_line' id='line_1_46' title="bbox 485 3080 2012 3152; baseline 0 -18"><span class='ocrx_word' id='word_1_316' title='bbox 485 3080 678 3135; x_wconf 75' lang='lat' dir='ltr'><strong>Tamen</strong></span> <span class='ocrx_word' id='word_1_317' title='bbox 704 3083 830 3152; x_wconf 87' lang='lat' dir='ltr'><strong>quia</strong></span> <span class='ocrx_word' id='word_1_318' title='bbox 856 3097 1144 3152; x_wconf 87' lang='lat' dir='ltr'><strong>paucorum</strong></span> <span class='ocrx_word' id='word_1_319' title='bbox 1175 3090 1249 3135; x_wconf 86' lang='lat' dir='ltr'><strong>est</strong></span> <span class='ocrx_word' id='word_1_320' title='bbox 1281 3091 1380 3135; x_wconf 80' lang='lat' dir='ltr'><strong>ista</strong></span> <span class='ocrx_word' id='word_1_321' title='bbox 1413 3082 1599 3147; x_wconf 81' lang='lat' dir='ltr'><strong>virtus,</strong></span> <span class='ocrx_word' id='word_1_322' title='bbox 1636 3095 1816 3134; x_wconf 87' lang='lat' dir='ltr'><strong>eorum</strong></span> <span class='ocrx_word' id='word_1_323' title='bbox 1852 3080 2012 3134; x_wconf 58' lang='grc' dir='ltr'><strong>υἱώ-ι·</strong></span> 
     </span>
    </p>
   </div>
   <div class='ocr_carea' id='block_1_47' title="bbox 2107 1883 3676 1961">
    <p class='ocr_par' dir='ltr' id='par_1_47' title="bbox 2107 1883 3676 1961">
     <span class='ocr_line' id='line_1_47' title="bbox 2107 1883 3676 1961; baseline -0.004 -14"><span class='ocrx_word' id='word_1_324' title='bbox 2107 1892 2341 1947; x_wconf 88' lang='lat' dir='ltr'><strong>ratDeo.</strong></span> <span class='ocrx_word' id='word_1_325' title='bbox 2371 1889 2506 1944; x_wconf 81' lang='lat' dir='ltr'><strong>Cum</strong></span> <span class='ocrx_word' id='word_1_326' title='bbox 2549 1889 2746 1961; x_wconf 80' lang='lat' dir='ltr'><strong>gaudio</strong></span> <span class='ocrx_word' id='word_1_327' title='bbox 2793 1888 2935 1942; x_wconf 87' lang='lat' dir='ltr'><strong>enim</strong></span> <span class='ocrx_word' id='word_1_328' title='bbox 2981 1885 3154 1942; x_wconf 84' lang='lat' dir='ltr'><strong>sancti</strong></span> <span class='ocrx_word' id='word_1_329' title='bbox 3201 1885 3434 1956; x_wconf 87' lang='lat' dir='ltr'><strong>Spiritus</strong></span> <span class='ocrx_word' id='word_1_330' title='bbox 3479 1883 3676 1941; x_wconf 69' lang='lat' dir='ltr'><strong>offerre</strong></span> 
     </span>
    </p>
   </div>
   <div class='ocr_carea' id='block_1_48' title="bbox 2105 1975 3674 2046">
    <p class='ocr_par' dir='ltr' id='par_1_48' title="bbox 2105 1975 3674 2046">
     <span class='ocr_line' id='line_1_48' title="bbox 2105 1975 3674 2046; baseline -0.004 -9"><span class='ocrx_word' id='word_1_331' title='bbox 2105 1983 2264 2037; x_wconf 87' lang='lat' dir='ltr'><strong>debet</strong></span> <span class='ocrx_word' id='word_1_332' title='bbox 2303 1981 2600 2036; x_wconf 86' lang='lat' dir='ltr'><strong>monachus</strong></span> <span class='ocrx_word' id='word_1_333' title='bbox 2640 1994 2797 2036; x_wconf 85' lang='lat' dir='ltr'><strong>suum</strong></span> <span class='ocrx_word' id='word_1_334' title='bbox 2843 1977 3072 2032; x_wconf 89' lang='lat' dir='ltr'><strong>Domino</strong></span> <span class='ocrx_word' id='word_1_335' title='bbox 3097 1977 3208 2031; x_wconf 90' lang='lat' dir='ltr'><strong>Deo</strong></span> <span class='ocrx_word' id='word_1_336' title='bbox 3243 1985 3449 2042; x_wconf 87' lang='lat' dir='ltr'><strong>votum,</strong></span> <span class='ocrx_word' id='word_1_337' title='bbox 3485 1976 3576 2046; x_wconf 89' lang='lat' dir='ltr'><strong>qui</strong></span> <span class='ocrx_word' id='word_1_338' title='bbox 3605 1975 3674 2031; x_wconf 90' lang='lat' dir='ltr'><strong>ab</strong></span> 
     </span>
    </p>
   </div>
   <div class='ocr_carea' id='block_1_49' title="bbox 2105 2067 3672 2143">
    <p class='ocr_par' dir='ltr' id='par_1_49' title="bbox 2105 2067 3672 2143">
     <span class='ocr_line' id='line_1_49' title="bbox 2105 2067 3672 2143; baseline -0.003 -16"><span class='ocrx_word' id='word_1_339' title='bbox 2105 2074 2196 2128; x_wconf 91' lang='lat' dir='ltr'><strong>illo</strong></span> <span class='ocrx_word' id='word_1_340' title='bbox 2227 2081 2411 2143; x_wconf 87' lang='lat' dir='ltr'><strong>sperat</strong></span> <span class='ocrx_word' id='word_1_341' title='bbox 2433 2071 2678 2142; x_wconf 84' lang='lat' dir='ltr'><strong>accipere</strong></span> <span class='ocrx_word' id='word_1_342' title='bbox 2699 2083 2922 2142; x_wconf 77' lang='lat' dir='ltr'><strong>regnum</strong></span> <span class='ocrx_word' id='word_1_343' title='bbox 2950 2067 3232 2123; x_wconf 61' lang='lat' dir='ltr'><strong>caelorum.</strong></span> <span class='ocrx_word' id='word_1_344' title='bbox 3255 2067 3358 2135; x_wconf 90' lang='lat' dir='ltr'><strong>Qui</strong></span> <span class='ocrx_word' id='word_1_345' title='bbox 3377 2067 3523 2122; x_wconf 90' lang='lat' dir='ltr'><strong>enim</strong></span> <span class='ocrx_word' id='word_1_346' title='bbox 3550 2081 3672 2122; x_wconf 89' lang='lat' dir='ltr'><strong>cum</strong></span> 
     </span>
    </p>
   </div>
   <div class='ocr_carea' id='block_1_50' title="bbox 2104 2157 3673 2232">
    <p class='ocr_par' dir='ltr' id='par_1_50' title="bbox 2104 2157 3673 2232">
     <span class='ocr_line' id='line_1_50' title="bbox 2104 2157 3673 2232; baseline -0.003 -15"><span class='ocrx_word' id='word_1_347' title='bbox 2104 2163 2372 2219; x_wconf 88' lang='lat' dir='ltr'><strong>hilaritate</strong></span> <span class='ocrx_word' id='word_1_348' title='bbox 2421 2169 2476 2216; x_wconf 91' lang='lat' dir='ltr'><strong>et</strong></span> <span class='ocrx_word' id='word_1_349' title='bbox 2505 2160 2700 2232; x_wconf 79' lang='lat' dir='ltr'><strong>gaudio</strong></span> <span class='ocrx_word' id='word_1_350' title='bbox 2743 2158 2970 2213; x_wconf 86' lang='lat' dir='ltr'><strong>Domino</strong></span> <span class='ocrx_word' id='word_1_351' title='bbox 3010 2157 3198 2224; x_wconf 84' lang='lat' dir='ltr'><strong>servit,</strong></span> <span class='ocrx_word' id='word_1_352' title='bbox 3246 2157 3336 2210; x_wconf 82' lang='lat' dir='ltr'><strong>vei</strong></span> <span class='ocrx_word' id='word_1_353' title='bbox 3373 2157 3539 2212; x_wconf 82' lang='lat' dir='ltr'><strong>donat</strong></span> <span class='ocrx_word' id='word_1_354' title='bbox 3576 2157 3673 2212; x_wconf 84' lang='lat' dir='ltr'><strong>ali-</strong></span> 
     </span>
    </p>
   </div>
   <div class='ocr_carea' id='block_1_51' title="bbox 2102 2247 3668 2325">
    <p class='ocr_par' dir='ltr' id='par_1_51' title="bbox 2102 2247 3668 2325">
     <span class='ocr_line' id='line_1_51' title="bbox 2102 2247 3668 2325; baseline -0.004 -17"><span class='ocrx_word' id='word_1_355' title='bbox 2102 2256 2252 2325; x_wconf 83' lang='lat' dir='ltr'><strong>quid,</strong></span> <span class='ocrx_word' id='word_1_356' title='bbox 2284 2253 2594 2325; x_wconf 88' lang='lat' dir='ltr'><strong>centuplum</strong></span> <span class='ocrx_word' id='word_1_357' title='bbox 2642 2251 2711 2306; x_wconf 90' lang='lat' dir='ltr'><strong>ab</strong></span> <span class='ocrx_word' id='word_1_358' title='bbox 2755 2250 2846 2306; x_wconf 89' lang='lat' dir='ltr'><strong>illo</strong></span> <span class='ocrx_word' id='word_1_359' title='bbox 2884 2249 3130 2320; x_wconf 86' lang='lat' dir='ltr'><strong>accipiet,</strong></span> <span class='ocrx_word' id='word_1_360' title='bbox 3166 2249 3387 2318; x_wconf 90' lang='lat' dir='ltr'><strong>insuper</strong></span> <span class='ocrx_word' id='word_1_361' title='bbox 3420 2257 3477 2302; x_wconf 85' lang='lat' dir='ltr'><strong>et</strong></span> <span class='ocrx_word' id='word_1_362' title='bbox 3503 2247 3668 2302; x_wconf 88' lang='lat' dir='ltr'><strong>vitam</strong></span> 
     </span>
    </p>
   </div>
   <div class='ocr_carea' id='block_1_52' title="bbox 2101 2336 3671 2414">
    <p class='ocr_par' dir='ltr' id='par_1_52' title="bbox 2101 2336 3671 2414">
     <span class='ocr_line' id='line_1_52' title="bbox 2101 2336 3671 2414; baseline -0.006 -13"><span class='ocrx_word' id='word_1_363' title='bbox 2101 2355 2359 2402; x_wconf 78' lang='lat' dir='ltr'><strong>:eternam</strong></span> <span class='ocrx_word' id='word_1_364' title='bbox 2395 2341 2708 2414; x_wconf 86' lang='lat' dir='ltr'><strong>possidebit.</strong></span> <span class='ocrx_word' id='word_1_365' title='bbox 2735 2339 2936 2397; x_wconf 87' lang='lat' dir='ltr'><strong>Oll&#39;crat</strong></span> <span class='ocrx_word' id='word_1_366' title='bbox 2961 2339 3010 2393; x_wconf 90' lang='lat' dir='ltr'><strong>ei</strong></span> <span class='ocrx_word' id='word_1_367' title='bbox 3035 2354 3156 2393; x_wconf 90' lang='lat' dir='ltr'><strong>cum</strong></span> <span class='ocrx_word' id='word_1_368' title='bbox 3183 2337 3398 2409; x_wconf 77' lang='lat' dir='ltr'><strong>gaudio,</strong></span> <span class='ocrx_word' id='word_1_369' title='bbox 3427 2346 3482 2392; x_wconf 88' lang='lat' dir='ltr'><strong>et</strong></span> <span class='ocrx_word' id='word_1_370' title='bbox 3508 2336 3671 2392; x_wconf 83' lang='lat' dir='ltr'><strong>faciat</strong></span> 
     </span>
    </p>
   </div>
   <div class='ocr_carea' id='block_1_53' title="bbox 2101 2434 2550 2505">
    <p class='ocr_par' dir='ltr' id='par_1_53' title="bbox 2101 2434 2550 2505">
     <span class='ocr_line' id='line_1_53' title="bbox 2101 2434 2550 2505; baseline -0.004 -17"><span class='ocrx_word' id='word_1_371' title='bbox 2101 2434 2244 2505; x_wconf 76' lang='lat' dir='ltr'><strong>quod</strong></span> <span class='ocrx_word' id='word_1_372' title='bbox 2267 2434 2511 2504; x_wconf 88' lang='lat' dir='ltr'><strong>sequitur</strong></span> <span class='ocrx_word' id='word_1_373' title='bbox 2538 2450 2550 2486; x_wconf 89' lang='lat'><strong>:</strong></span> 
     </span>
    </p>
   </div>
   <div class='ocr_carea' id='block_1_54' title="bbox 2173 2517 3669 2601">
    <p class='ocr_par' dir='ltr' id='par_1_54' title="bbox 2173 2517 3669 2601">
     <span class='ocr_line' id='line_1_54' title="bbox 2173 2517 3669 2601; baseline -0.007 -20"><span class='ocrx_word' id='word_1_374' title='bbox 2173 2527 2239 2582; x_wconf 87' lang='lat' dir='ltr'><strong>Id</strong></span> <span class='ocrx_word' id='word_1_375' title='bbox 2263 2536 2359 2591; x_wconf 84' lang='lat' dir='ltr'><strong>est,</strong></span> <span class='ocrx_word' id='word_1_376' title='bbox 2391 2525 2662 2580; x_wconf 79' lang='lat' dir='ltr'><strong>subtrahat</strong></span> <span class='ocrx_word' id='word_1_377' title='bbox 2695 2521 2900 2594; x_wconf 87' lang='lat' dir='ltr'><strong>corpori</strong></span> <span class='ocrx_word' id='word_1_378' title='bbox 2933 2538 3029 2576; x_wconf 84' lang='lat' dir='ltr'><strong>suo</strong></span> <span class='ocrx_word' id='word_1_379' title='bbox 3063 2520 3126 2574; x_wconf 84' lang='lat' dir='ltr'><strong>de</strong></span> <span class='ocrx_word' id='word_1_380' title='bbox 3164 2519 3298 2585; x_wconf 88' lang='lat' dir='ltr'><strong>cibo,</strong></span> <span class='ocrx_word' id='word_1_381' title='bbox 3337 2519 3402 2572; x_wconf 88' lang='lat' dir='ltr'><strong>de</strong></span> <span class='ocrx_word' id='word_1_382' title='bbox 3429 2517 3669 2601; x_wconf 29' lang='lat' dir='ltr'><strong>potuhde</strong></span> 
     </span>
    </p>
   </div>
   <div class='ocr_carea' id='block_1_55' title="bbox 2099 2609 3666 2688">
    <p class='ocr_par' dir='ltr' id='par_1_55' title="bbox 2099 2609 3666 2688">
     <span class='ocr_line' id='line_1_55' title="bbox 2099 2609 3666 2688; baseline -0.009 -15"><span class='ocrx_word' id='word_1_383' title='bbox 2099 2635 2302 2683; x_wconf 88' lang='lat' dir='ltr'><strong>somno,</strong></span> <span class='ocrx_word' id='word_1_384' title='bbox 2333 2617 2398 2672; x_wconf 92' lang='lat' dir='ltr'><strong>de</strong></span> <span class='ocrx_word' id='word_1_385' title='bbox 2423 2615 2758 2688; x_wconf 76' lang='lat' dir='ltr'><strong>loquacitate,</strong></span> <span class='ocrx_word' id='word_1_386' title='bbox 2792 2612 2857 2666; x_wconf 86' lang='lat' dir='ltr'><strong>de</strong></span> <span class='ocrx_word' id='word_1_387' title='bbox 2895 2609 3237 2676; x_wconf 87' lang='lat' dir='ltr'><strong>scurrilitate,</strong></span> <span class='ocrx_word' id='word_1_388' title='bbox 3279 2619 3325 2664; x_wconf 89' lang='lat' dir='ltr'><strong>et</strong></span> <span class='ocrx_word' id='word_1_389' title='bbox 3367 2624 3483 2664; x_wconf 87' lang='lat' dir='ltr'><strong>cum</strong></span> <span class='ocrx_word' id='word_1_390' title='bbox 3510 2609 3666 2678; x_wconf 87' lang='lat' dir='ltr'><strong>spiri-</strong></span> 
     </span>
    </p>
   </div>
   <div class='ocr_carea' id='block_1_56' title="bbox 2098 2697 3665 2774">
    <p class='ocr_par' dir='ltr' id='par_1_56' title="bbox 2098 2697 3665 2774">
     <span class='ocr_line' id='line_1_56' title="bbox 2098 2697 3665 2774; baseline -0.007 -12"><span class='ocrx_word' id='word_1_391' title='bbox 2098 2707 2255 2762; x_wconf 85' lang='lat' dir='ltr'><strong>tualis</strong></span> <span class='ocrx_word' id='word_1_392' title='bbox 2298 2705 2544 2761; x_wconf 85' lang='lat' dir='ltr'><strong>desiderii</strong></span> <span class='ocrx_word' id='word_1_393' title='bbox 2583 2701 2776 2774; x_wconf 85' lang='lat' dir='ltr'><strong>gaudio</strong></span> <span class='ocrx_word' id='word_1_394' title='bbox 2832 2709 3071 2756; x_wconf 84' lang='lat' dir='ltr'><strong>sanctum</strong></span> <span class='ocrx_word' id='word_1_395' title='bbox 3127 2697 3336 2753; x_wconf 84' lang='lat' dir='ltr'><strong>Pascha</strong></span> <span class='ocrx_word' id='word_1_396' title='bbox 3389 2705 3665 2766; x_wconf 71' lang='lat' dir='ltr'><strong>exspectet.</strong></span> 
     </span>
    </p>
   </div>
   <div class='ocr_carea' id='block_1_57' title="bbox 2097 2787 3666 2854">
    <p class='ocr_par' dir='ltr' id='par_1_57' title="bbox 2097 2787 3666 2854">
     <span class='ocr_line' id='line_1_57' title="bbox 2097 2787 3666 2854; baseline -0.005 -2"><span class='ocrx_word' id='word_1_397' title='bbox 2097 2797 2289 2854; x_wconf 79' lang='lat' dir='ltr'><strong>Merito</strong></span> <span class='ocrx_word' id='word_1_398' title='bbox 2318 2799 2461 2854; x_wconf 87' lang='lat' dir='ltr'><strong>enim</strong></span> <span class='ocrx_word' id='word_1_399' title='bbox 2491 2796 2561 2851; x_wconf 84' lang='lat' dir='ltr'><strong>de</strong></span> <span class='ocrx_word' id='word_1_400' title='bbox 2595 2793 2992 2849; x_wconf 78' lang='lat' dir='ltr'><strong>resurrectione</strong></span> <span class='ocrx_word' id='word_1_401' title='bbox 3033 2790 3244 2846; x_wconf 87' lang='lat' dir='ltr'><strong>Domini</strong></span> <span class='ocrx_word' id='word_1_402' title='bbox 3293 2788 3431 2844; x_wconf 83' lang='lat' dir='ltr'><strong>tales</strong></span> <span class='ocrx_word' id='word_1_403' title='bbox 3465 2787 3666 2844; x_wconf 87' lang='lat' dir='ltr'><strong>debent</strong></span> 
     </span>
    </p>
   </div>
   <div class='ocr_carea' id='block_1_58' title="bbox 2096 2882 3668 2952">
    <p class='ocr_par' dir='ltr' id='par_1_58' title="bbox 2096 2882 3668 2952">
     <span class='ocr_line' id='line_1_58' title="bbox 2096 2882 3668 2952; baseline -0.007 -9"><span class='ocrx_word' id='word_1_404' title='bbox 2096 2903 2218 2944; x_wconf 92' lang='lat' dir='ltr'><strong>cum</strong></span> <span class='ocrx_word' id='word_1_405' title='bbox 2253 2887 2470 2942; x_wconf 82' lang='lat' dir='ltr'><strong>Christo</strong></span> <span class='ocrx_word' id='word_1_406' title='bbox 2497 2886 2550 2940; x_wconf 92' lang='lat' dir='ltr'><strong>in</strong></span> <span class='ocrx_word' id='word_1_407' title='bbox 2573 2884 2786 2940; x_wconf 83' lang='lat' dir='ltr'><strong>Pascha</strong></span> <span class='ocrx_word' id='word_1_408' title='bbox 2814 2883 3005 2947; x_wconf 62' lang='lat' dir='ltr'><strong>lictori,</strong></span> <span class='ocrx_word' id='word_1_409' title='bbox 3035 2882 3125 2952; x_wconf 91' lang='lat' dir='ltr'><strong>qui</strong></span> <span class='ocrx_word' id='word_1_410' title='bbox 3156 2894 3353 2950; x_wconf 84' lang='lat' dir='ltr'><strong>corpus</strong></span> <span class='ocrx_word' id='word_1_411' title='bbox 3381 2894 3538 2934; x_wconf 87' lang='lat' dir='ltr'><strong>suum</strong></span> <span class='ocrx_word' id='word_1_412' title='bbox 3566 2892 3668 2949; x_wconf 80' lang='lat' dir='ltr'><strong>per</strong></span> 
     </span>
    </p>
   </div>
   <div class='ocr_carea' id='block_1_59' title="bbox 2097 2973 3664 3052">
    <p class='ocr_par' dir='ltr' id='par_1_59' title="bbox 2097 2973 3664 3052">
     <span class='ocr_line' id='line_1_59' title="bbox 2097 2973 3664 3052; baseline -0.008 -13"><span class='ocrx_word' id='word_1_413' title='bbox 2097 2983 2478 3040; x_wconf 88' lang='lat' dir='ltr'><strong>abstinentiam</strong></span> <span class='ocrx_word' id='word_1_414' title='bbox 2527 2997 2625 3052; x_wconf 90' lang='lat' dir='ltr'><strong>pro</strong></span> <span class='ocrx_word' id='word_1_415' title='bbox 2679 2996 2746 3036; x_wconf 91' lang='lat' dir='ltr'><strong>eo</strong></span> <span class='ocrx_word' id='word_1_416' title='bbox 2795 2985 3188 3036; x_wconf 88' lang='lat' dir='ltr'><strong>consenserunt</strong></span> <span class='ocrx_word' id='word_1_417' title='bbox 3231 2974 3496 3047; x_wconf 78' lang='lat' dir='ltr'><strong>crucifigi.</strong></span> <span class='ocrx_word' id='word_1_418' title='bbox 3560 2973 3664 3041; x_wconf 86' lang='lat' dir='ltr'><strong>Qui</strong></span> 
     </span>
    </p>
   </div>
   <div class='ocr_carea' id='block_1_60' title="bbox 2094 3063 3666 3144">
    <p class='ocr_par' dir='ltr' id='par_1_60' title="bbox 2094 3063 3666 3144">
     <span class='ocr_line' id='line_1_60' title="bbox 2094 3063 3666 3144; baseline -0.008 -14"><span class='ocrx_word' id='word_1_419' title='bbox 2094 3075 2238 3130; x_wconf 89' lang='lat' dir='ltr'><strong>enim</strong></span> <span class='ocrx_word' id='word_1_420' title='bbox 2267 3076 2318 3129; x_wconf 91' lang='lat' dir='ltr'><strong>in</strong></span> <span class='ocrx_word' id='word_1_421' title='bbox 2347 3073 2599 3144; x_wconf 68' lang='lat' dir='ltr'><strong>praesenti</strong></span> <span class='ocrx_word' id='word_1_422' title='bbox 2629 3071 2737 3125; x_wconf 87' lang='lat' dir='ltr'><strong>vita</strong></span> <span class='ocrx_word' id='word_1_423' title='bbox 2761 3069 2962 3141; x_wconf 84' lang='lat' dir='ltr'><strong>aliquid</strong></span> <span class='ocrx_word' id='word_1_424' title='bbox 2994 3067 3281 3124; x_wconf 88' lang='lat' dir='ltr'><strong>desideriis</strong></span> <span class='ocrx_word' id='word_1_425' title='bbox 3303 3065 3398 3122; x_wconf 67' lang='lat' dir='ltr'><strong>velt</strong></span> <span class='ocrx_word' id='word_1_426' title='bbox 3415 3063 3666 3121; x_wconf 78' lang='lat' dir='ltr'><strong>substan-</strong></span> 
     </span>
    </p>
   </div>
   <div class='ocr_carea' id='block_1_61' title="bbox 411 3152 3664 3244">
    <p class='ocr_par' dir='ltr' id='par_1_61' title="bbox 411 3152 3664 3244">
     <span class='ocr_line' id='line_1_61' title="bbox 411 3152 3664 3244; baseline -0.006 -20"><span class='ocrx_word' id='word_1_427' title='bbox 411 3171 530 3225; x_wconf 76' lang='lat' dir='ltr'><strong>Iicet</strong></span> <span class='ocrx_word' id='word_1_428' title='bbox 583 3171 648 3226; x_wconf 86' lang='lat' dir='ltr'><strong>de</strong></span> <span class='ocrx_word' id='word_1_429' title='bbox 701 3171 886 3244; x_wconf 86' lang='lat' dir='ltr'><strong>quibus</strong></span> <span class='ocrx_word' id='word_1_430' title='bbox 928 3173 1179 3243; x_wconf 85' lang='lat' dir='ltr'><strong>scriptum</strong></span> <span class='ocrx_word' id='word_1_431' title='bbox 1227 3180 1346 3226; x_wconf 81' lang='lat' dir='ltr'><strong>est:</strong></span> <span class='ocrx_word' id='word_1_432' title='bbox 1387 3169 1542 3225; x_wconf 80' lang='lat' dir='ltr'><strong>Multi</strong></span> <span class='ocrx_word' id='word_1_433' title='bbox 1585 3180 1759 3224; x_wconf 89' lang='lat' dir='ltr'><strong>autem</strong></span> <span class='ocrx_word' id='word_1_434' title='bbox 1803 3171 1988 3236; x_wconf 78' lang='lat' dir='ltr'><strong>uocati,</strong></span> <span class='ocrx_word' id='word_1_435' title='bbox 2020 3157 2063 3218; x_wconf 84' lang='lat' dir='ltr'><strong>C</strong></span> <span class='ocrx_word' id='word_1_436' title='bbox 2098 3169 2186 3222; x_wconf 84' lang='lat' dir='ltr'><strong>tiis</strong></span> <span class='ocrx_word' id='word_1_437' title='bbox 2233 3165 2382 3222; x_wconf 89' lang='lat' dir='ltr'><strong>carni</strong></span> <span class='ocrx_word' id='word_1_438' title='bbox 2427 3162 2812 3228; x_wconf 76' lang='lat' dir='ltr'><strong>subduxerint,</strong></span> <span class='ocrx_word' id='word_1_439' title='bbox 2873 3160 3074 3216; x_wconf 85' lang='lat' dir='ltr'><strong>debent</strong></span> <span class='ocrx_word' id='word_1_440' title='bbox 3111 3156 3307 3214; x_wconf 84' lang='lat' dir='ltr'><strong>merito</strong></span> <span class='ocrx_word' id='word_1_441' title='bbox 3353 3155 3421 3211; x_wconf 86' lang='lat' dir='ltr'><strong>de</strong></span> <span class='ocrx_word' id='word_1_442' title='bbox 3467 3152 3664 3244; x_wconf 82' lang='lat' dir='ltr'><strong>divinis</strong></span> 
     </span>
    </p>
   </div>
   <div class='ocr_carea' id='block_1_62' title="bbox 409 3256 1990 3337">
    <p class='ocr_par' dir='ltr' id='par_1_62' title="bbox 409 3256 1990 3337">
     <span class='ocr_line' id='line_1_62' title="bbox 409 3256 1990 3337; baseline 0.001 -23"><span class='ocrx_word' id='word_1_443' title='bbox 409 3265 566 3334; x_wconf 82' lang='lat' dir='ltr'><strong>pauci</strong></span> <span class='ocrx_word' id='word_1_444' title='bbox 603 3281 719 3318; x_wconf 88' lang='lat' dir='ltr'><strong>vero</strong></span> <span class='ocrx_word' id='word_1_445' title='bbox 756 3264 904 3319; x_wconf 87' lang='lat' dir='ltr'><strong>electi</strong></span> <span class='ocrx_word' id='word_1_446' title='bbox 953 3262 1168 3336; x_wconf 71' lang='lat' dir='ltr'><strong>(Matth.</strong></span> <span class='ocrx_word' id='word_1_447' title='bbox 1209 3256 1302 3337; x_wconf 64' lang='lat' dir='ltr'><strong>sx)</strong></span> <span class='ocrx_word' id='word_1_448' title='bbox 1339 3281 1351 3317; x_wconf 90' lang='lat'>:</span> <span class='ocrx_word' id='word_1_449' title='bbox 1392 3263 1510 3317; x_wconf 86' lang='lat' dir='ltr'><strong>ideo</strong></span> <span class='ocrx_word' id='word_1_450' title='bbox 1553 3263 1834 3318; x_wconf 87' lang='lat' dir='ltr'><strong>suademus</strong></span> <span class='ocrx_word' id='word_1_451' title='bbox 1877 3262 1990 3317; x_wconf 87' lang='lat' dir='ltr'><strong>istis</strong></span> 
     </span>
    </p>
   </div>
   <div class='ocr_carea' id='block_1_63' title="bbox 409 3354 1990 3426">
    <p class='ocr_par' dir='ltr' id='par_1_63' title="bbox 409 3354 1990 3426">
     <span class='ocr_line' id='line_1_63' title="bbox 409 3354 1990 3426; baseline -0.001 -19"><span class='ocrx_word' id='word_1_452' title='bbox 409 3355 591 3408; x_wconf 86' lang='lat' dir='ltr'><strong>diebus</strong></span> <span class='ocrx_word' id='word_1_453' title='bbox 619 3354 1066 3426; x_wconf 78' lang='lat' dir='ltr'><strong>Quadragesinttr,</strong></span> <span class='ocrx_word' id='word_1_454' title='bbox 1109 3354 1249 3408; x_wconf 86' lang='lat' dir='ltr'><strong>omni</strong></span> <span class='ocrx_word' id='word_1_455' title='bbox 1275 3355 1504 3425; x_wconf 83' lang='lat' dir='ltr'><strong>puritate</strong></span> <span class='ocrx_word' id='word_1_456' title='bbox 1541 3355 1701 3408; x_wconf 83' lang='lat' dir='ltr'><strong>vitam</strong></span> <span class='ocrx_word' id='word_1_457' title='bbox 1727 3369 1886 3407; x_wconf 83' lang='lat' dir='ltr'><strong>suam</strong></span> <span class='ocrx_word' id='word_1_458' title='bbox 1907 3369 1990 3407; x_wconf 85' lang='lat' dir='ltr'><strong>cu-</strong></span> 
     </span>
    </p>
   </div>
   <div class='ocr_carea' id='block_1_64' title="bbox 409 3443 1992 3514">
    <p class='ocr_par' dir='ltr' id='par_1_64' title="bbox 409 3443 1992 3514">
     <span class='ocr_line' id='line_1_64' title="bbox 409 3443 1992 3514; baseline 0.003 -18"><span class='ocrx_word' id='word_1_459' title='bbox 409 3443 627 3498; x_wconf 86' lang='lat' dir='ltr'><strong>stodire.</strong></span> <span class='ocrx_word' id='word_1_460' title='bbox 699 3443 854 3500; x_wconf 91' lang='lat' dir='ltr'><strong>Omni</strong></span> <span class='ocrx_word' id='word_1_461' title='bbox 894 3445 1130 3514; x_wconf 88' lang='lat' dir='ltr'><strong>puritate</strong></span> <span class='ocrx_word' id='word_1_462' title='bbox 1170 3444 1336 3510; x_wconf 90' lang='lat' dir='ltr'><strong>dicit,</strong></span> <span class='ocrx_word' id='word_1_463' title='bbox 1375 3445 1522 3500; x_wconf 90' lang='lat' dir='ltr'><strong>omni</strong></span> <span class='ocrx_word' id='word_1_464' title='bbox 1573 3444 1904 3510; x_wconf 81' lang='lat' dir='ltr'><strong>sinceritate,</strong></span> <span class='ocrx_word' id='word_1_465' title='bbox 1937 3453 1992 3500; x_wconf 90' lang='lat' dir='ltr'><strong>et</strong></span> 
     </span>
    </p>
   </div>
   <div class='ocr_carea' id='block_1_65' title="bbox 409 3533 1987 3604">
    <p class='ocr_par' dir='ltr' id='par_1_65' title="bbox 409 3533 1987 3604">
     <span class='ocr_line' id='line_1_65' title="bbox 409 3533 1987 3604; baseline 0.001 -18"><span class='ocrx_word' id='word_1_466' title='bbox 409 3533 760 3601; x_wconf 83' lang='lat' dir='ltr'><strong>simplicitate</strong></span> <span class='ocrx_word' id='word_1_467' title='bbox 800 3533 1004 3601; x_wconf 88' lang='lat' dir='ltr'><strong>cordis,</strong></span> <span class='ocrx_word' id='word_1_468' title='bbox 1049 3533 1182 3588; x_wconf 89' lang='lat' dir='ltr'><strong>nihil</strong></span> <span class='ocrx_word' id='word_1_469' title='bbox 1229 3533 1488 3590; x_wconf 81' lang='lat' dir='ltr'><strong>facientes</strong></span> <span class='ocrx_word' id='word_1_470' title='bbox 1516 3549 1616 3604; x_wconf 88' lang='lat' dir='ltr'><strong>pro</strong></span> <span class='ocrx_word' id='word_1_471' title='bbox 1644 3549 1780 3588; x_wconf 86' lang='lat' dir='ltr'><strong>vana</strong></span> <span class='ocrx_word' id='word_1_472' title='bbox 1818 3535 1987 3603; x_wconf 73' lang='lat' dir='ltr'><strong>gloria</strong></span> 
     </span>
    </p>
   </div>
   <div class='ocr_carea' id='block_1_66' title="bbox 408 3621 1989 3692">
    <p class='ocr_par' dir='ltr' id='par_1_66' title="bbox 408 3621 1989 3692">
     <span class='ocr_line' id='line_1_66' title="bbox 408 3621 1989 3692; baseline 0.003 -18"><span class='ocrx_word' id='word_1_473' title='bbox 408 3621 491 3675; x_wconf 84' lang='lat' dir='ltr'><strong>vel</strong></span> <span class='ocrx_word' id='word_1_474' title='bbox 517 3622 672 3677; x_wconf 91' lang='lat' dir='ltr'><strong>laude</strong></span> <span class='ocrx_word' id='word_1_475' title='bbox 694 3623 932 3678; x_wconf 87' lang='lat' dir='ltr'><strong>humana</strong></span> <span class='ocrx_word' id='word_1_476' title='bbox 956 3641 968 3676; x_wconf 90' lang='lat'><strong>:</strong></span> <span class='ocrx_word' id='word_1_477' title='bbox 1005 3621 1100 3678; x_wconf 89' lang='lat' dir='ltr'><strong>sed</strong></span> <span class='ocrx_word' id='word_1_478' title='bbox 1129 3622 1356 3692; x_wconf 87' lang='lat' dir='ltr'><strong>simplici</strong></span> <span class='ocrx_word' id='word_1_479' title='bbox 1387 3623 1548 3678; x_wconf 87' lang='lat' dir='ltr'><strong>corde</strong></span> <span class='ocrx_word' id='word_1_480' title='bbox 1573 3631 1626 3676; x_wconf 91' lang='lat' dir='ltr'><strong>et</strong></span> <span class='ocrx_word' id='word_1_481' title='bbox 1657 3637 1788 3690; x_wconf 89' lang='lat' dir='ltr'><strong>pura</strong></span> <span class='ocrx_word' id='word_1_482' title='bbox 1811 3635 1989 3679; x_wconf 74' lang='lat' dir='ltr'><strong>niciite</strong></span> 
     </span>
    </p>
   </div>
   <div class='ocr_carea' id='block_1_67' title="bbox 406 3701 1257 3784">
    <p class='ocr_par' dir='ltr' id='par_1_67' title="bbox 406 3701 1257 3784">
     <span class='ocr_line' id='line_1_67' title="bbox 406 3701 1257 3784; baseline -0.001 -18"><span class='ocrx_word' id='word_1_483' title='bbox 406 3701 555 3782; x_wconf 85' lang='lat' dir='ltr'><strong>quod</strong></span> <span class='ocrx_word' id='word_1_484' title='bbox 577 3714 824 3782; x_wconf 89' lang='lat' dir='ltr'><strong>sequitur</strong></span> <span class='ocrx_word' id='word_1_485' title='bbox 842 3727 1022 3784; x_wconf 77' lang='lat' dir='ltr'><strong>agere,</strong></span> <span class='ocrx_word' id='word_1_486' title='bbox 1054 3712 1108 3767; x_wconf 91' lang='lat' dir='ltr'><strong>id</strong></span> <span class='ocrx_word' id='word_1_487' title='bbox 1138 3720 1257 3768; x_wconf 87' lang='lat' dir='ltr'><strong>est:</strong></span> 
     </span>
    </p>
   </div>
   <div class='ocr_carea' id='block_1_68' title="bbox 486 3806 1986 3880">
    <p class='ocr_par' dir='ltr' id='par_1_68' title="bbox 486 3806 1986 3880">
     <span class='ocr_line' id='line_1_68' title="bbox 486 3806 1986 3880; baseline -0.002 -17"><span class='ocrx_word' id='word_1_488' title='bbox 486 3808 678 3863; x_wconf 81' lang='lat' dir='ltr'><strong>Omnes</strong></span> <span class='ocrx_word' id='word_1_489' title='bbox 721 3809 920 3880; x_wconf 86' lang='lat' dir='ltr'><strong>pariter</strong></span> <span class='ocrx_word' id='word_1_490' title='bbox 945 3806 1282 3879; x_wconf 72' lang='lat' dir='ltr'><strong>negligentia:</strong></span> <span class='ocrx_word' id='word_1_491' title='bbox 1330 3806 1555 3861; x_wconf 87' lang='lat' dir='ltr'><strong>aliorum</strong></span> <span class='ocrx_word' id='word_1_492' title='bbox 1592 3817 1878 3878; x_wconf 85' lang='lat' dir='ltr'><strong>temporum</strong></span> <span class='ocrx_word' id='word_1_493' title='bbox 1907 3809 1986 3860; x_wconf 90' lang='lat' dir='ltr'><strong>his</strong></span> 
     </span>
    </p>
   </div>
   <div class='ocr_carea' id='block_1_69' title="bbox 408 3893 1988 3968">
    <p class='ocr_par' dir='ltr' id='par_1_69' title="bbox 408 3893 1988 3968">
     <span class='ocr_line' id='line_1_69' title="bbox 408 3893 1988 3968; baseline 0 -16"><span class='ocrx_word' id='word_1_494' title='bbox 408 3899 592 3954; x_wconf 82' lang='lat' dir='ltr'><strong>diebus</strong></span> <span class='ocrx_word' id='word_1_495' title='bbox 611 3900 806 3962; x_wconf 81' lang='lat' dir='ltr'><strong>sanctis</strong></span> <span class='ocrx_word' id='word_1_496' title='bbox 826 3897 1044 3953; x_wconf 87' lang='lat' dir='ltr'><strong>diluere.</strong></span> <span class='ocrx_word' id='word_1_497' title='bbox 1076 3899 1152 3953; x_wconf 91' lang='lat' dir='ltr'><strong>De</strong></span> <span class='ocrx_word' id='word_1_498' title='bbox 1181 3897 1285 3954; x_wconf 87' lang='lat' dir='ltr'><strong>hoc</strong></span> <span class='ocrx_word' id='word_1_499' title='bbox 1308 3899 1454 3953; x_wconf 88' lang='lat' dir='ltr'><strong>enim</strong></span> <span class='ocrx_word' id='word_1_500' title='bbox 1483 3906 1724 3968; x_wconf 89' lang='lat' dir='ltr'><strong>tempore</strong></span> <span class='ocrx_word' id='word_1_501' title='bbox 1747 3893 1988 3966; x_wconf 85' lang='lat' dir='ltr'><strong>Quadra-</strong></span> 
     </span>
    </p>
   </div>
   <div class='ocr_carea' id='block_1_70' title="bbox 408 3987 1988 4061">
    <p class='ocr_par' dir='ltr' id='par_1_70' title="bbox 408 3987 1988 4061">
     <span class='ocr_line' id='line_1_70' title="bbox 408 3987 1988 4061; baseline 0.001 -19"><span class='ocrx_word' id='word_1_502' title='bbox 408 3992 625 4059; x_wconf 63' lang='lat' dir='ltr'><strong>gcsitna:</strong></span> <span class='ocrx_word' id='word_1_503' title='bbox 669 3990 929 4061; x_wconf 89' lang='lat' dir='ltr'><strong>scriptum</strong></span> <span class='ocrx_word' id='word_1_504' title='bbox 978 3996 1064 4045; x_wconf 91' lang='lat' dir='ltr'><strong>est</strong></span> <span class='ocrx_word' id='word_1_505' title='bbox 1097 4008 1110 4044; x_wconf 91' lang='lat'><strong>:</strong></span> <span class='ocrx_word' id='word_1_506' title='bbox 1149 3987 1286 4043; x_wconf 84' lang='lat' dir='ltr'><strong>Ecce</strong></span> <span class='ocrx_word' id='word_1_507' title='bbox 1332 4006 1468 4044; x_wconf 85' lang='lat' dir='ltr'><strong>nunc</strong></span> <span class='ocrx_word' id='word_1_508' title='bbox 1505 3997 1706 4061; x_wconf 85' lang='lat' dir='ltr'><strong>tempus</strong></span> <span class='ocrx_word' id='word_1_509' title='bbox 1751 4000 1988 4061; x_wconf 77' lang='lat' dir='ltr'><strong>accepta—</strong></span> 
     </span>
    </p>
   </div>
   <div class='ocr_carea' id='block_1_71' title="bbox 407 4078 1987 4148">
    <p class='ocr_par' dir='ltr' id='par_1_71' title="bbox 407 4078 1987 4148">
     <span class='ocr_line' id='line_1_71' title="bbox 407 4078 1987 4148; baseline -0.002 -14"><span class='ocrx_word' id='word_1_510' title='bbox 407 4080 507 4134; x_wconf 84' lang='lat' dir='ltr'><strong>bile</strong></span> <span class='ocrx_word' id='word_1_511' title='bbox 528 4121 542 4145; x_wconf 94' lang='lat'><strong>,</strong></span> <span class='ocrx_word' id='word_1_512' title='bbox 590 4097 706 4135; x_wconf 87' lang='lat' dir='ltr'><strong>ecce</strong></span> <span class='ocrx_word' id='word_1_513' title='bbox 746 4096 884 4134; x_wconf 86' lang='lat' dir='ltr'><strong>nunc</strong></span> <span class='ocrx_word' id='word_1_514' title='bbox 911 4080 1020 4133; x_wconf 88' lang='lat' dir='ltr'><strong>dies</strong></span> <span class='ocrx_word' id='word_1_515' title='bbox 1047 4079 1251 4134; x_wconf 84' lang='lat' dir='ltr'><strong>salutis.</strong></span> <span class='ocrx_word' id='word_1_516' title='bbox 1296 4078 1353 4132; x_wconf 87' lang='lat' dir='ltr'><strong>In</strong></span> <span class='ocrx_word' id='word_1_517' title='bbox 1381 4079 1575 4148; x_wconf 81' lang='lat' dir='ltr'><strong>quibus</strong></span> <span class='ocrx_word' id='word_1_518' title='bbox 1609 4079 1797 4134; x_wconf 85' lang='lat' dir='ltr'><strong>diebus</strong></span> <span class='ocrx_word' id='word_1_519' title='bbox 1823 4095 1987 4133; x_wconf 86' lang='lat' dir='ltr'><strong>unus-</strong></span> 
     </span>
    </p>
   </div>
   <div class='ocr_carea' id='block_1_72' title="bbox 405 4172 1983 4243">
    <p class='ocr_par' dir='ltr' id='par_1_72' title="bbox 405 4172 1983 4243">
     <span class='ocr_line' id='line_1_72' title="bbox 405 4172 1983 4243; baseline -0.001 -18"><span class='ocrx_word' id='word_1_520' title='bbox 405 4175 636 4243; x_wconf 84' lang='lat' dir='ltr'><strong>quisque</strong></span> <span class='ocrx_word' id='word_1_521' title='bbox 659 4177 926 4243; x_wconf 85' lang='lat' dir='ltr'><strong>nostrnm,</strong></span> <span class='ocrx_word' id='word_1_522' title='bbox 973 4173 1026 4226; x_wconf 93' lang='lat' dir='ltr'><strong>in</strong></span> <span class='ocrx_word' id='word_1_523' title='bbox 1064 4179 1320 4240; x_wconf 88' lang='lat' dir='ltr'><strong>quantum</strong></span> <span class='ocrx_word' id='word_1_524' title='bbox 1361 4172 1437 4226; x_wconf 87' lang='lat' dir='ltr'><strong>illi</strong></span> <span class='ocrx_word' id='word_1_525' title='bbox 1485 4172 1629 4226; x_wconf 88' lang='lat' dir='ltr'><strong>vires</strong></span> <span class='ocrx_word' id='word_1_526' title='bbox 1672 4180 1983 4241; x_wconf 87' lang='lat' dir='ltr'><strong>suppetunt,</strong></span> 
     </span>
    </p>
   </div>
   <div class='ocr_carea' id='block_1_73' title="bbox 407 4261 1985 4333">
    <p class='ocr_par' dir='ltr' id='par_1_73' title="bbox 407 4261 1985 4333">
     <span class='ocr_line' id='line_1_73' title="bbox 407 4261 1985 4333; baseline -0.001 -17"><span class='ocrx_word' id='word_1_527' title='bbox 407 4278 629 4318; x_wconf 88' lang='lat' dir='ltr'><strong>carnem</strong></span> <span class='ocrx_word' id='word_1_528' title='bbox 670 4271 938 4328; x_wconf 89' lang='lat' dir='ltr'><strong>maceret,</strong></span> <span class='ocrx_word' id='word_1_529' title='bbox 983 4262 1209 4332; x_wconf 83' lang='lat' dir='ltr'><strong>ejusque</strong></span> <span class='ocrx_word' id='word_1_530' title='bbox 1233 4261 1498 4317; x_wconf 87' lang='lat' dir='ltr'><strong>desideria</strong></span> <span class='ocrx_word' id='word_1_531' title='bbox 1538 4262 1758 4333; x_wconf 75' lang='lat' dir='ltr'><strong>afﬂigat,</strong></span> <span class='ocrx_word' id='word_1_532' title='bbox 1789 4277 1985 4316; x_wconf 78' lang='lat' dir='ltr'><strong>concu-</strong></span> 
     </span>
    </p>
   </div>
   <div class='ocr_carea' id='block_1_74' title="bbox 405 4353 1984 4426">
    <p class='ocr_par' dir='ltr' id='par_1_74' title="bbox 405 4353 1984 4426">
     <span class='ocr_line' id='line_1_74' title="bbox 405 4353 1984 4426; baseline -0.001 -20"><span class='ocrx_word' id='word_1_533' title='bbox 405 4353 698 4421; x_wconf 75' lang='lat' dir='ltr'><strong>piscentiae</strong></span> <span class='ocrx_word' id='word_1_534' title='bbox 723 4360 907 4423; x_wconf 89' lang='lat' dir='ltr'><strong>turpes</strong></span> <span class='ocrx_word' id='word_1_535' title='bbox 934 4353 1000 4426; x_wconf 85' lang='lat' dir='ltr'><strong>de</strong></span> <span class='ocrx_word' id='word_1_536' title='bbox 1021 4353 1182 4408; x_wconf 90' lang='lat' dir='ltr'><strong>corde</strong></span> <span class='ocrx_word' id='word_1_537' title='bbox 1215 4367 1314 4406; x_wconf 91' lang='lat' dir='ltr'><strong>suo</strong></span> <span class='ocrx_word' id='word_1_538' title='bbox 1344 4353 1590 4423; x_wconf 84' lang='lat' dir='ltr'><strong>repellat,</strong></span> <span class='ocrx_word' id='word_1_539' title='bbox 1622 4362 1674 4407; x_wconf 90' lang='lat' dir='ltr'><strong>ct</strong></span> <span class='ocrx_word' id='word_1_540' title='bbox 1697 4353 1799 4407; x_wconf 86' lang='lat' dir='ltr'><strong>hoc</strong></span> <span class='ocrx_word' id='word_1_541' title='bbox 1828 4353 1984 4405; x_wconf 80' lang='lat' dir='ltr'><strong>modo</strong></span> 
     </span>
    </p>
   </div>
   <div class='ocr_carea' id='block_1_75' title="bbox 405 4442 1981 4514">
    <p class='ocr_par' dir='ltr' id='par_1_75' title="bbox 405 4442 1981 4514">
     <span class='ocr_line' id='line_1_75' title="bbox 405 4442 1981 4514; baseline -0.001 -17"><span class='ocrx_word' id='word_1_542' title='bbox 405 4444 634 4498; x_wconf 87' lang='lat' dir='ltr'><strong>aliorum</strong></span> <span class='ocrx_word' id='word_1_543' title='bbox 681 4451 980 4514; x_wconf 88' lang='lat' dir='ltr'><strong>temporum</strong></span> <span class='ocrx_word' id='word_1_544' title='bbox 1031 4442 1510 4514; x_wconf 78' lang='lat' dir='ltr'><strong>negligentias._his</strong></span> <span class='ocrx_word' id='word_1_545' title='bbox 1545 4444 1734 4498; x_wconf 87' lang='lat' dir='ltr'><strong>diebus</strong></span> <span class='ocrx_word' id='word_1_546' title='bbox 1779 4443 1981 4498; x_wconf 78' lang='lat' dir='ltr'><strong>sanctis</strong></span> 
     </span>
    </p>
   </div>
   <div class='ocr_carea' id='block_1_76' title="bbox 401 4531 1530 4603">
    <p class='ocr_par' dir='ltr' id='par_1_76' title="bbox 401 4531 1530 4603">
     <span class='ocr_line' id='line_1_76' title="bbox 401 4531 1530 4603; baseline -0.004 -14"><span class='ocrx_word' id='word_1_547' title='bbox 401 4532 714 4603; x_wconf 74' lang='lat' dir='ltr'><strong>pmnitendo</strong></span> <span class='ocrx_word' id='word_1_548' title='bbox 742 4533 956 4588; x_wconf 87' lang='lat' dir='ltr'><strong>debeat.</strong></span> <span class='ocrx_word' id='word_1_549' title='bbox 991 4531 1144 4588; x_wconf 84' lang='lat' dir='ltr'><strong>Unde</strong></span> <span class='ocrx_word' id='word_1_550' title='bbox 1169 4539 1224 4586; x_wconf 86' lang='lat' dir='ltr'><strong>et</strong></span> <span class='ocrx_word' id='word_1_551' title='bbox 1253 4532 1494 4602; x_wconf 86' lang='lat' dir='ltr'><strong>sequitur</strong></span> <span class='ocrx_word' id='word_1_552' title='bbox 1519 4549 1530 4584; x_wconf 93' lang='lat'><strong>:</strong></span> 
     </span>
    </p>
   </div>
   <div class='ocr_carea' id='block_1_77' title="bbox 477 4621 1979 4694">
    <p class='ocr_par' dir='ltr' id='par_1_77' title="bbox 477 4621 1979 4694">
     <span class='ocr_line' id='line_1_77' title="bbox 477 4621 1979 4694; baseline -0.001 -16"><span class='ocrx_word' id='word_1_553' title='bbox 477 4623 631 4692; x_wconf 81' lang='lat' dir='ltr'><strong>Quod</strong></span> <span class='ocrx_word' id='word_1_554' title='bbox 660 4633 782 4678; x_wconf 85' lang='lat' dir='ltr'><strong>tunc</strong></span> <span class='ocrx_word' id='word_1_555' title='bbox 809 4623 963 4694; x_wconf 85' lang='lat' dir='ltr'><strong>digne</strong></span> <span class='ocrx_word' id='word_1_556' title='bbox 1000 4621 1078 4691; x_wconf 84' lang='lat' dir='ltr'><strong>ﬁt,</strong></span> <span class='ocrx_word' id='word_1_557' title='bbox 1105 4623 1150 4676; x_wconf 89' lang='lat' dir='ltr'><strong>si</strong></span> <span class='ocrx_word' id='word_1_558' title='bbox 1179 4623 1244 4674; x_wconf 90' lang='lat' dir='ltr'><strong>ab</strong></span> <span class='ocrx_word' id='word_1_559' title='bbox 1289 4623 1528 4676; x_wconf 88' lang='lat' dir='ltr'><strong>omnibus</strong></span> <span class='ocrx_word' id='word_1_560' title='bbox 1556 4623 1691 4676; x_wconf 83' lang='lat' dir='ltr'><strong>vitiis</strong></span> <span class='ocrx_word' id='word_1_561' title='bbox 1726 4632 1979 4694; x_wconf 80' lang='lat' dir='ltr'><strong>tempera-</strong></span> 
     </span>
    </p>
   </div>
   <div class='ocr_carea' id='block_1_78' title="bbox 403 4693 1977 4784">
    <p class='ocr_par' dir='ltr' id='par_1_78' title="bbox 403 4693 1977 4784">
     <span class='ocr_line' id='line_1_78' title="bbox 403 4693 1977 4784; baseline -0.001 -16"><span class='ocrx_word' id='word_1_562' title='bbox 403 4733 538 4769; x_wconf 78' lang='lat' dir='ltr'><strong>mus.</strong></span> <span class='ocrx_word' id='word_1_563' title='bbox 597 4713 987 4784; x_wconf 87' lang='lat' dir='ltr'><strong>Tcmperamus</strong></span> <span class='ocrx_word' id='word_1_564' title='bbox 1031 4713 1182 4779; x_wconf 90' lang='lat' dir='ltr'><strong>dicit,</strong></span> <span class='ocrx_word' id='word_1_565' title='bbox 1236 4713 1289 4766; x_wconf 88' lang='lat' dir='ltr'><strong>id</strong></span> <span class='ocrx_word' id='word_1_566' title='bbox 1333 4723 1437 4778; x_wconf 86' lang='lat' dir='ltr'><strong>est,</strong></span> <span class='ocrx_word' id='word_1_567' title='bbox 1486 4693 1860 4776; x_wconf 48' lang='lat' dir='ltr'><strong>abstinemus,‘</strong></span> <span class='ocrx_word' id='word_1_568' title='bbox 1897 4715 1977 4767; x_wconf 67' lang='grc' dir='ltr'><strong>γει</strong></span> 
     </span>
    </p>
   </div>
   <div class='ocr_carea' id='block_1_79' title="bbox 405 4803 1400 4863">
    <p class='ocr_par' dir='ltr' id='par_1_79' title="bbox 405 4803 1400 4863">
     <span class='ocr_line' id='line_1_79' title="bbox 405 4803 1400 4863; baseline -0.005 -2"><span class='ocrx_word' id='word_1_569' title='bbox 405 4823 754 4863; x_wconf 59' lang='lat' dir='ltr'><strong>t-m‘ri‘teamus</strong></span> <span class='ocrx_word' id='word_1_570' title='bbox 778 4822 876 4862; x_wconf 86' lang='lat' dir='ltr'><strong>nos</strong></span> <span class='ocrx_word' id='word_1_571' title='bbox 902 4822 932 4860; x_wconf 67' lang='grc' dir='ltr'><strong>ει</strong></span> <span class='ocrx_word' id='word_1_572' title='bbox 962 4806 1109 4860; x_wconf 73' lang='lat' dir='ltr'><strong>vitiis</strong></span> <span class='ocrx_word' id='word_1_573' title='bbox 1130 4803 1400 4860; x_wconf 89' lang='lat' dir='ltr'><strong>omnibus.</strong></span> 
     </span>
    </p>
   </div>
   <div class='ocr_carea' id='block_1_80' title="bbox 481 4890 1980 4966">
    <p class='ocr_par' dir='ltr' id='par_1_80' title="bbox 481 4890 1980 4966">
     <span class='ocr_line' id='line_1_80' title="bbox 481 4890 1980 4966; baseline -0.004 -15"><span class='ocrx_word' id='word_1_574' title='bbox 481 4900 722 4954; x_wconf 76' lang='lat' dir='ltr'><strong>Orationi</strong></span> <span class='ocrx_word' id='word_1_575' title='bbox 767 4914 885 4952; x_wconf 89' lang='lat' dir='ltr'><strong>cum</strong></span> <span class='ocrx_word' id='word_1_576' title='bbox 926 4897 1152 4966; x_wconf 78' lang='lat' dir='ltr'><strong>ﬂetibus.</strong></span> <span class='ocrx_word' id='word_1_577' title='bbox 1183 4890 1456 4962; x_wconf 86' lang='lat' dir='ltr'><strong>Scriptum</strong></span> <span class='ocrx_word' id='word_1_578' title='bbox 1497 4900 1578 4947; x_wconf 87' lang='lat' dir='ltr'><strong>est</strong></span> <span class='ocrx_word' id='word_1_579' title='bbox 1617 4891 1756 4946; x_wconf 86' lang='lat' dir='ltr'><strong>enim</strong></span> <span class='ocrx_word' id='word_1_580' title='bbox 1789 4910 1799 4944; x_wconf 93' lang='lat'><strong>:</strong></span> <span class='ocrx_word' id='word_1_581' title='bbox 1834 4890 1980 4945; x_wconf 68' lang='lat' dir='ltr'><strong>lit-uti</strong></span> 
     </span>
    </p>
   </div>
   <div class='ocr_carea' id='block_1_81' title="bbox 401 4981 1976 5062">
    <p class='ocr_par' dir='ltr' id='par_1_81' title="bbox 401 4981 1976 5062">
     <span class='ocr_line' id='line_1_81' title="bbox 401 4981 1976 5062; baseline -0.006 -19"><span class='ocrx_word' id='word_1_582' title='bbox 401 4996 490 5062; x_wconf 64' lang='grc' dir='ltr'><strong>(τρῖὲ</strong></span> <span class='ocrx_word' id='word_1_583' title='bbox 523 4993 715 5061; x_wconf 77' lang='lat' dir='ltr'><strong>lugent,</strong></span> <span class='ocrx_word' id='word_1_584' title='bbox 751 4990 999 5062; x_wconf 84' lang='lat' dir='ltr'><strong>quoniam</strong></span> <span class='ocrx_word' id='word_1_585' title='bbox 1044 4987 1142 5056; x_wconf 82' lang='lat' dir='ltr'><strong>ipsi</strong></span> <span class='ocrx_word' id='word_1_586' title='bbox 1191 4982 1600 5037; x_wconf 81' lang='lat' dir='ltr'><strong>consolabuntur</strong></span> <span class='ocrx_word' id='word_1_587' title='bbox 1641 4981 1853 5055; x_wconf 83' lang='lat' dir='ltr'><strong>(Matth.</strong></span> <span class='ocrx_word' id='word_1_588' title='bbox 1903 4983 1976 5051; x_wconf 71' lang='grc' dir='ltr'><strong>ν).</strong></span> 
     </span>
    </p>
   </div>
   <div class='ocr_carea' id='block_1_82' title="bbox 405 5073 1980 5149">
    <p class='ocr_par' dir='ltr' id='par_1_82' title="bbox 405 5073 1980 5149">
     <span class='ocr_line' id='line_1_82' title="bbox 405 5073 1980 5149; baseline -0.008 -11"><span class='ocrx_word' id='word_1_589' title='bbox 405 5085 511 5146; x_wconf 65' lang='lat' dir='ltr'><strong>lit,</strong></span> <span class='ocrx_word' id='word_1_590' title='bbox 567 5083 670 5149; x_wconf 82' lang='lat' dir='ltr'><strong>Qui</strong></span> <span class='ocrx_word' id='word_1_591' title='bbox 725 5082 984 5137; x_wconf 79' lang='lat' dir='ltr'><strong>seminam</strong></span> <span class='ocrx_word' id='word_1_592' title='bbox 1033 5078 1094 5128; x_wconf 78' lang='lat' dir='ltr'><strong>in</strong></span> <span class='ocrx_word' id='word_1_593' title='bbox 1129 5075 1393 5141; x_wconf 81' lang='lat' dir='ltr'><strong>lacrymis,</strong></span> <span class='ocrx_word' id='word_1_594' title='bbox 1450 5075 1503 5127; x_wconf 91' lang='lat' dir='ltr'><strong>in</strong></span> <span class='ocrx_word' id='word_1_595' title='bbox 1549 5073 1743 5144; x_wconf 80' lang='lat' dir='ltr'><strong>gaudio</strong></span> <span class='ocrx_word' id='word_1_596' title='bbox 1794 5085 1980 5126; x_wconf 66' lang='lat' dir='ltr'><strong>metunt</strong></span> 
     </span>
    </p>
   </div>
   <div class='ocr_carea' id='block_1_83' title="bbox 403 5174 798 5248">
    <p class='ocr_par' dir='ltr' id='par_1_83' title="bbox 403 5174 798 5248">
     <span class='ocr_line' id='line_1_83' title="bbox 403 5174 798 5248; baseline -0.013 -16"><span class='ocrx_word' id='word_1_597' title='bbox 403 5177 577 5244; x_wconf 72' lang='lat' dir='ltr'><strong>(Paul.</strong></span> <span class='ocrx_word' id='word_1_598' title='bbox 611 5174 798 5248; x_wconf 78' lang='lat' dir='ltr'><strong>cxxv).</strong></span> 
     </span>
    </p>
   </div>
   <div class='ocr_carea' id='block_1_84' title="bbox 473 5257 1975 5331">
    <p class='ocr_par' dir='ltr' id='par_1_84' title="bbox 473 5257 1975 5331">
     <span class='ocr_line' id='line_1_84' title="bbox 473 5257 1975 5331; baseline -0.01 -6"><span class='ocrx_word' id='word_1_599' title='bbox 473 5267 708 5324; x_wconf 85' lang='lat' dir='ltr'><strong>Lectioni</strong></span> <span class='ocrx_word' id='word_1_600' title='bbox 748 5273 797 5318; x_wconf 88' lang='lat' dir='ltr'><strong>et</strong></span> <span class='ocrx_word' id='word_1_601' title='bbox 829 5257 1214 5331; x_wconf 84' lang='lat' dir='ltr'><strong>compunctioni</strong></span> <span class='ocrx_word' id='word_1_602' title='bbox 1253 5257 1424 5312; x_wconf 83' lang='lat' dir='ltr'><strong>cordis</strong></span> <span class='ocrx_word' id='word_1_603' title='bbox 1465 5267 1618 5330; x_wconf 85' lang='lat' dir='ltr'><strong>atque</strong></span> <span class='ocrx_word' id='word_1_604' title='bbox 1649 5258 1975 5313; x_wconf 65' lang='lat' dir='ltr'><strong>abstinentiae</strong></span> 
     </span>
    </p>
   </div>
   <div class='ocr_carea' id='block_1_85' title="bbox 403 5345 1980 5433">
    <p class='ocr_par' dir='ltr' id='par_1_85' title="bbox 403 5345 1980 5433">
     <span class='ocr_line' id='line_1_85' title="bbox 403 5345 1980 5433; baseline -0.009 -17"><span class='ocrx_word' id='word_1_605' title='bbox 403 5375 615 5433; x_wconf 88' lang='lat' dir='ltr'><strong>operam</strong></span> <span class='ocrx_word' id='word_1_606' title='bbox 644 5357 854 5412; x_wconf 86' lang='lat' dir='ltr'><strong>damus.</strong></span> <span class='ocrx_word' id='word_1_607' title='bbox 889 5349 1026 5405; x_wconf 81' lang='lat' dir='ltr'><strong>Hinc</strong></span> <span class='ocrx_word' id='word_1_608' title='bbox 1064 5345 1303 5403; x_wconf 83' lang='lat' dir='ltr'><strong>Isidorus</strong></span> <span class='ocrx_word' id='word_1_609' title='bbox 1337 5349 1414 5403; x_wconf 90' lang='lat' dir='ltr'><strong>ait</strong></span> <span class='ocrx_word' id='word_1_610' title='bbox 1441 5366 1454 5404; x_wconf 89' lang='lat'><strong>:</strong></span> <span class='ocrx_word' id='word_1_611' title='bbox 1478 5349 1668 5405; x_wconf 90' lang='lat' dir='ltr'><strong>Omnis</strong></span> <span class='ocrx_word' id='word_1_612' title='bbox 1704 5347 1980 5418; x_wconf 88' lang='lat' dir='ltr'><strong>profectus</strong></span> 
     </span>
    </p>
   </div>
   <div class='ocr_carea' id='block_1_86' title="bbox 400 5440 1978 5508">
    <p class='ocr_par' dir='ltr' id='par_1_86' title="bbox 400 5440 1978 5508">
     <span class='ocr_line' id='line_1_86' title="bbox 400 5440 1978 5508; baseline -0.01 0"><span class='ocrx_word' id='word_1_613' title='bbox 400 5467 470 5508; x_wconf 79' lang='lat' dir='ltr'><strong>ex</strong></span> <span class='ocrx_word' id='word_1_614' title='bbox 498 5451 731 5507; x_wconf 86' lang='lat' dir='ltr'><strong>lectione</strong></span> <span class='ocrx_word' id='word_1_615' title='bbox 763 5453 820 5500; x_wconf 84' lang='lat' dir='ltr'><strong>et</strong></span> <span class='ocrx_word' id='word_1_616' title='bbox 839 5440 1189 5499; x_wconf 83' lang='lat' dir='ltr'><strong>meditatione</strong></span> <span class='ocrx_word' id='word_1_617' title='bbox 1215 5440 1477 5506; x_wconf 78' lang='lat' dir='ltr'><strong>prccedit.</strong></span> <span class='ocrx_word' id='word_1_618' title='bbox 1527 5441 1978 5504; x_wconf 84' lang='lat' dir='ltr'><strong>Geminum,enim</strong></span> 
     </span>
    </p>
   </div>
   <div class='ocr_carea' id='block_1_87' title="bbox 406 5531 1980 5602">
    <p class='ocr_par' dir='ltr' id='par_1_87' title="bbox 406 5531 1980 5602">
     <span class='ocr_line' id='line_1_87' title="bbox 406 5531 1980 5602; baseline -0.009 -8"><span class='ocrx_word' id='word_1_619' title='bbox 406 5545 602 5596; x_wconf 70' lang='lat' dir='ltr'><strong>Commi</strong></span> <span class='ocrx_word' id='word_1_620' title='bbox 655 5537 864 5593; x_wconf 76' lang='lat' dir='ltr'><strong>confert</strong></span> <span class='ocrx_word' id='word_1_621' title='bbox 895 5532 1055 5588; x_wconf 79' lang='lat' dir='ltr'><strong>lectio</strong></span> <span class='ocrx_word' id='word_1_622' title='bbox 1081 5537 1389 5584; x_wconf 73' lang='lat' dir='ltr'><strong>sanetamm</strong></span> <span class='ocrx_word' id='word_1_623' title='bbox 1413 5531 1842 5602; x_wconf 85' lang='lat' dir='ltr'><strong>Seriptnrarnm,</strong></span> <span class='ocrx_word' id='word_1_624' title='bbox 1866 5531 1980 5585; x_wconf 79' lang='lat' dir='ltr'><strong>sive</strong></span> 
     </span>
    </p>
   </div>
   <div class='ocr_carea' id='block_1_88' title="bbox 405 5619 1980 5701">
    <p class='ocr_par' dir='ltr' id='par_1_88' title="bbox 405 5619 1980 5701">
     <span class='ocr_line' id='line_1_88' title="bbox 405 5619 1980 5701; baseline -0.006 -17"><span class='ocrx_word' id='word_1_625' title='bbox 405 5635 533 5701; x_wconf 70' lang='lat' dir='ltr'><strong>quia</strong></span> <span class='ocrx_word' id='word_1_626' title='bbox 575 5631 901 5686; x_wconf 76' lang='lat' dir='ltr'><strong>intellectum</strong></span> <span class='ocrx_word' id='word_1_627' title='bbox 949 5621 1146 5680; x_wconf 75' lang='lat' dir='ltr'><strong>tuentis</strong></span> <span class='ocrx_word' id='word_1_628' title='bbox 1177 5619 1374 5691; x_wconf 76' lang='lat' dir='ltr'><strong>ct&#39;tltiil,</strong></span> <span class='ocrx_word' id='word_1_629' title='bbox 1409 5639 1499 5680; x_wconf 84' lang='lat' dir='ltr'><strong>seu</strong></span> <span class='ocrx_word' id='word_1_630' title='bbox 1525 5623 1650 5692; x_wconf 84' lang='lat' dir='ltr'><strong>quia</strong></span> <span class='ocrx_word' id='word_1_631' title='bbox 1677 5623 1856 5675; x_wconf 87' lang='lat' dir='ltr'><strong>mundi</strong></span> <span class='ocrx_word' id='word_1_632' title='bbox 1887 5637 1980 5675; x_wconf 79' lang='lat' dir='ltr'><strong>va-</strong></span> 
     </span>
    </p>
   </div>
   <div class='ocr_carea' id='block_1_89' title="bbox 404 5709 1980 5780">
    <p class='ocr_par' dir='ltr' id='par_1_89' title="bbox 404 5709 1980 5780">
     <span class='ocr_line' id='line_1_89' title="bbox 404 5709 1980 5780; baseline -0.008 -2"><span class='ocrx_word' id='word_1_633' title='bbox 404 5724 668 5780; x_wconf 77' lang='lat' dir='ltr'><strong>nitatibus</strong></span> <span class='ocrx_word' id='word_1_634' title='bbox 704 5723 1033 5776; x_wconf 61' lang='lat' dir='ltr'><strong>abstractum</strong></span> <span class='ocrx_word' id='word_1_635' title='bbox 1075 5709 1343 5767; x_wconf 62' lang='lat' dir='ltr'><strong>hominem</strong></span> <span class='ocrx_word' id='word_1_636' title='bbox 1377 5717 1441 5770; x_wconf 87' lang='lat' dir='ltr'><strong>ad</strong></span> <span class='ocrx_word' id='word_1_637' title='bbox 1473 5728 1712 5770; x_wconf 71' lang='lat' dir='ltr'><strong>atrm&#39;t&#39;tn</strong></span> <span class='ocrx_word' id='word_1_638' title='bbox 1746 5712 1835 5764; x_wconf 69' lang='lat' dir='ltr'><strong>Dei</strong></span> <span class='ocrx_word' id='word_1_639' title='bbox 1861 5727 1980 5780; x_wconf 69' lang='lat' dir='ltr'><strong>prr-</strong></span> 
     </span>
    </p>
   </div>
   <div class='ocr_carea' id='block_1_90' title="bbox 2094 3243 3660 3319">
    <p class='ocr_par' dir='ltr' id='par_1_90' title="bbox 2094 3243 3660 3319">
     <span class='ocr_line' id='line_1_90' title="bbox 2094 3243 3660 3319; baseline -0.01 -7"><span class='ocrx_word' id='word_1_640' title='bbox 2094 3259 2288 3312; x_wconf 73' lang='lat' dir='ltr'><strong>animte</strong></span> <span class='ocrx_word' id='word_1_641' title='bbox 2331 3255 2540 3312; x_wconf 90' lang='lat' dir='ltr'><strong>deliciis</strong></span> <span class='ocrx_word' id='word_1_642' title='bbox 2591 3252 2933 3309; x_wconf 81' lang='lat' dir='ltr'><strong>abundanter</strong></span> <span class='ocrx_word' id='word_1_643' title='bbox 2981 3249 3036 3304; x_wconf 91' lang='lat' dir='ltr'><strong>in</strong></span> <span class='ocrx_word' id='word_1_644' title='bbox 3096 3253 3356 3319; x_wconf 86' lang='lat' dir='ltr'><strong>perpetuo</strong></span> <span class='ocrx_word' id='word_1_645' title='bbox 3403 3243 3660 3315; x_wconf 68' lang='lat' dir='ltr'><strong>saginari.</strong></span> 
     </span>
    </p>
   </div>
   <div class='ocr_carea' id='block_1_91' title="bbox 2093 3332 3664 3416">
    <p class='ocr_par' dir='ltr' id='par_1_91' title="bbox 2093 3332 3664 3416">
     <span class='ocr_line' id='line_1_91' title="bbox 2093 3332 3664 3416; baseline -0.011 -13"><span class='ocrx_word' id='word_1_646' title='bbox 2093 3349 2228 3416; x_wconf 84' lang='lat' dir='ltr'><strong>Quia</strong></span> <span class='ocrx_word' id='word_1_647' title='bbox 2254 3348 2307 3402; x_wconf 90' lang='lat' dir='ltr'><strong>in</strong></span> <span class='ocrx_word' id='word_1_648' title='bbox 2332 3347 2433 3402; x_wconf 91' lang='lat' dir='ltr'><strong>hoc</strong></span> <span class='ocrx_word' id='word_1_649' title='bbox 2457 3357 2624 3416; x_wconf 87' lang='lat' dir='ltr'><strong>parvo</strong></span> <span class='ocrx_word' id='word_1_650' title='bbox 2647 3351 2887 3412; x_wconf 86' lang='lat' dir='ltr'><strong>tempore</strong></span> <span class='ocrx_word' id='word_1_651' title='bbox 2915 3353 3014 3410; x_wconf 89' lang='lat' dir='ltr'><strong>pro</strong></span> <span class='ocrx_word' id='word_1_652' title='bbox 3037 3337 3270 3392; x_wconf 91' lang='lat' dir='ltr'><strong>Domino</strong></span> <span class='ocrx_word' id='word_1_653' title='bbox 3289 3334 3575 3391; x_wconf 84' lang='lat' dir='ltr'><strong>voluerunt</strong></span> <span class='ocrx_word' id='word_1_654' title='bbox 3595 3332 3664 3386; x_wconf 79' lang='lat' dir='ltr'><strong>ad</strong></span> 
     </span>
    </p>
   </div>
   <div class='ocr_carea' id='block_1_92' title="bbox 2093 3423 3658 3500">
    <p class='ocr_par' dir='ltr' id='par_1_92' title="bbox 2093 3423 3658 3500">
     <span class='ocr_line' id='line_1_92' title="bbox 2093 3423 3658 3500; baseline -0.012 -6"><span class='ocrx_word' id='word_1_655' title='bbox 2093 3439 2363 3494; x_wconf 80' lang='lat' dir='ltr'><strong>modicum</strong></span> <span class='ocrx_word' id='word_1_656' title='bbox 2409 3435 2740 3498; x_wconf 88' lang='lat' dir='ltr'><strong>contristari,</strong></span> <span class='ocrx_word' id='word_1_657' title='bbox 2789 3430 2927 3500; x_wconf 74' lang='lat' dir='ltr'><strong>iuste</strong></span> <span class='ocrx_word' id='word_1_658' title='bbox 2969 3443 3093 3484; x_wconf 90' lang='lat' dir='ltr'><strong>cum</strong></span> <span class='ocrx_word' id='word_1_659' title='bbox 3121 3442 3192 3483; x_wconf 91' lang='lat' dir='ltr'><strong>eo</strong></span> <span class='ocrx_word' id='word_1_660' title='bbox 3221 3425 3576 3483; x_wconf 85' lang='lat' dir='ltr'><strong>merebuntur</strong></span> <span class='ocrx_word' id='word_1_661' title='bbox 3602 3423 3658 3478; x_wconf 90' lang='lat' dir='ltr'><strong>in</strong></span> 
     </span>
    </p>
   </div>
   <div class='ocr_carea' id='block_1_93' title="bbox 2090 3525 3090 3587">
    <p class='ocr_par' dir='ltr' id='par_1_93' title="bbox 2090 3525 3090 3587">
     <span class='ocr_line' id='line_1_93' title="bbox 2090 3525 3090 3587; baseline -0.017 0"><span class='ocrx_word' id='word_1_662' title='bbox 2090 3534 2272 3587; x_wconf 85' lang='lat' dir='ltr'><strong>futuro</strong></span> <span class='ocrx_word' id='word_1_663' title='bbox 2301 3529 2490 3583; x_wconf 76' lang='lat' dir='ltr'><strong>hetari.</strong></span> <span class='ocrx_word' id='word_1_664' title='bbox 3087 3525 3090 3529; x_wconf 83' lang='lat'><strong><em>&#39;</em></strong></span> 
     </span>
    </p>
   </div>
   <div class='ocr_carea' id='block_1_94' title="bbox 2166 3600 3665 3688">
    <p class='ocr_par' dir='ltr' id='par_1_94' title="bbox 2166 3600 3665 3688">
     <span class='ocr_line' id='line_1_94' title="bbox 2166 3600 3665 3688; baseline -0.013 -15"><span class='ocrx_word' id='word_1_665' title='bbox 2166 3619 2278 3672; x_wconf 82' lang='lat' dir='ltr'><strong>Hoc</strong></span> <span class='ocrx_word' id='word_1_666' title='bbox 2308 3619 2475 3688; x_wconf 86' lang='lat' dir='ltr'><strong>ipsum</strong></span> <span class='ocrx_word' id='word_1_667' title='bbox 2511 3623 2683 3668; x_wconf 85' lang='lat' dir='ltr'><strong>tamen</strong></span> <span class='ocrx_word' id='word_1_668' title='bbox 2721 3610 2862 3684; x_wconf 84' lang='lat' dir='ltr'><strong>quod</strong></span> <span class='ocrx_word' id='word_1_669' title='bbox 2897 3606 3252 3679; x_wconf 70' lang='lat' dir='ltr'><strong>unusquisque</strong></span> <span class='ocrx_word' id='word_1_670' title='bbox 3285 3602 3461 3672; x_wconf 70' lang='lat' dir='ltr'><strong>oﬁ&#39;ert,</strong></span> <span class='ocrx_word' id='word_1_671' title='bbox 3487 3600 3665 3656; x_wconf 80' lang='lat' dir='ltr'><strong>abbati</strong></span> 
     </span>
    </p>
   </div>
   <div class='ocr_carea' id='block_1_95' title="bbox 2089 3691 3662 3778">
    <p class='ocr_par' dir='ltr' id='par_1_95' title="bbox 2089 3691 3662 3778">
     <span class='ocr_line' id='line_1_95' title="bbox 2089 3691 3662 3778; baseline -0.011 -15"><span class='ocrx_word' id='word_1_672' title='bbox 2089 3727 2184 3763; x_wconf 83' lang='lat' dir='ltr'><strong>suo</strong></span> <span class='ocrx_word' id='word_1_673' title='bbox 2213 3715 2476 3778; x_wconf 79' lang='lat' dir='ltr'><strong>suggerat,</strong></span> <span class='ocrx_word' id='word_1_674' title='bbox 2521 3713 2569 3759; x_wconf 88' lang='lat' dir='ltr'><strong>et</strong></span> <span class='ocrx_word' id='word_1_675' title='bbox 2601 3719 2720 3758; x_wconf 89' lang='lat' dir='ltr'><strong>cum</strong></span> <span class='ocrx_word' id='word_1_676' title='bbox 2747 3701 2864 3772; x_wconf 86' lang='lat' dir='ltr'><strong>ejus</strong></span> <span class='ocrx_word' id='word_1_677' title='bbox 2891 3700 2986 3770; x_wconf 86' lang='lat' dir='ltr'><strong>ﬁat</strong></span> <span class='ocrx_word' id='word_1_678' title='bbox 3008 3697 3245 3754; x_wconf 85' lang='lat' dir='ltr'><strong>oratione</strong></span> <span class='ocrx_word' id='word_1_679' title='bbox 3271 3704 3322 3750; x_wconf 91' lang='lat' dir='ltr'><strong>et</strong></span> <span class='ocrx_word' id='word_1_680' title='bbox 3357 3691 3622 3748; x_wconf 82' lang='lat' dir='ltr'><strong>voluntate</strong></span> <span class='ocrx_word' id='word_1_681' title='bbox 3642 3704 3662 3744; x_wconf 91' lang='lat'><strong><em>:</em></strong></span> 
     </span>
    </p>
   </div>
   <div class='ocr_carea' id='block_1_96' title="bbox 2087 3781 3662 3870">
    <p class='ocr_par' dir='ltr' id='par_1_96' title="bbox 2087 3781 3662 3870">
     <span class='ocr_line' id='line_1_96' title="bbox 2087 3781 3662 3870; baseline -0.01 -18"><span class='ocrx_word' id='word_1_682' title='bbox 2087 3800 2210 3870; x_wconf 83' lang='lat' dir='ltr'><strong>quia</strong></span> <span class='ocrx_word' id='word_1_683' title='bbox 2240 3797 2378 3868; x_wconf 84' lang='lat' dir='ltr'><strong>quod</strong></span> <span class='ocrx_word' id='word_1_684' title='bbox 2401 3796 2513 3850; x_wconf 87' lang='lat' dir='ltr'><strong>sine</strong></span> <span class='ocrx_word' id='word_1_685' title='bbox 2541 3791 2880 3865; x_wconf 87' lang='lat' dir='ltr'><strong>permissione</strong></span> <span class='ocrx_word' id='word_1_686' title='bbox 2899 3788 3066 3862; x_wconf 81' lang='lat' dir='ltr'><strong>patris</strong></span> <span class='ocrx_word' id='word_1_687' title='bbox 3086 3782 3378 3859; x_wconf 81' lang='lat' dir='ltr'><strong>spiritualis</strong></span> <span class='ocrx_word' id='word_1_688' title='bbox 3407 3781 3490 3853; x_wconf 74' lang='lat' dir='ltr'><strong>ﬁt,</strong></span> <span class='ocrx_word' id='word_1_689' title='bbox 3527 3796 3662 3853; x_wconf 70' lang='lat' dir='ltr'><strong>pra:-</strong></span> 
     </span>
    </p>
   </div>
   <div class='ocr_carea' id='block_1_97' title="bbox 2087 3872 3658 3962">
    <p class='ocr_par' dir='ltr' id='par_1_97' title="bbox 2087 3872 3658 3962">
     <span class='ocr_line' id='line_1_97' title="bbox 2087 3872 3658 3962; baseline -0.012 -16"><span class='ocrx_word' id='word_1_690' title='bbox 2087 3891 2368 3962; x_wconf 80' lang='lat' dir='ltr'><strong>sumptioni</strong></span> <span class='ocrx_word' id='word_1_691' title='bbox 2399 3884 2756 3958; x_wconf 79' lang='lat' dir='ltr'><strong>deputabitur,</strong></span> <span class='ocrx_word' id='word_1_692' title='bbox 2795 3893 2846 3938; x_wconf 87' lang='lat' dir='ltr'><strong>et</strong></span> <span class='ocrx_word' id='word_1_693' title='bbox 2875 3895 3024 3938; x_wconf 77' lang='lat' dir='ltr'><strong>same</strong></span> <span class='ocrx_word' id='word_1_694' title='bbox 3047 3877 3251 3952; x_wconf 63' lang='lat' dir='ltr'><strong>gloriae,</strong></span> <span class='ocrx_word' id='word_1_695' title='bbox 3279 3891 3386 3932; x_wconf 85' lang='lat' dir='ltr'><strong>non</strong></span> <span class='ocrx_word' id='word_1_696' title='bbox 3413 3872 3658 3930; x_wconf 75' lang='lat' dir='ltr'><strong>mercedi.</strong></span> 
     </span>
    </p>
   </div>
   <div class='ocr_carea' id='block_1_98' title="bbox 2088 3964 3660 4053">
    <p class='ocr_par' dir='ltr' id='par_1_98' title="bbox 2088 3964 3660 4053">
     <span class='ocr_line' id='line_1_98' title="bbox 2088 3964 3660 4053; baseline -0.011 -16"><span class='ocrx_word' id='word_1_697' title='bbox 2088 3985 2136 4038; x_wconf 70' lang='grc' dir='ltr'><strong>1σί</strong></span> <span class='ocrx_word' id='word_1_698' title='bbox 2142 4000 2230 4053; x_wconf 76' lang='lat' dir='ltr'><strong>rgo</strong></span> <span class='ocrx_word' id='word_1_699' title='bbox 2257 3997 2372 4036; x_wconf 82' lang='lat' dir='ltr'><strong>cum</strong></span> <span class='ocrx_word' id='word_1_700' title='bbox 2394 3977 2658 4033; x_wconf 84' lang='lat' dir='ltr'><strong>voluntate</strong></span> <span class='ocrx_word' id='word_1_701' title='bbox 2683 3975 2885 4030; x_wconf 87' lang='lat' dir='ltr'><strong>abbatis</strong></span> <span class='ocrx_word' id='word_1_702' title='bbox 2912 3972 3089 4027; x_wconf 84' lang='lat' dir='ltr'><strong>omnia</strong></span> <span class='ocrx_word' id='word_1_703' title='bbox 3115 3968 3318 4042; x_wconf 86' lang='lat' dir='ltr'><strong>agenda</strong></span> <span class='ocrx_word' id='word_1_704' title='bbox 3340 3975 3480 4024; x_wconf 69' lang='lat' dir='ltr'><strong>stunt.</strong></span> <span class='ocrx_word' id='word_1_705' title='bbox 3523 3964 3660 4020; x_wconf 85' lang='lat' dir='ltr'><strong>Hine</strong></span> 
     </span>
    </p>
   </div>
   <div class='ocr_carea' id='block_1_99' title="bbox 2086 4054 3659 4145">
    <p class='ocr_par' dir='ltr' id='par_1_99' title="bbox 2086 4054 3659 4145">
     <span class='ocr_line' id='line_1_99' title="bbox 2086 4054 3659 4145; baseline -0.011 -17"><span class='ocrx_word' id='word_1_706' title='bbox 2086 4076 2302 4145; x_wconf 84' lang='lat' dir='ltr'><strong>quidam</strong></span> <span class='ocrx_word' id='word_1_707' title='bbox 2365 4069 2752 4127; x_wconf 86' lang='lat' dir='ltr'><strong>monachorum</strong></span> <span class='ocrx_word' id='word_1_708' title='bbox 2801 4063 3056 4136; x_wconf 73' lang='lat' dir='ltr'><strong>magister</strong></span> <span class='ocrx_word' id='word_1_709' title='bbox 3105 4061 3182 4116; x_wconf 90' lang='lat' dir='ltr'><strong>ait</strong></span> <span class='ocrx_word' id='word_1_710' title='bbox 3227 4078 3240 4114; x_wconf 89' lang='lat'><strong>:</strong></span> <span class='ocrx_word' id='word_1_711' title='bbox 3292 4059 3448 4114; x_wconf 87' lang='lat' dir='ltr'><strong>Dicat</strong></span> <span class='ocrx_word' id='word_1_712' title='bbox 3492 4054 3659 4145; x_wconf 86' lang='lat' dir='ltr'><strong>abbas</strong></span> 
     </span>
    </p>
   </div>
   <div class='ocr_carea' id='block_1_100' title="bbox 2085 4144 3658 4226">
    <p class='ocr_par' dir='ltr' id='par_1_100' title="bbox 2085 4144 3658 4226">
     <span class='ocr_line' id='line_1_100' title="bbox 2085 4144 3658 4226; baseline -0.014 -5"><span class='ocrx_word' id='word_1_713' title='bbox 2085 4144 2334 4220; x_wconf 82' lang='lat' dir='ltr'><strong>oatnibus</strong></span> <span class='ocrx_word' id='word_1_714' title='bbox 2378 4162 2678 4218; x_wconf 86' lang='lat' dir='ltr'><strong>fratribus:</strong></span> <span class='ocrx_word' id='word_1_715' title='bbox 2711 4157 2812 4226; x_wconf 90' lang='lat' dir='ltr'><strong>Qui</strong></span> <span class='ocrx_word' id='word_1_716' title='bbox 2861 4155 2978 4210; x_wconf 90' lang='lat' dir='ltr'><strong>vult</strong></span> <span class='ocrx_word' id='word_1_717' title='bbox 3003 4167 3101 4224; x_wconf 90' lang='lat' dir='ltr'><strong>pro</strong></span> <span class='ocrx_word' id='word_1_718' title='bbox 3141 4151 3318 4207; x_wconf 87' lang='lat' dir='ltr'><strong>anima</strong></span> <span class='ocrx_word' id='word_1_719' title='bbox 3361 4163 3460 4204; x_wconf 86' lang='lat' dir='ltr'><strong>sua</strong></span> <span class='ocrx_word' id='word_1_720' title='bbox 3510 4144 3658 4200; x_wconf 86' lang='lat' dir='ltr'><strong>labo-</strong></span> 
     </span>
    </p>
   </div>
   <div class='ocr_carea' id='block_1_101' title="bbox 2089 4237 3654 4324">
    <p class='ocr_par' dir='ltr' id='par_1_101' title="bbox 2089 4237 3654 4324">
     <span class='ocr_line' id='line_1_101' title="bbox 2089 4237 3654 4324; baseline -0.013 -12"><span class='ocrx_word' id='word_1_721' title='bbox 2089 4273 2231 4323; x_wconf 85' lang='lat' dir='ltr'><strong>rare,</strong></span> <span class='ocrx_word' id='word_1_722' title='bbox 2272 4265 2328 4311; x_wconf 89' lang='lat' dir='ltr'><strong>et</strong></span> <span class='ocrx_word' id='word_1_723' title='bbox 2363 4253 2565 4324; x_wconf 89' lang='lat' dir='ltr'><strong>aliquid</strong></span> <span class='ocrx_word' id='word_1_724' title='bbox 2613 4252 2910 4314; x_wconf 87' lang='lat' dir='ltr'><strong>abstinere,</strong></span> <span class='ocrx_word' id='word_1_725' title='bbox 2956 4244 3184 4300; x_wconf 87' lang='lat' dir='ltr'><strong>liberam</strong></span> <span class='ocrx_word' id='word_1_726' title='bbox 3231 4241 3283 4297; x_wconf 88' lang='lat' dir='ltr'><strong>ei</strong></span> <span class='ocrx_word' id='word_1_727' title='bbox 3325 4237 3654 4295; x_wconf 87' lang='lat' dir='ltr'><strong>voluntatem</strong></span> 
     </span>
    </p>
   </div>
   <div class='ocr_carea' id='block_1_102' title="bbox 2085 4328 3656 4412">
    <p class='ocr_par' dir='ltr' id='par_1_102' title="bbox 2085 4328 3656 4412">
     <span class='ocr_line' id='line_1_102' title="bbox 2085 4328 3656 4412; baseline -0.014 -7"><span class='ocrx_word' id='word_1_728' title='bbox 2085 4351 2450 4406; x_wconf 67' lang='lat' dir='ltr'><strong>concedimus.</strong></span> <span class='ocrx_word' id='word_1_729' title='bbox 2510 4345 2611 4412; x_wconf 89' lang='lat' dir='ltr'><strong>Qui</strong></span> <span class='ocrx_word' id='word_1_730' title='bbox 2676 4357 2804 4397; x_wconf 83' lang='lat' dir='ltr'><strong>vero</strong></span> <span class='ocrx_word' id='word_1_731' title='bbox 2858 4337 3133 4401; x_wconf 86' lang='lat' dir='ltr'><strong>noluerit,</strong></span> <span class='ocrx_word' id='word_1_732' title='bbox 3190 4332 3388 4404; x_wconf 57' lang='lat' dir='ltr'><strong>regulas</strong></span> <span class='ocrx_word' id='word_1_733' title='bbox 3439 4331 3507 4385; x_wconf 89' lang='lat' dir='ltr'><strong>de</strong></span> <span class='ocrx_word' id='word_1_734' title='bbox 3552 4328 3656 4384; x_wconf 84' lang='lat' dir='ltr'><strong>hoc</strong></span> 
     </span>
    </p>
   </div>
   <div class='ocr_carea' id='block_1_103' title="bbox 2088 4423 3656 4502">
    <p class='ocr_par' dir='ltr' id='par_1_103' title="bbox 2088 4423 3656 4502">
     <span class='ocr_line' id='line_1_103' title="bbox 2088 4423 3656 4502; baseline -0.015 -8"><span class='ocrx_word' id='word_1_735' title='bbox 2088 4440 2239 4494; x_wconf 88' lang='lat' dir='ltr'><strong>titnln</strong></span> <span class='ocrx_word' id='word_1_736' title='bbox 2280 4437 2572 4493; x_wconf 86' lang='lat' dir='ltr'><strong>constituta</strong></span> <span class='ocrx_word' id='word_1_737' title='bbox 2616 4431 2866 4502; x_wconf 85' lang='lat' dir='ltr'><strong>accipiet,</strong></span> <span class='ocrx_word' id='word_1_738' title='bbox 2896 4437 2948 4481; x_wconf 91' lang='lat' dir='ltr'><strong>et</strong></span> <span class='ocrx_word' id='word_1_739' title='bbox 2981 4423 3409 4496; x_wconf 68' lang='lat' dir='ltr'><strong>quadragesimae</strong></span> <span class='ocrx_word' id='word_1_740' title='bbox 3431 4425 3656 4474; x_wconf 82' lang='lat' dir='ltr'><strong>conten-</strong></span> 
     </span>
    </p>
   </div>
   <div class='ocr_carea' id='block_1_104' title="bbox 2009 4499 3653 4588">
    <p class='ocr_par' dir='ltr' id='par_1_104' title="bbox 2009 4499 3653 4588">
     <span class='ocr_line' id='line_1_104' title="bbox 2009 4499 3653 4588; baseline -0.016 0"><span class='ocrx_word' id='word_1_741' title='bbox 2009 4499 2058 4556; x_wconf 76' lang='lat' dir='ltr'><strong>D</strong></span> <span class='ocrx_word' id='word_1_742' title='bbox 2089 4543 2172 4586; x_wconf 88' lang='lat' dir='ltr'><strong>tus</strong></span> <span class='ocrx_word' id='word_1_743' title='bbox 2217 4530 2320 4584; x_wconf 90' lang='lat' dir='ltr'><strong>erit</strong></span> <span class='ocrx_word' id='word_1_744' title='bbox 2363 4539 2635 4582; x_wconf 88' lang='lat' dir='ltr'><strong>mensura.</strong></span> <span class='ocrx_word' id='word_1_745' title='bbox 2669 4499 2786 4576; x_wconf 73' lang='lat' dir='ltr'><strong>iam</strong></span> <span class='ocrx_word' id='word_1_746' title='bbox 2836 4519 2926 4588; x_wconf 84' lang='lat' dir='ltr'><strong>qui</strong></span> <span class='ocrx_word' id='word_1_747' title='bbox 2973 4517 3040 4572; x_wconf 89' lang='lat' dir='ltr'><strong>de</strong></span> <span class='ocrx_word' id='word_1_748' title='bbox 3082 4513 3340 4570; x_wconf 87' lang='lat' dir='ltr'><strong>fratribus</strong></span> <span class='ocrx_word' id='word_1_749' title='bbox 3382 4507 3653 4565; x_wconf 89' lang='lat' dir='ltr'><strong>voluerint</strong></span> 
     </span>
    </p>
   </div>
   <div class='ocr_carea' id='block_1_105' title="bbox 2084 4599 3647 4692">
    <p class='ocr_par' dir='ltr' id='par_1_105' title="bbox 2084 4599 3647 4692">
     <span class='ocr_line' id='line_1_105' title="bbox 2084 4599 3647 4692; baseline -0.015 -16"><span class='ocrx_word' id='word_1_750' title='bbox 2084 4621 2287 4692; x_wconf 89' lang='lat' dir='ltr'><strong>aliquid</strong></span> <span class='ocrx_word' id='word_1_751' title='bbox 2331 4618 2624 4680; x_wconf 84' lang='lat' dir='ltr'><strong>abstinere,</strong></span> <span class='ocrx_word' id='word_1_752' title='bbox 2670 4611 2953 4668; x_wconf 86' lang='lat' dir='ltr'><strong>humilicnt</strong></span> <span class='ocrx_word' id='word_1_753' title='bbox 2998 4622 3057 4664; x_wconf 85' lang='lat' dir='ltr'><strong>se</strong></span> <span class='ocrx_word' id='word_1_754' title='bbox 3102 4606 3167 4660; x_wconf 85' lang='lat' dir='ltr'><strong>ad</strong></span> <span class='ocrx_word' id='word_1_755' title='bbox 3198 4617 3370 4676; x_wconf 77' lang='lat' dir='ltr'><strong>genua</strong></span> <span class='ocrx_word' id='word_1_756' title='bbox 3413 4599 3647 4666; x_wconf 85' lang='lat' dir='ltr'><strong>abbatis,</strong></span> 
     </span>
    </p>
   </div>
   <div class='ocr_carea' id='block_1_106' title="bbox 2085 4696 3650 4782">
    <p class='ocr_par' dir='ltr' id='par_1_106' title="bbox 2085 4696 3650 4782">
     <span class='ocr_line' id='line_1_106' title="bbox 2085 4696 3650 4782; baseline -0.015 -16"><span class='ocrx_word' id='word_1_757' title='bbox 2085 4721 2306 4782; x_wconf 82' lang='lat' dir='ltr'><strong>agentes</strong></span> <span class='ocrx_word' id='word_1_758' title='bbox 2350 4707 2555 4778; x_wconf 78' lang='lat' dir='ltr'><strong>gratias</strong></span> <span class='ocrx_word' id='word_1_759' title='bbox 2583 4705 2650 4758; x_wconf 89' lang='lat' dir='ltr'><strong>de</strong></span> <span class='ocrx_word' id='word_1_760' title='bbox 2691 4702 2814 4758; x_wconf 89' lang='lat' dir='ltr'><strong>boni</strong></span> <span class='ocrx_word' id='word_1_761' title='bbox 2851 4707 3002 4754; x_wconf 86' lang='lat' dir='ltr'><strong>actus</strong></span> <span class='ocrx_word' id='word_1_762' title='bbox 3047 4696 3324 4751; x_wconf 85' lang='lat' dir='ltr'><strong>voluntate</strong></span> <span class='ocrx_word' id='word_1_763' title='bbox 3370 4704 3650 4754; x_wconf 87' lang='lat' dir='ltr'><strong>concessa,</strong></span> 
     </span>
    </p>
   </div>
   <div class='ocr_carea' id='block_1_107' title="bbox 2086 4785 3652 4868">
    <p class='ocr_par' dir='ltr' id='par_1_107' title="bbox 2086 4785 3652 4868">
     <span class='ocr_line' id='line_1_107' title="bbox 2086 4785 3652 4868; baseline -0.01 -15"><span class='ocrx_word' id='word_1_764' title='bbox 2086 4810 2137 4853; x_wconf 84' lang='lat' dir='ltr'><strong>et</strong></span> <span class='ocrx_word' id='word_1_765' title='bbox 2186 4807 2306 4868; x_wconf 89' lang='lat' dir='ltr'><strong>post</strong></span> <span class='ocrx_word' id='word_1_766' title='bbox 2351 4799 2644 4866; x_wconf 89' lang='lat' dir='ltr'><strong>impensam</strong></span> <span class='ocrx_word' id='word_1_767' title='bbox 2695 4791 3056 4848; x_wconf 87' lang='lat' dir='ltr'><strong>humilitatem</strong></span> <span class='ocrx_word' id='word_1_768' title='bbox 3111 4785 3270 4842; x_wconf 88' lang='lat' dir='ltr'><strong>simul</strong></span> <span class='ocrx_word' id='word_1_769' title='bbox 3314 4792 3370 4839; x_wconf 89' lang='lat' dir='ltr'><strong>et</strong></span> <span class='ocrx_word' id='word_1_770' title='bbox 3411 4797 3508 4838; x_wconf 91' lang='lat' dir='ltr'><strong>ore</strong></span> <span class='ocrx_word' id='word_1_771' title='bbox 3553 4797 3652 4837; x_wconf 79' lang='lat' dir='ltr'><strong>suo</strong></span> 
     </span>
    </p>
   </div>
   <div class='ocr_carea' id='block_1_108' title="bbox 2085 4875 3438 4952">
    <p class='ocr_par' dir='ltr' id='par_1_108' title="bbox 2085 4875 3438 4952">
     <span class='ocr_line' id='line_1_108' title="bbox 2085 4875 3438 4952; baseline -0.013 -9"><span class='ocrx_word' id='word_1_772' title='bbox 2085 4889 2266 4943; x_wconf 84' lang='lat' dir='ltr'><strong>abbati</strong></span> <span class='ocrx_word' id='word_1_773' title='bbox 2297 4886 2551 4945; x_wconf 87' lang='lat' dir='ltr'><strong>indicent,</strong></span> <span class='ocrx_word' id='word_1_774' title='bbox 2584 4885 2706 4952; x_wconf 88' lang='lat' dir='ltr'><strong>quis</strong></span> <span class='ocrx_word' id='word_1_775' title='bbox 2733 4881 2864 4952; x_wconf 86' lang='lat' dir='ltr'><strong>quid</strong></span> <span class='ocrx_word' id='word_1_776' title='bbox 2892 4878 3123 4934; x_wconf 86' lang='lat' dir='ltr'><strong>voluerit</strong></span> <span class='ocrx_word' id='word_1_777' title='bbox 3147 4875 3438 4930; x_wconf 85' lang='lat' dir='ltr'><strong>abstinere.</strong></span> 
     </span>
    </p>
   </div>
   <div class='ocr_carea' id='block_1_109' title="bbox 2701 4990 3027 5048">
    <p class='ocr_par' dir='ltr' id='par_1_109' title="bbox 2701 4990 3027 5048">
     <span class='ocr_line' id='line_1_109' title="bbox 2701 4990 3027 5048; baseline -0.012 0"><span class='ocrx_word' id='word_1_778' title='bbox 2701 4991 2927 5048; x_wconf 80' lang='lat' dir='ltr'><strong>CAPUT</strong></span> <span class='ocrx_word' id='word_1_779' title='bbox 2965 4990 3027 5044; x_wconf 77' lang='lat' dir='ltr'><strong>L.</strong></span> 
     </span>
    </p>
   </div>
   <div class='ocr_carea' id='block_1_110' title="bbox 2084 5077 3652 5166">
    <p class='ocr_par' dir='ltr' id='par_1_110' title="bbox 2084 5077 3652 5166">
     <span class='ocr_line' id='line_1_110' title="bbox 2084 5077 3652 5166; baseline -0.011 -18"><span class='ocrx_word' id='word_1_780' title='bbox 2084 5094 2158 5148; x_wconf 85' lang='lat' dir='ltr'><strong>De</strong></span> <span class='ocrx_word' id='word_1_781' title='bbox 2197 5089 2452 5164; x_wconf 75' lang='lat' dir='ltr'><strong>fratribus</strong></span> <span class='ocrx_word' id='word_1_782' title='bbox 2487 5089 2575 5158; x_wconf 87' lang='lat' dir='ltr'><strong>qui</strong></span> <span class='ocrx_word' id='word_1_783' title='bbox 2613 5084 2868 5166; x_wconf 58' lang='lat' dir='ltr'><strong>longeab</strong></span> <span class='ocrx_word' id='word_1_784' title='bbox 2899 5081 3128 5136; x_wconf 83' lang='lat' dir='ltr'><strong>oratorio</strong></span> <span class='ocrx_word' id='word_1_785' title='bbox 3173 5078 3438 5140; x_wconf 83' lang='lat' dir='ltr'><strong>laborant,</strong></span> <span class='ocrx_word' id='word_1_786' title='bbox 3477 5077 3652 5130; x_wconf 85' lang='lat' dir='ltr'><strong>autin</strong></span> 
     </span>
    </p>
   </div>
   <div class='ocr_carea' id='block_1_111' title="bbox 2682 5162 2986 5208">
    <p class='ocr_par' dir='ltr' id='par_1_111' title="bbox 2682 5162 2986 5208">
     <span class='ocr_line' id='line_1_111' title="bbox 2682 5162 2986 5208; baseline -0.016 1"><span class='ocrx_word' id='word_1_787' title='bbox 2682 5170 2690 5178; x_wconf 87' lang='lat'>&#39;</span> <span class='ocrx_word' id='word_1_788' title='bbox 2740 5162 2821 5208; x_wconf 77' lang='lat' dir='ltr'><strong>ria</strong></span> <span class='ocrx_word' id='word_1_789' title='bbox 2845 5162 2986 5207; x_wconf 86' lang='lat' dir='ltr'><strong>sunt.</strong></span> 
     </span>
    </p>
   </div>
   <div class='ocr_carea' id='block_1_112' title="bbox 2154 5240 3728 5322">
    <p class='ocr_par' dir='ltr' id='par_1_112' title="bbox 2154 5240 3728 5322">
     <span class='ocr_line' id='line_1_112' title="bbox 2154 5240 3728 5322; baseline -0.014 -13"><span class='ocrx_word' id='word_1_790' title='bbox 2154 5253 2375 5308; x_wconf 84' lang='lat' dir='ltr'><strong>Fratres</strong></span> <span class='ocrx_word' id='word_1_791' title='bbox 2421 5251 2511 5322; x_wconf 86' lang='lat' dir='ltr'><strong>qui</strong></span> <span class='ocrx_word' id='word_1_792' title='bbox 2552 5249 2762 5302; x_wconf 87' lang='lat' dir='ltr'><strong>omnino</strong></span> <span class='ocrx_word' id='word_1_793' title='bbox 2805 5245 2954 5314; x_wconf 84' lang='lat' dir='ltr'><strong>longe</strong></span> <span class='ocrx_word' id='word_1_794' title='bbox 2992 5251 3118 5297; x_wconf 85' lang='lat' dir='ltr'><strong>sunt</strong></span> <span class='ocrx_word' id='word_1_795' title='bbox 3141 5243 3194 5294; x_wconf 86' lang='lat' dir='ltr'><strong>in</strong></span> <span class='ocrx_word' id='word_1_796' title='bbox 3227 5240 3424 5304; x_wconf 88' lang='lat' dir='ltr'><strong>labore,</strong></span> <span class='ocrx_word' id='word_1_797' title='bbox 3464 5255 3507 5292; x_wconf 75' lang='grc' dir='ltr'><strong>ει</strong></span> <span class='ocrx_word' id='word_1_798' title='bbox 3550 5253 3652 5290; x_wconf 89' lang='lat' dir='ltr'><strong>non</strong></span> <span class='ocrx_word' id='word_1_799' title='bbox 3719 5267 3728 5272; x_wconf 98' lang='lat'><strong><em>-</em></strong></span> 
     </span>
    </p>
   </div>
   <div class='ocr_carea' id='block_1_113' title="bbox 2081 5329 3653 5420">
    <p class='ocr_par' dir='ltr' id='par_1_113' title="bbox 2081 5329 3653 5420">
     <span class='ocr_line' id='line_1_113' title="bbox 2081 5329 3653 5420; baseline -0.016 -18"><span class='ocrx_word' id='word_1_800' title='bbox 2081 5356 2293 5420; x_wconf 85' lang='lat' dir='ltr'><strong>possunt</strong></span> <span class='ocrx_word' id='word_1_801' title='bbox 2339 5356 2608 5397; x_wconf 87' lang='lat' dir='ltr'><strong>occurrere</strong></span> <span class='ocrx_word' id='word_1_802' title='bbox 2637 5340 2764 5392; x_wconf 86' lang='lat' dir='ltr'><strong>hora</strong></span> <span class='ocrx_word' id='word_1_803' title='bbox 2795 5333 3100 5403; x_wconf 81' lang='lat' dir='ltr'><strong>competenti</strong></span> <span class='ocrx_word' id='word_1_804' title='bbox 3147 5331 3216 5384; x_wconf 84' lang='lat' dir='ltr'><strong>ad</strong></span> <span class='ocrx_word' id='word_1_805' title='bbox 3255 5329 3566 5390; x_wconf 87' lang='lat' dir='ltr'><strong>oratorium,</strong></span> <span class='ocrx_word' id='word_1_806' title='bbox 3605 5335 3653 5378; x_wconf 86' lang='lat' dir='ltr'><strong>et</strong></span> 
     </span>
    </p>
   </div>
   <div class='ocr_carea' id='block_1_114' title="bbox 2083 5418 3655 5504">
    <p class='ocr_par' dir='ltr' id='par_1_114' title="bbox 2083 5418 3655 5504">
     <span class='ocr_line' id='line_1_114' title="bbox 2083 5418 3655 5504; baseline -0.016 -12"><span class='ocrx_word' id='word_1_807' title='bbox 2083 5418 2242 5492; x_wconf 86' lang='lat' dir='ltr'><strong>abbas</strong></span> <span class='ocrx_word' id='word_1_808' title='bbox 2271 5435 2366 5488; x_wconf 89' lang='lat' dir='ltr'><strong>hoc</strong></span> <span class='ocrx_word' id='word_1_809' title='bbox 2402 5430 2696 5504; x_wconf 66' lang='lat' dir='ltr'><strong>perpendit,</strong></span> <span class='ocrx_word' id='word_1_810' title='bbox 2739 5427 2861 5498; x_wconf 89' lang='lat' dir='ltr'><strong>quia</strong></span> <span class='ocrx_word' id='word_1_811' title='bbox 2891 5425 2965 5477; x_wconf 90' lang='lat' dir='ltr'><strong>ita</strong></span> <span class='ocrx_word' id='word_1_812' title='bbox 2998 5432 3096 5488; x_wconf 88' lang='lat' dir='ltr'><strong>est,</strong></span> <span class='ocrx_word' id='word_1_813' title='bbox 3125 5429 3282 5492; x_wconf 82' lang='lat' dir='ltr'><strong>agant</strong></span> <span class='ocrx_word' id='word_1_814' title='bbox 3309 5418 3499 5472; x_wconf 85' lang='lat' dir='ltr'><strong>ibidem</strong></span> <span class='ocrx_word' id='word_1_815' title='bbox 3527 5432 3655 5486; x_wconf 86' lang='lat' dir='ltr'><strong>opus</strong></span> 
     </span>
    </p>
   </div>
   <div class='ocr_carea' id='block_1_115' title="bbox 2083 5509 3654 5591">
    <p class='ocr_par' dir='ltr' id='par_1_115' title="bbox 2083 5509 3654 5591">
     <span class='ocr_line' id='line_1_115' title="bbox 2083 5509 3654 5591; baseline -0.013 -12"><span class='ocrx_word' id='word_1_816' title='bbox 2083 5525 2204 5589; x_wconf 84' lang='lat' dir='ltr'><strong>Dei,</strong></span> <span class='ocrx_word' id='word_1_817' title='bbox 2241 5523 2327 5577; x_wconf 86' lang='lat' dir='ltr'><strong>ubi</strong></span> <span class='ocrx_word' id='word_1_818' title='bbox 2353 5529 2656 5591; x_wconf 86' lang='lat' dir='ltr'><strong>operantur,</strong></span> <span class='ocrx_word' id='word_1_819' title='bbox 2691 5531 2807 5570; x_wconf 87' lang='lat' dir='ltr'><strong>cum</strong></span> <span class='ocrx_word' id='word_1_820' title='bbox 2835 5523 3056 5568; x_wconf 85' lang='lat' dir='ltr'><strong>tremore</strong></span> <span class='ocrx_word' id='word_1_821' title='bbox 3081 5511 3254 5566; x_wconf 73' lang='lat' dir='ltr'><strong>divino</strong></span> <span class='ocrx_word' id='word_1_822' title='bbox 3282 5509 3542 5579; x_wconf 77' lang='lat' dir='ltr'><strong>ﬂectentes</strong></span> <span class='ocrx_word' id='word_1_823' title='bbox 3563 5521 3654 5576; x_wconf 88' lang='lat' dir='ltr'><strong>ge-</strong></span> 
     </span>
    </p>
   </div>
   <div class='ocr_carea' id='block_1_116' title="bbox 2085 5603 3654 5680">
    <p class='ocr_par' dir='ltr' id='par_1_116' title="bbox 2085 5603 3654 5680">
     <span class='ocr_line' id='line_1_116' title="bbox 2085 5603 3654 5680; baseline -0.012 -11"><span class='ocrx_word' id='word_1_824' title='bbox 2085 5633 2210 5669; x_wconf 83' lang='lat' dir='ltr'><strong>nua.</strong></span> <span class='ocrx_word' id='word_1_825' title='bbox 2255 5611 2511 5668; x_wconf 83' lang='lat' dir='ltr'><strong>Similiter</strong></span> <span class='ocrx_word' id='word_1_826' title='bbox 2549 5609 2636 5680; x_wconf 85' lang='lat' dir='ltr'><strong>qui</strong></span> <span class='ocrx_word' id='word_1_827' title='bbox 2679 5608 2735 5660; x_wconf 87' lang='lat' dir='ltr'><strong>in</strong></span> <span class='ocrx_word' id='word_1_828' title='bbox 2784 5606 2962 5658; x_wconf 86' lang='lat' dir='ltr'><strong>itinere</strong></span> <span class='ocrx_word' id='word_1_829' title='bbox 3015 5603 3197 5656; x_wconf 87' lang='lat' dir='ltr'><strong>directi</strong></span> <span class='ocrx_word' id='word_1_830' title='bbox 3236 5609 3376 5664; x_wconf 86' lang='lat' dir='ltr'><strong>sunt,</strong></span> <span class='ocrx_word' id='word_1_831' title='bbox 3416 5614 3519 5652; x_wconf 87' lang='lat' dir='ltr'><strong>non</strong></span> <span class='ocrx_word' id='word_1_832' title='bbox 3566 5610 3654 5650; x_wconf 81' lang='lat' dir='ltr'><strong>eos</strong></span> 
     </span>
    </p>
   </div>
   <div class='ocr_carea' id='block_1_117' title="bbox 2083 5697 3649 5778">
    <p class='ocr_par' dir='ltr' id='par_1_117' title="bbox 2083 5697 3649 5778">
     <span class='ocr_line' id='line_1_117' title="bbox 2083 5697 3649 5778; baseline -0.009 -18"><span class='ocrx_word' id='word_1_833' title='bbox 2083 5715 2392 5778; x_wconf 70' lang='lat' dir='ltr'><strong>pra&#39;tcreunt</strong></span> <span class='ocrx_word' id='word_1_834' title='bbox 2443 5705 2584 5756; x_wconf 65' lang='lat' dir='ltr'><strong>hanc</strong></span> <span class='ocrx_word' id='word_1_835' title='bbox 2618 5700 2926 5762; x_wconf 52' lang='lat' dir='ltr'><strong>constitutir,</strong></span> <span class='ocrx_word' id='word_1_836' title='bbox 2979 5699 3068 5751; x_wconf 61' lang='lat' dir='ltr'><strong>scr!</strong></span> <span class='ocrx_word' id='word_1_837' title='bbox 3111 5707 3162 5749; x_wconf 82' lang='lat' dir='ltr'><strong>ut</strong></span> <span class='ocrx_word' id='word_1_838' title='bbox 3205 5703 3436 5765; x_wconf 82' lang='lat' dir='ltr'><strong>possunt,</strong></span> <span class='ocrx_word' id='word_1_839' title='bbox 3493 5697 3649 5764; x_wconf 69' lang='lat' dir='ltr'><strong>agam</strong></span> 
     </span>
    </p>
   </div>
  </div>
