3944 6414
218 358 322 414 889

1245 359 1597 418 COMMENT.
1639 362 1705 418 ΙΝ
1746 362 1902 420 REG.
1943 364 2002 420 S.
2044 364 2424 423 BENEDICTI.

3366 362 3473 422 890

218 475 341 539 sibi,
366 482 416 528 et
439 472 705 529 seruitutis
727 488 943 543 pensum
971 488 1075 527 non
1102 473 1363 545 negligant
1391 476 1625 531 reddere.
1651 476 1792 531 Hine
1817 477 1869 537 Α
1892 478 2057 539 etiam
2086 478 2249 547 aliqui
2278 484 2476 550 przeter
2500 477 2663 535 horas
2690 478 3015 535 constitutas
3050 518 3065 545 ,
3093 478 3139 535 si
3165 479 3246 535 eis
3278 490 3459 543 vacat,

220 568 416 623 beatus
466 563 795 620 Pachomius
834 564 950 619 ait:
978 564 1050 619 Et
1077 563 1122 621 si
1154 565 1208 619 in
1234 567 1358 621 navi
1400 566 1623 634 fuerim,
1651 574 1706 622 et
1744 568 1801 621 in

223 657 581 723 monasterio,
611 666 668 713 et
708 658 763 712 in
789 672 942 728 agro,
966 666 1022 713 et
1051 659 1106 713 in
1152 659 1367 723 itinere,
1396 668 1451 715 et
1480 661 1533 714 in
1562 660 1804 729 quolibet

222 751 536 807 ministerio
560 750 755 805 orandi
790 758 845 805 et
869 750 1133 819 psallendi
1169 759 1410 820 tempora
1440 766 1547 806 non
1574 760 1802 821 printer-

226 842 469 896 mittant.
528 839 668 893 Hine
715 848 771 894 et
822 839 1052 894 Basilius
1093 839 1224 898 dicit
1262 855 1277 893 :
1326 840 1701 910 Unusquisque
1747 840 1801 895 in

227 946 389 1001 opere
414 944 515 987 suo
550 930 842 985 observare
877 930 1036 985 debet
1066 930 1338 1000 propriam
1370 932 1627 1001 regulam,
1659 931 1803 986 sicut

231 1023 539 1078 membrum
564 1021 617 1076 in
648 1036 910 1091 corpore;
936 1023 1061 1091 quia
1092 1023 1345 1076 damnum
1373 1023 1612 1087 habebit,
1644 1022 1687 1077 si
1715 1038 1804 1077 nc-

229 1114 460 1184 glexerit
491 1112 721 1182 implere
757 1113 899 1182 quod
928 1113 976 1167 ei
1020 1113 1317 1183 iniunctum
1342 1121 1447 1179 est,
1483 1122 1541 1168 et
1561 1114 1626 1169 de
1656 1129 1804 1168 com-

230 1206 383 1260 muni
428 1203 656 1258 fratrum
689 1203 919 1259 utilitate
960 1203 1232 1273 negligens
1264 1205 1498 1273 amplius
1524 1205 1801 1273 periclita-

229 1297 395 1351 bitur.
434 1294 501 1349 Et
528 1294 648 1348 ideo
673 1303 853 1347 mente
881 1302 934 1348 et
958 1294 1241 1349 devotione
1268 1294 1538 1363 complere
1567 1295 1726 1349 debet
1747 1295 1800 1348 id

228 1384 372 1453 quod
397 1384 658 1452 scriptum
681 1392 802 1436 est:
831 1380 1114 1437 Cantantes
1155 1392 1203 1435 et
1238 1382 1515 1454 psallentes
1551 1384 1605 1437 in
1632 1384 1802 1437 cordi-

230 1476 326 1530 bus
356 1475 538 1529 uestris
569 1473 790 1528 Domino
833 1472 994 1544 (Eph.
1028 1473 1103 1545 v).
1157 1472 1215 1529 Si
1255 1474 1397 1527 enim
1449 1475 1802 1543 corporaliter

231 1581 339 1620 non
369 1564 608 1620 occurrit
629 1564 818 1618 adesse
840 1579 960 1619 cum
984 1564 1197 1619 cceteris
1220 1564 1286 1619 ad
1307 1564 1569 1619 orationis
1600 1563 1796 1629 locum,

231 1658 285 1711 in
309 1668 632 1727 quocunque
677 1655 796 1710 loco
841 1654 1092 1710 inventus
1120 1653 1299 1715 fuerit,
1333 1655 1476 1724 quod
1501 1654 1799 1709 devotionis

228 1759 313 1805 est
340 1748 570 1818 expleat.
600 1746 823 1816 Oportet
853 1754 1034 1801 tamen
1060 1747 1373 1810 observare,
1415 1760 1484 1800 ne
1513 1745 1651 1800 forte
1676 1747 1799 1815 quis

228 1812 706 1908 possit—complere
736 1836 790 1890 in
825 1844 1064 1905 tempore
1093 1851 1211 1899 suo,
1254 1836 1396 1904 quod
1422 1812 1797 1904 complendum
1826 1812 1872 1869 Β

226 1938 337 1996 est,
378 1936 435 1985 et
476 1943 781 1992 occurrere,
827 1926 922 1981 sed
968 1927 1095 1982 dum
1143 1925 1287 1995 loqui
1337 1926 1451 1981 vult
1488 1926 1800 1981 occasiones

230 2021 420 2085 nectit,
454 2027 709 2088 tanquam
758 2016 1042 2072 ministerii
1093 2030 1256 2086 opere
1303 2024 1614 2086 occupatus.
1646 2015 1799 2082 Quod

230 2113 321 2180 qui
363 2110 513 2175 facit,
541 2118 595 2164 et
626 2107 1005 2163 oll'endiculmn
1050 2107 1262 2161 exteris
1305 2113 1557 2175 prmstat,
1596 2114 1654 2160 et
1674 2106 1800 2175 ipse

230 2201 550 2273 negligentis
599 2200 808 2255 crimen
855 2199 1104 2253 incurrit.
1156 2198 1291 2252 Hinc
1332 2196 1469 2251 alius
1507 2196 1799 2251 monacho-

231 2310 350 2349 rum
379 2294 635 2363 magister
669 2292 785 2346 ait:
815 2290 949 2346 Cum
983 2289 1179 2345 fratres
1210 2288 1483 2359 spiritales
1512 2289 1628 2342 sine
1661 2287 1800 2341 laico

229 2384 527 2449 ambulant,
548 2381 722 2453 juncti
757 2383 824 2437 ad
857 2396 932 2445 se,
963 2390 1347 2443 etcantantes.
1375 2380 1586 2435 modice
1617 2379 1683 2434 de
1711 2379 1799 2432 via

231 2476 452 2532 ﬂectant
496 2491 690 2547 genua,
733 2482 788 2529 et
831 2481 955 2543 post
994 2474 1296 2528 orationem
1340 2472 1566 2527 redeant
1603 2470 1657 2524 in
1687 2469 1795 2534 via,

231 2581 357 2621 mox
402 2568 471 2622 ab
514 2565 660 2621 omni
710 2564 878 2619 verbo
929 2562 1103 2616 alieno
1140 2562 1274 2616 adeo
1311 2567 1552 2615 tacentes
1581 2566 1802 2629 pr0pter

233 2655 586 2712 reverentiam
637 2654 818 2724 operis
864 2651 982 2716 Dei,
1029 2660 1087 2705 et
1134 2650 1214 2705 sic
1263 2648 1587 2705 ambulando
1629 2648 1796 2717 petita

231 2746 603 2807 banedictione
631 2744 938 2815 impositum
976 2747 1331 2812 prorumpunt
1356 2738 1645 2811 psalmum.

838 2874 1064 2932 CAPUT
1100 2874 1185 2929 LI.

417 2971 492 3026 De
521 2970 773 3041 fratribus
805 2969 894 3039 qui
921 2983 1024 3021 non
1050 2966 1200 3037 longe
1219 2963 1638 3036 proficiscuntur.

306 3083 520 3139 Fratres
541 3083 630 3155 qui
653 3097 746 3154 pro
767 3081 945 3153 quovis
968 3094 1210 3151 responso
1232 3076 1653 3148 proﬁciscuntur,
1670 3084 1719 3129 et
1737 3092 1799 3129 ea

1900 575 1955 621 et
1978 582 2137 623 orare
2161 568 2447 634 voluerint,
2475 584 2582 624 non
2609 569 2690 623 eis
2716 569 2825 625 sint
2845 568 3248 639 impedimento,
3276 570 3367 639 qui
3394 570 3471 625 ibi

1900 658 2099 729 aliquid
2148 661 2414 730 agendum
2459 670 2807 730 putaverunt.
2844 661 2976 716 Item
3004 660 3127 717 alibi
3157 676 3171 715 :
3204 662 3257 716 in
3288 668 3472 717 orato-

1902 747 1985 801 rio
2032 756 2228 817 praeter
2270 749 2463 803 orandi
2495 757 2553 803 et
2582 749 2842 819 psallendi
2882 750 2978 804 Dei
3017 750 3220 804 cultum
3255 750 3472 820 penitus

1901 839 2033 893 nihil
2052 848 2261 910 agatur,
2290 848 2352 895 ut
2373 842 2574 896 nomini
2599 842 2722 897 huic
2746 850 2803 896 et
2824 857 2988 911 opera
3006 839 3208 913 iugiter
3229 844 3470 916 impensa

1900 928 2250 982 concordent.
2291 929 2363 985 Ut
2406 929 2451 984 si
2491 930 2687 999 aliquis
2725 938 2923 1000 printer
2955 931 3279 986 constitutas
3308 933 3473 990 horas

1899 1019 2128 1075 Domino
2172 1021 2574 1091 supplicaturus
2618 1022 2942 1092 ingreditur,
2976 1029 3339 1093 votunisuum
3375 1037 3473 1079 oe-

1900 1110 2116 1179 cupatio
2138 1094 2315 1165 aliena
2339 1126 2445 1165 non
2476 1112 2671 1165 tardet.

2476 1201 2705 1258 CAPUT
2755 1201 2883 1256 Llll.

2287 1293 2360 1347 De
2392 1294 2679 1363 hospitibus
2723 1293 3064 1363 suscipiendis

1972 1384 2162 1439 Omnes
2176 1384 2587 1454 supervenientes
2607 1384 2832 1454 hospites
2843 1391 3101 1458 tanquam
3113 1383 3349 1439 Christus
3361 1402 3476 1440 sus-

1898 1476 2192 1545 cipiantur:
2213 1476 2337 1545 quia
2362 1476 2471 1544 ipse
2495 1474 2732 1528 dicturus
2756 1482 2853 1538 est,
2879 1471 3080 1544 Hospes
3102 1474 3199 1544 fui,
3225 1484 3274 1528 et
3299 1492 3475 1530 susce-

1897 1566 2046 1635 pistis
2075 1582 2155 1619 me
2185 1564 2401 1637 (Matth.
2430 1563 2581 1636 xxv).
2607 1564 2743 1619 Hine
2770 1572 2824 1618 et
2853 1563 3141 1633 Apostolus
3187 1580 3287 1620 nos
3334 1566 3476 1621 inter

1898 1670 2092 1714 cetera
2156 1659 2406 1713 hortatur
2451 1658 2637 1712 dicens
2676 1670 2692 1710 :
2737 1655 3165 1726 Hospitalitatem
3215 1666 3473 1711 sectantes

1901 1752 2078 1821 (Rom.
2104 1750 2224 1822 xu).
2256 1750 2452 1805 Diccns
2479 1750 2623 1805 enim
2651 1748 2962 1803 sectandam
2989 1764 3109 1803 esse
3132 1749 3475 1819 hospitalita-

1902 1849 2031 1903 tem,
2083 1854 2190 1894 non
2235 1838 2366 1892 illud
2417 1837 2595 1893 solum
2642 1837 2904 1903 ostendit,
2949 1845 3010 1891 ut
3043 1838 3349 1893 venientem
3402 1838 3474 1893 azl

1902 1946 2001 1984 nos
2044 1929 2310 1999 hOSpitem
2359 1928 2737 1997 suscipiamus,
2785 1928 2879 1983 sed
2923 1935 2979 1982 et
3035 1929 3376 1998 requiramus
3420 1936 3476 1983 et

1903 2018 2125 2075 solliciti
2144 2019 2341 2083 situas,
2373 2026 2428 2074 et
2452 2026 2745 2083 sectemur,
2783 2033 2847 2073 ac
2870 2017 3247 2088 perquiramus
3276 2019 3476 2088 ubique

1902 2110 2163 2180 hospites,
2187 2123 2257 2164 ne
2275 2109 2366 2165 ubi
2386 2108 2526 2163 forte
2552 2110 2607 2164 in
2629 2107 2822 2178 plateis
2849 2110 3094 2170 sedeant.
3118 2123 3187 2163 ne
3212 2116 3366 2163 extra
3396 2119 3470 2164 te-

1901 2210 2046 2255 ctum
2085 2201 2324 2270 iaceant.
2378 2201 2685 2256 Recordare
2747 2200 2907 2266 Loth,
2950 2208 3005 2256 et
3050 2200 3292 2256 invenies
3332 2202 3475 2270 quod

1900 2310 2008 2350 non
2065 2293 2213 2349 illum
2276 2293 2548 2363 hospites,
2592 2293 2688 2348 sed
2730 2292 2845 2363 ipse
2885 2293 3157 2364 quaesierit
3196 2292 3467 2362 hospites.

1901 2393 1956 2439 et
1991 2384 2094 2440 hoc
2136 2391 2254 2439 erat
2294 2382 2718 2453 hospitalitatem
2762 2384 2979 2438 sectari.
3028 2382 3166 2437 illnc
3203 2389 3258 2437 et
3284 2382 3476 2437 beatus

1902 2473 2207 2529 Macharius
2234 2473 2311 2528 ait
2336 2490 2350 2526 :
2383 2471 2812 2541 Hospitalitatem
2835 2478 3104 2526 sectantes
3144 2484 3243 2539 per
3268 2470 3473 2535 omnia,

1899 2575 2050 2622 etne
2086 2574 2302 2621 avertas
2328 2564 2570 2630 oculum,
2618 2572 2714 2618 aut
2758 2564 2974 2618 inanem
3004 2562 3245 2617 dimittas
3269 2576 3471 2631 paupe-
3536 2598 3551 2603 -

1899 2671 2033 2719 rem,
2079 2669 2149 2710 ne
2197 2654 2337 2710 forte
2385 2654 2645 2709 Dominus
2668 2654 2724 2708 in
2753 2654 2966 2723 hospite
3006 2660 3100 2707 aut
3139 2652 3195 2706 in
3223 2666 3463 2722 paupere

1900 2746 1967 2801 ad
1994 2755 2045 2801 te
2069 2746 2268 2811 veniat,
2299 2753 2356 2800 et
2377 2745 2559 2799 videat
2589 2752 2640 2799 te
2677 2745 3039 2806 haesitantem,
3074 2750 3133 2799 et
3161 2751 3474 2799 contemne-

1904 2839 2010 2905 ris;
2055 2840 2149 2896 sed
2187 2839 2439 2894 omnibus
2478 2837 2706 2893 hilarem
2748 2845 2802 2891 te
2840 2837 3117 2898 ostende;
3141 2845 3196 2890 et
3241 2833 3474 2889 fideliter

1900 2944 2017 3000 age.
2049 2929 2472 2985 Advenientibus
2494 2943 2624 2999 ergo
2648 2926 2953 2997 hospitibus
2980 2926 3178 2981 alacris
3205 2926 3474 2995 susceptio

1900 3019 2201 3074 adhibenda
2227 3024 2331 3083 est,
2360 3018 2595 3073 scientes
2621 3016 2691 3071 ob
2714 3018 2818 3071 hoc
2841 3015 3189 3071 novissimam
3216 3015 3474 3083 consequi

1901 3108 2331 3173 retributionem,
2376 3107 2592 3176 quando
2634 3105 2688 3159 in
2723 3103 2930 3174 judicio
2971 3104 3058 3157 his
3096 3103 3245 3172 quia
3269 3104 3475 3157 dextris

234 3178 318 3234 die
340 3184 546 3247 sperant
580 3175 761 3228 rever“
789 3171 858 3226 ad
899 3170 1297 3264 mgnamrium’
1346 3183 1451 3223 non
1477 3175 1796 3264 Ρνῳψῖιαηί
1824 3166 1871 3229 C
1900 3208 2062 3255 erunt
2084 3166 2329 3254 dicturus
2366 3166 2449 3252 est
2475 3166 2771 3251 Dominus:
2799 3193 3002 3264 Hospes
3023 3166 3174 3263 fui-et
3196 3193 3474 3263 collegistis

234 3268 364 3339 foris
389 3266 724 3327 manducare,
756 3262 958 3317 etiamsi
979 3279 1011 3315 a
1035 3260 1215 3331 quovis
1240 3266 1506 3328 rogentur,
1541 3256 1643 3311 nisi
1666 3256 1801 3325 forte

232 3360 308 3413 eis
335 3357 398 3412 ab
426 3357 608 3410 abbate
629 3370 723 3409 suo
755 3353 1111 3425 pra'cipiatur.
1138 3348 1291 3415 Quod
1313 3347 1357 3401 si
1387 3346 1541 3401 aliter
1560 3344 1796 3415 fecerint,

235 3447 767 3504 excommunicentur.
822 3442 957 3497 Hinc
1006 3439 1212 3509 antiqui
1268 3438 1459 3493 Patres
1508 3436 1797 3490 dixerunt:

233 3538 404 3592 Nemo
431 3547 607 3591 tamen
637 3543 792 3590 extra
840 3530 1226 3588 monasterium
1274 3528 1563 3583 manducet
1594 3533 1688 3580 aut
1714 3523 1799 3578 bi-

234 3627 346 3685 bat.
396 3627 509 3682 Iloc
543 3625 685 3681 enim
715 3623 910 3694 regula:
937 3638 1047 3679 non
1077 3621 1266 3691 recipit
1293 3618 1595 3687 disciplina,
1628 3624 1690 3670 ut
1718 3614 1803 3669 vel

232 3731 393 3789 poma
424 3715 553 3767 vilia
588 3714 957 3775 dcsumantnr,
988 3724 1181 3778 aquam
1206 3710 1376 3777 ipsam
1400 3706 1802 3765 ante,refectio-

232 3819 358 3861 nem
389 3800 686 3871 legitimam
714 3798 899 3852 bibere
928 3811 1033 3849 non
1059 3801 1405 3864 praesumant.
1440 3793 1497 3847 Si
1528 3793 1651 3861 quis
1673 3808 1804 3846 vero

236 3902 391 3952 extra
416 3888 803 3945 conscientiam
827 3885 1037 3941 abbatis
1056 3883 1140 3938 vel
1163 3882 1432 3953 praepositi
1458 3881 1805 3951 qualemcun-

238 4000 343 4053 que
389 3981 567 4035 locum
607 3991 872 4049 egressus,
902 3974 1039 4045 gula:
1074 3972 1159 4028 vel
1197 3970 1446 4027 ebrietati
1478 3985 1536 4026 se
1565 3969 1804 4024 sociave-

236 4076 332 4139 rit,
362 4079 456 4125 aut
478 4070 522 4123 si
553 4068 604 4124 in
641 4066 888 4137 proximo
914 4063 1287 4127 transmissus,
1330 4077 1429 4133 pro
1463 4061 1546 4115 sui
1585 4058 1806 4114 levitate

238 4165 320 4218 vel
347 4162 483 4234 gulae
509 4176 613 4215 non
641 4158 824 4214 statim
849 4157 1095 4226 expedita
1120 4154 1443 4209 necessitate
1467 4153 1534 4209 ad
1558 4152 1805 4208 cellulam

240 4254 480 4317 redierit,
510 4258 603 4305 aut
632 4264 753 4304 cum
797 4248 851 4301 in
902 4246 953 4300 id
991 4244 1200 4299 facinus
1233 4243 1397 4297 fuerit
1430 4241 1702 4306 detentus,
1746 4248 1806 4296 ut

240 4359 473 4401 canones
510 4342 725 4405 docent,
766 4346 858 4393 aut
888 4337 1106 4407 triginta
1143 4336 1332 4391 diebus
1365 4351 1397 4391 a
1426 4333 1807 4391 communione

240 4441 540 4509 separetur,
568 4439 661 4487 aut
688 4430 854 4500 virgis
884 4429 1039 4483 CtDSiS
1063 4427 1401 4482 emendetur.

838 4559 1063 4617 CAPUT
1102 4558 1210 4614 LII.

664 4654 744 4709 De
780 4653 1012 4708 oratorio
1058 4652 1380 4706 monasterii.

313 4746 615 4802 Oratorium
642 4745 737 4799 hoc
765 4746 852 4808 sit,
880 4743 1017 4814 quod
1046 4743 1273 4808 dicitur;
1304 4759 1395 4797 nec
1419 4744 1490 4798 ibi
1516 4742 1807 4814 quidquam

242 4837 388 4892 aliud
410 4847 641 4908 geratur,
686 4844 776 4888 aut
812 4834 1087 4888 condatur.
1138 4832 1359 4903 Expleta
1389 4850 1540 4905 opere
1572 4833 1667 4888 Dei
1691 4850 1806 4887 om-

242 4944 331 4983 nes
352 4944 471 4982 cum
489 4944 584 4981 suo
607 4925 813 4980 silentio
841 4935 1046 4990 exeant,
1072 4934 1119 4979 et
1142 4935 1333 4994 agatur
1360 4928 1644 4980 reverentia
1676 4926 1805 4991 Deo,

243 5027 299 5072 ut
344 5017 508 5087 frater
533 5018 622 5087 qui
661 5016 794 5086 forte
828 5015 927 5069 sibi
968 5015 1303 5085 peculiariter
1343 5014 1448 5069 vult
1489 5031 1661 5080 orare,
1707 5032 1808 5069 ncn

244 5108 559 5179 impediatur
584 5107 799 5162 alterius
836 5107 1182 5177 improbitate.
1222 5105 1329 5162 Sed
1355 5108 1401 5160 si
1427 5105 1561 5160 alter
1582 5105 1688 5160 vult
1709 5107 1810 5160 sibi

244 5202 376 5270 forte
400 5200 644 5255 secretius
675 5215 843 5259 orare,
873 5198 1176 5269 simpliciter
1198 5198 1372 5262 intret,
1395 5206 1444 5252 et
1471 5206 1601 5262 oret,
1632 5200 1809 5252 nonin

244 5290 475 5344 clamosa
512 5306 651 5352 voce,
687 5288 775 5342 sed
809 5288 863 5341 in
901 5287 1147 5355 lacrymis
1190 5295 1239 5339 et
1275 5287 1559 5341 intentione
1612 5288 1805 5339 cordis.

245 5379 386 5448 Ergo
413 5378 502 5448 qui
522 5376 689 5431 simile
708 5393 836 5446 opus
863 5392 963 5429 non
988 5374 1113 5444 facit
1137 5390 1240 5427 non
1260 5373 1590 5443 permittatur
1611 5373 1808 5443 expleto

243 5485 394 5536 opere
434 5467 527 5521 Dei
564 5468 817 5523 remorari
841 5468 895 5519 in
924 5464 1176 5527 oratorio,
1217 5464 1353 5517 sicut
1382 5464 1575 5518 dictum
1614 5473 1711 5529 est,
1748 5481 1812 5519 ne

246 5557 381 5608 aiius
411 5555 834 5623 impedimentum
875 5553 1123 5622 patiatur.
1167 5549 1301 5604 Hinc
1337 5551 1527 5605 beatus
1553 5550 1808 5620 Augusti-

247 5662 345 5700 nus
375 5648 486 5701 ait:
516 5646 572 5699 ιιι
603 5644 841 5699 oratorio
864 5657 1022 5698 nemo
1048 5641 1249 5710 aliquid
1281 5649 1428 5711 agat,
1458 5641 1561 5696 nisi
1587 5642 1654 5697 ad
1681 5639 1809 5710 quid

252 5737 448 5791 Letum
482 5745 587 5799 est,
628 5732 767 5789 unde
813 5742 866 5788 ct
911 5746 1105 5788 nomen
1148 5730 1371 5798 accepit.
1425 5729 1530 5784 Aut
1575 5729 1620 5784 si
1672 5727 1809 5784 forte

1833 4502 1888 4563 D

1897 3305 1980 3343 me
1999 3300 2020 3341 :
2042 3289 2168 3359 quia
2196 3287 2334 3359 quod
2367 3287 2457 3340 uni
2485 3301 2553 3340 ea:
2575 3282 2807 3338 minimis
2833 3284 2963 3337 meis
2992 3282 3204 3351 fecistis,
3235 3283 3364 3336 mihi
3398 3282 3478 3353 fe-

1864 3390 1867 3395 ’
1902 3381 2046 3435 cistis
2074 3379 2286 3450 (Matth.
2314 3378 2462 3449 xxv).

1971 3469 2039 3523 Et
2062 3470 2299 3523 omnibus
2330 3484 2590 3539 congruas
2622 3467 2791 3521 honor
2824 3465 3148 3520 exhibentur.
3190 3464 3476 3536 Congruus

1900 3561 2102 3616 dicitur
2130 3560 2480 3624 conveniens,
2538 3566 2871 3628 competens,
2914 3556 3000 3610 vel
3025 3554 3341 3623 condignus,
3382 3554 3476 3624 qui

1902 3649 1985 3717 fit,
2028 3650 2245 3719 quando
2269 3649 2562 3717 unicuique
2583 3648 2727 3717 quod
2755 3646 2975 3715 expedit
2998 3652 3053 3700 et
3080 3644 3350 3714 quomodo
3376 3658 3479 3699 ex-

1899 3742 2049 3809 pedit
2074 3741 2422 3808 impenditur.
2454 3738 2589 3793 Nam
2621 3738 2869 3807 quamvis
2897 3752 3002 3791 tina
3034 3736 3272 3791 charitas
3291 3748 3479 3790 omnes

1903 3830 2260 3900 amplectatur
2292 3829 2741 3894 interins,,aliter
2775 3828 3124 3897 pauperibus,
3167 3826 3325 3881 aliter
3348 3840 3481 3880 vero

1902 3918 2145 3973 exterius
2211 3918 2463 3987 congruit
2512 3918 2826 3971 ministrare
2891 3916 3220 3984 potentibus.
3288 3912 3478 3983 Neque

1903 4011 2047 4065 enim
2073 4010 2295 4079 aequalis
2319 4009 2571 4064 omnibus
2596 4007 2949 4078 przeparanda
2978 4014 3061 4060 est
3087 4006 3276 4068 sessio,
3301 4020 3477 4074 neque

1904 4099 2127 4168 aequalis
2162 4099 2414 4156 omnibus
2439 4098 2684 4153 ciborum
2708 4097 2961 4153 convenit
2995 4096 3342 4165 praeparatio,
3381 4095 3477 4150 sed

1907 4190 2199 4260 unicuique
2245 4204 2468 4245 necesse
2513 4197 2597 4243 est
2642 4204 2765 4243 cum
2816 4186 3099 4243 charitatis
3153 4186 3482 4243 discretione

1906 4295 2176 4351 congrnus
2224 4280 2394 4346 locus,
2445 4292 2715 4351 congruas
2759 4280 2933 4345 cibus,
2982 4293 3251 4349 congruas
3282 4278 3479 4343 lectus,

1908 4387 2177 4443 congruus
2205 4370 2457 4427 omnibus
2495 4371 2821 4426 exhibeatur
2846 4378 2902 4425 et
2933 4370 3127 4434 honor,
3151 4378 3212 4424 ut
3241 4384 3484 4440 congrue

1912 4476 1943 4515 a
1970 4462 2125 4517 nobis
2154 4460 2356 4530 recepti
2383 4460 2502 4516 sine
2531 4460 2830 4515 murmurio
2855 4457 2923 4513 ad
2954 4459 3173 4529 propria
3199 4466 3482 4513 revertan-

1915 4561 2004 4606 tur
2027 4550 2209 4608 amici

1985 4642 2218 4698 Maxime
2258 4642 2553 4697 domesticis
2587 4641 2710 4710 fidei
2739 4650 2785 4695 et
2812 4640 3116 4710 peregrinis.
3142 4636 3487 4692 Domesticos

1915 4737 2114 4791 dicitur
2142 4736 2348 4791 amicus
2377 4735 2676 4797 familiaris,
2718 4733 2802 4786 vel
2832 4731 3061 4796 sodalis;
3100 4744 3236 4800 quos
3272 4728 3484 4784 duobus

1915 4828 2087 4884 modis
2128 4826 2427 4897 intelligere
2468 4826 2749 4888 debemus,
2796 4823 2908 4876 sive
2935 4835 3123 4875 omnes
3157 4817 3483 4888 generaliter

1913 4918 2252 4973 Christianos
2280 4931 2441 4971 unam
2468 4915 2749 4970 nobiseum
2794 4912 2972 4975 fidem,
3019 4924 3182 4963 unum
3222 4910 3488 4963 habentes

1911 5008 2209 5077 baptisma;
2247 5008 2360 5063 sive
2388 5005 2696 5075 specialiter
2719 5004 3034 5065 monachos,
3066 5002 3161 5069 qui
3183 4999 3337 5055 nobis
3358 5013 3482 5052 cum

1912 5103 2026 5157 Deo
2065 5101 2390 5172 peculiarem
2434 5098 2530 5151 Dei
2578 5098 2804 5161 cultum,
2854 5106 2908 5149 et
2937 5095 3207 5165 religionis
3230 5092 3485 5148 exhibent

1915 5191 2253 5245 famulatum.
2293 5186 2618 5256 Peregrinus
2643 5185 2842 5241 dicitur
2865 5186 2918 5238 in
2948 5185 3118 5254 longa:
3140 5183 3330 5253 patriae
3354 5197 3485 5250 agro

1916 5282 2144 5351 positus.
2712 5284 2720 5291 '

1989 5370 2055 5425 Ut
2077 5387 2198 5441 ergo
2244 5371 2513 5423 nuntiatus
2559 5368 2718 5438 fuerit
2757 5368 2962 5437 hospes,
3012 5377 3320 5420 occurratur
3367 5364 3418 5416 ei
3447 5380 3480 5416 α

1915 5461 2087 5530 priore
2108 5459 2186 5513 rel
2213 5477 2244 5513 a
2272 5457 2525 5527 fratribus
2545 5474 2664 5511 cum
2687 5457 2828 5510 omni
2847 5457 3009 5526 ofﬁcio
3029 5455 3317 5509 charitatis.
3343 5450 3480 5518 Quia

1916 5549 2060 5603 enim
2104 5547 2224 5601 dna:
2270 5548 2337 5601 ad
2384 5545 2769 5601 monasterium
2797 5559 3039 5613 persona:
3064 5542 3237 5597 solent
3260 5531 3478 5605 venire,

1918 5640 2050 5694 duas
2074 5646 2129 5692 et
2155 5638 2261 5691 illis
2284 5636 2673 5692 rationabiliter
2692 5633 2844 5702 jubet
2867 5645 3170 5687 occurrere.
3200 5629 3480 5684 Prioribus

1916 5730 2061 5785 enim
2095 5742 2313 5784 necesse
2344 5737 2427 5785 est
2457 5734 2708 5784 occurrat
2734 5726 2901 5795 prior,
2936 5721 3195 5779 fratribus
3222 5727 3473 5777 occurrat
