3944 6412
498 350 591 406 ετῚ

1785 339 2062 397 SMARAG
2071 340 2137 395 Dl
2172 339 2459 396 ABBATIS

3648 349 3751 405 892

498 470 699 522 fratem.
734 463 793 520 Si
819 465 962 519 enim
998 463 1146 518 venit
1182 478 1300 528 rex,
1329 463 1634 531 episcopus,
1661 470 1757 516 aut
1783 459 1984 530 aliquis
2003 457 2070 513 de
2097 458 2151 518 Α
2174 455 2301 511 tatis
2335 464 2393 511 et
2438 455 2854 512 ministrationis
2876 457 3135 530 obsequia
3176 468 3303 515 sunt
3339 463 3652 532 prehendo,
3694 476 3750 520 et

500 575 709 616 summo
732 557 886 627 apice
912 564 1126 626 potens,
1142 563 1302 610 exeat
1326 555 1401 609 illi
1426 555 1640 611 obviam
1665 553 1852 609 abbas.
1883 552 1944 610 Si
1973 567 2068 608 au-

498 659 604 703 tem
632 645 841 703 venerit
869 645 1025 710 alter,
1056 645 1271 700 obviam
1300 644 1373 699 illi
1402 654 1562 700 exeat
1586 643 1744 698 alter.

569 738 637 793 Et
656 717 906 809 primitus
937 746 1083 791 orent
1109 735 1326 805 pariter,
1370 744 1419 789 et
1462 736 1537 789 sic
1582 735 1680 788 sibi
1722 735 1989 788 socientur
2011 735 2068 787 in

494 847 644 899 pace.
696 829 754 883 ln
783 842 916 899 pace
944 828 1099 892 dicit,
1144 827 1198 880 id
1226 833 1330 891 est,
1377 827 1430 879 in
1468 825 1653 880 osculo
1677 824 1846 895 pacis.
1876 823 2069 878 Paciﬁ-

492 936 594 974 cos
621 919 766 973 enim
804 926 1019 988 oportet
1050 934 1190 983 esse,
1220 924 1278 972 et
1299 916 1514 972 sibimet
1541 915 1769 970 invicem
1799 915 1852 969 in
1885 914 2070 969 osculo

498 1027 555 1065 sa
565 1019 690 1066 ueto
711 1010 908 1067 sociari
931 1017 1144 1079 oportet
1172 1009 1308 1064 ﬁlios
1333 1010 1503 1078 pacis.
1536 1007 1689 1064 Unde
1709 1016 1766 1063 et
1788 1009 2065 1078 sequitur:

573 1100 728 1167 Quod
737 1103 883 1172 pacis
904 1100 1138 1155 osculum
1160 1116 1264 1154 non
1282 1100 1429 1171 prius
1443 1099 1699 1168 offeratur
1713 1099 1815 1153 nisi
1834 1099 2070 1153 oratione

496 1193 786 1263 prccmissa,
813 1201 1023 1262 propter
1049 1190 1318 1245 illusiones
1347 1189 1654 1243 diabolicas.
1686 1188 1744 1243 bl
1772 1189 1916 1243 enim
1944 1204 2068 1243 cum

501 1283 573 1338 sit
598 1281 840 1337 diabolus
868 1282 1203 1347 tenebrosus,
1244 1279 1614 1350 transfigurari
1651 1278 1794 1335 valet
1823 1280 1877 1332 in
1908 1294 2072 1348 ange-

499 1371 609 1426 lum
640 1370 794 1437 lucis,
825 1371 969 1425 valet
997 1372 1181 1440 utique
1211 1370 1587 1428 transformari
1616 1379 1672 1425 et
1696 1370 1750 1424 in
1776 1385 2070 1439 personam

501 1463 753 1531 hospitis,
798 1463 940 1532 quod
982 1461 1182 1517 factum
1206 1462 1320 1533 jam
1361 1461 1527 1517 fuisse
1557 1469 1611 1515 et
1652 1461 1706 1515 in
1747 1460 1972 1531 dialogis
2014 1464 2071 1516 et

502 1555 558 1608 in
594 1555 728 1610 Vitis
756 1536 953 1626 legitur
992 1554 1238 1609 Patrum.
1273 1554 1404 1621 Qua:
1452 1555 1848 1625 phantasmatis
1891 1554 2070 1609 illusio

502 1655 647 1702 stare
693 1661 996 1717 nocereque
1042 1662 1149 1702 non
1194 1647 1357 1711 valet,
1400 1647 1446 1703 si
1491 1647 1667 1702 oratio
1709 1654 1958 1717 prompta
2002 1662 2067 1701 ex

500 1735 665 1791 corde
686 1736 856 1790 sancti
894 1737 1147 1793 monachi
1173 1736 1436 1807 procedit.

2179 547 2247 600 ad
2295 561 2578 617 vesperum
2622 546 2832 602 lavandi
2874 550 3060 619 pedes,
3095 559 3151 605 et
3177 552 3220 606 si
3261 567 3329 607 ex
3377 553 3574 609 itinere
3625 565 3750 611 sunt

2166 634 2422 703 confecti,
2452 637 2573 693 oleo
2620 641 2952 711 perungendi
2990 650 3138 707 sunt,
3164 642 3411 715 lectaria,
3436 644 3662 701 lucerna
3688 658 3744 701 et

2165 737 2409 784 extrema
2436 728 2616 783 mollia
2642 730 2966 797 exhibenda,
2996 746 3061 787 ac
3086 732 3558 802 proﬁciscentibus
3580 736 3738 807 juxta

2167 835 2388 889 pansam
2413 819 2645 875 cmnobii
2672 820 2928 876 viaticum
2955 822 3361 892 imponendum.

2239 910 2441 974 Quibus
2507 910 2629 966 lotis
2675 911 2812 967 hunc
2862 930 3069 967 versum
3117 914 3350 969 dicunt:
3383 915 3746 988 Suscepimus,

2168 1002 2330 1066 lleus,
2362 1003 2779 1057 misericordiam
2806 1013 2952 1058 tuam
2979 1005 3035 1058 in
3062 1005 3232 1060 medio
3256 1006 3434 1077 templi
3458 1009 3535 1062 tui
3566 1007 3743 1080 (Psal.

2168 1091 2355 1163 sun).
2392 1091 2471 1146 Ac
2509 1092 2556 1147 si
2587 1092 2731 1147 dicat
2756 1110 2770 1145 :
2809 1092 3161 1164 Suscepimus
3190 1096 3242 1149 in
3273 1096 3381 1151 isto
3402 1098 3617 1167 hospite
3646 1101 3747 1154 mi-

2168 1182 2479 1238 sericordia:
2515 1189 2619 1236 tua:
2666 1183 3028 1237 visitationem
3064 1185 3117 1239 in
3147 1186 3323 1241 medio
3346 1188 3530 1257 templi
3558 1189 3657 1253 tui,
3688 1190 3741 1244 in

2168 1273 2345 1327 medio
2388 1272 2590 1343 templo
2635 1274 2952 1328 monasterii
2986 1276 3083 1329 tui.
3134 1276 3342 1331 Aliter:
3375 1277 3746 1348 Suscepimus,

2168 1364 2328 1426 Deus,
2379 1363 2808 1419 misericordiam
2854 1372 3000 1418 tuam
3038 1365 3091 1419 in
3134 1367 3314 1421 medio
3341 1367 3527 1438 templi
3561 1369 3662 1434 tui,
3692 1370 3747 1425 id

2167 1463 2273 1521 est,
2303 1455 2358 1510 in
2386 1457 2563 1510 medio
2598 1456 2778 1513 cordis
2821 1458 3011 1520 nostri,
3062 1461 3206 1528 quod
3246 1467 3419 1516 totum
3449 1462 3583 1517 dicit
3607 1462 3752 1533 Apo-

2167 1546 2340 1601 stolus
2364 1559 2486 1600 esse
2507 1544 2798 1615 templum;
2828 1544 3163 1615 suscepimus
3190 1548 3350 1604 istius
3370 1550 3600 1620 hospitis
3626 1567 3751 1607 cum

2167 1637 2452 1693 charitatis
2481 1636 2767 1693 dilectione
2795 1637 3108 1693 adventum.

2239 1724 2542 1797 Pauperum
2579 1736 2628 1781 et
2653 1729 3049 1798 peregrinorum
3073 1731 3300 1785 maxime
3322 1734 3582 1806 susceptio
3610 1739 3752 1791 omni

570 1827 639 1883 Ῑη
659 1828 774 1899 ipsa
810 1837 984 1883 autem
1033 1798 1347 1884 εαιυεξηίοηε
1371 1829 1540 1883 omni.
1568 1828 1875 1883 exhibeam,
1899 1829 2073 1883 humi-
2100 1798 2144 1856 Β
2175 1822 2303 1873 citra
2325 1818 2549 1874 sollicite
2579 1819 2906 1885 exhibentur,
2930 1823 3054 1893 quia
3080 1824 3136 1876 in
3158 1825 3285 1893 ipsis
3310 1798 3482 1897 magis
3511 1824 3751 1882 Christus

499 1920 643 1974 litus.
689 1917 879 1975 Omnis
904 1920 1183 1975 humilitas
1209 1920 1409 1977 dicitur
1433 1927 1568 1986 tota,
1593 1919 1752 1990 plena
1772 1926 1934 1989 atque
1957 1934 2078 1989 per-

498 2009 664 2074 fecta,
694 2024 803 2065 non
832 2009 982 2075 ﬁcta,
1028 2010 1124 2065 sed
1155 2009 1224 2065 de
1246 2011 1411 2065 corde
1457 2025 1594 2080 puro
1636 2024 1897 2076 manans,
1943 2026 2074 2066 vera

498 2108 664 2168 atque
696 2098 928 2155 sincera.
980 2098 1110 2166 Qua:
1140 2101 1407 2169 quomodo
1449 2101 1770 2157 exhiheatur
1812 2101 1940 2157 audi
1988 2114 2076 2155 se-

500 2189 723 2262 quentia
743 2206 758 2244 :

572 2276 825 2335 Omnibus
864 2280 1183 2336 uenientibus
1208 2280 1313 2337 sive
1340 2281 1724 2337 discedentibus
1766 2281 2072 2353 hospitibus,

498 2372 754 2439 inclinato
801 2374 989 2445 capite,
1016 2374 1092 2430 vel
1118 2382 1382 2445 prostrato
1409 2377 1550 2430 omni
1576 2391 1792 2447 corpore
1824 2375 1881 2429 in
1908 2384 2071 2439 terra,

497 2461 740 2518 Christus
768 2463 823 2518 in
858 2464 934 2518 eis
972 2463 1243 2531 adoretur,
1280 2464 1372 2536 qui
1416 2456 1465 2519 et
1511 2464 1813 2531 suscipitur.
1854 2463 1923 2518 Et
1964 2463 2072 2529 hic,

390 2606 397 2613 ,
498 2551 641 2607 sicut
662 2558 720 2606 et
742 2551 1008 2622 superius,
1039 2551 1175 2607 duas
1216 2551 1618 2631 advenientium
1657 2551 1863 2607 inducit
1888 2564 2076 2621 perso-

502 2656 604 2695 nas
623 2680 639 2706 ,
667 2654 831 2695 unam
862 2641 1212 2707 mediocrem,
1238 2641 1327 2697 cui
1358 2649 1566 2697 tantum
1593 2649 1757 2713 caput
1784 2642 2078 2698 inclinatur

503 2744 535 2783 a
577 2726 776 2795 fratre;
820 2728 985 2785 aliam
1011 2745 1142 2786 vero
1179 2745 1467 2799 summam,
1497 2746 1617 2802 quae
1643 2731 1701 2787 in
1732 2740 1931 2786 terram
1961 2738 2077 2787 toto

501 2827 775 2890 prostrato
816 2819 1073 2876 adorator
1097 2830 1153 2876 et
1181 2836 1430 2893 corpore.
1472 2821 1580 2877 Sed
1609 2828 1791 2877 tamen
1823 2820 1877 2875 in
1903 2821 2075 2876 utris-

499 2928 606 2983 que
648 2912 907 2969 Dominus
936 2910 1094 2970 Iesus
1123 2914 1372 2971 Christus
1397 2916 1679 2982 adorator,
1708 2915 1802 2987 qui
1823 2922 1882 2971 et
1902 2914 2077 2971 susci-

499 3005 667 3075 pitur.

2172 1911 2474 1980 suscipitur.
2512 1909 2652 1966 Hinc
2674 1911 3001 1968 Pachumius
3046 1913 3122 1967 ait
3158 1932 3171 1967 :
3205 1914 3439 1981 Quando
3458 1916 3526 1972 ad
3551 1918 3752 1973 ostium

2173 2001 2488 2055 monasterii
2534 2000 2700 2071 aliqui
2740 2002 3012 2069 venerint,
3060 2004 3108 2058 si
3155 2004 3339 2061 clerici
3385 2004 3606 2072 fuerint,
3658 2017 3751 2062 aut

2173 2091 2450 2156 monachi,
2476 2092 2670 2163 majori
2696 2092 2902 2148 honore
2930 2094 3316 2165 suscipiantur.
3361 2096 3753 2169 Lavabuntque

2172 2181 2336 2251 pedes
2363 2194 2574 2248 eorum,
2612 2180 2768 2250 juxta
2804 2183 3080 2256 Evangelii
3111 2194 3465 2256 praeceptum,
3493 2195 3549 2243 et
3577 2188 3751 2244 dedu-

2173 2281 2299 2328 cent
2322 2274 2389 2329 ad
2404 2273 2582 2329 locum
2609 2275 2953 2341 xenodochii,
2979 2277 3401 2347 praehebuntque
3424 2278 3605 2334 omnia
3630 2295 3751 2350 quae

2174 2373 2298 2435 apta
2327 2374 2454 2422 sunt
2490 2366 2613 2421 usui
2656 2369 3068 2425 monachorum.
3107 2367 3244 2425 Hinc
3270 2369 3510 2427 Isidorus
3538 2371 3616 2425 ait
3640 2386 3656 2425 :
3686 2371 3753 2426 Et

2174 2455 2301 2511 licet
2361 2457 2613 2513 omnibus
2670 2458 3056 2528 hospitalitatis
3108 2461 3313 2517 bonum
3374 2478 3501 2518 cum
3567 2465 3742 2536 gratia

2173 2551 2422 2614 oporteat
2461 2544 2824 2614 referendum,
2866 2548 3088 2605 uberior
3124 2557 3306 2607 tamen
3363 2553 3646 2609 monachis
3691 2562 3746 2609 et

2174 2636 2387 2693 clericis
2432 2638 2722 2695 deferenda
2751 2649 2835 2697 est
2879 2642 3291 2699 honoriﬁcentia
3334 2645 3744 2715 hospitalitatis.

2175 2724 2524 2783 Praebeantur
2550 2730 2633 2786 eis
2659 2730 3019 2802 hospitacula,
3052 2734 3300 2790 laventur
3325 2750 3516 2792 eorum
3558 2737 3745 2808 pedes,

2176 2820 2430 2892 congruis
2455 2822 2620 2877 etiam
2643 2826 2947 2898 sumptibus
2972 2826 3213 2898 ejusdem
3243 2829 3602 2886 humanitatis
3627 2846 3750 2902 gra-

2178 2909 2252 2962 tia
2283 2911 2609 2979 prmbeatur.

2249 2998 2391 3054 Nam
2426 3001 2644 3057 divitum
2670 3014 2840 3061 terror
2864 3007 2971 3077 ipse
2991 3007 3090 3062 sibi
3116 3008 3274 3079 exigit
3300 3009 3567 3064 honorem.
3609 3010 3746 3079 Quia

572 3093 811 3167 Suscepti
832 3104 1006 3150 autem
1042 3096 1265 3158 hospites
1293 3097 1556 3152 ducantur
1579 3095 1649 3150 ad
1673 3096 1983 3160 orationem,
2024 3102 2073 3148 et
2101 3142 2142 3168 η
2176 3090 2322 3144 enim
2358 3092 2610 3148 omnibus
2640 3110 2909 3166 congruos
2937 3097 3112 3153 honor
3137 3107 3221 3154 est
3249 3095 3604 3168 exhibendus,
3641 3119 3747 3160 non

572 3142 731 3150 η---
770 3142 807 3150 -.
832 3142 1004 3150 πη.--
1042 3142 1263 3158 .-ηνηη
1294 3142 1541 3152 -.η-...ω
1579 3142 1646 3150 _..
1674 3142 1983 3160 -._---.--..-,
2026 3142 2067 3148 τ-
2366 3142 2608 3148 mm"-
2644 3142 2909 3166 --η-οη--
2938 3142 3101 3153 μνη...
3138 3142 3221 3154 νυ.
3250 3142 3604 3168 ν-....,ν......υ,
3642 3142 3747 3160 ..νη

499 3194 678 3256 postea
703 3142 879 3241 uram;
902 3203 1017 3241 cum
1054 3187 1128 3243 σε,
1159 3188 1324 3259 prior,
1348 3196 1441 3242 σαι
1469 3188 1555 3242 σαί
1571 3187 1793 3258 jusserit
1817 3186 1945 3257 ίρκ,
1981 3183 2076 3239 ιε-
2100 3142 2144 3204 C
2180 3184 2356 3234 tamen
2384 3188 2530 3235 metu
2575 3184 2820 3250 terroris,
2850 3192 3115 3254 quantum
3145 3188 3308 3242 etiam
3337 3192 3750 3260 praeparandum

499 3286 658 3348 gatur
682 3295 860 3333 coram
886 3278 1088 3349 hospite
1119 3278 1204 3333 lea:
1236 3279 1432 3345 divina,
1460 3287 1517 3333 ut
1545 3277 1851 3347 odiﬁcetur,
1883 3285 1935 3331 et
1962 3285 2075 3347 post

2181 3268 2537 3324 est’divitibus
2560 3271 2876 3341 obsequium
2903 3288 3068 3330 causa
3095 3275 3456 3333 discretionis.
3482 3275 3753 3335 Debemus

498 3372 613 3425 hac
640 3372 807 3425 omnis
840 3371 887 3425 ei
920 3370 1227 3425 exhibentur
1258 3370 1577 3425 humanitas.
1614 3368 1804 3424 Omnis
1832 3368 2075 3423 humani-

2181 3357 2339 3422 enim,
2360 3359 2655 3415 secundum
2683 3360 3016 3431 Apostolum,
3045 3365 3271 3422 reddere
3294 3367 3381 3422 cui
3409 3367 3665 3424 timorem
3684 3368 3744 3424 ti-

500 3470 589 3516 tas
614 3460 812 3517 dicitur
836 3462 1013 3517 omnis
1046 3462 1354 3517 miserantis
1392 3460 1639 3527 affectus,
1672 3469 1728 3516 et
1754 3462 2075 3530 obsequium
2176 3463 2405 3515 morem,
2432 3460 2489 3504 ει
2520 3450 2604 3505 Clli
2636 3452 2897 3507 honorem
2924 3454 3207 3510 honorem-

500 3549 741 3623 plenum,
783 3557 841 3604 ει
879 3548 1180 3619 perfectum
1219 3551 1440 3617 amoris,
1483 3551 1627 3621 quod
1653 3550 1957 3620 hospitibus
1983 3566 2077 3606 ex-
2248 3537 2483 3609 Coquina
2514 3540 2716 3595 abbatis
2743 3550 2791 3595 et
2817 3542 3079 3612 hospitum
3107 3560 3201 3614 per
3245 3563 3301 3601 se
3334 3548 3422 3611 sit,
3453 3559 3510 3602 ut
3540 3550 3748 3606 incertis

503 3641 682 3696 liiheri
715 3647 927 3711 oportet
950 3639 1006 3695 in
1038 3639 1146 3696 cibi
1170 3647 1227 3695 et
1253 3648 1430 3709 potus,
1460 3648 1516 3697 et
1535 3640 1777 3696 omnium
1800 3640 1906 3696 illis
1931 3655 2078 3697 com-
2175 3626 2319 3680 Ιιονίε
2361 3630 2773 3697 supervenientes
2820 3630 3070 3702 hospites.
3118 3636 3210 3705 qui
3256 3652 3522 3708 nunquam
3567 3639 3751 3695 desunt

502 3730 807 3800 petentium
838 3729 1324 3787 administratione.

575 3819 847 3888 Jejunium
866 3836 900 3873 a
925 3818 1097 3889 priore
1122 3818 1401 3891 frangatur
1421 3830 1635 3893 propter
1655 3822 1908 3894 hospitem
1932 3841 1950 3879 :
1974 3824 2075 3880 nisi

505 3909 644 3981 forte
665 3909 958 3980 prazcipuus
985 3908 1053 3964 sit
1079 3909 1189 3964 dies
1201 3910 1422 3981 jejunii,
1442 3913 1532 3983 qui
1560 3930 1663 3969 non
1686 3916 1846 3985 possit
1867 3914 2073 3969 violari.

506 3997 726 4057 Fratres
764 4006 936 4053 autem
977 3999 1375 4071 consuetudines
1400 4000 1730 4072 jejuniorum
1754 4018 2077 4073 prosequan-

502 4100 613 4147 tur.
644 4088 771 4143 Dies
795 4086 1004 4158 jejunii,
1029 4089 1120 4159 qui
1142 4089 1334 4145 violari
1371 4105 1477 4145 non
1505 4098 1749 4161 possunt,
1776 4091 2079 4163 intelligun—

505 4188 598 4237 tur
634 4179 747 4235 dies
775 4186 974 4234 sancta:
1007 4178 1305 4246 Paschalis,
1349 4180 1805 4253 Quadragesimze,
1837 4180 2077 4237 Litania-

506 4284 650 4336 rum,
696 4275 753 4324 et
802 4278 1033 4339 quatuor
1080 4270 1208 4326 anni
1255 4277 1578 4342 temporum,
1629 4279 1723 4341 aut
1759 4272 1807 4327 si
1851 4270 2078 4341 alicujus

504 4359 616 4415 diei
646 4358 769 4414 festi
792 4356 955 4415 fuerit
973 4361 1178 4430 agenda
1216 4361 1424 4431 vigilia,
1460 4363 1681 4432 quando
1709 4378 1820 4418 non
1845 4362 2019 4418 solum
2046 4378 2077 4417 a

506 4448 804 4515 canonicis,
846 4448 1077 4517 clericis,
1104 4466 1294 4507 verum
1319 4453 1484 4507 etiam
1531 4467 1563 4507 a
1599 4452 1754 4510 laicis
1793 4454 2077 4510 catholicis

502 4536 797 4612 jejunatur.
828 4538 1049 4595 Fratres
1088 4548 1268 4598 autem
1310 4543 1727 4599 consuetudines
1745 4542 2074 4613 ieiuniorum

505 4635 923 4700 prosequantur,
959 4644 1030 4685 ne
1064 4644 1164 4699 pro
1207 4647 1316 4688 uno
1353 4632 1567 4702 hospite
1590 4647 1621 4687 a
1645 4640 1760 4688 toto
1803 4640 2076 4688 monaste-

507 4720 591 4775 rio
614 4717 806 4790 jejunii
834 4720 1146 4776 solemnitas
1174 4721 1474 4777 auferatur.
1505 4721 1639 4777 Nam
1662 4730 1723 4777 ut
1738 4724 2071 4780 charitatem

458 4836 471 4845 -
507 4818 844 4866 monstretur
881 4810 1084 4867 habere
1127 4812 1181 4866 in
1228 4812 1516 4881 hospitem,
1563 4812 1900 4867 solummodo
1936 4810 2077 4881 jeju-

508 4899 659 4954 nium
698 4900 919 4957 mandat
960 4901 1137 4972 frangi
1165 4916 1198 4956 a
1234 4903 1453 4972 priore,
1478 4909 1535 4958 et
1572 4906 1809 4959 maxime
1856 4912 2080 4975 propter

507 4989 678 5059 ipsius
706 4991 934 5062 DOSpllis
969 4993 1229 5048 honorem
1275 4992 1409 5049 solvi
1453 4995 1676 5050 mandat
1706 4993 1975 5065 jejunium
2014 4997 2082 5052 ab

508 5080 628 5150 ipso
661 5081 990 5136 monasterio
1023 5080 1258 5137 seniore.
1295 5080 1403 5140 Sed
1427 5092 1485 5140 et
1510 5084 1616 5141 hoc
1641 5100 1749 5143 non
1776 5101 1876 5157 pro
1904 5086 2081 5141 omni-

506 5172 612 5228 bus
637 5171 940 5243 hospitibus
959 5179 1046 5228 est
1066 5174 1355 5243 agendum,
1377 5176 1473 5233 sed
1496 5184 1699 5233 tantum
1721 5193 1821 5248 pro
1842 5179 2084 5251 peregri-

511 5264 599 5320 nis
655 5261 918 5318 fratribus
943 5270 1039 5317 aut
1074 5261 1183 5320 illis
1223 5268 1448 5324 summis
1492 5269 1744 5340 personis
1776 5284 1897 5341 qua:
1926 5272 2080 5328 tarde

509 5356 736 5412 visitant
767 5354 1176 5411 monasterium.

580 5447 787 5517 Aquam
831 5442 889 5499 in
912 5444 1152 5500 manibus
1170 5447 1330 5504 abbas
1355 5449 1645 5522 hospitibus
1666 5451 1750 5506 det
1771 5464 1790 5504 :
1811 5452 1966 5523 pedes
1990 5469 2084 5508 au-

510 5544 613 5589 tem
640 5533 930 5606 hospitibus
970 5535 1209 5592 omnibus
1242 5547 1351 5593 tam
1384 5540 1543 5597 abbas
1566 5558 1725 5614 quam
1746 5552 1928 5597 cuncta
1957 5559 2083 5598 con-

515 5624 748 5696 gregatio
784 5624 941 5683 locet.
975 5624 1115 5684 Hinc
1142 5627 1474 5689 Fructuosus
1510 5633 1623 5688 ait:
1658 5631 1972 5702 llospitihus
1999 5649 2082 5686 vei

522 5716 822 5786 peregrinis
857 5715 1115 5776 fratribus
1155 5733 1276 5777 cuni
1317 5736 1522 5778 summa
1564 5722 1867 5778 reverentia
1907 5722 2085 5780 chari-

2101 4500 2155 4560 D

2173 3715 2515 3782 monasterio,
2559 3734 2663 3772 non
2705 3720 2988 3791 inquietent
3021 3723 3239 3794 fratres.
3281 3726 3349 3781 In
3381 3744 3538 3800 quam
3573 3732 3754 3802 coqui-

2178 3820 2300 3859 nam
2324 3805 2393 3858 ad
2418 3822 2613 3863 annum
2663 3810 3030 3881 ingrediantur
3068 3816 3173 3870 duo
3216 3817 3431 3887 fratres,
3461 3822 3552 3891 qui
3583 3823 3753 3892 ipsum

2177 3896 2402 3967 oﬂicium
2451 3896 2576 3952 bene
2623 3899 2893 3970 impleant.
2934 3902 3154 3972 Quibus,
3182 3917 3236 3961 ut
3263 3909 3516 3981 indigent,
3563 3911 3754 3966 solatia

2178 3987 2563 4054 ministrentur,
2611 4000 2667 4044 ut
2694 3992 2886 4065 absque
2931 3998 3346 4055 murmuratione
3392 4003 3645 4057 serviunt.
3686 4002 3753 4057 Et

2176 4076 2362 4130 iterum
2383 4079 2593 4150 quando
2620 4083 3011 4153 occupationem
3050 4090 3302 4145 minorem
3329 4091 3538 4159 habent,
3566 4104 3752 4148 exeant

2178 4168 2268 4222 ubi
2303 4171 2379 4225 eis
2413 4172 2719 4243 imperatur,
2756 4176 2809 4229 in
2848 4194 3026 4247 opera.
3072 4179 3142 4234 Et
3181 4199 3285 4236 non
3324 4181 3493 4238 solum
3521 4184 3577 4239 in
3605 4185 3752 4254 ipsis,

2177 4259 2268 4313 sed
2294 4261 2422 4316 etin
2457 4265 2694 4319 omnibus
2730 4268 2909 4339 ofﬁciis
2940 4273 3244 4327 monasterii
3282 4276 3384 4329 ista
3422 4276 3488 4329 sit
3518 4278 3753 4332 conside-

2178 4353 2334 4417 ratio,
2362 4363 2418 4409 ut
2437 4357 2648 4426 quando
2674 4358 2906 4430 indigent
2935 4361 3146 4428 solatia,
3175 4366 3634 4421 accommodentur
3655 4370 3752 4431 eis,

2178 4442 2370 4497 iterum
2399 4447 2611 4515 quando
2644 4458 2850 4514 vacant,
2883 4450 3126 4506 obediant
3160 4453 3457 4524 imperanti.
3496 4455 3752 4513 {Eslima-

2181 4543 2270 4589 tur
2300 4537 2442 4591 enim
2488 4553 2518 4591 a
2558 4539 2760 4606 multis,
2805 4541 2930 4610 quia
2977 4542 3119 4598 sicut
3166 4545 3399 4613 coquina
3445 4546 3549 4601 alia
3584 4564 3745 4620 quam

2176 4622 2431 4690 fratrum,
2461 4633 2516 4680 et
2545 4627 2600 4681 in
2626 4628 2733 4684 alio
2758 4640 2877 4686 erat
2899 4633 3191 4688 constituta
3214 4634 3356 4701 loco,
3380 4636 3453 4691 ita
3479 4646 3537 4691 et
3556 4653 3742 4693 mensa

2177 4714 2388 4769 abbatis
2432 4731 2540 4771 non
2581 4725 2709 4774 tunc
2736 4720 2789 4773 in
2815 4725 3087 4779 communi
3135 4725 3420 4784 refertorio
3457 4737 3577 4784 erat
3617 4744 3740 4785 cum

2179 4804 2394 4859 caeteris
2423 4807 2626 4862 mensis
2673 4810 2872 4878 posita,
2920 4812 3014 4867 sed
3042 4813 3094 4867 in
3141 4815 3245 4870 alia
3288 4824 3409 4873 erat
3447 4818 3640 4874 cellula
3672 4836 3756 4877 se-

2178 4902 2421 4966 gregata,
2457 4912 2619 4966 quam
2649 4901 2844 4958 crebro
2873 4904 3154 4961 venientes
3179 4907 3421 4978 hospites
3444 4910 3756 4982 frequenter

2184 4987 2320 5043 cibis
2354 4988 2658 5045 invenirent
2692 5002 2961 5062 paratam.
3012 4996 3119 5053 Sed
3166 4999 3327 5055 modo
3371 5001 3441 5055 ab
3478 5002 3757 5073 episcopo—

2183 5091 2336 5142 rum,
2384 5078 2674 5147 abhatum,
2718 5090 2774 5137 et
2814 5093 3134 5141 creterorum
3180 5086 3515 5144 Francorum
3562 5105 3753 5162 magno

2182 5166 2412 5222 concilio
2439 5168 2656 5226 salubre
2693 5172 2971 5247 inventum
3001 5183 3085 5230 est
3111 5176 3422 5245 concilium,
3450 5188 3509 5233 ut
3538 5196 3636 5251 pro
3658 5197 3751 5235 sua

2181 5262 2237 5310 et
2276 5255 2508 5313 fratrum
2548 5261 2793 5316 custodia
2835 5261 3033 5318 habeat
3062 5264 3114 5320 in
3145 5268 3423 5322 communi
3467 5267 3753 5325 refectorio

2187 5361 2449 5411 mensam.
2502 5348 2594 5403 ubi
2649 5352 2865 5420 quando
2940 5353 3213 5410 adfuerint
3261 5372 3384 5412 cum
3430 5359 3751 5429 hospitibus,

2184 5437 2400 5503 quando
2424 5452 2555 5493 vero
2580 5439 2875 5510 defuerint,
2902 5459 3024 5499 cum
3047 5447 3242 5515 quibus
3263 5447 3514 5512 voluerit.
3547 5450 3755 5509 reﬁciat

2186 5542 2366 5583 coram
2392 5526 2666 5587 fratribus.

2259 5628 2391 5683 Item
2412 5638 2459 5683 et
2488 5629 2671 5685 cellam
2701 5632 2961 5704 hospitum
2998 5635 3183 5689 habeat
3211 5638 3528 5707 assignatam
3564 5640 3744 5708 frater,

2186 5722 2340 5794 cujus
2364 5722 2592 5778 animum
2613 5725 2769 5781 timor
2791 5726 2886 5780 Dci
2909 5727 3189 5798 possideat,
3226 5730 3313 5784 ubi
3335 5731 3432 5785 sint
3458 5722 3578 5785 .’crti
3602 5734 3750 5789 strati
