3944 6426
213 366 313 420 833

1241 366 1591 423 COMMENT.
1633 369 1701 424 ΙΝ
1743 369 1898 424 BHG.
1943 370 2000 425 S.
2043 373 2419 430 BENEDICTI.

3344 384 3447 435 891

207 476 540 547 suﬁicienlcr,
582 483 630 528 ct
658 475 842 529 domus
875 474 969 528 Dei
996 492 1028 528 a
1056 476 1369 546 sapientibus
1394 479 1656 548 sapienter
1679 478 1778 531 ad-
1810 480 1858 540 Α
1885 481 2278 538 necessitudine
2298 484 2694 552 pertinentibus
2720 484 2920 554 aliquid
2946 483 3239 540 contulerit
3265 485 3316 539 in
3342 501 3456 540 rezu

209 568 554 621 ministretur.
595 567 640 620 Α
681 570 972 622 sternendo
1000 571 1144 624 enim
1173 569 1298 625 lecti
1326 573 1485 626 strati
1512 573 1780 627 dicuntur.

211 659 384 715 Strati
413 660 568 730 quasi
605 661 843 715 scoriati.
875 661 1062 716 Scoria
1093 661 1238 716 enim
1265 663 1483 728 dicitur,
1512 664 1653 733 quod
1685 680 1785 718 nos

209 763 464 819 mattam,
493 753 578 807 vel
611 761 815 806 nattam
845 754 1094 808 dicimus.
1127 752 1185 809 In
1215 755 1300 809 his
1333 764 1514 810 autem
1540 756 1668 810 solis
1690 773 1787 810 an-

212 845 346 914 tiqui
379 843 628 900 monachi
655 842 892 898 dormire
917 844 1182 909 solebant,
1222 853 1278 898 et
1303 851 1385 899 his
1409 846 1536 901 solis
1563 847 1785 901 lectulos

209 954 337 993 suos
385 938 720 992 sternebant.
757 937 923 1006 Cujus
951 939 1094 990 enim
1119 938 1354 992 animum
1392 940 1553 994 timor
1573 941 1783 995 Domini

211 1029 472 1098 possidet,
516 1027 632 1083 sine
667 1027 828 1083 dubio
865 1028 977 1096 jam
1021 1029 1159 1083 inter
1203 1030 1474 1098 sapientes
1503 1032 1662 1085 debet
1685 1034 1786 1086 ha-

210 1118 349 1172 beri.
403 1117 678 1188 Scriptum
731 1126 813 1173 est
855 1121 998 1172 enim
1031 1119 1284 1173 :lm'tium
1322 1122 1593 1191 sapientia:
1632 1123 1786 1176 timo:-

212 1208 454 1273 Domini,
494 1208 783 1269 intellectus
832 1209 992 1262 bonus
1034 1210 1271 1263 omnibus
1321 1209 1627 1279 facientibus
1666 1229 1784 1264 eum

207 1299 514 1372 (I’sal.cv).
548 1300 592 1354 A
624 1301 821 1356 talibus
865 1301 1006 1355 enim
1061 1302 1398 1370 sapientibus
1450 1302 1642 1356 domus
1679 1303 1785 1357 Do-

215 1389 370 1454 mini,
403 1390 456 1443 id
484 1398 587 1456 est,
615 1391 805 1445 domus
831 1407 950 1462 qua:
975 1392 1027 1446 in
1058 1393 1386 1446 monasterio
1414 1409 1511 1462 pro
1537 1395 1784 1464 pauperi-

214 1475 317 1533 bus
346 1478 556 1534 Domini
591 1479 905 1544 tediﬁcatur,
946 1490 1038 1535 aut
1065 1496 1164 1552 pro
1189 1480 1306 1549 ejus
1335 1483 1603 1552 implendo
1635 1499 1787 1538 man-

215 1572 344 1626 dato
372 1573 742 1638 constituitur,
781 1588 1004 1628 necesse
1034 1585 1114 1628 est
1143 1576 1416 1645 sapienter
1440 1577 1783 1632 administre-

215 1669 322 1714 tur.
373 1661 510 1716 Hinc
561 1670 616 1717 et
661 1663 879 1732 quidam
926 1667 1312 1720 monachorum
1366 1668 1621 1737 magister
1666 1670 1780 1723 ait:

213 1749 360 1805 Cella
387 1753 793 1822 peregrinorum
822 1765 1028 1808 semote
1064 1757 1392 1812 monasterio
1427 1760 1786 1814 constituatur

1885 584 2226 624 communcn
2273 573 2581 638 redactum,
2616 575 2710 628 cui
2762 574 3131 629 necessarium
3171 572 3334 628 fuerit
3363 577 3460 628 tri—

1882 657 2096 713 buatur.
2143 661 2196 714 Si
2225 677 2355 716 vero
2389 663 2475 718 cui
2508 665 2882 719 transmissum
2935 675 3020 719 est
3061 664 3230 719 abbas
3259 665 3453 734 ιπωοί-

1881 749 1962 820 pit
1991 750 2150 815 dare,
2187 759 2440 820 tanquam
2498 753 2702 821 reliqua
2751 753 2988 808 ﬁdelium
3041 770 3263 809 munera
3286 793 3301 818 ,
3327 769 3452 808 cum

1883 842 2180 910 gratiarum
2209 843 2423 897 actione
2455 844 2707 912 accipiet.
2744 843 2896 910 Quod
2937 853 3118 899 autem
3168 845 3318 909 dicit,
3352 861 3456 898 non

1881 936 2241 1000 contristetur,
2286 951 2354 990 ne
2385 934 2525 990 forte
2557 936 2715 989 detur
2749 936 2963 989 occasio
3001 936 3234 999 diabolo,
3267 935 3454 989 subin-

1883 1027 2163 1097 telligitur,
2202 1034 2294 1079 aut
2321 1041 2418 1096 per
2441 1026 2742 1089 tristitiam,
2774 1034 2867 1080 aut
2909 1041 3007 1096 per
3052 1026 3334 1091 invidiam,
3362 1034 3458 1079 aut

1884 1133 1978 1186 por
2025 1117 2399 1171 murmurium.
2449 1117 2553 1172 Per
2581 1119 2859 1172 tristitiam
2889 1119 3034 1173 enim
3062 1135 3224 1190 quam
3262 1119 3315 1172 in
3358 1135 3457 1173 suo

1885 1214 2101 1276 pectore
2117 1214 2284 1270 tenet,
2301 1207 2526 1261 nocendi
2543 1207 2806 1261 monacho
2821 1207 3034 1262 diabolo
3047 1207 3207 1261 datur
3220 1207 3454 1271 occasio,

1883 1298 2031 1366 quia,
2055 1297 2346 1352 secundum
2360 1297 2693 1367 Apostolum,
2743 1305 2827 1352 est
2851 1299 3071 1354 tristitia
3108 1314 3230 1368 qua,
3284 1299 3454 1367 impc-

1884 1389 2062 1444 diente
2075 1387 2305 1452 diabolo,
2322 1388 2479 1442 datur
2497 1389 2734 1452 occasio,
2750 1389 2802 1442 in
2830 1389 3026 1442 anima.
3054 1387 3189 1442 Nam
3209 1396 3263 1443 et
3291 1389 3334 1443 si
3353 1389 3453 1450 illi,

1883 1480 1969 1535 cui
1984 1481 2166 1533 datum
2185 1486 2287 1542 est,
2310 1478 2598 1542 invidctur,
2618 1479 2985 1548 perinvizliam
3015 1479 3244 1534 nocendi
3269 1494 3457 1532 mona-

1883 1569 1986 1623 cho
2011 1568 2222 1623 diabolo
2243 1567 2403 1622 datur
2417 1568 2652 1631 occasio,
2668 1569 2792 1636 quia
2809 1568 3070 1638 scriptum
3096 1575 3180 1623 est
3203 1585 3215 1620 :
3241 1566 3449 1621 Invidia

1883 1654 2079 1709 diaboli
2121 1673 2260 1710 mors
2298 1658 2512 1712 intravit
2545 1659 2602 1710 in
2641 1657 2814 1710 orbem
2847 1667 3127 1710 terrarum.
3173 1655 3456 1710 Imitantur

1883 1748 2022 1800 enim
2042 1747 2189 1802 illum
2213 1750 2303 1820 qui
2331 1748 2451 1804 suni
2475 1765 2539 1803 ea:
2561 1759 2708 1819 parte
2730 1748 2893 1803 illius.
2923 1748 3031 1803 Aut
3066 1749 3110 1804 si
3148 1749 3287 1803 forte
3309 1764 3456 1802 mur-

214 1855 340 1894 cum
363 1840 520 1896 lectis
538 1843 743 1909 stratis,
760 1845 850 1898 ubi
874 1847 1315 1914 supervenientes
1335 1848 1531 1904 fratres
1553 1851 1785 1906 maxime
1814 1826 1859 1884 Β
1888 1840 2203 1904 muraverit,
2218 1840 2342 1909 quia
2360 1839 2501 1908 quod
2515 1840 2617 1894 sibi
2633 1840 2895 1894 directum
2921 1847 3007 1894 est
3026 1839 3127 1893 sibi
3147 1853 3251 1894 non
3275 1839 3454 1899 datur,

215 1931 385 2000 ignoti
411 1933 701 2000 dormiant,
730 1944 786 1990 et
808 1937 1033 1990 visatias
1059 1953 1184 1992 stras
1205 1948 1427 2008 penant.

287 2021 592 2092 Hospitibus
632 2034 824 2090 autem,
877 2027 961 2080 cui
1003 2043 1107 2080 non
1153 2029 1456 2098 pra'cipitur
1492 2029 1788 2084 nullatenus

213 2111 460 2177 societur,
494 2129 658 2184 neque
685 2113 1031 2184 colloquatur,
1067 2117 1157 2170 sed
1197 2118 1243 2171 si
1266 2118 1564 2172 'obviaverit
1593 2129 1683 2174 aut
1715 2121 1790 2173 ri-

215 2203 376 2268 derit,
397 2203 640 2258 salutatis
667 2205 954 2272 humiliter,
988 2217 1043 2261 ut
1073 2208 1269 2263 dictum
1298 2218 1397 2274 est,
1429 2219 1477 2264 et
1511 2212 1669 2280 petita
1709 2212 1791 2265 be-

217 2297 530 2363 nedictione,
559 2307 904 2374 pertranseat,
932 2300 1109 2355 dicens
1137 2319 1239 2356 non
1266 2301 1419 2357 licere
1441 2303 1539 2357 sibi
1565 2302 1790 2375 colloqui

217 2403 336 2442 cum
385 2391 608 2460 hospite.
644 2390 958 2462 Hospitibus
996 2407 1101 2448 non
1131 2394 1366 2449 societur
1393 2394 1544 2460 dicit,
1584 2396 1656 2449 'id
1684 2405 1786 2460 est,

217 2477 285 2532 ad
319 2477 525 2535 fabulas
555 2478 826 2536 faciendas
859 2497 964 2537 non
991 2483 1070 2536 eis
1087 2481 1364 2553 jungatur.
1396 2483 1504 2538 Sed
1529 2485 1574 2538 si
1603 2484 1791 2540 obvia-

217 2572 360 2625 verit
384 2571 484 2636 eis,
524 2581 617 2626 aut
653 2586 820 2642 prope
853 2587 912 2628 se
949 2581 1094 2628 stare
1117 2573 1332 2638 viderit,
1370 2575 1537 2644 petita
1566 2575 1788 2629 benedi-

219 2662 398 2717 ctione
441 2671 698 2718 transeat.
748 2661 900 2730 Quod
929 2665 975 2719 si
1014 2672 1234 2735 rogatus
1258 2664 1459 2733 aliquid
1485 2665 1554 2719 ab
1580 2666 1790 2733 hospite

219 2749 405 2813 fuerit,
432 2752 754 2821 respondeat
783 2753 832 2807 ei
860 2753 1067 2819 dicens,
1093 2767 1198 2808 non
1225 2753 1357 2807 mihi
1393 2753 1517 2808 licet
1542 2768 1664 2808 cum
1694 2754 1790 2808 ho-

219 2841 360 2910 spite
393 2840 560 2910 loqui.
597 2841 734 2897 Hinc
771 2851 825 2898 et
862 2843 1050 2898 beatus
1092 2842 1394 2898 Macharius
1437 2845 1513 2898 ait
1542 2863 1554 2897 :
1581 2843 1786 2909 Nullus,

220 2930 325 2984 nisi
353 2931 437 2986 cui
465 2946 593 2986 cura
618 2933 762 2987 circa
793 2933 1058 3003 h05pitale
1084 2933 1247 2988 fuerit
1275 2934 1536 3004 injuncta,
1569 2947 1791 3002 respon-

221 3034 341 3073 sum
400 3020 489 3076 det
541 3022 913 3088 venientibus,
971 3037 1148 3093 neque
1215 3024 1567 3078 sermocinari
1631 3023 1788 3077 alicui

220 3107 374 3162 fratri
411 3108 620 3178 licebit,
671 3111 774 3166 nisi
821 3111 919 3167 soli
956 3113 1048 3183 qui
1083 3121 1296 3185 praeest,
1356 3123 1450 3168 aut
1491 3129 1628 3184 quos
1673 3114 1788 3184 ipse

215 3197 458 3267 jusserit.

804 3291 1029 3350 CAPUT
1065 3291 1196 3350 LIV.

225 3376 377 3444 Quod
397 3395 500 3434 non
521 3380 700 3435 debeat
731 3384 1016 3456 monachus
1061 3383 1264 3456 litteras
1288 3384 1369 3456 uel
1398 3383 1608 3456 eulogia
1646 3385 1788 3440 acci-

658 3468 778 3522 pere
810 3453 922 3508 sine
938 3453 1096 3524 jussu
1122 3443 1324 3508 abbatis

295 3559 351 3615 N
353 3558 614 3616 ullatenus
629 3561 780 3617 liceat
801 3565 1054 3619 monacho
1071 3582 1162 3620 nec
1178 3583 1211 3620 a
1227 3566 1526 3637 parentibus
1541 3568 1673 3634 suis,
1698 3584 1792 3622 nec

221 3669 533 3723 aquaquam
563 3653 863 3720 hominum,
912 3656 1120 3710 nec‘sibi
1173 3657 1390 3712 invicem
1441 3657 1663 3724 litteras,
1701 3668 1793 3712 aut

219 3744 448 3814 eulogia,
498 3742 574 3796 uel
613 3743 852 3813 quislibet
901 3746 1214 3799 munuscula
1262 3747 1498 3816 accipere
1537 3759 1626 3802 aut
1666 3749 1795 3803 dare

219 3835 334 3890 sine
354 3842 609 3905 prwcepto
639 3831 838 3887 abbatis
877 3834 981 3887 sui.
1056 3833 1209 3898 Quod
1253 3836 1298 3888 si
1347 3835 1504 3888 etiam
1547 3854 1580 3890 a
1608 3855 1797 3906 paren-

223 3925 358 3980 tibus
387 3923 496 3977 suis
533 3923 579 3976 ei
599 3921 881 3992 quidquam
910 3922 1162 3976 directum
1201 3923 1402 3992 fuerit,
1455 3940 1559 3978 non
1597 3941 1796 3994 pra'su-

225 4023 331 4069 mat
358 4012 618 4082 suscipere
638 4010 791 4077 illud,
810 4013 911 4066 nisi
935 4013 1082 4082 prius
1105 4013 1393 4067 indicatum
1417 4013 1576 4082 fuerit
1597 4014 1792 4069 abbati.

228 4103 382 4170 Quod
402 4103 669 4176 sijusserit
695 4104 906 4174 suscipi,
923 4103 976 4157 in
995 4104 1195 4158 abbatis
1217 4106 1282 4159 sit
1297 4115 1544 4176 potestate
1567 4106 1651 4159 cui
1663 4105 1796 4159 illud

220 4191 400 4260 iubeat
429 4191 566 4247 dari.
603 4190 672 4244 Et
699 4208 803 4246 non
832 4193 1165 4247 contristetur
1193 4193 1376 4262 frater,
1401 4193 1484 4247 cui
1507 4195 1638 4264 forte
1660 4195 1798 4248 dire-

226 4291 363 4336 ctum
379 4283 570 4352 fuerat,
585 4291 640 4336 ut
655 4298 757 4336 non
769 4283 922 4337 detur
933 4285 1136 4338 occasio
1149 4284 1376 4339 diabolo.
1394 4285 1496 4352 Qui
1513 4296 1683 4340 autem
1699 4288 1798 4341 ali-

1815 3179 1858 3240 C

226 4381 305 4426 ter
321 4374 727 4444 prwsumpserit,
752 4373 1041 4445 disciplina:
1071 4375 1301 4445 regulari
1320 4376 1606 4446 subjaceat.
1658 4377 1797 4434 Hinc
1838 4413 1843 4417 ι

226 4461 415 4518 beatus
429 4463 757 4535 Augustinus
785 4466 896 4520 ait:
937 4464 1255 4537 Quicunque
1289 4477 1470 4523 autem
1501 4470 1554 4524 in
1586 4478 1794 4525 tantum

226 4567 541 4629 progreSsus
571 4555 732 4611 fuerit
767 4556 989 4622 malum,
1010 4561 1084 4611 tut
1118 4558 1326 4614 occulte
1357 4560 1425 4614 ab
1451 4559 1630 4629 aliquo
1658 4560 1798 4616 litte-

229 4665 317 4704 ras
344 4649 432 4703 vel
473 4648 723 4719 quaelibet
758 4650 1075 4703 munuscula
1125 4651 1392 4720 accipiat,
1427 4651 1474 4706 si
1524 4653 1627 4706 hoc
1655 4653 1798 4708 ultro

226 4737 545 4804 conﬁtetur,
563 4745 817 4807 parcatur
844 4738 942 4804 illi,
965 4748 1022 4794 et
1041 4749 1226 4796 oretur
1249 4756 1347 4811 pro
1377 4741 1486 4797 illo.
1525 4741 1582 4798 Si
1617 4751 1796 4798 autem

227 4826 649 4896 deprehenditur
701 4834 862 4896 atque
898 4830 1257 4896 convincitur,
1310 4832 1606 4886 secundum
1654 4833 1800 4888 arbi-

231 4917 391 4970 trium
414 4918 686 4987 prmpositi
707 4918 923 4989 gravius
947 4919 1275 4975 emendetur.
1336 4919 1474 4976 Hinc
1513 4928 1569 4976 et
1609 4922 1798 4977 beatus

227 5007 457 5065 Basilius
485 5010 590 5067 ait:
625 5011 815 5066 Munus
841 5013 1137 5082 quodlibet,
1182 5013 1296 5068 sive
1344 5013 1596 5082 epistolas
1639 5029 1798 5068 nemo

229 5098 524 5155 monachus
571 5101 837 5171 accipiat,
885 5117 986 5156 nec
1013 5101 1142 5155 dare
1163 5101 1279 5156 sine
1307 5100 1548 5171 iussione
1591 5102 1802 5158 abbatis

231 5189 478 5258 cuiquam
525 5198 833 5260 prtesumat.
913 5189 1049 5246 Hinc
1093 5199 1150 5246 et
1199 5190 1324 5246 alibi
1375 5192 1633 5262 scriptum
1675 5203 1794 5248 cst:

230 5277 332 5344 Qui
358 5294 489 5336 vero
505 5281 715 5353 litteras
754 5281 839 5336 vel
885 5282 1204 5338 munuscula
1239 5281 1608 5352 cujuscunque
1658 5285 1802 5339 acci-

229 5385 358 5442 pere
376 5374 799 5445 prmsumpserit,
854 5375 901 5430 si
931 5389 1038 5429 non
1067 5374 1249 5430 statim
1273 5390 1304 5430 a
1332 5391 1441 5446 quo
1479 5377 1708 5446 accepit,
1745 5386 1803 5432 et

230 5479 350 5533 qua:
404 5465 610 5537 accepit
661 5463 1032 5534 publicaverit,
1079 5464 1401 5521 districtioni
1447 5466 1802 5522 severissimae

231 5559 550 5630 suhjacebit.
621 5560 713 5615 Illa
753 5574 883 5616 vero
913 5574 1033 5629 qua:
1084 5561 1397 5616 transmissa
1441 5570 1595 5627 sunt,
1640 5576 1800 5633 pere-

229 5654 401 5722 grinis
446 5662 502 5708 et
537 5652 736 5722 ignotis
781 5651 1207 5722 deputabuntur,
1263 5659 1356 5705 aut
1378 5660 1526 5706 certe
1555 5650 1802 5708 incendio

231 5742 633 5795 crcmabuntur.
705 5739 845 5795 Sane
870 5738 961 5810 qui
1000 5737 1112 5793 suis
1158 5736 1283 5794 filiis
1324 5738 1410 5794 vel
1439 5738 1620 5818 aliqua
1651 5743 1717 5796 ad
1745 5760 1803 5798 sc

1825 4512 1875 4572 D

1839 5733 1844 5744 ι

1889 1939 1946 1983 ct
1969 1930 2040 1984 ita
2055 1944 2152 1999 per
2180 1931 2663 1985 murmurationem
2693 1931 2924 1985 nocendi
2955 1931 3218 1986 monacho
3244 1928 3456 1983 diabolo

1890 2021 2047 2074 datur
2069 2020 2302 2074 occasio.
2333 2020 2469 2087 Quia
2516 2028 2572 2074 et
2598 2021 2690 2089 qui
2731 2020 2788 2074 in
2833 2019 3049 2075 deserto
3085 2033 3457 2074 murmurave-

1891 2119 2036 2175 runt,
2076 2127 2107 2165 a
2139 2112 2481 2180 serpentibus
2518 2112 2816 2182 perierunt.
2859 2110 3048 2166 Omnis
3089 2111 3234 2165 enim
3269 2126 3458 2165 mona-

1889 2200 2024 2256 chus
2059 2203 2148 2271 qui
2189 2217 2357 2256 unum
2395 2217 2461 2256 ex
2501 2202 2621 2257 istis
2661 2201 2871 2266 fecerit,
2899 2201 3026 2271 quia
3065 2201 3138 2255 illi
3173 2216 3280 2264 non
3301 2201 3459 2255 datur

1890 2292 2034 2362 quod
2073 2292 2148 2346 illi
2197 2291 2484 2362 dirigitur,
2537 2292 2770 2363 regulari
2807 2292 3105 2362 disciplinae
3157 2289 3456 2360 subiaceat,

1891 2398 1958 2437 ne
1987 2382 2417 2452 iudisciplinatus
2445 2384 2499 2438 in
2523 2392 2782 2438 aeternum
2819 2398 2919 2454 pro
2955 2383 3041 2438 his
3079 2383 3224 2438 vitiis
3243 2392 3455 2459 pereat.

2487 2490 2715 2547 CAPUT
2747 2491 2856 2546 LV.

2087 2585 2160 2639 De
2198 2585 2513 2640 vestimentis
2547 2593 2594 2637 et
2622 2581 2984 2637 calceamentis
3017 2581 3261 2651 fratrum.

1968 2673 2283 2730 Vestimenta
2313 2673 2562 2744 fratribus
2589 2671 2873 2726 secundum
2900 2670 3132 2726 locorum
3150 2669 3456 2740 qualitatem

1887 2764 1976 2818 ubi
2001 2763 2238 2817 habitant
2273 2761 2350 2816 vel
2374 2777 2555 2815 aerum
2568 2761 2864 2830 temperiem
2877 2759 3085 2824 dentur,
3104 2759 3227 2828 quia
3246 2759 3300 2811 in
3313 2757 3463 2828 frigi-

1888 2855 1970 2907 dis
2001 2850 2296 2922 regionibus
2317 2847 2538 2921 amplius
2551 2848 2834 2916 indigetur,
2857 2847 2913 2900 in
2933 2845 3118 2899 calidis
3134 2862 3249 2899 vero
3265 2846 3455 2898 minus.

1892 2941 2020 2995 Hcce
2041 2956 2162 3010 ergo
2183 2938 2532 2993 consideratio
2552 2952 2704 3006 penes
2724 2935 2961 2989 abbatem
2977 2936 3067 2987 sit.
3111 2933 3262 2999 Quod
3276 2941 3458 2988 autem

1889 3033 2039 3096 dicit,
2082 3030 2368 3089 secundum
2393 3027 2626 3081 locorum
2651 3023 2954 3096 qualitatem
2981 3024 3301 3078 vestimenta
3321 3023 3460 3089 dari,

1892 3121 2022 3176 mihi
2037 3121 2248 3175 videtur
2276 3119 2599 3188 de0peroso,
2616 3124 2670 3170 et
2698 3131 2804 3170 non
2829 3114 2896 3168 de
2910 3122 3021 3168 tam
3041 3129 3269 3184 Operose
3282 3114 3462 3168 dicere

1891 3213 2026 3268 loco.
2078 3210 2216 3266 Sunt
2263 3210 2408 3264 enim
2453 3207 2778 3262 monasteria
2822 3203 2936 3274 jam
2984 3203 3258 3272 perfecta,
3296 3211 3353 3258 et
3402 3203 3458 3257 in

1889 3316 2104 3358 amoeno
2143 3301 2260 3355 loco
2299 3299 2489 3368 posita,
2539 3298 2627 3352 ubi
2663 3296 2839 3350 minus
2859 3302 3140 3364 operatur,
3180 3301 3238 3348 et
3279 3293 3464 3348 minus

1889 3391 2232 3448 vestimentis
2260 3397 2315 3445 et
2356 3387 2737 3444 calceamentis
2789 3386 3078 3456 indigetur.
3129 3383 3282 3450 Quod
3330 3399 3471 3437 vero.

1891 3486 2023 3541 dicit
2051 3503 2062 3538 :
2095 3482 2173 3538 vel
2199 3499 2380 3537 aerum
2406 3481 2725 3548 temperiem,
2753 3479 2866 3548 ipse
2892 3476 3112 3545 exponit
3139 3490 3261 3530 cum
3291 3475 3420 3529 dicit
3447 3492 3468 3527 :-

1891 3576 2015 3647 qui‘a
2041 3576 2096 3628 in
2122 3573 2329 3644 frigidis
2355 3570 2650 3641 regionibus
2681 3569 2905 3639 amplius
2940 3567 3220 3637 indigetur,
3258 3566 3312 3619 in
3337 3564 3472 3620 cali-

1893 3657 1979 3720 dii
2006 3682 2123 3720 vero
2149 3665 2342 3718 minus.
2387 3663 2515 3717 Haec
2541 3659 2959 3731 prudentissime
2999 3657 3089 3712 ille
3115 3657 3474 3740 considerans

1894 3756 2032 3810 dixit
2063 3773 2076 3808 :
2110 3754 2262 3810 Nunc
2290 3769 2422 3808 vero
2449 3752 2686 3822 prudens
2711 3752 2878 3806 abbas
2915 3747 3223 3804 consideret
3248 3747 3473 3814 diligens

1897 3854 1981 3899 ter
2004 3860 2189 3898 aerum
2237 3844 2572 3911 temperiem,
2612 3851 2666 3896 et
2716 3842 2833 3896 loca
2887 3841 2942 3895 in
2993 3840 3187 3910 quibus
3235 3838 3476 3903 habitat,

1897 3935 2165 4005 quomodo
2192 3936 2301 3988 sint
2330 3933 2528 3998 calida,
2568 3931 2762 4002 frigida
2791 3931 2878 3985 vel
2908 3938 3230 4000 temperata,
3251 3944 3475 3999 aspera,

1896 4025 2060 4089 dura,
2087 4022 2171 4078 vel
2201 4022 2386 4076 suavia
2403 4062 2418 4087 ,
2449 4028 2505 4075 et
2527 4020 2820 4074 secundum
2848 4018 3268 4087 possibilitatem
3308 4033 3469 4072 suam

1897 4113 2038 4184 quod
2066 4111 2428 4167 necessarium
2477 4117 2561 4165 est
2602 4108 2833 4163 ﬁdeliter
2875 4108 2998 4163 suis.
3027 4107 3306 4161 ministret
3350 4121 3470 4161 mo—

1899 4203 2110 4267 nachis,
2129 4210 2190 4255 ut
2212 4201 2328 4256 sine
2343 4200 2663 4255 necessitate
2676 4198 2904 4254 Domino
2917 4197 3179 4263 serviant,
3192 4203 3247 4251 et
3267 4197 3478 4266 absque

1891 4291 2036 4361 justa
2061 4289 2490 4344 murmuratione
2508 4287 2737 4357 paciﬁce
2766 4287 2973 4341 vivant.

1971 4381 2082 4436 Nos
2126 4390 2299 4434 tamen
2353 4377 2698 4432 mediocribus
2752 4375 2880 4430 locis
2926 4375 3156 4446 sufﬁcere
3209 4373 3480 4429 credimus

1899 4475 2188 4538 monachis,
2217 4489 2310 4544 per
2350 4469 2609 4542 singulos,
2657 4467 2917 4523 cucullum
2962 4476 3011 4521 et
3061 4467 3293 4520 tunicam
3319 4480 3338 4519 :
3373 4481 3470 4518 cu-

1904 4565 2098 4620 cullum
2153 4565 2210 4618 in
2265 4563 2431 4618 hieme
2473 4561 2714 4616 villosum
2741 4601 2756 4625 ,
2808 4561 2865 4613 in
2920 4568 3098 4614 aestate
3146 4573 3334 4629 puram
3379 4568 3480 4612 aut

1902 4666 2175 4720 vetustam,
2214 4664 2262 4709 et
2307 4651 2578 4722 scapulare
2621 4644 2829 4722 propter
2871 4665 3047 4721 opera.
3112 4641 3480 4704 Mediocribus

1903 4745 2037 4800 locis
2083 4743 2252 4807 dicit,
2320 4743 2374 4798 id
2413 4750 2529 4808 est,
2569 4741 2914 4811 temperatis,
2957 4755 3059 4795 nec
3108 4739 3335 4795 multum
3379 4739 3481 4794 τιή-ι

1903 4837 2073 4908 gidis,
2125 4847 2226 4890 nec
2273 4833 2502 4888 multum
2551 4832 2760 4888 calidis.
2837 4830 3113 4887 Cucullam
3178 4830 3312 4884 dicit
3361 4830 3480 4896 ille,

1903 4927 2046 4998 quod
2080 4941 2182 4982 nos
2230 4926 2390 4980 modo
2436 4924 2664 4979 dicimus
2700 4937 2947 4994 cappam.
3009 4921 3115 4976 Per
3162 4921 3483 4978 diminutim

1902 5036 2026 5075 nem
2061 5019 2208 5075 enim
2238 5033 2266 5073 a
2311 5017 2494 5073 casula
2547 5016 2744 5071 dicitur
2789 5014 3017 5079 cuculla,
3063 5021 3120 5068 et
3151 5029 3182 5068 a
3222 5024 3350 5066 casa
3383 5020 3480 5060 ca-

1901 5111 2060 5175 sulla,
2097 5119 2152 5166 et
2175 5125 2204 5164 a
2231 5108 2434 5164 casulla
2455 5106 2771 5162 diminuitur
2792 5103 3019 5159 cuculla.
3063 5102 3216 5169 Quod
3237 5116 3367 5157 vero
3387 5103 3476 5156 ille

1901 5205 2054 5268 dicit,
2082 5201 2358 5272 scapulare
2381 5208 2592 5270 propter
2610 5215 2788 5269 opera,
2813 5199 2917 5252 hoc
2936 5210 3034 5251 nos
3055 5195 3216 5250 modo
3241 5194 3474 5250 dicimus

1902 5292 2190 5349 cucullam.

1970 5380 2289 5434 Indumenta
2315 5377 2504 5450 pedum
2523 5418 2538 5443 ,
2577 5375 2772 5447 pediles
2802 5385 2853 5432 et
2879 5374 3097 5447 caligas.
3141 5374 3354 5431 Pedilcs
3375 5390 3478 5427 au-

1907 5478 2016 5525 tem
2049 5468 2200 5532 dicit,
2227 5467 2370 5537 quod
2426 5481 2526 5522 nos
2559 5466 2720 5522 modo
2771 5467 3003 5522 dicimus
3037 5465 3232 5520 calces.
3263 5463 3478 5533 Caligas

1906 5560 2014 5622 illc,
2053 5559 2197 5627 quod
2225 5573 2324 5614 nos
2348 5557 2650 5613 subtalares
2677 5556 2760 5612 vel
2794 5571 2983 5613 soccos
3009 5568 3282 5610 vocamus.
3331 5552 3475 5606 Cali-

1907 5664 1989 5717 ga:
2017 5654 2196 5702 autem
2222 5661 2253 5700 a
2281 5645 2418 5701 callo
2447 5647 2640 5716 pedum
2672 5646 2850 5710 dictae,
2904 5644 2986 5699 vel
3033 5645 3158 5712 quia
3211 5642 3468 5710 ligantur,

1909 5755 2032 5795 nam
2058 5745 2112 5793 ct
2141 5736 2392 5793 calccarii
2419 5746 2699 5792 vocantur.
2746 5736 2822 5791 De
2855 5733 3118 5800 pcililibus
3148 5739 3328 5788 autem
3371 5729 3472 5788 lsi-
