3944 6446
522 389 625 445 893

1788 378 2064 435 SMABAG
2076 379 2135 434 Dl
2178 379 2461 434 ABBATIS

3659 386 3775 441 8th

520 504 683 557 dorus
703 499 779 553 ait
809 517 821 552 :
848 495 1057 552 Pezliles
1084 494 1314 550 utendos
1353 492 1410 547 in
1438 491 1788 555 monasterio,
1840 490 2079 561 quandiu
2109 493 2158 551 Α
2254 473 2455 561 διιᾷῑσὶι
2483 491 2619 543 enim
2647 493 2898 548 lltOIt:tt‘.'t;)
2928 492 3061 546 duas
3090 494 3295 547 tunicas
3339 504 3385 547 et
3423 494 3559 549 duas
3586 498 3774 551 cucul-

518 591 713 647 ltiemis
739 588 973 660 coegerit
994 585 1271 651 violentia,
1307 584 1421 639 sive
1460 585 1585 640 dum
1612 581 1809 637 fratres
1834 581 2088 652 gradiun-

519 695 611 738 tur
636 682 688 736 in
717 681 911 735 itinere
941 678 1022 732 vel
1050 677 1467 748 proﬁciscuntur
1501 676 1570 729 ad
1613 676 1823 729 urbem.
1854 673 1993 729 Hinc
2032 680 2089 727 et

517 769 853 826 Fructuosus
884 768 1058 823 dicit:
1102 768 1158 820 ln
1208 767 1386 820 hieme
1435 764 1641 835 pediles
1685 763 1949 827 calcient,
1998 761 2092 830 qui

519 860 822 924 voluerint,
865 858 919 913 id
966 867 1080 923 est,
1122 874 1153 912 a
1178 856 1432 911 Kalendis
1466 854 1786 910 Novembris
1823 868 1994 923 usque
2024 852 2093 905 ad

522 953 790 1008 Kalendas
811 951 997 1006 Maias.
1020 949 1263 1019 Reliquis
1283 948 1485 1003 aestivis
1507 948 1779 1003 mensibus
1794 946 2091 1016 caligarum

525 1051 735 1097 tantum
775 1041 983 1098 solatiis
1012 1039 1285 1094 muniendi
1311 1045 1456 1091 sunt.

594 1133 673 1186 De
684 1148 907 1202 quorum
922 1146 1093 1184 rerum
1105 1129 1333 1183 omnium
1346 1127 1516 1181 colore
1527 1135 1617 1179 aut
1631 1125 1979 1195 grossitudine
1995 1141 2098 1179 non

524 1232 806 1276 causentur
834 1220 1093 1281 monachi,
1121 1219 1210 1272 sed
1230 1217 1409 1287 quales
1430 1217 1651 1270 inveniri
1670 1224 1886 1285 possunt
1908 1215 1965 1267 in
1985 1230 2100 1283 pro-

526 1311 691 1364 vincia
718 1328 822 1381 qua
843 1310 1054 1379 degunt,
1078 1317 1167 1361 aut
1208 1306 1345 1378 quod
1380 1305 1536 1359 vilius
1578 1304 1874 1375 comparari
1909 1312 2095 1372 potest.

526 1398 662 1453 llinc
683 1398 968 1453 Ferreolus
996 1399 1072 1453 ait
1098 1412 1112 1451 :
1138 1397 1383 1451 Colorem
1407 1396 1572 1451 etiam
1609 1396 1660 1449 in
1687 1395 1772 1449 his
1800 1393 2101 1457 album,vel

526 1490 686 1544 nimis
704 1490 899 1555 rufum,
918 1505 1013 1560 per
1027 1505 1185 1559 quem
1198 1505 1339 1559 smpe
1355 1489 1562 1559 species
1573 1489 1820 1557 corporis
1836 1488 1902 1542 ad
1920 1486 2102 1557 perni-

527 1580 665 1634 ciem
695 1596 847 1635 suam
888 1582 1193 1635 videntibus
1227 1581 1653 1643 commendatur,
1685 1579 1842 1643 vitet,
1871 1579 1971 1631 hoc
1995 1584 2099 1640 est,

528 1671 729 1725 habere
756 1686 859 1725 non
889 1671 1110 1734 ambiat,
1154 1686 1223 1726 ne
1246 1671 1523 1741 iactantiae
1566 1686 1677 1724 suae
1726 1683 1909 1724 secum
1940 1667 2104 1721 testi-

529 1761 768 1815 monium
800 1760 955 1825 ferat,
984 1769 1038 1815 et
1061 1762 1187 1815 dum
1208 1776 1403 1830 corpus
1425 1761 1553 1815 velit
1576 1759 1913 1815 vestimentis
1938 1772 2103 1813 orna-

2189 580 2270 635 las
2298 580 2518 646 habere,
2557 590 2768 653 pr0pter
2800 592 2973 636 noctes
3002 624 3016 648 ,
3055 597 3101 638 et
3138 593 3350 655 propter
3395 584 3576 640 lavare
3624 588 3773 659 ipsa;

2190 687 2272 724 res
2298 685 2316 722 :
2346 670 2463 739 jam
2499 670 2639 742 quod
2674 688 2833 738 supra
2865 671 3055 740 fuerit,
3093 675 3420 743 superﬂuum
3454 685 3550 739 est,
3579 688 3627 730 et
3654 695 3777 731 am-

2189 766 2366 834 putari
2402 765 2567 818 debet.
2607 764 2675 817 Et
2705 762 2938 834 pedules,
2965 773 3011 818 et
3040 764 3381 836 quodcunque
3408 777 3483 820 est
3510 772 3777 823 vetustum

2194 854 2436 919 reddant,
2466 855 2591 908 dum
2646 856 2905 925 accipiunt
2943 872 3154 909 novum.
3212 855 3347 911 Hinc
3380 856 3619 913 Isidorus
3644 857 3724 912 ait
3751 876 3765 911 :

2194 944 2390 999 Ternis
2418 945 2634 1009 tunicis,
2662 954 2717 999 et
2756 946 2897 999 binis
2922 945 3121 1014 palliis,
3173 947 3504 1018 singulisque
3539 948 3775 1004 cucullis

2196 1036 2435 1091 contenti
2484 1037 2594 1090 sint
2624 1036 2895 1100 monachi,
2929 1036 3064 1090 nihil
3097 1045 3294 1105 prazter
3342 1039 3455 1093 haec
3482 1039 3536 1092 in
3576 1040 3770 1094 habitu

2195 1125 2341 1181 aliud
2392 1135 2802 1195 praesumentes.
2885 1125 3022 1180 Hinc
3075 1134 3131 1179 et
3178 1134 3397 1183 sanctus
3435 1128 3776 1185 Fructuosus

2198 1216 2275 1270 ait
2303 1234 2316 1269 :
2352 1216 2680 1271 Vestimenta
2696 1232 2802 1270 non
2829 1216 3012 1279 multa,
3031 1217 3421 1287 neesuperllua
3445 1220 3556 1274 sint
3580 1236 3775 1275 mona-

2198 1306 2333 1369 chis,
2361 1306 2569 1360 duabus
2594 1313 2799 1359 tantum
2829 1306 3053 1361 cucullis
3078 1305 3295 1371 villatis,
3326 1315 3380 1360 et
3408 1307 3639 1378 simplici
3666 1324 3775 1363 uno

2197 1398 2428 1468 palliolo,
2487 1398 2764 1465 ternisque
2791 1397 3006 1461 tunicis,
3059 1405 3113 1450 et
3151 1397 3417 1452 stam‘iniis
3445 1398 3658 1454 duabus
3683 1415 3778 1454 cu-

2195 1489 2390 1559 jusque
2419 1489 2758 1543 necessitatis
2783 1489 3118 1558 querimonia
3150 1488 3460 1544 suﬂicienda
3494 1498 3611 1545 est:
3636 1489 3777 1544 llinc

2203 1577 2484 1632 Ferreolus
2506 1580 2582 1631 ait
2613 1597 2627 1631 :
2682 1579 3014 1633 Vestimenta
3040 1579 3305 1647 superﬂua
3343 1580 3642 1634 monachus
3670 1596 3775 1635 non

2203 1672 2462 1740 requirat,
2493 1671 2704 1725 dicente
2738 1670 2962 1724 Domino
2985 1670 3051 1724 ad
3080 1670 3369 1740 discipulos
3389 1687 3407 1724 :
3440 1670 3621 1742 Neque
3640 1671 3777 1725 duas

2203 1761 2408 1814 tunicas
2438 1761 2691 1813 habeatis.
2745 1759 2890 1826 Quas
2924 1759 3057 1814 duas
3106 1760 3316 1814 tunicas
3366 1760 3667 1830 intelligere
3687 1762 3779 1816 de-

529 1864 608 1915 re,
642 1852 709 1904 de
736 1851 928 1905 animai
950 1852 1285 1905 ornamentis
1315 1866 1420 1905 non
1461 1858 1633 1904 curet.
1686 1848 1822 1903 Hinc
1861 1847 2099 1901 Isidorus
2128 1827 2173 1884 Β
2201 1852 2391 1904 bemus
2432 1865 2539 1904 non
2572 1864 2817 1915 numero,
2849 1849 2892 1903 si
2932 1858 3151 1919 prepter
3186 1849 3421 1904 hiemem
3453 1851 3778 1905 necessaria:

529 1944 607 1997 ait
635 1960 646 1995 :
680 1942 914 1997 Munitus
961 1944 1123 1998 debet
1151 1959 1270 1998 esse
1299 1943 1599 1997 monachus
1624 1983 1637 2007 ,
1678 1942 2096 1999 nondelicatus.

531 2031 685 2086 Sicut
711 2041 889 2087 autem
914 2048 1020 2087 non
1049 2042 1260 2102 oportet
1283 2033 1337 2086 in
1368 2034 1636 2087 monacho
1680 2046 1799 2086 esse
1847 2031 2101 2086 notabilis

530 2124 748 2177 habitus
773 2163 789 2187 ,
833 2125 906 2178 ita
936 2140 1035 2179 nec
1071 2126 1204 2178 satis
1232 2125 1491 2195 abiectus.
1515 2124 1646 2178 Nam
1673 2125 1910 2195 pretiosa
1936 2125 2102 2179 vestis

531 2212 773 2267 animum
802 2214 868 2268 ad
915 2212 1190 2267 lasciviam
1216 2215 1504 2283 pertrahit.
1539 2214 1712 2269 Nimis
1740 2215 1863 2269 vilis
1892 2222 1985 2268 aut
2011 2213 2103 2267 do-

528 2306 702 2360 lorem
742 2305 922 2360 cordis
962 2307 1131 2375 parit,
1168 2316 1261 2361 aut
1296 2309 1540 2362 morbum
1572 2323 1724 2361 vana:
1764 2308 1947 2379 glorise
1973 2322 2102 2362 con-

536 2399 721 2453 trahit.
759 2397 898 2454 Hinc
926 2397 1161 2453 Basilius
1190 2382 1269 2453 ait
1310 2418 1322 2453 :
1380 2400 1436 2454 Si
1466 2402 1608 2455 enim
1656 2402 1893 2456 studium
1945 2400 2102 2455 nobis

537 2488 839 2543 habendum
896 2497 981 2542 est
1024 2491 1264 2545 omnium
1301 2506 1423 2546 esse
1449 2493 1730 2557 minimos,
1762 2500 1817 2546 et
1860 2492 2102 2546 omnium

536 2596 635 2633 nos
665 2580 1017 2645 novissimos,
1049 2592 1258 2636 certum
1280 2586 1525 2653 estquod
1550 2556 1960 2639 etindumcntis
1988 2600 2103 2638 om-

531 2668 679 2721 nium
707 2684 806 2723 nos
832 2670 1154 2724 novissimos
1182 2672 1440 2742 deputare
1475 2674 1754 2728 debemus.
1805 2673 1940 2728 llinc
1974 2672 2103 2727 Cas-

532 2757 717 2811 sianus
753 2758 885 2812 dicit
921 2777 934 2812 :
963 2758 1186 2828 Oportet
1232 2770 1293 2816 ut
1327 2763 1451 2818 talis
1502 2765 1573 2818 sit
1602 2764 1769 2818 vestis
1808 2763 2058 2819 monachi
2087 2804 2101 2827 ,

536 2861 656 2914 quae
676 2862 874 2916 corpus
896 2858 1201 2920 contegens,
1237 2860 1444 2907 tantum
1481 2855 1859 2909 verecundiam
1891 2855 2104 2908 nudita—

533 2939 603 2992 tis
627 2938 888 3006 repellat,
925 2947 979 2993 et
1006 2937 1222 3009 frigoris
1253 2940 1812 3013 retundat'injuriam,
1851 2958 1957 2996 non
1985 2958 2103 3010 qua:

534 3027 874 3082 occasionem
912 3029 1170 3085 vanitatis
1209 3031 1465 3085 enutriat.
1516 3032 1645 3098 Quze
1700 3034 1775 3087 ita
1829 3033 1902 3086 sit
1942 3032 2062 3085 vilis
2087 3072 2101 3095 ,

531 3125 593 3171 ut
617 3117 763 3172 nulla
787 3117 984 3172 coloris
1023 3118 1109 3174 vel
1136 3121 1546 3188 compositionis
1571 3121 1809 3176 novitate
1836 3121 1978 3174 inter
2000 3135 2102 3173 cm-

530 3207 899 3271 teros,fratres
928 3209 1194 3277 spiritales
1222 3210 1487 3266 habeatur
1540 3212 1767 3282 insignis
1787 3251 1801 3275 ,
1831 3219 1886 3266 ct
1923 3212 1996 3265 ita
2030 3210 2102 3264 sit

530 3315 561 3352 a
590 3299 847 3354 studiosis
883 3297 1168 3368 superfluis
1198 3302 1635 3356 accurationibus
1664 3301 1862 3364 aliena,
1895 3299 2099 3354 utnul-
2124 3319 2127 3321 ·

529 3389 598 3444 lis
629 3390 821 3443 iterum
862 3405 957 3459 per
985 3390 1249 3445 incuriam
1278 3391 1522 3447 collectis
1564 3400 1659 3447 aut
1689 3392 1879 3447 fecatis
1920 3408 1950 3446 a
1987 3408 2106 3447 sor-

532 3482 692 3536 dibus
735 3481 808 3535 sit
856 3480 1133 3535 deformia
1195 3482 1476 3538 Postremo
1524 3483 1605 3538 sic
1654 3484 1767 3553 ipsa
1820 3485 1987 3539 vestis
2035 3484 2104 3537 ab

533 3571 693 3640 hujus
724 3570 907 3625 mundi
934 3579 1212 3638 separetur
1238 3583 1454 3638 ornatu,
1484 3582 1543 3627 ut
1570 3575 1622 3627 in
1647 3575 1792 3628 omni
1816 3590 2100 3628 servorum

532 3662 627 3731 Dei
658 3662 803 3716 cultu
831 3663 1133 3717 communis
1181 3664 1269 3717 sit.
1311 3664 1445 3718 Nam
1482 3666 1739 3735 quidquid
1770 3666 1909 3721 inter
1933 3666 2105 3720 famu-

535 3751 615 3805 los
656 3739 749 3804 Dei
790 3766 897 3805 non
938 3750 1006 3805 ab
1040 3752 1291 3807 omnibus
1340 3762 1592 3818 tenetur,
1641 3756 1735 3810 sed
1770 3757 1839 3810 ab
1885 3772 1993 3811 uno
2021 3758 2104 3811 vel

533 3858 569 3903 a_
602 3840 785 3909 paucis
816 3840 1187 3909 praesumitur,
1244 3850 1338 3895 aut
1392 3841 1716 3912 superﬂuum
1766 3851 1860 3897 aut
1902 3844 2103 3899 clatum

532 3939 647 3993 est,
689 3938 743 3985 et
780 3937 1000 3999 propter
1036 3930 1139 3985 hoc
1174 3932 1391 3986 noxium
1424 3931 1775 4001 ju-licandum
1807 3942 1911 3998 est,
1953 3934 2097 4002 quod

533 4020 706 4088 magis
740 4035 846 4074 non
884 4019 1099 4074 virtutis
1135 4021 1392 4089 speciem,
1432 4022 1523 4075 sed
1540 4021 1796 4076 vanitatis
1831 4022 2100 4076 ostendat.

604 4108 774 4162 Abbas
800 4117 972 4162 autem
995 4109 1057 4162 de
1071 4125 1313 4163 mensura
1328 4110 1615 4179 provideat,
1636 4119 1690 4163 ut
1706 4127 1809 4163 non
1830 4110 1933 4163 sint
1954 4120 2104 4163 curta

531 4200 644 4267 ipsa
669 4200 986 4263 vestimenta,
1017 4199 1274 4256 utentibus
1289 4201 1382 4265 eis,
1404 4200 1493 4254 sed
1530 4209 1850 4255 mensuram.
1882 4200 1939 4255 Si
1962 4202 2104 4255 enim

534 4289 733 4342 fuerint
754 4289 1074 4348 vestimenta
1112 4297 1263 4343 curta
1283 4330 1296 4353 ,
1335 4298 1492 4343 erunt
1516 4290 1838 4355 ridiculosa;
1872 4291 1918 4345 si
1946 4291 2107 4345 nimis

533 4382 708 4450 longa,
734 4388 895 4434 erunt
911 4379 1187 4437 damnosa.
1210 4379 1345 4434 Nam
1367 4381 1507 4434 sicut
1524 4380 1589 4435 de
1605 4381 1926 4436 vestimento
1953 4389 2107 4436 curto

532 4478 820 4539 generatur
862 4469 1165 4533 ridiculum,
1216 4471 1295 4525 sic
1337 4480 1391 4525 ct
1417 4471 1483 4525 de
1528 4472 1687 4527 nimis
1735 4473 1896 4543 longo
1943 4474 2103 4541 panni
2136 4503 2184 4561 Β

531 4561 807 4614 damnum.
842 4558 980 4630 Ergo
1005 4576 1072 4615 ne
1096 4561 1196 4614 ista
1224 4560 1562 4630 proveniant,
1597 4560 1728 4616 fiant
1752 4561 1934 4617 omnia
1957 4576 2104 4616 men-

534 4658 738 4704 surata.

604 4741 922 4811 Accipientes
945 4752 1277 4807 nova,vetera
1302 4760 1502 4813 semper
1519 4743 1734 4798 reddant
1762 4745 1816 4797 in
1836 4746 2100 4813 prtrscnti,

533 4833 827 4901 reponenda
861 4834 915 4886 in
938 4835 1178 4887 vestiario
1205 4844 1414 4904 propter
1446 4850 1715 4902 pauperes.
1748 4834 1884 4888 Hinc
1911 4835 2104 4889 beatus

533 4923 864 4977 Fructuosus
889 4923 997 4977 ait:
1021 4923 1287 4991 Quidquid
1317 4924 1370 4976 in
1392 4923 1749 4986 vestimentis,
1774 4922 2102 4979 calceamen-

536 5014 603 5067 tis
624 5014 705 5067 vel
738 5015 1024 5069 lecticariis
1053 5014 1436 5068 monachorum
1460 5020 1729 5068 vetustum
1758 5013 1948 5079 fuerit,
1974 5017 2099 5070 dum

533 5119 673 5155 nova
699 5104 1020 5173 percipiunt,
1059 5110 1226 5155 totum
1256 5103 1324 5156 ab
1349 5102 1544 5157 abbate
1566 5104 1888 5172 pauperibus
1912 5119 2099 5173 eroge-

536 5200 643 5246 tur.
697 5192 831 5246 llinc
861 5201 915 5245 et
935 5189 1255 5244 Aurelianus
1299 5190 1429 5245 dicit
1464 5209 1476 5244 :
1510 5190 1566 5245 Si
1596 5191 1724 5260 quid
1758 5207 1886 5247 vero
1913 5208 2099 5259 super-

532 5282 781 5336 fueritex
814 5280 999 5334 usibus
1032 5278 1256 5332 fratrum
1286 5280 1339 5334 in
1364 5296 1517 5345 auro,
1548 5290 1639 5335 aut
1662 5282 1714 5335 in
1730 5283 1990 5347 vestibus,
2016 5283 2097 5337 vcl

533 5370 833 5433 ccllerario,
868 5377 1088 5423 sanctus
1115 5368 1279 5424 abbas
1308 5386 1413 5439 per
1446 5386 1638 5429 manus
1668 5372 1980 5439 provisoris,
2010 5382 2101 5426 aut

532 5478 630 5532 per
644 5460 937 5531 quamlibet
963 5474 1242 5527 personam
1272 5462 1481 5518 ﬁdelem
1502 5463 1845 5533 pauperibus,
1866 5467 2102 5535 peregri-

534 5556 621 5609 nis
657 5553 996 5623 autcaptivis
1026 5550 1188 5606 faciat
1215 5552 1534 5624 dispensari.
1590 5554 1921 5611 Vestimenta
1973 5572 2102 5614 vero

534 5653 884 5706 veteraycum
922 5657 1056 5698 nova
1084 5644 1380 5715 accipiunt,
1411 5646 1591 5699 abbati
1636 5643 1937 5716 refundunt,
1966 5649 2100 5703 inci-

536 5732 805 5800 pientibus
835 5742 924 5791 aut
952 5734 1269 5803 pauperibus
1296 5734 1596 5806 eroganda,

2202 1955 2320 1995 esse
2352 1941 2619 2003 videntur,
2658 1941 2752 1995 sed
2778 1956 2938 2009 supra
2971 1954 3126 1993 usum
3156 1940 3201 1994 si
3224 1947 3516 1995 reservata
3552 1939 3774 2004 fuerint,

2199 2030 2520 2098 computari.
2567 2028 2744 2099 Super
2756 2044 2885 2099 ergo
2913 2029 2957 2083 si
2983 2028 3112 2098 quid
3145 2026 3327 2093 fuerit,
3353 2030 3633 2098 putabitur
3647 2029 3779 2083 alie-

2201 2137 2348 2174 num.
2408 2121 2543 2174 Ilum
2568 2119 2825 2188 quidquid
2850 2133 3128 2188 possessor
3156 2133 3352 2173 avarus
3389 2118 3634 2183 includit,
3666 2135 3778 2173 ma-

2201 2212 2281 2281 gis
2303 2212 2472 2265 utitur
2486 2225 2611 2264 arca
2633 2225 2793 2279 quam
2808 2210 3074 2264 dominus.
3115 2208 3269 2276 Quod
3296 2217 3356 2264 ut
3375 2209 3578 2264 vitetur
3600 2211 3775 2265 maxi-

2204 2320 2323 2359 mus
2346 2303 2499 2357 nobis
2519 2303 2710 2357 beatus
2738 2300 3012 2371 apostolus
3043 2301 3198 2356 testis
3219 2301 3453 2371 assurgit
3473 2296 3571 2370 qui
3593 2301 3727 2356 dicit
3761 2320 3775 2355 :

2205 2395 2468 2448 Habentes
2486 2394 2678 2446 vietum
2706 2400 2753 2446 et
2779 2393 3017 2445 vestitum
3039 2392 3119 2445 Itis
3147 2392 3374 2446 contenti
3396 2392 3577 2446 simus.
3635 2392 3778 2446 Nam

2200 2487 2289 2555 qui
2315 2487 2492 2538 volunt
2523 2484 2708 2537 divites
2737 2483 2854 2551 ﬁeri
2878 2483 3114 2536 incidunt
3142 2484 3197 2536 in
3229 2485 3586 2549 tentationem,
3619 2492 3667 2537 et
3698 2483 3780 2537 la-

2200 2583 2387 2646 queum
2415 2574 2633 2639 diaboli,
2679 2583 2727 2626 et
2753 2573 3012 2627 desideria
3059 2573 3248 2637 multa,
3279 2583 3327 2628 et
3353 2573 3581 2639 inutilia,
3612 2582 3660 2628 et
3686 2591 3782 2630 no-

2202 2668 2331 2731 civa,
2361 2682 2477 2735 quae
2498 2673 2736 2735 mergunt
2770 2664 3004 2718 homines
3044 2663 3099 2717 in
3144 2664 3405 2718 interitum
3435 2673 3481 2718 et
3531 2664 3781 2735 perditio-

2204 2773 2319 2810 nem
2345 2756 2397 2828 (I
2418 2754 2550 2810 Tim.
2576 2755 2673 2826 vr).

2273 2846 2576 2901 Femoralia
2595 2847 2649 2900 hi
2668 2848 2757 2917 qui
2780 2848 2834 2900 in
2863 2848 2945 2901 via
2968 2847 3271 2917 diriguntur
3285 2846 3349 2900 de
3369 2846 3615 2901 vestiario
3641 2845 3781 2900 acci-

2202 2940 2368 3009 piant,
2395 2955 2513 3009 qua:
2534 2947 2838 2993 revertentes
2867 2937 2974 2991 lota
2998 2938 3069 2991 ibi
3096 2938 3393 2992 restituant.
3449 2936 3519 2991 Et
3558 2936 3779 2991 cucullo:

2203 3036 2250 3082 'et
2278 3029 2469 3083 tunica:
2489 3029 2592 3083 sint
2622 3028 2892 3099 aliquanto
2914 3029 2979 3083 iis
3000 3045 3131 3099 quas
3161 3028 3348 3082 habere
3368 3026 3510 3082 soliti
3547 3029 3650 3082 sint
3672 3044 3779 3081 me-

2205 3122 2379 3186 liores,
2408 3139 2538 3192 quas
2565 3130 2808 3177 exeuntes
2834 3122 2889 3176 in
2908 3123 3047 3176 viam
3067 3123 3324 3193 accipiant
3348 3123 3412 3176 de
3440 3123 3702 3190 vestiario,
3731 3131 3779 3177 et

2208 3221 2511 3267 revertentes
2534 3212 2669 3266 totas
2688 3213 2760 3266 ibi
2787 3213 3082 3265 restituant.
3126 3211 3487 3266 Femoralium
3512 3228 3642 3267 usus
3672 3213 3777 3267 cui-

2205 3320 2363 3373 quam
2384 3311 2467 3357 est
2487 3302 2895 3373 permittendus,
2946 3301 3178 3356 maxime
3223 3301 3307 3356 his
3357 3301 3447 3370 qui
3476 3301 3777 3357 ministerio

2204 3382 2546 3463 implicantur
2589 3392 2794 3448 altaris.
2848 3390 2954 3445 Sed
2981 3393 3159 3446 ethoc
3197 3391 3240 3446 si
3270 3390 3488 3445 studere
3510 3391 3763 3457 noluerit,

2204 3481 2676 3553 reprehendendus
2697 3496 2803 3534 non
2832 3480 2957 3544 erit,
3013 3495 3137 3534 cum
3182 3467 3326 3535 nunc
3355 3495 3525 3549 usque
3570 3488 3776 3537 constet

2203 3575 2459 3643 pleraque
2487 3573 2629 3627 hunc
2658 3586 2813 3625 usum
2846 3570 3175 3624 monasteria
3208 3570 3372 3624 etiam
3407 3570 3462 3623 in
3491 3570 3577 3626 his
3607 3572 3775 3644 regio-

2204 3665 2362 3719 nibus
2405 3676 2510 3715 non
2559 3661 2776 3714 habere.
2835 3658 2988 3725 Quod
3033 3673 3163 3714 vero
3212 3658 3344 3713 dicit
3373 3658 3439 3714 de
3477 3660 3701 3718 cucullis
3725 3669 3780 3717 et

2205 3753 2420 3816 tunicis,
2467 3752 2575 3805 sint
2601 3751 2876 3818 aliquanto
2898 3764 2998 3819 pro
3022 3750 3110 3804 via
3163 3750 3418 3805 meliores
3447 3766 3607 3820 quam
3638 3753 3775 3825 soliti

2204 3851 2328 3897 sunt
2350 3844 2569 3905 habere,
2625 3842 2677 3895 in
2711 3841 2816 3895 illis
2841 3849 2926 3895 est
2965 3840 3278 3909 regionibus
3314 3840 3638 3908 faciendum,
3687 3845 3775 3899 ubi

2205 3934 2431 3986 multum
2453 3931 2650 3986 vilibus
2672 3930 2813 3985 soliti
2843 3938 2968 3984 sunt
2996 3930 3075 3984 uti
3102 3931 3456 3986 vestimentis.
3511 3930 3614 3987 Ubi
3644 3947 3770 3989 vero

2206 4023 2427 4076 meliora
2476 4028 2601 4074 sunt
2643 4020 2984 4085 vestimenta,
3038 4034 3145 4075 non
3174 4028 3295 4074 sunt
3329 4028 3552 4090 propter
3573 4021 3767 4077 itinera

2206 4110 2605 4165 commutanda.
2673 4109 2973 4163 Femoralia
3001 4109 3146 4163 enim
3177 4117 3305 4164 sunt
3349 4110 3517 4174 dicta,
3547 4125 3611 4165 eo
3636 4114 3773 4181 quod

2209 4203 2413 4258 leuiora
2445 4209 2651 4273 tegunt,
2685 4202 2798 4271 ipsa
2826 4208 2879 4255 et
2903 4199 3194 4267 feminalia,
3229 4201 3343 4270 ipsa
3391 4211 3445 4258 et
3461 4205 3681 4260 braccas
3702 4204 3777 4260 di-

2207 4299 2399 4351 cimus.
2436 4295 2561 4349 ideo
2581 4295 2824 4357 hraccas,
2840 4293 2964 4362 quia
2985 4301 3111 4348 sunt
3136 4294 3348 4348 breves.
3389 4293 3617 4351 Brachin
3632 4296 3772 4352 enim

2211 4388 2249 4441 ϐ
2262 4402 2395 4442 nece
2437 4386 2603 4439 breve
2631 4385 2849 4439 dicitur.
3726 4388 3729 4395 '

2285 4475 2584 4529 Stramenta
2615 4482 2789 4526 autem
2812 4472 3058 4526 lectorum
3076 4474 3349 4544 sumciant,
3370 4483 3553 4540 matta,
3570 4491 3770 4545 sagum,

2206 4572 2325 4625 lena
2348 4575 2394 4619 et
2417 4562 2655 4633 capitale.
2699 4561 2896 4633 Sagum
2919 4562 3181 4618 Gallicum
3205 4578 3398 4619 nomen
3428 4575 3528 4620 est.
3561 4566 3768 4621 Dictum

2203 4666 2384 4712 autem
2413 4667 2598 4722 sagum
2642 4653 2926 4720 quadrum,
2981 4668 3048 4708 eo
3072 4654 3214 4723 quod
3263 4654 3401 4722 apud
3430 4668 3523 4708 eos
3543 4654 3769 4724 primum

2204 4746 2527 4816 quadratum
2549 4740 2631 4795 vel
2672 4740 3014 4810 quadriplam
3049 4750 3213 4797 esset.
3279 4742 3388 4798 Nos
3413 4751 3589 4798 autem
3616 4745 3770 4800 modo

2204 4854 2302 4909 per
2352 4833 2765 4891 diminutionem
2794 4847 2824 4884 a
2856 4847 3004 4901 sago,
3029 4834 3286 4905 sagellum
3321 4835 3564 4890 dicimus.
3629 4834 3768 4891 Lena

2209 4941 2336 4981 vero
2369 4923 2576 4993 species
2588 4920 2760 4975 vestis
2785 4920 2986 4975 villosae
3005 4930 3089 4976 est
3117 4939 3279 4992 quam
3305 4938 3403 4978 nos
3422 4939 3607 4993 copam
3639 4925 3766 4997 [ΑΙ.⁹

2209 5012 2411 5083 toxam]
2468 5010 2718 5072 dicimus,
2763 5008 2853 5063 alii
2905 5024 3036 5063 vero
3082 5010 3362 5081 galnapem
3393 5027 3512 5066 eam
3555 5023 3763 5068 vocant.

2207 5105 2446 5175 Capitale
2475 5112 2652 5158 autem
2676 5102 2823 5167 dicit,
2856 5104 2998 5172 quod
3024 5118 3122 5159 nos
3154 5104 3477 5174 plumacium
3519 5105 3761 5164 dicimus.

2208 5201 2285 5254 De
2318 5198 2417 5252 hac
2444 5195 2707 5251 sententia
2758 5202 2812 5248 et
2852 5194 3087 5249 Isidorus
3139 5195 3298 5249 dicit:
3332 5193 3643 5265 Speciosam
3686 5198 3765 5252 vel

2208 5289 2422 5343 variam‘
2442 5284 2825 5355 supellectilem
2853 5286 3114 5340 monacho
3141 5285 3338 5341 habere
3367 5300 3472 5342 non
3494 5287 3654 5354 licet;
3677 5304 3763 5345 eu-

2193 5377 2283 5444 jus
2305 5382 2509 5431 stratus
2532 5373 2639 5427 erit
2661 5371 2927 5436 storea,'et
2954 5372 3555 5445 stragulum,pellesque
3580 5376 3763 5431 lanata:

2202 5472 2341 5533 dum,
2384 5468 2627 5539 galnapis
2655 5481 2889 5536 quoque,
2920 5474 2975 5521 et
3015 5465 3355 5540 facitergium
3418 5470 3762 5541 geminusque

2205 5560 2269 5611 ad
2302 5566 2465 5627 caput
2483 5556 2754 5627 pulvilius.

2275 5654 2406 5713 Qum
2436 5656 2612 5700 tamen
2653 5647 2787 5703 lecta
2823 5647 3123 5719 frequenter
3151 5650 3217 5703 ab
3247 5649 3435 5704 abbate
3484 5648 3762 5704 scrutanda

2202 5751 2341 5803 sunt,
2372 5748 2581 5810 propter
2613 5755 2740 5793 onus
2766 5738 3052 5811 peculiare,
3084 5756 3145 5795 ne
3169 5740 3480 5794 inveniatur.
3520 5740 3589 5795 Et
3615 5740 3661 5795 si
3681 5737 3759 5795 cui
