3944 6428
164 260 262 316 897

1147 332 1155 339 ’
1192 262 1542 321 COMMENT.
1587 266 1649 321 IN
1696 267 1853 326 ΠΕΟ.
1896 270 1961 337 εδ,
2000 278 2376 339 BENEDICTI.

3312 292 3416 350 898

164 377 431 476 inve-iitum
453 376 788 476 fuerit-quod
917 378 1129 476 abbate_
1158 396 1275 476 ηοη⁸
1305 382 1581 476 acceperit.
1612 400 1736 453 θνα·
1765 388 1813 448 Α
1841 399 2043 476 putans
2067 405 2295 466 arrepta:
2324 397 2582 454 nuditatis
2618 400 2868 457 virtutem
2915 415 3087 473 usque
3130 406 3411 476 perducat.

161 467 391 522 vissima:
428 468 721 540 disciplima
749 470 1040 540 subjaceat.
1084 470 1148 525 Et
1179 480 1232 524 ut
1255 472 1352 527 hoc
1375 473 1558 527 vitium
1583 491 1738 545 pecu-

157 560 294 613 liare
308 559 566 613 radicitus
588 570 908 631 amputetur,
924 562 1112 616 dentur
1133 561 1197 615 ab
1220 563 1406 618 abbate
1431 566 1738 636 omniaquae

85 642 99 656 ’
160 659 281 704 sunt
324 653 661 706 necessaria:
686 652 1108 717 id_est,cuculla,
1155 655 1356 719 tunica,
1396 654 1626 725 pedules,
1655 673 1740 709 ca-

157 742 302 811 liga’,
333 742 552 806 bracile,
574 741 835 808 cultellus,
860 744 1158 813 graphium,
1192 761 1339 808 acus,
1364 743 1628 814 mappula,
1655 756 1741 798 ta-

159 833 316 898 bulre,
343 844 398 888 ut
429 836 597 889 omnis
628 836 905 905 auferatur
932 836 1253 889 necessitatis
1276 838 1567 889 excusatio.
1601 836 1736 890 llixzc

156 935 211 980 et
242 926 434 981 beatus
478 926 810 983 Fructuosus
832 927 961 981 dicit
988 945 1002 980 :
1036 926 1255 981 Lcctula
1283 927 1615 997 singulorum
1642 928 1738 979 al:-

159 1016 258 1073 bas
288 1018 373 1073 vel
400 1019 725 1089 prmpositus
754 1020 837 1074 bis
864 1019 918 1073 in
949 1018 1286 1074 hebdomada
1317 1019 1735 1088 revolvatatque

156 1116 550 1177 perscrutetur,
582 1116 642 1162 ut
674 1107 892 1162 videant
939 1124 1008 1163 ne
1041 1109 1163 1177 quis
1182 1107 1511 1178 superfluum
1532 1109 1733 1178 aliquid

156 1199 270 1253 illic
289 1198 372 1253 vel
393 1198 663 1252 occultum
692 1199 908 1252 habeat.
972 1196 1189 1253 Subula:
1214 1215 1363 1263 sane,
1392 1214 1522 1253 acus
1548 1214 1613 1253 ac
1644 1198 1734 1252 fila

155 1289 372 1343 diversa
399 1304 499 1358 pro
512 1289 835 1344 consuendis
852 1290 1312 1359 emendandisque
1335 1290 1580 1344 vestibus
1602 1290 1734 1359 ipsis

156 1378 442 1433 tribuenda
460 1378 668 1433 suutab
689 1378 904 1443 abbate,
919 1389 973 1431 et
995 1394 1116 1432 cum
1151 1379 1448 1434 necessitas
1477 1394 1733 1448 poposce-

158 1470 251 1537 rit,
298 1470 512 1524 lavandi
563 1477 725 1538 atque
770 1468 1089 1523 emendandi
1138 1468 1374 1523 habeant
1398 1468 1727 1523 facultatem.

154 1557 296 1615 Hinc
317 1566 371 1614 et
396 1566 615 1613 sanctus
637 1557 961 1613 Pachomius
986 1558 1061 1612 ait
1081 1575 1096 1612 :
1119 1557 1289 1611 Nemo
1318 1557 1512 1611 habeat
1538 1566 1732 1627 przetvr

150 1663 219 1705 ea
240 1665 362 1719 quae
382 1650 435 1703 in
460 1664 745 1704 commune
771 1649 1081 1702 monasterii
1112 1648 1228 1719 lege
1276 1656 1551 1718 prmccpta.
1570 1657 1725 1712 sunt;

152 1756 264 1797 non
287 1742 545 1807 tunicam,
562 1758 668 1797 non
683 1740 925 1811 pallium,
941 1756 1048 1796 non
1063 1740 1279 1810 pellem,
1296 1754 1401 1793 non
1426 1755 1725 1804 nummum,
1759 1730 1805 1788 Β

152 1846 257 1888 nec
282 1834 351 1888 ad
363 1843 525 1902 caput
554 1834 852 1902 pulvillum,
869 1834 1109 1902 exceptis
1137 1832 1222 1886 his
1247 1848 1364 1901 quze
1382 1846 1413 1885 a
1439 1832 1599 1886 Patre
1616 1846 1730 1885 mo-

153 1924 380 1979 uaSterii
406 1939 503 1993 per
520 1924 841 1994 prtepositos
864 1924 1194 1979 dividuntur.

224 2019 267 2072 Α
286 2035 387 2089 quo
414 2014 795 2072 tamen‘abbate
814 2033 1014 2087 semper
1037 2016 1394 2071 consideretur
1411 2014 1505 2069 illa
1526 2025 1731 2069 senten-

153 2108 230 2160 tia
256 2107 481 2160 Actuunt
510 2105 867 2177 apostolorum
889 2126 909 2159 :
935 2108 1060 2177 quia
1086 2106 1315 2159 dabatur
1339 2104 1579 2176 singulis,
1606 2122 1729 2174 pro-

151 2208 207 2252 ut
233 2199 416 2269 cuique
450 2215 581 2268 opus
611 2207 745 2251 erat.
787 2196 874 2251 Ita
918 2214 1039 2267 ergo
1066 2207 1113 2251 et
1138 2196 1297 2250 abbas
1328 2195 1615 2249 consideret
1649 2196 1732 2248 in-

150 2291 453 2359 ﬁmitatem
481 2292 849 2361 indigentium,
894 2307 997 2345 non
1023 2290 1218 2344 malam
1260 2289 1574 2344 uoluntatem
1597 2288 1732 2342 inri-

150 2382 405 2437 dentium.
440 2382 507 2435 In
535 2381 771 2436 omnibus
801 2391 973 2436 tamen
989 2382 1208 2451 judiciis
1238 2383 1348 2436 suis
1374 2381 1473 2435 Dei
1502 2382 1727 2436 retribu-

155 2473 346 2526 tionem
375 2473 583 2541 cogitet.
639 2472 778 2527 Hinc
803 2472 1038 2527 Isidorus
1066 2473 1177 2526 ait:
1251 2472 1581 2526 Vestimenta
1620 2487 1726 2526 non

150 2575 313 2622 erunt
340 2567 622 2636 aequaliter
648 2560 1023 2621 distribuenda
1078 2566 1133 2620 in
1161 2565 1435 2629 omnibus,
1479 2564 1573 2620 sed
1602 2580 1725 2619 cum

149 2658 497 2723 discretione,
528 2665 589 2714 ut
631 2651 999 2728 cujuscunque
1040 2666 1191 2724 tetas,
1230 2658 1536 2728 gradusque
1561 2671 1726 2727 expo-

148 2748 331 2803 stulat.
391 2747 470 2802 Ita
497 2749 642 2802 enim
665 2756 716 2803 et
747 2748 1017 2819 apostolos
1054 2747 1246 2803 fecisse
1286 2747 1536 2817 legimus,
1584 2748 1725 2801 sicut

149 2840 411 2909 scriptum
437 2848 523 2894 est
551 2856 565 2892 :
602 2838 774 2893 Erant
791 2839 898 2894 illis
921 2841 1098 2894 omnia
1121 2838 1438 2901 communia,
1465 2847 1514 2892 et
1549 2837 1726 2891 distri-

150 2928 406 2983 buebatur
432 2929 709 3000 unicuique
728 2939 883 2998 prout
916 2945 1045 2999 opus
1066 2938 1175 2982 erat
1208 2928 1345 2999 (Act.
1373 2927 1469 2997 Iv).
1517 2926 1721 2982 Unius-

149 3017 412 3088 cujusqne
448 3026 628 3074 autem
656 3018 841 3074 fratris
853 3018 1286 3090 supplementum
1308 3018 1395 3073 vel
1422 3018 1718 3089 indigentia

148 3078 490 3178 inspiciatur,
519 3117 580 3163 ut
608 3110 701 3180 qui
747 3078 971 3165 haben}.
989 3109 1229 3165 contenti
1256 3109 1382 3175 sint,
1414 3117 1471 3164 et
1491 3078 1583 3179 qui
1610 3123 1717 3163 non
1748 3078 1792 3139 C

147 3199 352 3258 habent
370 3203 655 3272 accipiant.

736 3292 960 3350 CAPUT
998 3292 1131 3347 LVI.

670 3386 759 3443 De
769 3403 947 3441 mensa
969 3387 1192 3440 abbatis.

223 3478 407 3533 Mensa
445 3478 647 3533 abbatis
703 3494 822 3532 cum
875 3478 1162 3548 hospitibus
1215 3487 1264 3531 et
1319 3477 1605 3547 peregrinis
1646 3477 1719 3531 sit

148 3586 366 3641 semper.
400 3568 613 3633 Quoties
637 3580 813 3622 tamen
835 3569 1007 3622 minus
1029 3577 1147 3622 sunt
1174 3567 1422 3639 hospites,
1448 3584 1577 3638 quos
1606 3567 1716 3622 vult

146 3661 212 3713 dc
234 3660 489 3730 fratribus
516 3656 703 3712 vocare
739 3662 793 3713 in
818 3662 982 3728 ipsius
1012 3662 1079 3714 sit
1125 3670 1397 3730 potestate.
1433 3660 1715 3715 Seniorum

147 3759 323 3801 autem
346 3750 541 3809 unum,
560 3754 652 3797 aut
673 3745 828 3809 duos,
866 3762 1067 3815 semper
1116 3764 1236 3800 cum
1269 3750 1525 3816 fratribus
1548 3750 1725 3804 dimit-

146 3839 331 3893 tendos
357 3828 621 3907 procuret,
652 3845 862 3904 propter
877 3836 1227 3905 disciplinam.
1263 3838 1399 3892 llinc
1422 3848 1606 3906 patres
1629 3855 1725 3894 an-

147 3930 283 3999 tiqui
305 3927 591 4001 dixerunt:
625 3924 738 3978 Non
769 3924 950 3979 licebit
974 3926 1260 3994 peregrino
1280 3927 1435 3980 fratri
1463 3942 1586 3981 cum
1617 3926 1726 3980 fra-

148 4021 324 4074 tribus
378 4016 726 4081 manducare,
771 4015 871 4070 nisi
900 4020 1044 4070 cum
1077 4030 1144 4072 eo
1171 4016 1263 4086 qui
1301 4025 1497 4087 praeest
1539 4016 1721 4081 Patre,

147 4118 210 4165 ut
244 4107 418 4181 possit
441 4106 717 4162 tedificari.
772 4105 996 4173 Quando
1024 4114 1206 4161 tamen
1255 4105 1523 4162 defuerint
1543 4108 1726 4177 hOSpi-

151 4208 251 4267 tes,
304 4213 431 4254 cum
469 4197 667 4269 quibus
720 4197 836 4251 vult
881 4196 950 4251 de
987 4196 1244 4251 fratribus
1292 4197 1456 4252 abbas
1490 4198 1727 4252 mandu-

150 4299 255 4346 cet.
305 4289 561 4346 Seniores
603 4297 782 4343 tamen
809 4302 911 4359 pro
932 4288 1172 4343 custodia
1202 4303 1324 4342 cum
1364 4287 1621 4345 fratribus
1650 4290 1727 4345 di-

152 4383 328 4437 mittet

722 4450 949 4507 CAPUT
985 4450 1140 4507 LVII.

564 4540 643 4595 De
664 4541 951 4610 artificibus
978 4541 1301 4595 monasterii.

218 4651 460 4721 Artiﬁces
480 4651 526 4705 si
551 4659 671 4705 sunt
694 4652 750 4705 in
793 4651 1133 4717 monasterio,
1162 4668 1280 4706 cum
1319 4652 1464 4705 omni
1506 4651 1719 4706 humili-

146 4751 255 4799 tate
278 4750 327 4796 et
356 4740 637 4795 reverentia
663 4739 861 4809 faciant
880 4743 1021 4813 ipsas
1041 4749 1202 4807 artes,
1229 4743 1277 4796 si
1303 4750 1476 4796 tamen
1497 4741 1720 4811 jusserit

151 4836 333 4892 abbas.
381 4831 535 4899 Quod
562 4833 609 4887 si
635 4832 826 4904 aliquis
878 4849 943 4887 ea:
980 4834 1054 4887 eis
1075 4832 1344 4887 extollitur
1380 4849 1474 4904 pro
1497 4834 1748 4888 scientia'

149 4924 279 4978 artis
302 4939 435 4987 sure,
470 4938 530 4978 eo
558 4922 698 4993 quod
730 4922 980 4977 ‘videatur
1003 4923 1204 4994 aliquid
1249 4923 1488 4993 conferre
1536 4940 1722 4978 mona-

149 5013 328 5077 sterio,
358 5011 442 5065 hic
467 5010 589 5066 talis
637 5010 894 5066 evellatur
923 5012 989 5065 ab
1022 5012 1136 5082 ipsa
1175 5023 1309 5077 arte,
1349 5022 1399 5067 et
1438 5013 1609 5069 denuo
1630 5029 1724 5084 per

148 5119 265 5157 eam
304 5118 409 5156 non
432 5111 679 5166 tremeat,
710 5102 810 5157 nisi
831 5102 964 5171 forte
983 5101 1259 5157 humiliato
1282 5104 1329 5156 ei
1350 5103 1540 5156 iterum
1561 5103 1723 5158 abbas

139 5192 349 5265 jubeat.
428 5179 570 5248 Hinc
612 5192 904 5249 Cassianus
954 5194 1028 5248 ait
1065 5210 1079 5245 :
1146 5193 1203 5249 Si
1247 5193 1369 5262 quis
1420 5202 1601 5249 autem
1657 5196 1725 5251 de

148 5300 316 5356 opere
336 5285 607 5341 aesudore
625 5286 845 5357 proprio
856 5286 977 5357 plus
989 5286 1058 5340 ab
1070 5285 1193 5341 aliis
1223 5285 1464 5341 redditus
1483 5285 1726 5341 conferat

149 5376 502 5443 monasterio,
527 5378 584 5433 in
610 5377 756 5432 nullo
784 5376 1020 5443 inﬂetur,
1041 5392 1142 5433 nec
1165 5377 1265 5432 sibi
1295 5377 1362 5433 de
1388 5383 1536 5432 tanto
1548 5378 1727 5446 operis

152 5469 236 5525 sui
294 5458 563 5539 iicquisito
606 5469 932 5536 blandiatur,
952 5486 1054 5527 nec
1076 5469 1309 5541 amplius
1338 5469 1441 5527 sibi
1474 5479 1567 5525 aut
1588 5469 1725 5525 deli-

152 5559 328 5614 catius
356 5557 558 5628 aliquid
586 5558 741 5615 solita
764 5560 1061 5629 quotidiani
1097 5560 1274 5615 victus
1300 5561 1562 5631 parcitate
1585 5574 1725 5629 pra:-
1769 5597 1774 5602 -

152 5656 349 5713 sumat,
392 5649 487 5704 sed
519 5657 773 5721 tanquam
799 5651 1142 5723 peregrinum
1192 5667 1249 5706 se
1310 5651 1725 5722 hujnsm‘odire-

1746 4423 1800 4481 D

1839 475 1995 542 Quod
2022 492 2200 538 autem
2237 484 2367 539 dicit
2397 500 2412 539 :
2455 486 2555 541 Ilic
2578 489 2701 544 talis
2747 489 2998 545 evellatur
3026 493 3089 547 ab
3117 494 3231 564 ipsa
3273 507 3411 564 arte,

1838 568 2176 642 intelligitur,
2216 578 2571 645 suspendatur
2617 582 2685 635 ab
2734 582 2871 651 ipso,
2924 584 3009 638 cui
3039 585 3412 652 incumbebat,

1837 665 2112 729 operando
2156 666 2290 720 artis
2339 666 2556 733 officio;
2610 686 2710 726 nec
2743 673 2969 742 amplius
3021 683 3263 732 transeat
3314 692 3412 747 per

1837 767 1983 816 cum,
2036 756 2090 809 id
2118 764 2223 820 est,
2261 772 2366 812 non
2413 768 2689 827 operetur,
2726 763 2827 817 nisi
2880 765 3191 821 humiliatus
3247 765 3412 822 fuerit

1837 842 2033 898 denuo.
2076 846 2297 916 Erigere
2321 849 2465 903 enim
2494 858 2654 919 atque
2705 855 3029 922 suspendere
3057 872 3221 911 unum
3253 858 3409 912 intel-

1835 933 2021 1002 ligitur
2046 952 2165 992 esse

1906 1024 1965 1079 Si
1986 1028 2115 1099 quid
2156 1046 2273 1084 vero
2322 1046 2387 1084 ea:
2433 1032 2672 1102 operibus
2699 1033 2964 1102 artiﬁcum
3006 1036 3410 1091 venundandam

1833 1124 1929 1179 est,
1951 1118 2162 1172 uideant
2183 1120 2283 1189 ipsi
2305 1138 2397 1190 per
2422 1138 2645 1189 quorum
2686 1140 2872 1178 manus
2906 1128 3241 1196 transigenda
3266 1139 3407 1193 sunt,

1836 1220 1898 1258 ne
1922 1203 2156 1277 aliquam
2183 1208 2425 1272 fraudem
2455 1223 2773 1281 pra'smnant
2808 1215 3019 1283 inferre.
3054 1216 3411 1272 Mentorentnr
3503 1205 3511 1211 ’

1833 1296 2057 1353 Anania:
2097 1308 2145 1352 et
2184 1298 2447 1371 Saphirte,
2473 1319 2536 1357 ne
2589 1304 2722 1373 forte
2774 1316 3010 1372 mortem,
3062 1325 3218 1378 quant
3247 1310 3325 1363 illi
3354 1312 3410 1365 in

1832 1402 2049 1458 corpore
2089 1391 2410 1460 pertulerunt
2439 1392 2575 1463 (Act.
2605 1392 2683 1464 v),
2734 1397 2869 1449 hanc
2891 1396 3096 1462 isti,vel
3117 1414 3293 1453 omnes
3318 1402 3409 1469 qui

1832 1475 2064 1548 aliquam
2114 1480 2354 1549 fraudem
2404 1482 2469 1536 de
2504 1482 2653 1537 rebus
2702 1488 3007 1540 monasterii
3050 1488 3297 1556 fecerint,
3352 1491 3408 1545 in

1830 1568 2011 1622 anima
2053 1571 2343 1640 patiantur.
2402 1572 2560 1640 Pejor
2586 1574 2729 1628 enim
2782 1585 2837 1629 et
2886 1576 3073 1631 durior
3109 1586 3194 1633 est
3234 1595 3399 1641 mors,

1830 1673 1996 1728 quam
2023 1659 2264 1716 fraudem
2317 1662 2564 1719 faciendo
2607 1666 2854 1720 monachi
2894 1668 3171 1737 patiuntur
3200 1670 3254 1723 in
3281 1672 3402 1724 aui-

1834 1764 1941 1813 ma,
1971 1765 2134 1819 quam
2178 1768 2326 1808 mors
2354 1755 2597 1823 corporis
2625 1771 2785 1823 quam
2836 1759 2981 1827 passi
3014 1768 3139 1813 sunt
3166 1760 3405 1815 Ananias
3470 1772 3473 1775 ‘

1832 1848 1889 1893 et
1917 1837 2163 1908 Saphira.
2202 1841 2345 1896 Mors
2371 1844 2515 1897 enim
2543 1845 2840 1914 corporalis
2866 1847 3109 1902 omnium
3134 1859 3219 1903 est
3249 1865 3403 1904 com-

1832 1929 2011 1982 munis
2038 1939 2093 1984 et
2124 1931 2460 2000 temporalis,
2519 1949 2666 1989 mors
2699 1950 2826 1989 vero
2873 1937 3067 1991 anima:
3116 1938 3405 2008 impiorum

1831 2026 1915 2073 est
1937 2027 1992 2073 et
2025 2020 2275 2088 ptenalis.
2329 2020 2455 2076 Hmc
2512 2024 2747 2077 animam
2803 2024 3063 2095 disjungit
3100 2042 3130 2080 a
3158 2042 3404 2098 corpore,

1832 2108 1921 2162 illa
1953 2126 2083 2164 vero
2109 2120 2381 2180 separata
2409 2110 2685 2169 Creatore.
2724 2115 2849 2170 llaec
2888 2132 3085 2187 corpus
3130 2119 3185 2174 in
3232 2120 3408 2189 sepulo

1831 2215 2001 2264 crum,
2039 2201 2129 2254 illa
2158 2217 2289 2257 vero
2312 2203 2555 2259 immittit
2581 2206 2816 2260 animam
2846 2207 2899 2262 in
2931 2207 3221 2264 infernum.

1900 2290 1969 2347 In
1995 2293 2121 2363 ipsis
2153 2303 2327 2349 autem
2379 2297 2559 2364 pretiis
2596 2314 2698 2353 non
2745 2300 2991 2372 subrepat
3028 2305 3265 2361 avaritia:
3294 2323 3407 2360 ma-

1830 2380 1961 2448 lum,
2009 2384 2101 2438 sed
2149 2401 2354 2455 semper
2404 2387 2973 2459 aliquantulummilius
3011 2395 3165 2449 detur
3185 2413 3342 2467 quam
3373 2417 3407 2453 a

1828 2474 2168 2529 sacularibus
2194 2476 2377 2544 datur,
2410 2488 2466 2532 ut
2509 2481 2565 2534 in
2593 2482 2834 2537 omnibus
2883 2484 3210 2555 gloriﬁcatur
3235 2488 3402 2544 Dens.

1828 2563 1971 2619 llinc
1990 2565 2211 2634 quidam
2239 2568 2629 2625 monachorum
2672 2574 2932 2644 magister
2954 2576 3030 2630 ait
3060 2594 3075 2630 :
3115 2577 3249 2633 Cum
3272 2595 3411 2634 una-

1828 2669 2055 2724 quaeque
2079 2670 2170 2710 ars
2198 2656 2431 2727 aliquem
2457 2659 2788 2731 profectum,
2806 2681 3198 2736 supervacuum
3222 2671 3411 2727 usibus

1827 2746 2163 2811 monasterii,
2219 2748 2305 2802 vel
2344 2749 2729 2806 mittendorum
2780 2756 3114 2826 eulogiarum
3169 2759 3410 2815 abunda-

1824 2835 1989 2902 verit,
2016 2837 2343 2907 interrogata
2372 2840 2637 2908 qualitate
2666 2844 2847 2911 pretii,
2900 2855 3161 2915 quantum
3186 2865 3216 2904 a
3238 2865 3410 2905 stecu-

1824 2925 2031 2982 laribus
2058 2927 2286 2983 distrahi
2306 2937 2506 2998 potest,
2536 2938 2744 2985 tantum
2771 2931 2910 2987 infra
2933 2950 3277 2991 nummorum
3307 2939 3410 2992 mi-

1824 3016 1942 3071 nori
1957 3032 2171 3087 semper
2190 3016 2523 3075 distrahatur
2541 3021 2736 3090 pretio,
2762 3031 2823 3076 ut
2841 3032 3202 3096 agnoscantur
3223 3027 3277 3080 in
3305 3028 3408 3083 hac

1824 3115 1981 3176 parte
2015 3108 2288 3178 spiritales
2320 3124 2351 3164 a
2390 3111 2741 3166 saecularibus
2779 3113 2991 3169 actibus
3032 3115 3398 3187 distantiaque

1823 3200 2085 3269 separari.
2149 3199 2285 3256 Cum
2324 3216 2432 3256 non
2459 3204 2660 3274 negotii
2687 3220 2874 3270 causa,
2920 3222 3040 3276 quae
3078 3208 3295 3263 inimica
3319 3219 3405 3263 est

1824 3293 2033 3359 animae,
2060 3293 2269 3348 lucrum
2299 3308 2459 3362 supra
2488 3292 2760 3362 justitiam
2792 3305 3059 3365 quaerant,
3105 3299 3200 3353 sed
3236 3300 3403 3354 etiam

1822 3384 1891 3438 ab
1921 3383 2037 3452 ipsa
2065 3383 2279 3452 justitia
2304 3386 2484 3441 minus
2528 3386 2826 3456 accipiendi
2869 3389 3028 3459 pretii
3066 3390 3407 3447 humanitate

1823 3474 2189 3539 consentiant,
2219 3482 2282 3528 nt
2316 3488 2425 3529 non
2465 3483 2686 3546 propter
2732 3477 3084 3547 cupiditatem
3123 3489 3178 3535 et
3228 3483 3410 3536 avari-

1823 3563 1953 3618 tiam
1968 3572 2113 3619 artes
2148 3565 2365 3635 operari
2397 3567 2707 3622 credantur.
2755 3567 2998 3624 Avaritia
3029 3571 3176 3626 enim
3198 3584 3405 3629 nonest

1824 3669 2068 3723 parvum,
2099 3657 2194 3711 sed
2221 3656 2423 3728 grande
2446 3658 2667 3713 malum.
2701 3659 2845 3730 Ignis
2866 3669 2951 3715 est
2976 3662 3031 3715 in
3065 3662 3230 3718 corde
3251 3666 3407 3721 avari

1825 3745 2336 3817 iuexstinguibiliter
2397 3749 2595 3804 ardens
2652 3757 2708 3804 et
2772 3750 3168 3808 incessabiliter
3221 3769 3406 3811 urens.

1825 3833 1966 3889 Hinc
1994 3836 2048 3889 in
2084 3836 2229 3891 beati
2247 3837 2349 3893 Job
2362 3838 2502 3894 libro
2528 3840 2789 3908 scriptum
2804 3850 2928 3896 est:
2965 3842 3113 3913 Ignis
3141 3845 3410 3903 devorabit

1825 3922 2166 3977 tabernacula
2220 3941 2400 3979 eorum
2466 3928 2556 3997 qui
2601 3944 2821 3982 munera
2875 3929 3094 3985 libenter
3140 3933 3407 4002 accipiunt

1827 4009 1951 4083 (Job
1967 4011 2102 4085 xui).
2128 4012 2281 4079 Quod
2305 4014 2496 4070 beatus
2521 4014 2814 4086 Gregorius
2834 4031 3114 4087 exponens
3133 4021 3237 4074 ait:
3263 4023 3406 4093 Ignis

1828 4101 2174 4157 tabernacula
2194 4103 2437 4169 devorat,
2453 4120 2576 4160 cum
2608 4115 2774 4163 testas
2794 4110 3036 4165 avaritia:
3047 4112 3405 4180 cogitationes

1829 4194 2027 4249 mentis
2061 4194 2327 4249 devastat.
2408 4195 2545 4251 Hinc
2569 4203 2623 4251 et
2673 4195 2928 4253 Salomon
2968 4200 3075 4254 ait:
3117 4200 3406 4258 Conturbat

1827 4282 2040 4335 domum
2062 4300 2234 4350 suam,
2258 4285 2348 4355 qui
2373 4294 2602 4339 sectatur
2645 4288 2922 4341 avaritiam
2943 4287 3126 4361 (Prov.
3148 4292 3261 4363 tv).
3314 4292 3402 4359 Et,

1828 4371 2029 4428 Avarus
2065 4391 2169 4428 non
2205 4374 2504 4445 implebitur
2534 4378 2754 4447 pecunia
2783 4376 3074 4451 (Eccle.v).
3123 4383 3199 4437 De
3227 4384 3405 4437 avari-

1829 4464 1902 4518 tia
1926 4464 2071 4518 enim
2108 4464 2276 4520 multa
2323 4465 2427 4534 alia
2463 4466 2594 4521 vitia
2633 4467 2920 4538 pullulant,
2976 4471 3118 4526 sicut
3143 4474 3403 4543 scriptum

1825 4559 1944 4607 est:
1972 4551 2152 4607 Radix
2173 4556 2403 4608 omnium
2422 4554 2680 4610 malorum
2693 4567 2767 4611 est
2787 4560 3013 4614 avaritia
3036 4559 3089 4632 (I
3150 4561 3285 4617 Tim.
3302 4565 3400 4634 vi).

1826 4643 1942 4699 Hoc
1973 4651 2058 4699 est
2083 4645 2226 4699 enim
2254 4645 2445 4700 vitium
2475 4662 2581 4701 non
2608 4647 2780 4702 solum
2805 4650 3014 4705 occulta
3032 4650 3283 4722 plurima,
3307 4655 3403 4710 sed

1825 4744 1881 4792 et
1905 4744 2090 4807 aperta
2116 4736 2280 4791 multa
2302 4746 2527 4808 generat
2546 4740 2689 4793 mala

2377 4829 2622 4886 .CAPUT
2662 4831 2839 4887 LVIII.

2046 4921 2127 4978 De
2150 4923 2428 4995 disciplina
2453 4924 2905 4996 suscipiendorum
2931 4926 3178 4996 fratrum.

1896 5012 2117 5069 Noviter
2144 5015 2349 5069 veniens
2368 5028 2484 5084 quis
2507 5014 2576 5067 ad
2598 5016 3004 5084 conversionem,
3027 5034 3132 5071 non
3155 5019 3204 5073 ei
3225 5019 3401 5089 facilis

1825 5105 2092 5160 tribuatur
2116 5106 2416 5176 ingressus;
2448 5104 2562 5170 sed,
2590 5106 2725 5159 sicut
2761 5106 2837 5160 ait
2867 5108 3155 5176 apostolus,
3188 5110 3403 5180 probate

1824 5196 2060 5265 spiritus,
2100 5195 2146 5250 si
2174 5211 2240 5248 ea:
2263 5194 2373 5247 Deo
2406 5202 2529 5247 sunt
2567 5192 2621 5265 (1
2648 5194 2809 5249 Joan.
2834 5195 2932 5266 tv).
2964 5196 3102 5252 Hinc
3127 5205 3184 5253 et
3213 5198 3402 5253 Patres

1827 5286 2032 5356 antiqui
2076 5285 2331 5340 dixerunt
2373 5303 2386 5338 :
2436 5284 2495 5339 Si
2549 5286 2670 5353 quis
2713 5286 2838 5341 ﬁdei
2877 5287 3071 5344 ardore
3110 5304 3402 5345 succensus

1826 5376 2143 5431 renuntians
2166 5375 2365 5430 sreculo
2392 5376 2777 5431 monasterium
2804 5391 3011 5448 magna:
3036 5379 3402 5449 dispositionis

1823 5467 2048 5537 elegerit
2094 5466 2488 5537 expetendum,
2532 5467 2755 5522 novitati
2799 5466 2917 5536 ejus
2964 5483 3069 5525 non
3116 5468 3400 5523 confestim

1823 5560 2041 5615 licentia
2082 5557 2352 5613 tribuatur
2396 5557 2654 5623 intrandi,
2704 5558 2799 5613 sed
2843 5559 3080 5630 primum
3104 5558 3401 5613 studiosius

1824 5650 2132 5722 indagetur,
2174 5656 2353 5703 utrum
2398 5648 2699 5704 voluntarie
2738 5662 2806 5702 an
2856 5647 3175 5704 necessitate
3219 5647 3398 5718 aliqua
