3944 6410
545 264 648 321 899

1829 249 2176 307 SMARAGDI
2210 250 2502 308 ABBATIS

3689 257 3792 313 900

542 385 763 432 coactus
809 369 1103 427 advenerit.
1157 366 1264 423 Sed
1317 366 1530 423 dicente
1579 362 1838 435 apostolo,
1895 362 2112 435 probate
2138 363 2189 424 Α
2211 371 2364 433 gusta
2383 371 2458 417 est
2481 363 2566 417 via
2589 377 2705 434 quae
2728 359 2872 416 ducit
2893 361 2963 416 ad
2984 359 3166 417 vitam.
3205 361 3358 417 illum
3383 364 3507 418 audi
3545 364 3790 424 videlicet

540 467 776 539 spiritus,
798 465 843 518 si
872 477 938 516 ea:
957 461 1066 515 Deo
1091 467 1231 524 sunt,
1262 457 1544 528 diligenter
1568 456 1844 526 probetur,
1881 469 1949 509 ne
1977 453 2116 508 forte

541 563 609 614 sit
639 559 704 613 de
733 554 926 626 quibus
954 551 1214 607 Dominus
1250 550 1326 604 ait
1353 568 1365 602 :
1408 547 1622 603 Venient
1647 547 1716 601 ad
1739 564 1826 601 vos
1868 548 1924 600 in
1959 545 2113 599 uesti-

539 655 726 710 mentis
765 654 954 714 ovium,
995 649 1306 703 intrinsecus
1346 656 1520 700 autem
1553 653 1676 699 sunt
1717 643 1829 712 lupi
1870 653 2114 711 rapaces:

540 765 570 801 a
607 744 862 816 fructibus
893 757 1073 796 eorum
1108 737 1423 810 cognoscetis
1464 753 1550 790 eos
1591 734 1804 806 (Matth.
1830 731 1948 804 vn).
1979 731 2116 785 Pro-

538 836 686 890 batio
726 834 870 890 enim
919 830 1176 886 discernit
1227 836 1408 882 utrum
1457 840 1581 880 eum
1625 823 1846 877 tcntatio
1895 820 2113 884 diaboli,

541 943 609 980 an
635 923 848 979 vocatio
875 922 943 976 ad
972 917 1360 976 monasterium
1391 913 1676 970 adduxerit
1703 911 1921 967 Christi.

615 1013 758 1083 Ergo
795 997 841 1066 si
888 1011 1093 1065 veniens
1135 1006 1532 1079 perseveraverit
1571 1002 1808 1074 pulsans,
1855 1009 1903 1054 et
1940 999 2116 1054 illatas

543 1106 642 1160 sibi
684 1104 913 1173 injurias
954 1110 1003 1155 et
1039 1097 1390 1170 difficultatem
1435 1097 1698 1166 ingressus
1741 1101 1853 1163 post
1890 1099 2120 1162 quatuor

545 1203 637 1248 aut
685 1193 909 1264 quinque
951 1190 1061 1243 dies
1113 1189 1250 1241 visus
1291 1186 1452 1256 fuerit
1494 1184 1750 1255 patienter
1789 1189 2014 1250 portare,
2068 1185 2118 1230 et

540 1284 814 1355 persistere
849 1281 1085 1351 petitioni
1131 1295 1275 1342 suae,
1327 1285 1594 1330 annuatur
1638 1273 1686 1327 ei
1734 1273 2030 1342 ingressus,
2069 1278 2117 1321 et

540 1375 607 1428 sit
643 1374 697 1427 in
735 1372 866 1427 cella
897 1373 1158 1443 hospitum
1190 1369 1372 1440 paucis
1411 1367 1610 1420 diebus.
1666 1363 1846 1418 lllatas
1894 1359 2118 1429 injurias

545 1465 659 1519 sive
695 1478 789 1518 eas
821 1462 953 1517 dicit
982 1475 1116 1531 quas
1149 1475 1178 1512 a
1211 1456 1448 1527 portario
1485 1452 1820 1524 probationis
1855 1463 2018 1505 causa
2064 1448 2116 1500 in

539 1551 674 1606 cella
717 1551 919 1620 patitur
965 1548 1253 1618 hOSpitum,
1305 1546 1445 1600 sicut
1495 1544 1687 1597 beatus
1730 1541 1795 1596 de
1843 1538 1935 1593 tali
1978 1537 2116 1592 Fru-

539 1650 760 1697 ctuosus
809 1641 885 1695 ait
928 1657 941 1694 :
990 1637 1300 1708 Hospitibus
1351 1636 1464 1690 sive
1514 1631 1813 1703 peregrinis
1856 1629 2118 1684 stramina

539 1733 914 1804 comportabit,
957 1699 1152 1802 aquam
1195 1699 1534 1784 calcfaciens—
1553 1699 1796 1795 pedibus,
1835 1729 1891 1777 et
1930 1720 2112 1775 omnia
2141 1699 2188 1758 Β

539 1823 813 1879 humiliter
837 1819 1137 1892 ministeria
1173 1816 1468 1878 exercebit,
1511 1813 1820 1880 fascemque
1846 1811 2114 1880 lignorum

542 1931 640 1970 suo
685 1913 924 1985 quotidie
971 1911 1132 1964 dorso
1184 1908 1362 1963 ferens
1414 1903 1849 1962 bebdomadariis
1892 1901 2112 1963 tribuet,

540 2011 704 2072 atque
752 2002 824 2056 ita
877 2000 930 2053 in
980 1998 1125 2053 omni
1174 1995 1400 2066 penuria
1446 2002 1498 2048 et
1549 1992 1779 2048 utilitate
1839 1990 2113 2054 subactus,

539 2091 750 2162 expleto
789 2090 970 2144 animo
1005 2088 1261 2157 probatus
1301 2085 1560 2146 moribus,
1607 2089 1660 2137 et
1703 2081 1980 2136 laboribus
2016 2079 2116 2132 eli-

543 2194 743 2247 tuatus,
770 2189 1022 2251 percepta
1061 2179 1113 2233 in
1163 2177 1386 2232 ecclesia
1440 2173 1831 2238 benedictione,
1888 2170 2117 2224 fratrum

540 2273 784 2328 societati
816 2272 1065 2326 donetur.
1098 2267 1383 2337 Sequitur:

612 2361 805 2416 Postea
831 2370 1005 2414 autem
1030 2360 1097 2414 sit
1124 2359 1181 2412 in
1193 2355 1324 2412 cella
1352 2355 1686 2419 novitiorum,
1704 2352 1792 2406 ubi
1819 2349 2114 2412 meditetur,

538 2450 816 2504 manducet
856 2458 903 2504 et
931 2445 1186 2502 dormiat.
1239 2445 1576 2500 Novitiorum
1631 2441 1766 2496 cella
1814 2439 1965 2505 dicit,
2009 2455 2117 2493 non

539 2538 834 2608 liOSpitum,
867 2538 959 2592 sed
987 2535 1332 2606 pulsautium.
1388 2532 1490 2589 Ubi
1527 2531 1736 2586 noviter
1760 2516 1980 2584 veniens
2007 2528 2120 2582 sive

540 2643 667 2682 cum
694 2627 780 2682 his
807 2642 940 2696 quos
967 2627 1038 2680 ibi
1067 2624 1345 2688 invenerit,
1378 2624 1490 2678 sive
1517 2637 1640 2677 cum
1673 2621 1931 2691 magistro
1958 2632 2115 2698 quem

547 2717 828 2783 habuerit,
887 2717 1198 2780 meditetur,
1247 2715 1302 2768 in
1353 2711 1614 2776 canticis,
1662 2719 1719 2766 et
1770 2709 2012 2779 psalmis,
2064 2717 2120 2762 et

540 2808 790 2878 hymnis,
831 2808 944 2861 sive
977 2807 1030 2861 in
1064 2805 1400 2877 regularibus
1440 2801 1726 2874 praeceptis
1767 2799 1961 2869 quibus
2011 2806 2119 2853 tra-

541 2900 748 2955 dendus
787 2909 872 2954 est
909 2897 1281 2954 observandis.
1323 2897 1676 2966 Nequaquam
1719 2907 1850 2963 ergo
1895 2891 2054 2946 debet
2086 2905 2115 2943 a

540 2997 786 3060 tempore
825 2987 960 3060 [Al.,
985 2985 1189 3059 tepore]
1232 2987 1508 3049 inchoare,
1546 2983 1640 3053 qui
1674 2981 1877 3036 mundo
1917 2995 2117 3035 renun-

540 3047 672 3144 tiat;
692 3094 759 3134 ne
781 3047 879 3148 per
909 3047 1081 3150 ipsum
1123 3047 1334 3146 tempus
1375 3047 1506 3148 [Al.,
1535 3047 1798 3144 teporem]
1837 3085 2025 3126 rursus
2059 3069 2112 3123 in
2141 3047 2186 3108 (ἶ

539 3185 780 3224 amorem
809 3168 992 3224 εωοωί
1022 3168 1205 3222 cadat.

614 3259 684 3313 Et
706 3260 880 3314 senior
907 3260 954 3314 ei
981 3258 1103 3313 talis
1135 3258 1410 3329 deputetur
1432 3256 1522 3328 qui
1544 3263 1698 3324 aptus
1719 3253 1786 3308 sit
1813 3252 1882 3306 ad
1909 3250 2121 3306 lucran-

539 3354 637 3406 das
663 3351 888 3416 animas,
917 3353 1006 3422 qui
1038 3366 1196 3421 super
1229 3366 1290 3404 eo
1312 3349 1522 3403 omnino
1554 3348 1756 3404 curiose
1790 3342 2046 3408 intendat,
2071 3352 2119 3396 et

539 3439 798 3495 sollicitus
841 3439 906 3493 sit
951 3440 997 3494 si
1035 3455 1152 3493 uere
1189 3438 1357 3492 Deum
1391 3444 1626 3509 quarat,
1666 3436 1712 3490 si
1753 3433 2006 3489 sollicitus
2042 3441 2119 3487 est

541 3529 612 3584 ad
649 3545 776 3599 opus
805 3527 917 3591 Dei,
945 3527 1016 3582 ad
1047 3528 1412 3594 obedientiam,
1444 3526 1514 3580 ad
1551 3524 1847 3595 opprobria.
1889 3521 1948 3578 Si
1977 3523 2122 3579 solli-

536 3622 684 3677 citus
717 3630 802 3677 est
830 3620 899 3676 ad
930 3635 1066 3691 opus
1091 3619 1185 3675 Dei
1220 3619 1371 3685 dicit,
1409 3618 1464 3673 id
1497 3624 1601 3683 est,
1635 3617 1704 3672 ad
1737 3630 1802 3672 ea
1831 3630 1950 3685 quae
1988 3629 2117 3685 pro-

541 3714 660 3785 prie
697 3713 766 3768 ad
799 3713 971 3767 Deum
1026 3711 1321 3782 pertinent,
1367 3708 1619 3764 videlicet
1671 3705 1740 3762 ad
1792 3706 2116 3770 orationem,

545 3803 614 3857 ad
650 3801 936 3858 lectionem
961 3801 1219 3866 divinam,
1247 3800 1316 3854 ad
1341 3799 1550 3870 vigilias
1577 3805 1871 3853 nocturnas
1903 3809 2119 3851 cursus-

543 3904 651 3961 que
679 3891 925 3956 diurnos,
951 3891 1018 3945 ad
1039 3887 1302 3958 jejunium
1329 3895 1386 3942 et
1411 3901 1570 3942 omne
1599 3885 1837 3941 divinum
1861 3882 2113 3938 ollicium.

540 3980 624 4035 Ad
671 3979 1033 4036 obedientiam
1079 3978 1250 4044 dicit,
1305 3978 1430 4048 quia
1475 3975 1662 4030 melior
1704 3983 1780 4029 est
1829 3973 2117 4028 obedientia

542 4088 701 4143 quam
750 4071 980 4125 uictima.
1029 4069 1110 4124 Ad
1159 4067 1481 4138 opprobria,
1517 4066 1675 4131 dicit,
1724 4073 1787 4119 ut
1826 4063 1873 4118 si
1909 4063 2118 4119 venerit

542 4178 645 4232 pro
696 4162 914 4216 nomine
957 4159 1182 4224 Christi,
1227 4158 1494 4228 patienter
1539 4171 1602 4211 ea
1628 4154 1834 4210 toleret.
1891 4153 1968 4208 De
2013 4154 2118 4207 hoc

545 4254 734 4307 l-eatus
756 4251 1084 4306 Fructuosus
1127 4249 1204 4303 ait
1247 4265 1263 4302 :
1310 4247 1642 4304 Couversum
1687 4245 1752 4299 de
1795 4242 2010 4308 seculo,
2056 4249 2117 4296 ut

543 4343 767 4398 Patrum
825 4343 1041 4398 decreta
1099 4342 1315 4404 docent,
1368 4355 1477 4394 non
1532 4327 1953 4407 suscipiendum,
2008 4333 2113 4388 nisi

542 4436 696 4506 prius
731 4436 1160 4505 experimentum
1202 4434 1283 4488 sui
1327 4433 1382 4487 in
1421 4446 1582 4502 opere
1625 4437 1682 4485 et
1727 4429 1976 4499 penuria,
2019 4442 2115 4496 op-

542 4525 778 4596 probriis
813 4525 1022 4580 dederit
1047 4534 1102 4579 et
1121 4523 1394 4579 conviciis.
1421 4522 1560 4576 Hinc
1583 4529 1640 4576 et
1670 4519 1860 4575 beatus
1887 4517 2118 4572 Basilius

542 4616 621 4669 ait
669 4633 681 4668 :
725 4614 1046 4685 Priusquam
1089 4614 1326 4669 novitius
1375 4612 1589 4683 corpori
1633 4609 1992 4674 fraternitatis
2037 4609 2119 4662 in-

544 4716 780 4773 seratur,
812 4714 1024 4777 oportet
1050 4707 1100 4760 ei
1145 4704 1347 4774 iniungi
1371 4703 1614 4773 quaedam
1639 4701 1908 4756 laboriosa
1930 4713 2116 4768 opera,

542 4807 601 4854 et
647 4814 766 4868 quae
807 4799 1090 4852 videantur
1135 4797 1335 4850 habere
1375 4791 1684 4862 opprobria,
1734 4797 1790 4843 et
1835 4788 2115 4844 observari

544 4895 758 4958 oportet
801 4889 849 4943 si
886 4888 1120 4943 libenter
1155 4887 1272 4940 hate
1312 4899 1376 4938 ac
1415 4880 1736 4937 liducialiter
1774 4879 2005 4949 expleat,
2047 4894 2114 4933 ne

543 4976 912 5032 confusionem
960 4989 1150 5030 eorum
1190 4972 1426 5040 graviter
1465 4969 1627 5034 ferat,
1653 4969 1738 5024 vel
1775 4969 1940 5024 etiam
1978 4969 2025 5024 si
2061 4969 2114 5022 in

544 5066 730 5122 labore
758 5067 985 5136 impiger
1015 5063 1322 5118 inveniatur
1345 5070 1400 5116 et
1423 5069 1718 5132 promptus.

616 5159 982 5213 Prwdicentur
1005 5157 1053 5209 ei
1073 5153 1250 5207 omnia
1281 5153 1416 5206 dura
1451 5163 1498 5207 et
1528 5169 1735 5222 aspera,
1763 5169 1855 5223 per
1877 5168 1994 5223 quae
2013 5152 2120 5206 itur

545 5249 615 5302 ad
637 5247 824 5302 Deum.
868 5244 1240 5300 Praedicentur
1267 5243 1317 5298 ei
1352 5242 1486 5298 dura
1516 5243 1662 5308 dicit,
1693 5243 1748 5298 id
1778 5251 1885 5307 est,
1922 5243 2116 5314 rigida,

545 5335 726 5400 fortia,
772 5333 857 5388 vel
898 5329 1185 5391 laboriosa,
1245 5338 1304 5385 ut
1344 5331 1514 5401 possit
1565 5331 1747 5387 dicere
1797 5347 1921 5387 cum
1963 5332 2115 5387 Psal-

545 5425 707 5479 mista
737 5437 754 5478 :
784 5420 1011 5492 Propter
1045 5417 1196 5472 verba
1239 5420 1498 5477 labiorum
1551 5431 1758 5476 tuorum
1805 5440 1897 5494 ego
1938 5434 2114 5478 custo-

545 5513 654 5566 divi
693 5513 802 5567 vias
841 5512 1026 5566 duras.
1070 5507 1274 5577 Aspera
1329 5513 1488 5577 dicit,
1544 5512 1810 5584 districta,
1855 5513 2113 5580 violenta,

548 5600 632 5653 vel
657 5609 802 5658 arcta
827 5610 883 5659 et
913 5604 1164 5668 angusta.
1198 5599 1266 5656 de
1291 5617 1393 5672 qua
1423 5601 1717 5664 Dominus
1748 5603 1903 5659 Arcto
1937 5614 1983 5658 et
2023 5621 2116 5658 au-

2216 452 2309 522 qui
2335 451 2505 508 dixit:
2529 451 2642 522 Ego
2666 468 2780 506 sum
2815 451 2918 516 via,
2949 452 3141 506 veritas
3171 460 3218 505 et
3247 452 3373 528 rita.
3407 450 3545 509 Hinc
3575 463 3631 508 et
3659 458 3792 512 anti-

2217 539 2308 608 qui
2350 538 2538 594 Patres
2585 540 2836 594 dixerunt
2881 556 2894 592 :
2939 539 3003 593 Hi
3054 540 3188 596 tales
3235 549 3381 607 sunt,
3432 558 3557 598 cum
3608 547 3784 601 steculi

2217 630 2439 685 latebris
2479 630 2695 686 liberari
2733 631 3021 697 voluerint,
3052 633 3432 702 appropiantes
3464 639 3791 692 monasterio

2217 721 2554 776 bebdomada
2593 737 2691 792 pro
2733 723 2938 778 foribus
2976 732 3278 791 teneantur,
3320 734 3376 782 et
3414 742 3628 798 semper
3660 731 3788 788 dura

2217 819 2272 865 et
2318 811 2582 867 laboriosa
2631 813 2711 867 eis
2755 820 3140 882 proponantur.
3199 812 3256 868 Si
3303 830 3432 870 vero
3481 832 3792 886 persevcra-

2218 902 2398 956 verint
2431 902 2730 972 pulsantes,
2767 903 2848 956 eis
2885 918 2988 956 non
3027 910 3250 973 negetur
3288 905 3583 976 ingressus,
3625 910 3716 963 sed
3748 911 3792 964 is

2218 989 2310 1058 qui
2348 999 2545 1060 praeest
2576 990 2738 1046 Pater
2773 990 3075 1061 hujusmodi
3115 994 3362 1049 homines
3407 996 3632 1053 introire
3673 1013 3794 1069 per-

2218 1081 2430 1147 mittat,
2473 1089 2531 1136 et
2562 1082 2794 1151 qualiter
2831 1083 2998 1136 vitam
3044 1082 3272 1140 fratrum
3310 1087 3394 1141 vel
3437 1089 3674 1158 regulam
3718 1101 3797 1146 te—

2218 1184 2348 1225 nere
2377 1169 2586 1240 possint
2629 1171 2895 1225 ostendat.
2975 1223 2978 1226 .

2290 1260 2358 1313 Et
2392 1259 2438 1314 si
2467 1261 2764 1330 promiserit
2796 1262 2859 1315 de
2889 1263 3172 1318 stabilitate
3203 1281 3300 1318 sua
3334 1269 3792 1335 perseverantiam,

2217 1359 2332 1422 post
2370 1351 2597 1405 duorum
2632 1353 2888 1407 mensium
2927 1353 3207 1419 circulum,
3246 1354 3449 1425 legatur
3485 1359 3534 1410 ei
3566 1359 3678 1412 hac
3713 1377 3790 1412 re-

2219 1444 2343 1513 gula
2384 1459 2478 1513 per
2513 1443 2770 1508 ordinem,
2812 1452 2862 1497 et
2900 1444 3110 1497 dicatur
3150 1445 3197 1498 ei
3219 1445 3393 1500 :Ecce
3431 1449 3515 1502 (ea;
3553 1449 3648 1502 sub
3692 1467 3791 1520 qua

2219 1533 2445 1588 militare
2486 1535 2597 1598 vis,
2635 1535 2680 1588 si
2723 1543 2865 1604 potes
2907 1534 3208 1601 observare,
3249 1537 3552 1606 ingredere;
3593 1540 3641 1593 si
3677 1557 3792 1593 vero

2221 1638 2326 1676 non
2361 1632 2526 1693 potes,
2551 1621 2680 1676 liber
2711 1624 2935 1679 discede.
2970 1622 3026 1678 Si
3072 1633 3228 1694 potes
3261 1626 3569 1693 observare,
3596 1629 3791 1699 inquit,

2215 1713 2514 1784 ingredere,
2561 1715 2898 1781 subauditur,
2945 1717 2992 1772 si
3030 1724 3181 1786 potes
3221 1728 3487 1788 praecepta
3518 1719 3677 1775 istius
3709 1736 3792 1775 re-

2215 1804 2351 1874 gulae
2373 1805 2682 1872 obaervare,
2711 1809 2778 1862 ad
2801 1808 3138 1864 militandum
3165 1809 3470 1880 ingredere;
3502 1813 3583 1868 sin
3613 1821 3794 1867 autem

2216 1912 2322 1950 non
2361 1905 2537 1966 potes,
2573 1899 2882 1968 priusquam
2911 1899 3039 1970 jugo
3069 1902 3266 1972 regula:
3305 1903 3438 1957 colla
3478 1904 3786 1968 submittas,

2217 1994 2272 2040 et
2307 1985 2422 2054 ejus
2462 1988 2708 2042 servituti
2748 1989 3018 2054 subdaris,
3049 1989 3188 2045 liber
3211 1990 3444 2046 discede.
3490 1991 3790 2047 Notandum

2216 2079 2343 2147 quia
2377 2094 2484 2133 non
2513 2080 2626 2134 ait:
2649 2081 2790 2137 Ecce
2825 2082 2910 2136 lex
2935 2082 3034 2137 sub
3059 2099 3163 2152 qua
3196 2084 3462 2152 quiescas,
3488 2085 3572 2138 vel
3597 2101 3794 2140 vacans

2215 2173 2328 2228 otio
2366 2175 2545 2242 quiete
2568 2175 2748 2239 vivas;
2787 2177 2880 2231 sed
2920 2175 3020 2231 sub
3057 2191 3162 2245 qua
3200 2176 3432 2230 militare
3463 2177 3561 2241 vis,
3596 2177 3789 2246 inquit,

2217 2269 2278 2316 ut
2311 2261 2579 2333 intelligas
2607 2267 2731 2332 quia
2760 2264 2946 2318 militia
2971 2274 3046 2319 est
3067 2266 3173 2318 vita
3194 2265 3418 2318 hominis
3448 2282 3604 2334 super
3622 2276 3780 2327 terra,

2216 2359 2266 2404 et
2290 2351 2422 2406 sicut
2454 2353 2564 2406 dies
2589 2354 2917 2420 mercenarii,
2950 2355 3059 2410 dies
3081 2356 3214 2425 ejus.
3246 2356 3386 2427 Ergo
3410 2372 3508 2426 pro
3537 2356 3788 2411 mercede

2217 2449 2420 2495 :etema
2457 2443 2638 2498 omnia
2677 2443 2836 2498 debet
2866 2460 2966 2515 pro
3003 2445 3229 2501 Domino
3272 2446 3559 2510 sustinere,
3599 2446 3691 2515 qui
3735 2446 3788 2501 in

2217 2533 2334 2601 ejus
2387 2535 2534 2604 cupit
2589 2537 2820 2590 transire
2867 2536 3137 2603 militiam,
3186 2545 3240 2593 et
3286 2545 3545 2608 tanquam
3597 2553 3788 2593 aurum

2218 2623 2366 2690 lima,
2402 2625 2611 2681 malleis
2645 2635 2702 2680 et
2738 2627 2863 2698 igne
2903 2626 3142 2683 fornacis
3187 2628 3422 2697 probari,
3465 2637 3525 2683 ut
3561 2630 3632 2684 ad
3676 2629 3792 2684 dia-

2217 2713 2370 2768 dema
2398 2723 2453 2770 et
2479 2730 2732 2771 coronam
2760 2718 3094 2774 Dominicam
3120 2720 3290 2788 possit
3319 2719 3622 2789 pervenire.

2290 2803 2354 2859 Si
2405 2805 2578 2859 adhuc
2627 2807 2847 2873 steterit,
2895 2817 3018 2862 tunc
3063 2808 3288 2863 ducatur
3337 2810 3391 2864 in
3437 2809 3791 2881 supradictam

2216 2893 2399 2947 cellam
2439 2895 2780 2960 novitiorum,
2823 2905 2872 2950 et
2911 2897 3098 2952 iterum
3138 2900 3373 2969 probetur
3419 2900 3476 2953 in
3513 2901 3657 2954 omni
3699 2918 3797 2971 pa-

2216 2982 2417 3037 tientia.
2450 2983 2588 3040 lline
2619 2985 2854 3042 Isidorus
2881 2987 2994 3042 ait:
3022 2987 3206 3056 Neque
3236 2991 3378 3045 enim
3421 2991 3565 3046 intus
3589 2992 3794 3061 suscipi

2217 3087 2541 3143 quemquam
2571 3077 2850 3143 convenit,
2883 3078 2976 3147 qui
3012 3079 3201 3135 relicto
3228 3081 3423 3137 saeculo
3452 3082 3519 3136 ad
3547 3081 3794 3137 militiam

2222 3162 2420 3219 Christi
2459 3165 2550 3234 pia
2586 3173 2644 3222 et
2676 3167 2879 3223 salubri
2920 3169 3225 3225 humilitate
3276 3171 3636 3236 convertitur,
3687 3171 3794 3226 nisi

2216 3254 2369 3323 prius
2423 3253 2556 3310 foris
2614 3257 2823 3326 positus
2875 3255 2992 3326 ejus
3041 3258 3319 3314 humilitas
3370 3259 3484 3314 sive
3533 3259 3795 3329 patientia

2217 3345 2617 3417 comprobetur.
2659 3346 2784 3402 ldeo
2825 3356 3005 3403 autem
3038 3348 3372 3418 probationis
3410 3357 3653 3419 tempore
3693 3349 3795 3402 sub

2218 3436 2428 3492 abbatis
2471 3437 2698 3506 imperio
2741 3439 3054 3506 militamus,
3101 3447 3156 3494 et
3209 3440 3343 3496 dura
3373 3449 3449 3514 et
3492 3456 3685 3511 aspera
3726 3441 3794 3496 ab

2217 3527 2411 3582 abbate
2443 3527 2702 3595 imperata
2735 3536 3014 3598 gratanter
3048 3538 3346 3598 portamus,
3373 3515 3450 3585 ἰιι
3483 3539 3608 3602 post
3639 3546 3798 3601 pere-

2218 3615 2571 3687 grinationcm
2611 3616 2738 3672 vita
2778 3616 2936 3686 hujus
2979 3633 3106 3673 cum
3141 3619 3369 3675 Domino
3405 3635 3634 3692 regnare
3678 3635 3796 3676 me-

2217 3720 2454 3760 reamur.
2500 3705 2654 3773 Quod
2694 3715 2874 3762 autem
2914 3707 3064 3772 dicit,
3095 3717 3218 3764 tunc
3261 3710 3488 3764 ducatur
3526 3711 3581 3764 in
3608 3727 3800 3780 supra-

2217 3794 2411 3848 dictam
2446 3793 2630 3850 cellam
2666 3797 2998 3863 nooitiorum,
3033 3814 3155 3854 cum
3195 3810 3358 3855 antea
3391 3798 3504 3868 jam
3544 3799 3795 3865 dixisset,

2217 3888 2284 3942 sit
2315 3888 2370 3941 in
2405 3886 2538 3942 cella
2566 3889 2898 3955 novitiorum,
2939 3905 3045 3945 non
3094 3890 3408 3962 intelligitur
3449 3891 3628 3947 exisse
3665 3905 3793 3946 eum

2219 3978 2286 4033 ab
2318 3977 2431 4047 ipsa
2459 3977 2594 4033 cella
2631 3979 2979 4046 novitiorum,
3006 3988 3060 4035 et
3091 3982 3305 4036 venisse
3343 3982 3411 4036 ad
3440 3981 3790 4044 auditorium,

2217 4070 2330 4125 sive
2355 4069 2421 4124 ad
2447 4083 2570 4124 eum
2599 4083 2761 4138 quem
2785 4071 2952 4126 abbas
2989 4071 3152 4142 elegit
3185 4071 3385 4138 locum,
3415 4080 3471 4126 et
3504 4071 3574 4126 ibi
3603 4073 3796 4126 audire

2217 4162 2464 4232 regulare
2517 4172 2875 4234 praeceptum;
2943 4171 2999 4219 et
3053 4171 3182 4221 tunc
3234 4166 3426 4230 iterum
3477 4167 3678 4222 reverti
3736 4166 3794 4221 in

2218 4251 2356 4307 cella
2390 4253 2734 4308 novitiorum.
2776 4253 2914 4308 Hinc
2962 4262 3182 4310 sanctus
3219 4255 3470 4311 Aurelius
3511 4256 3586 4310 ait
3619 4271 3636 4311 :
3677 4254 3795 4312 Hoc

2209 4340 2433 4410 jubente
2465 4342 2575 4397 Deo
2625 4343 2678 4397 in
2723 4343 2916 4412 primis
2955 4345 3242 4399 statuimus
3291 4346 3597 4412 tenendum,
3639 4353 3701 4400 ut
3745 4347 3794 4402 si

2219 4431 2340 4501 quis
2371 4431 2438 4485 ad
2473 4432 2881 4488 conversionem
2919 4434 3151 4501 venerit,
3199 4434 3381 4505 regula
3416 4435 3467 4490 ei
3497 4435 3552 4489 in
3590 4435 3796 4491 saluta-

2219 4520 2361 4574 torio
2392 4519 2617 4589 legatur.

2289 4617 2360 4670 Et
2381 4625 2496 4687 post
2517 4634 2608 4672 sea:
2628 4620 2883 4674 mensium
2907 4620 3161 4675 circulum
3193 4619 3396 4692 legatur
3416 4622 3466 4675 ei
3488 4621 3689 4691 regula,
3735 4633 3795 4676 ut

2215 4708 2350 4761 sciat
2388 4707 2457 4760 ad
2494 4707 2620 4776 quid
2659 4709 2968 4778 ingreditur.
3009 4709 3148 4766 Hinc
3171 4710 3460 4766 Ferreolus
3505 4712 3584 4766 ait
3615 4731 3628 4766 :
3664 4713 3798 4769 l’ost

2215 4795 2320 4850 hoc
2357 4797 2408 4850 ei
2439 4797 2750 4852 monasterii
2791 4799 2976 4867 regula
3022 4800 3233 4855 abbatis
3270 4799 3514 4868 iussione
3552 4801 3790 4872 legatur,

2217 4894 2279 4940 ut
2308 4886 2658 4955 imposterum
2689 4886 2824 4942 nihil
2849 4888 2933 4942 vel
2970 4889 3286 4945 inusitatum
3320 4899 3413 4945 aut
3449 4890 3495 4945 si
3525 4891 3798 4947 discessu-

2218 4992 2312 5030 rus
2349 4982 2653 5046 praetereat,
2703 4984 2797 5031 aut
2838 4978 2883 5032 si
2930 4993 3312 5047 permansuros
3359 4988 3634 5051 agnoscat.
3687 4981 3796 5036 Uni

2219 5082 2349 5137 ergo
2385 5067 2452 5122 de
2496 5067 2795 5124 senioribus
2839 5070 3126 5140 deputatus
3168 5071 3488 5128 informetur
3525 5074 3798 5142 regulari-

2221 5159 2323 5214 bus
2369 5157 2683 5226 disciplinis,
2733 5168 2794 5213 ut
2833 5176 2953 5230 quas
3001 5160 3179 5217 facere
3221 5161 3443 5229 debeat,
3491 5165 3798 5234 quibusque

2222 5261 2345 5302 eum
2399 5247 2606 5303 servire
2650 5249 2954 5316 conveniat,
3002 5251 3254 5322 deinceps
3301 5254 3482 5309 omnia
3533 5267 3802 5325 recogno-

2222 5344 2354 5391 seat.

2290 5424 2360 5478 Et
2399 5425 2445 5479 si
2483 5425 2655 5480 adhuc
2691 5435 2820 5493 stat,
2859 5436 2975 5498 post
3005 5438 3232 5499 quatuor
3262 5447 3461 5486 menses
3490 5431 3678 5485 iterum
3721 5430 3802 5485 le-

2219 5525 2372 5584 gatur
2413 5515 2461 5568 ei
2498 5516 2610 5569 hcce
2649 5515 2829 5570 eadem
2871 5517 3071 5588 regula.
3114 5517 3252 5574 Hinc
3295 5521 3422 5575 anni
3460 5537 3654 5576 cursus
3695 5520 3801 5574 im-

2218 5607 2393 5676 pletur
2421 5606 2623 5662 novitio
2661 5623 2692 5662 a
2730 5617 2972 5678 tempore
3005 5624 3112 5678 quo
3142 5610 3364 5680 pulsans
3391 5613 3539 5667 venit
3575 5614 3643 5667 ad
3680 5625 3799 5666 mo-
