3944 6422
185 278 280 331 net

1229 280 1584 338 COMMENT.
1622 281 1688 336 ΙΝ
1726 281 1884 336 REG.
1926 281 1982 336 S.
2021 280 2400 340 BENEDICTI.

3344 293 3449 348 9οὶ

185 392 507 462 nastcrium,
540 394 626 448 cui
675 401 729 448 et
769 393 1061 449 ordinatim
1097 395 1152 450 in
1191 397 1293 452 hoc
1334 397 1461 452 anni
1500 397 1770 453 curriculo
1799 399 1850 458 Α
1874 398 2189 453 monasterii
2241 412 2532 455 concessus
2579 407 2664 456 est
2715 399 2992 468 introitus,
3042 403 3136 458 sed
3183 403 3274 458 diu
3321 407 3450 462 mihi

187 495 267 539 ter
289 485 428 544 lecta
460 495 546 541 est
581 487 782 558 regula,
807 487 1110 543 demoranti
1143 489 1320 544 adhuc
1360 491 1413 544 in
1444 491 1772 555 novitiorum

182 577 338 631 cella.
383 577 539 645 Quod
578 587 788 646 tempus
826 593 934 634 non
981 580 1159 634 solum
1199 581 1389 636 beatus
1422 571 1772 648 Benedictus,

184 667 279 722 sed
330 676 386 722 et
437 667 528 720 alii
578 667 767 722 Patres
807 667 1089 736 jusserunt
1139 671 1430 724 observare
1485 671 1769 726 novitium.

185 758 451 817 Dixerunt
495 759 688 814 enim:
729 759 842 815 Nisi
886 759 1101 829 expleto
1149 776 1291 816 anno
1341 763 1518 817 nullus
1563 772 1774 816 mutare

187 849 434 904 habitum
463 851 832 918 permittatur,
863 851 956 904 sed
995 852 1038 904 si
1073 852 1385 920 ptenitentis
1423 851 1583 907 fuerit
1620 861 1772 906 tanta

183 941 552 1010 eompunctio,
586 950 647 994 ut
684 942 785 996 hoc
821 943 922 996 sibi
963 943 1355 1012 supplicatione
1396 944 1612 998 assidua
1660 945 1774 999 exi-

186 1039 297 1102 gat,
331 1046 438 1085 non
476 1031 680 1102 negari.
719 1031 924 1086 Tamen
952 1033 1093 1102 quod
1139 1033 1231 1086 uni
1267 1033 1498 1088 ﬁdeliter
1529 1035 1770 1103 poscenti

185 1119 503 1177 conceditur
535 1136 640 1176 non
669 1122 822 1192 quasi
858 1122 1064 1177 licitum
1099 1123 1381 1178 habeatur.
1414 1123 1552 1178 llinc
1582 1123 1772 1178 beatus

185 1211 519 1267 Fructuosus
553 1212 629 1266 ait
665 1231 678 1264 :
716 1213 914 1282 Sicque
954 1228 1098 1267 anno
1131 1228 1240 1268 uno
1277 1213 1504 1283 spiritali
1543 1215 1772 1269 traditus

185 1302 388 1355 seniori
440 1317 547 1356 non
601 1302 786 1356 statim
842 1303 1271 1358 commiscendus
1321 1304 1426 1358 erit
1479 1319 1772 1375 congrega-

186 1392 347 1458 tioni,
382 1393 476 1447 sed
511 1393 661 1462 prius
696 1393 907 1448 cunctis
931 1394 1196 1448 bonorum
1236 1409 1460 1464 operum
1496 1395 1771 1450 exercitiis

185 1485 508 1539 edocendus.
541 1484 692 1551 Quod
721 1485 767 1538 si
802 1485 1029 1553 quilibet
1059 1500 1352 1540 conversus
1378 1486 1536 1540 bonis
1573 1499 1637 1539 ac
1665 1500 1768 1554 pu-

187 1577 264 1631 ris
313 1576 556 1632 moribus
599 1578 839 1642 enitens,
885 1577 1096 1632 abbatis
1135 1577 1220 1632 vel
1265 1577 1492 1632 aliorum
1535 1576 1768 1632 fratrum

186 1668 510 1738 spiritalium
553 1669 716 1724 fuerit
749 1669 955 1738 judicio
998 1672 1397 1742 comprobatus,
1440 1686 1539 1741 pro
1571 1671 1766 1726 merito

1874 488 2106 556 pulsanti
2136 489 2226 543 vix
2254 490 2473 561 hospitii
2506 491 2654 546 locus
2681 501 2763 548 est
2785 493 3214 550 misericorditer
3227 497 3458 552 attribu-

1875 589 1995 643 tus,
2038 579 2093 633 in
2124 595 2232 648 quo
2259 595 2356 650 per
2380 595 2582 650 paucos
2606 582 2722 637 dies
2759 583 3092 649 demoratus,
3125 585 3450 641 novitiorum

1873 686 1992 725 sum
2018 670 2237 724 domum
2262 685 2606 741 progressus,
2633 672 2687 725 in
2717 688 2820 742 qua
2847 674 2977 728 mihi
3005 675 3137 729 dura
3167 682 3221 730 et
3255 690 3450 745 aspera

1872 761 2050 830 primo
2087 760 2372 831 diligenter
2413 776 2443 814 a
2487 762 2698 816 seniore
2740 771 2867 816 sunt
2903 766 3214 833 praedicata,
3255 775 3311 821 et
3339 777 3451 823 sta-

1871 851 2098 905 bilitatis
2136 865 2270 904 mete
2305 851 2595 920 promissio
2632 851 2950 919 simpliciter
2977 864 3284 924 exspectata
3314 857 3449 928 [Al.,

1873 941 2189 1010 suppliciter
2215 940 2552 1012 adimpleta].
2601 940 2702 1007 Qui
2733 944 2918 996 senior
2954 947 3288 1000 comminans
3316 949 3450 1003 mihi

1871 1031 1986 1085 lucc
2036 1029 2296 1085 terribilis
2337 1030 2500 1084 verba
2558 1029 2781 1084 auribus
2832 1031 3118 1086 intimabat
3160 1051 3172 1086 :
3219 1033 3452 1089 Sciendo

1871 1121 2014 1175 scias
2065 1120 2320 1188 quoniam
2371 1119 2416 1173 si
2463 1126 2663 1189 przeter
2714 1121 3128 1190 promissionem
3188 1125 3452 1192 regularis

1869 1209 2226 1264 observantiae
2264 1215 2410 1262 retro
2452 1216 2776 1262 convertens
2820 1211 3146 1279 respexeris,
3179 1219 3336 1280 aptus
3366 1229 3450 1268 re-

1869 1313 1974 1367 gno
2009 1297 2268 1352 caelorum
2306 1312 2411 1350 non
2447 1297 2576 1352 eris.
2624 1296 2851 1368 Insuper
2891 1300 3141 1368 qualibus
3171 1309 3223 1356 te
3247 1311 3447 1359 tectum

1867 1391 2110 1445 vestibus
2135 1390 2448 1445 monasterii
2479 1390 2717 1446 claustra
2738 1393 3061 1460 receperint,
3099 1394 3155 1448 in
3179 1395 3376 1452 talibus
3397 1407 3448 1451 te

1869 1479 1984 1534 fore
2015 1480 2082 1534 ab
2111 1480 2215 1534 illis
2243 1479 2630 1550 projiciendum
2659 1496 2942 1552 cognosce.
2985 1483 3051 1538 Et
3077 1486 3201 1554 quia
3234 1494 3283 1540 te
3307 1503 3446 1556 pan-

1869 1570 1955 1623 nis
1992 1570 2346 1639 exspoliatum
2386 1571 2681 1638 veteribus,
2724 1573 3037 1642 pariterque
3090 1577 3444 1647 exspoliatum

1870 1660 2015 1714 vitiis
2060 1660 2367 1728 perdiderat
2393 1661 2646 1726 mundus,
2686 1661 2767 1716 fas
2805 1671 2886 1717 est
2926 1672 2986 1718 ut
3015 1673 3247 1735 utroque
3285 1682 3442 1721 suum

185 1768 242 1813 et
268 1759 504 1827 puritate
530 1774 640 1813 suae
669 1760 1012 1815 conscientiae
1041 1761 1271 1815 clericus
1299 1760 1494 1829 poterit
1530 1758 1762 1814 fratrum
1792 1744 1838 1801 Β
1868 1751 2120 1803 νθεῑίῑυῐη
2163 1749 2391 1818 l"3039i?"
2429 1764 2668 1815 servum,
2707 1751 2774 1805 ad
2805 1751 3156 1821 ignominiam
3199 1756 3443 1810 omnium

187 1851 478 1906 consortiis
517 1851 755 1916 misceri,
789 1852 1084 1906 secundum
1109 1851 1251 1921 quod
1295 1851 1507 1905 abbatis
1535 1850 1620 1904 vel
1658 1849 1767 1904 fra-

187 1951 333 1996 trum
385 1942 712 2011 optimorum
761 1943 1035 1997 censuerit
1081 1942 1396 1996 deliberatio
1439 1941 1763 1996 faciendum.

260 2029 326 2084 Et
352 2033 397 2085 si
416 2031 594 2084 habita
616 2048 790 2086 secum
811 2030 1180 2085 deliberatione
1200 2031 1494 2100 promiserit
1515 2046 1569 2084 se
1592 2031 1766 2084 omnia

189 2121 472 2186 custodire,
501 2129 549 2173 et
570 2130 756 2174 cuncta
781 2121 880 2174 sibi
911 2123 1165 2191 imperata
1185 2137 1410 2184 servare,
1448 2131 1571 2173 tunc
1603 2121 1766 2174 susci-

189 2215 366 2284 piatur
389 2213 442 2266 in
463 2215 875 2283 congregatione,
895 2215 1060 2268 sciens
1083 2212 1192 2284 lege
1213 2213 1405 2284 regula:
1429 2215 1766 2268 constitutum

188 2303 329 2374 quod
356 2304 402 2356 ei
438 2319 501 2357 ea:
528 2302 623 2357 illa
660 2304 744 2357 die
781 2320 884 2357 non
922 2304 1072 2358 liceat
1109 2304 1173 2358 de
1211 2305 1528 2358 monasterio
1569 2305 1763 2374 egredi,

189 2408 283 2445 nec
300 2390 492 2444 collum
514 2402 751 2445 excutere
770 2391 835 2444 de
855 2391 1093 2461 subjugo
1119 2392 1334 2461 regulae,
1360 2409 1517 2463 quam
1539 2393 1635 2446 sub
1659 2403 1766 2447 tant

189 2497 398 2536 morosa
437 2483 806 2537 deliberatione
857 2483 1003 2536 licuit
1059 2500 1299 2537 recusare
1353 2493 1443 2537 aut
1481 2486 1762 2553 suscipere.

190 2572 382 2628 Habita
413 2576 553 2628 enim
589 2575 658 2630 ab
686 2575 931 2630 habendo
959 2584 1204 2630 vocatur.
1231 2575 1560 2630 Deliberatio
1585 2586 1766 2631 autem

191 2663 472 2719 meditatio
499 2665 580 2720 vel
622 2667 875 2721 tractatio
912 2666 1128 2721 dicitur.
1180 2665 1320 2735 Ergo
1354 2666 1539 2720 habita
1567 2667 1767 2721 delibe-

192 2756 332 2810 ratio
359 2754 472 2824 jam
503 2757 722 2812 deﬁnita
753 2767 837 2812 est
867 2759 1200 2813 retractatio.
1233 2759 1308 2811 De
1337 2759 1438 2812 hac
1464 2758 1608 2812 enim
1645 2772 1768 2812 sen-

191 2847 362 2902 tentia
389 2847 607 2917 quidam
649 2849 904 2917 magister
943 2850 1334 2904 monachorum
1371 2848 1447 2902 ait
1483 2867 1496 2901 :
1533 2847 1647 2916 Qua
1683 2863 1769 2903 re-

191 2937 315 3008 gula
351 2939 406 2993 in
442 2938 673 2995 lectione
709 2939 912 2994 novitio
949 2939 1183 3009 expleta,
1227 2939 1550 3008 respondeat
1586 2940 1638 2994 ei
1664 2941 1768 2996 hoc

192 3030 368 3098 primo
389 3029 577 3095 abbas,
617 3045 723 3084 non
755 3028 895 3085 forte
920 3046 1041 3085 eum
1070 3045 1228 3099 posse
1255 3031 1546 3084 constituta
1570 3031 1768 3102 regula:

193 3133 536 3174 conservare.
563 3119 698 3174 Cum
719 3135 848 3174 vero
875 3119 964 3174 ille
988 3121 1184 3175 dixerit
1215 3136 1372 3190 posse
1397 3136 1455 3176 se
1483 3122 1549 3176 ad
1583 3122 1767 3176 omnia

193 3211 435 3278 obedire,
475 3220 532 3266 et
565 3213 748 3268 omnia
791 3211 999 3268 abbatis
1035 3213 1216 3268 verbis
1250 3214 1506 3282 praedicta
1547 3229 1668 3269 cum
1709 3229 1770 3269 se

193 3303 534 3372 responderit
561 3319 732 3358 novus
769 3302 936 3359 frater
960 3319 1198 3370 servare,
1227 3317 1284 3359 et
1315 3304 1382 3359 ad
1409 3305 1592 3359 omnia
1625 3305 1770 3360 facto

195 3407 316 3447 esse
349 3401 631 3462 paratum;
667 3401 724 3449 et
757 3394 802 3449 si
841 3393 1118 3464 professus
1151 3393 1315 3450 fuerit
1352 3409 1412 3450 se
1449 3395 1631 3449 omnia
1671 3395 1772 3448 im-

193 3484 464 3554 pleturum
485 3527 500 3551 ,
541 3493 671 3541 tunc
705 3487 1007 3557 excipiatur
1036 3487 1106 3542 in~
1130 3489 1545 3559 congregatione
1585 3502 1772 3542 mona-

195 3577 442 3632 chorum.
493 3578 762 3647 Exceptus
790 3593 922 3634 vero
948 3595 1118 3650 usque
1143 3579 1209 3634 ad
1234 3587 1464 3635 mortem
1486 3594 1636 3635 suam
1670 3594 1772 3634 nec

192 3675 606 3736 praesumatnec
627 3669 970 3736 permittatur
991 3671 1057 3724 de
1082 3671 1408 3725 monasterio
1436 3669 1616 3740 egredi
1644 3685 1773 3738 pro-

193 3766 318 3826 pter
353 3755 484 3810 illud
517 3756 892 3825 propheticum
917 3774 930 3808 :
959 3755 1274 3825 Unam'petii
1315 3775 1346 3810 a
1368 3757 1609 3822 Domino,
1636 3759 1770 3813 hanc

193 3847 478 3918 requiram,
503 3855 559 3899 ut
586 3845 865 3899 inhabitem
905 3845 960 3898 in
987 3847 1144 3899 domo
1165 3845 1379 3899 Domini
1399 3846 1636 3899 omnibus
1661 3847 1772 3900 die-

197 3939 292 3992 bus
317 3935 433 3990 uiue
454 3951 582 3989 mea:
616 3933 787 4007 (Psal.
822 3936 991 4006 xxvr).

270 4025 646 4097 Suscipiendus
699 4034 873 4080 autem
919 4027 977 4080 in
1020 4026 1252 4080 oratorio
1307 4040 1485 4079 coram
1535 4023 1771 4078 omnibus

197 4117 466 4188 promittat
503 4117 568 4171 de
605 4115 890 4172 stabilitate
925 4133 1024 4172 sua
1043 4155 1060 4182 ,
1105 4127 1154 4172 et
1195 4117 1526 4171 conversione
1562 4131 1769 4169 morum

198 4225 436 4275 suorum,
471 4218 521 4264 et
556 4209 847 4264 obedientia
885 4225 1063 4263 coram
1083 4209 1193 4263 Deo
1234 4217 1283 4262 et
1319 4209 1515 4263 sanctis
1547 4207 1681 4278 ejus,
1713 4218 1770 4262 ut

199 4299 246 4352 si
281 4297 565 4370 aliquando
589 4299 742 4354 aliter
762 4299 960 4370 fecerit,
984 4299 1049 4354 ab
1075 4315 1136 4352 eo
1156 4315 1210 4353 se
1239 4297 1598 4383 damnandum
1641 4297 1771 4352 sciat

200 4405 352 4461 quem
377 4387 579 4445 irridet.
628 4390 922 4482 Promittat
956 4400 1133 4446 autem
1163 4399 1217 4446 et
1253 4391 1399 4446 dicat
1438 4391 1542 4446 hoc
1571 4391 1762 4447 modo:
1792 4425 1845 4484 Β

201 4481 314 4554 Ego
337 4481 426 4537 ille
453 4483 508 4538 in
535 4483 637 4538 hoc
661 4475 990 4539 monasterio
1015 4483 1188 4538 sancti
1217 4481 1357 4537 illius
1379 4481 1638 4550 promitto
1661 4490 1769 4536 sta-

141 4568 144 4570 ⁷
200 4574 464 4630 bilitatem
505 4589 709 4640 meam,
740 4583 796 4630 et
822 4575 1229 4632 conversionem
1264 4591 1474 4630 morum
1502 4591 1767 4642 meorum,

201 4672 258 4718 et
285 4663 648 4718 obedientiam
695 4665 989 4720 secundum
1029 4664 1270 4735 regulam
1315 4665 1460 4719 beati
1493 4663 1769 4718 Benedicti

203 4765 387 4806 coram
417 4751 526 4806 Deo
555 4758 609 4807 et
641 4753 843 4808 sanctis
871 4753 1006 4824 ejus.
1054 4753 1296 4823 Cumque
1325 4754 1428 4810 hac
1454 4769 1513 4809 se
1537 4755 1770 4825 promis-

201 4843 352 4898 sione
387 4844 732 4910 astrinxerit,
773 4845 1088 4916 subjiciatur
1120 4845 1320 4916 regulis
1367 4848 1770 4917 suprascriptis,

200 4951 301 5008 per
347 4937 609 4992 bonorum
657 4953 880 5008 operum
929 4940 1248 4994 industriam
1304 4941 1627 5011 quandoque
1673 4943 1776 4997 Do-

204 5029 351 5083 mino
394 5029 708 5098 placiturus.
757 5028 911 5096 Quod
956 5031 1002 5085 si
1052 5031 1336 5100 aliquando
1367 5030 1524 5089 aliter
1562 5031 1768 5096 fecerit,

205 5119 261 5174 id
297 5127 413 5184 est,
453 5133 484 5172 a
515 5118 747 5190 regulari
777 5121 886 5174 vita
915 5119 1099 5175 volens
1130 5118 1470 5184 discesserit,
1507 5131 1542 5174 a
1567 5118 1680 5175 Deo
1717 5137 1774 5175 se

205 5211 590 5276 damnandum,
619 5227 780 5281 quem
809 5211 1017 5276 irridet,
1048 5211 1204 5265 sciat.

276 5300 354 5355 De
373 5318 475 5369 qua
497 5303 837 5373 promissione
864 5318 961 5356 sua
988 5301 1150 5371 faciat
1172 5300 1468 5372 petitionem
1497 5301 1567 5356 ad
1589 5319 1774 5357 nomen

204 5401 507 5447 sanctorum
543 5409 765 5466 quorum
797 5391 1029 5463 reliquiae
1054 5391 1126 5446 ibi
1157 5399 1303 5457 sunt,
1334 5401 1381 5446 et
1411 5391 1610 5447 abbatis
1643 5409 1777 5462 prte-

207 5486 390 5542 sentis.
440 5485 570 5553 Quae
618 5485 810 5556 petitio
846 5485 950 5540 hoc
986 5492 1174 5539 tenore
1224 5483 1502 5538 dicatura
1540 5483 1772 5539 novitio:

209 5578 560 5634 Monachatus
618 5578 724 5632 mei
772 5576 1076 5632 tirocinium
1138 5575 1426 5645 diligenter
1469 5573 1779 5637 attendens,

207 5674 492 5728 considero
533 5671 674 5744 quod
708 5669 953 5740 petitioni
1000 5682 1136 5724 mea:
1175 5667 1410 5736 primum
1453 5682 1560 5723 non
1606 5665 1778 5720 facilis

1870 1841 1925 1894 in
1949 1848 2208 1911 perpetuo
2236 1843 2578 1896 servandum.
2609 1842 2721 1913 Ego
2748 1852 2928 1898 autem
2955 1845 3209 1901 Davidico
3238 1848 3448 1902 confor-

1867 1939 2014 1986 tatus
2055 1932 2304 2000 exemplo
2349 1931 2578 1987 Domino
2628 1934 2871 1990 clamans
2922 1937 3132 1991 aiebam
3167 1956 3180 1992 :
3225 1936 3447 2010 Propter

1866 2027 2019 2080 verba
2082 2025 2344 2082 labiorum
2396 2037 2606 2082 tuorum
2666 2047 2761 2100 ego
2809 2032 3064 2086 custodiri
3118 2035 3228 2088 vias
3282 2035 3445 2090 durus

1867 2120 2040 2189 (Psal.
2071 2120 2208 2192 xvr),
2236 2123 2538 2178 certissime
2563 2124 2742 2179 sciens
2770 2127 2895 2194 quia
2922 2129 2965 2182 si
2992 2131 3264 2200 particeps
3287 2131 3447 2186 Chri-

1868 2210 1936 2264 sti
1965 2211 2235 2280 passionis
2263 2211 2436 2276 fuero,
2471 2221 2526 2266 et
2565 2216 2980 2272 resurrectionis
3007 2233 3121 2274 ero.
3164 2220 3258 2276 His
3286 2230 3340 2276 et
3373 2224 3447 2276 si-

1866 2301 2088 2356 milibus
2123 2302 2321 2358 divinis
2359 2303 2697 2360 confortatus
2734 2305 2932 2361 divinis
2977 2310 3232 2374 oraculis,
3265 2313 3444 2366 omnia

1867 2407 1955 2447 me
1981 2401 2300 2448 constanter
2327 2395 2532 2464 perpeti
2555 2409 2656 2464 pro
2680 2395 2789 2450 vita
2827 2397 3183 2466 proﬁtebatur
3219 2411 3441 2456 aeterna.

1868 2483 2018 2540 Hanc
2052 2495 2294 2540 nostram
2322 2501 2550 2541 cernens
2573 2487 2736 2542 Pater
2761 2491 3141 2555 constantiam,
3170 2500 3253 2547 ter
3281 2493 3446 2560 jussit

1867 2573 1920 2627 in
1951 2589 2095 2628 anno
2131 2590 2229 2644 per
2262 2575 2515 2632 ordinem.
2549 2577 2705 2631 nobis
2751 2576 2949 2647 legere,
2978 2581 3290 2650 pariterque
3333 2592 3447 2637 tra-

1849 2663 1996 2728 .dere
2028 2665 2268 2735 regulam
2303 2681 2426 2720 cum
2454 2669 2842 2736 protestatione
2880 2671 3148 2727 monentis
3179 2682 3339 2744 atque
3364 2677 3448 2730 (Ιίι

1866 2759 2038 2812 centis
2063 2775 2076 2810 :
2106 2759 2245 2814 Ecce
2283 2759 2366 2814 lex
2394 2762 2494 2816 sub
2519 2776 2623 2829 qua
2653 2763 2888 2819 militare
2914 2765 3015 2819 vis.
3069 2765 3126 2820 Si
3153 2776 3309 2837 potes
3339 2771 3442 2824 Oli--

1865 2865 2110 2913 servare,
2166 2851 2486 2930 ingredere;
2540 2853 2583 2907 si
2637 2868 2745 2908 non
2790 2863 2976 2924 potes,
3023 2857 3162 2912 liber
3205 2860 3439 2916 discede.

1867 2938 1982 2995 Hoc
2027 2955 2158 3010 ergo
2201 2941 2389 2996 videns
2433 2942 2898 2999 ordinatissimum
2952 2953 3114 3016 atque
3167 2963 3445 3005 morosum

1870 3029 2004 3084 mihi
2031 3030 2262 3098 spatium
2289 3031 2626 3096 attributum,
2662 3033 3017 3090 dubitationis
3047 3037 3196 3091 aditu
3224 3048 3449 3107 prseter-

1871 3121 2061 3184 misso,
2090 3127 2152 3174 ut
2177 3134 2264 3174 me
2289 3129 2470 3176 vestro
2492 3122 2606 3192 jam
2637 3125 2850 3194 corpori
2887 3126 3096 3182 sociare
3125 3128 3447 3199 dignemini,

1869 3209 2295 3280 lacrymabiliter
2339 3211 2579 3282 rogitans
2621 3214 2872 3283 deposco.
2924 3215 3036 3287 Ego
3064 3232 3193 3274 vero
3230 3236 3446 3277 mecum

1864 3298 1978 3369 jam
2034 3299 2349 3356 salvationis
2398 3302 2786 3360 deliberatione
2849 3305 3138 3363 salubriter
3184 3311 3446 3380 adhibita,

1870 3391 2128 3462 promitto
2156 3406 2244 3445 me
2278 3390 2332 3445 in
2363 3392 2615 3448 omnibus
2654 3394 2850 3465 regula:
2894 3399 3188 3466 custodire,
3219 3401 3449 3460 Domino

1862 3477 2114 3548 juvante,
2156 3480 2432 3546 instituta,
2479 3481 2814 3553 libenterque
2843 3486 3052 3542 abbatis
3090 3491 3194 3545 mei
3231 3507 3449 3551 servare

1868 3580 2162 3644 praecepta,
2193 3571 2530 3643 fratrumque
2574 3574 2838 3644 majorum
2875 3580 3085 3636 cunctis
3105 3581 3332 3640 Domino
3368 3587 3451 3641 fa-

1867 3671 2028 3718 vente
2073 3662 2452 3732 obtemperare
2497 3665 2788 3730 mandatis,
2825 3674 2883 3722 et
2925 3678 3148 3738 propter
3185 3681 3445 3731 aeternam

1870 3754 2178 3808 libertatem
2215 3753 2424 3824 legibus
2465 3754 2624 3823 hujus
2674 3757 2872 3827 regula:
2901 3760 3153 3832 deinceps
3182 3780 3266 3819 me
3291 3767 3449 3836 polli-

1870 3859 1996 3899 ceor
2026 3843 2254 3897 ﬁdeliter
2280 3843 2598 3912 mancipari,
2633 3845 2709 3900 ita
2739 3855 2800 3900 ut
2825 3862 2931 3903 non
2955 3849 3069 3918 jam
3097 3855 3229 3910 mihi
3255 3871 3320 3911 ex
3346 3859 3450 3914 hac

1870 3934 1957 3988 die
1995 3933 2155 3987 liceat
2184 3934 2368 4003 egredi
2413 3935 2478 3988 de
2515 3939 2870 4002 monasterio,
2911 3941 3216 4014 collumque
3253 3927 3319 4003 de
3348 3953 3451 4005 sub

1870 4021 2067 4093 regula:
2104 4030 2360 4077 excutere
2389 4020 2551 4092 jugo,
2587 4027 2731 4095 quod
2771 4028 2872 4083 sub
2897 4033 3076 4086 annali
3111 4036 3329 4102 optione
3354 4051 3450 4096 aut

1869 4127 2130 4168 excusare
2153 4111 2326 4177 licuit,
2355 4120 2448 4168 aut
2475 4115 2783 4185 suscipere;
2814 4119 2909 4174 sed
2935 4129 2995 4175 ut
3022 4123 3276 4190 pmfatus
3303 4143 3449 4192 sum.

1869 4204 2016 4258 omni
2057 4205 2404 4260 excusatione
2439 4207 2760 4277 postposita,
2789 4211 3050 4279 promitto
3092 4216 3444 4276 stabilitatem

1870 4293 2205 4360 monasterii,
2261 4309 2581 4366 morumque
2626 4312 2871 4354 meorum
2915 4307 3342 4374 conversionem,
3389 4321 3447 4366 et

1871 4391 2092 4453 propter
2125 4383 2477 4454 professionis
2509 4389 2970 4458 meieservitium,
2998 4402 3053 4450 et
3079 4395 3203 4453 vitae
3230 4408 3450 4456 aeterna}

1871 4475 2168 4546 praemium,
2201 4484 2510 4546 metumque
2545 4478 2804 4548 gehennae
2825 4491 3025 4542 sanctis
3064 4501 3150 4540 me
3185 4489 3450 4547 obedien-

1873 4571 1959 4624 tiae
1985 4583 2168 4624 coram
2194 4569 2305 4624 Deo
2333 4579 2390 4624 et
2415 4570 2615 4641 angelis
2643 4567 2758 4638 ejus
2786 4571 3061 4630 humiliter
3089 4577 3445 4636 militaturum

1873 4660 2121 4729 subjicio.
2155 4661 2224 4714 Et
2246 4669 2307 4714 ut
2326 4661 2442 4716 haec
2460 4662 2834 4732 promissionis
2858 4680 2990 4721 mea:
3019 4669 3208 4737 petitio
3236 4687 3266 4726 a
3294 4674 3449 4728 vobis

1875 4751 2103 4806 ﬁrmiter
2138 4759 2403 4816 teneatur,
2438 4751 2506 4806 ad
2531 4767 2725 4808 nomen
2763 4761 3070 4810 sanctorum
3097 4775 3326 4829 quorum
3357 4763 3451 4820 hic

1875 4842 2115 4912 reliquiae
2159 4844 2528 4910 continentur,
2581 4853 2636 4900 et
2681 4849 2964 4915 praesentis
3014 4849 3259 4921 abbatis,
3306 4855 3453 4914 illius

1879 4933 2014 5006 [Al.,
2044 4933 2171 5007 illis]
2218 4935 2581 5004 conscriptam
2623 4938 2937 5006 petitionem
2979 4942 3133 4996 trado
3173 4944 3227 4998 in
3255 4961 3452 5018 perpe-

1877 5033 2030 5076 tuum
2079 5023 2400 5088 habendam,
2453 5033 2510 5079 et
2554 5041 2715 5080 manu
2762 5041 2883 5081 mea
2928 5029 3239 5086 roboratam
3284 5050 3451 5105 super

1877 5114 2048 5169 altare
2075 5129 2240 5184 pono,
2263 5115 2368 5169 hoc
2393 5114 2449 5168 in
2475 5116 2802 5172 monasterio
2823 5119 3132 5188 perenniter
3153 5123 3448 5180 observan-

1879 5204 2025 5260 dam.
2059 5202 2214 5258 Unde
2243 5210 2299 5258 et
2327 5204 2568 5272 sequitur
2585 5221 2619 5264 :.

1951 5289 2124 5356 Quam
2145 5291 2440 5361 petitionem
2464 5309 2626 5347 manu
2648 5309 2746 5347 sua
2765 5293 2980 5360 scribat,
3005 5307 3096 5351 aut
3123 5309 3259 5354 certe
3279 5303 3324 5355 si
3345 5318 3450 5357 non

1875 5384 1973 5440 scit
2001 5382 2223 5449 litteras,
2249 5382 2382 5438 alter
2403 5383 2466 5438 ab
2489 5401 2548 5439 eo
2571 5393 2782 5456 rogatus
2807 5386 3019 5453 scribat,
3045 5398 3093 5442 et
3113 5389 3202 5444 ille
3220 5392 3447 5448 novitius

1876 5480 2083 5551 signum
2115 5477 2301 5549 faciat,
2330 5487 2379 5532 et
2413 5495 2572 5532 manu
2604 5496 2703 5534 sua
2736 5495 2852 5534 eam
2884 5497 3040 5552 super
3071 5480 3236 5536 altare
3263 5493 3445 5552 ponat.

1878 5572 2014 5626 Ilinc
2041 5579 2096 5626 et
2126 5568 2252 5624 alibi
2291 5570 2552 5640 scriptum
2595 5569 2840 5640 legimus.
2893 5570 2949 5625 Si
2989 5587 3111 5626 cum
3147 5573 3308 5627 rebus
3335 5575 3450 5629 suis

1879 5661 2147 5719 introierit
2172 5661 2426 5728 novitius,
2455 5672 2580 5716 tunc
2605 5661 2691 5716 ille
2717 5662 2895 5716 brevis
2918 5660 2998 5714 vel
3027 5660 3243 5716 donatio
3265 5658 3445 5717 rerum
