3944 6424
511 286 611 344 9(ιὸ

1787 272 1919 328 531A
1929 273 2137 329 RAGDI
2177 268 2461 330 ABBATIS

3593 235 3597 239 ’
3661 264 3762 321 sos

511 411 730 452 suarum
762 393 890 459 Deo,
924 388 1003 445 vel
1033 387 1357 443 monasterio
1394 384 1555 448 facta,
1599 384 1764 455 ipsius
1801 383 2081 439 donatoris
2108 386 2158 445 Α
2187 386 2278 450 rit,
2322 385 2438 441 sine
2473 383 2634 440 rebus
2673 383 2786 441 suis
2823 381 2892 440 de
2928 381 3260 439 monasterio
3300 375 3386 436 vel
3425 379 3545 437 sine
3588 380 3764 437 indul-

510 501 702 543 manus
745 497 909 553 super
952 480 1124 536 altare
1165 488 1419 548 ponatur,
1464 477 1677 530 dicente
1722 476 1840 544 ipso
1880 474 2082 531 fratre:

511 579 664 641 Ecce,
692 575 937 633 Domine.
978 586 1104 627 cum
1146 568 1325 623 anima
1364 581 1482 621 mea
1522 574 1578 621 et
1615 573 1934 635 paupertate
1966 579 2087 618 mea

511 666 770 738 quidquid
811 663 944 719 mihi
975 657 1205 723 donasti,
1238 656 1335 712 tibi
1378 656 1697 725 reconsigno
1726 662 1779 707 ct
1815 652 2002 718 offero,
2033 660 2089 706 et

512 757 583 810 ibi
623 754 745 809 volo
781 762 842 807 ut
876 753 983 805 sint
1025 766 1113 805 res
1144 764 1310 814 meae,
1353 747 1445 801 ubi
1487 748 1651 803 fuerit
1688 763 1783 802 cor
1827 762 2004 801 meum
2032 753 2089 800 et

511 847 717 910 anima,
746 845 846 899 sub
874 850 1137 913 potestate
1185 849 1361 894 tamen
1409 837 1722 893 monasterii
1761 844 1817 890 et
1853 835 2083 897 abbatis,

510 952 672 1007 quem
708 935 862 997 mihi,
896 934 1138 997 Domine,
1179 933 1233 986 in
1269 931 1384 985 vice
1412 938 1502 984 tua
1544 929 1836 982 timendum
1872 941 2086 996 praepo-

510 1029 619 1092 nis,
647 1042 767 1081 cum
799 1027 848 1080 ei
878 1025 1012 1079 dicis
1039 1042 1050 1076 :
1080 1022 1183 1087 Qui
1207 1038 1292 1075 ros
1323 1020 1493 1085 audit,
1517 1035 1598 1074 me
1623 1018 1789 1083 audit,
1814 1026 1862 1071 et
1883 1018 1974 1086 qui
1999 1033 2087 1072 vos

515 1119 729 1191 spernit,
762 1135 842 1171 me
863 1116 1054 1187 spernit
1087 1113 1234 1186 (Luc.
1263 1110 1339 1181 ι).

588 1209 757 1274 Quam
779 1206 902 1274 dum
925 1205 1175 1275 posuerit,
1198 1202 1413 1271 incipiat
1433 1214 1540 1269 ipse
1563 1200 1785 1253 novitius
1808 1214 1930 1253 mox
1951 1199 2089 1252 hunc

508 1312 735 1354 versum:
753 1281 964 1366 Suscipe
978 1312 1077 1355 me,
1088 1294 1322 1356 Domine,
1338 1293 1624 1347 secundum
1638 1291 1899 1363 eloquium
1916 1300 2084 1355 tuum,

508 1402 556 1444 et
597 1390 785 1451 rivum,
811 1398 857 1440 et
893 1403 992 1439 non
1026 1384 1319 1453 confundas
1358 1399 1439 1436 me
1476 1383 1539 1435 ab
1563 1383 1939 1451 exspectatione
1972 1398 2087 1435 mea

511 1478 685 1553 (Psal.
716 1477 923 1542 cxvut).
970 1475 1133 1541 Quem
1164 1491 1368 1538 versum
1393 1475 1559 1527 omnis
1581 1474 1912 1543 congregatio
1936 1474 2087 1527 tertio

512 1569 841 1640 respondeat,
869 1568 1230 1637 adjungentes,
1256 1560 1437 1620 Gloria
1465 1566 1637 1621 Patri.
1666 1565 1812 1619 Tunc
1842 1566 1950 1637 ipse
1977 1565 2087 1635 fra-

511 1671 593 1715 ter
616 1660 839 1714 noritius
864 1667 1221 1728 prosternatur
1252 1655 1575 1726 singulorum
1596 1655 1833 1726 pedibus,
1862 1665 1917 1708 ut
1940 1662 2087 1709 orent

2185 477 2364 545 gentia
2389 484 2735 546 peccatorum
2765 490 2797 529 a
2821 474 2933 529 Deo
2960 471 3219 528 discedat.

2257 568 2385 623 Mox
2407 584 2528 637 ergo
2556 568 2612 621 in
2633 567 2867 621 oratorio
2888 576 3113 620 eruatur
3134 566 3286 619 rebus
3309 565 3556 635 propriis,
3573 563 3762 635 quibus

2184 658 2400 712 vestitus
2421 666 2515 719 est,
2540 666 2589 710 et
2607 656 2861 709 induatur
2881 655 3033 709 rebus
3054 656 3376 709 monasterii.
3423 656 3522 709 llic
3561 664 3762 721 autem,

2187 756 2247 801 ut
2269 747 2400 801 mihi
2424 745 2655 811 videtur,
2682 746 2727 801 si
2753 746 2806 799 in
2830 745 3008 799 laicali
3029 744 3217 799 habitu
3238 753 3337 806 est,
3366 745 3518 814 prius
3541 745 3765 800 tondea-

2188 846 2296 903 tur,
2318 846 2373 892 et
2394 837 2473 892 sic
2495 836 2736 891 vestibus
2757 834 3075 889 monasterii
3105 834 3381 888 induatur.
3409 834 3548 889 Hinc
3570 843 3628 890 et
3644 836 3766 904 qui.

2188 929 2311 983 dam
2332 928 2586 997 antiquus
2619 927 3006 980 monachorum
3046 925 3306 995 magister
3334 925 3407 979 ait
3435 940 3448 978 :
3478 925 3615 980 Cum
3639 942 3765 996 ergo

2187 1037 2311 1077 cum
2355 1020 2566 1076 caeteris
2600 1017 2860 1073 fratribus
2896 1016 3296 1086 inculpabiliter
3344 1016 3399 1070 in
3436 1016 3765 1075 monasterio

2189 1116 2456 1184 integrum
2474 1126 2676 1165 annum
2705 1108 3027 1178 impleverit,
3050 1115 3180 1162 tunc
3205 1107 3420 1161 demum
3442 1107 3560 1162 sine
3584 1108 3772 1176 aliqua.

2187 1205 2523 1261 dubitatione
2557 1203 2866 1267 tondeatur,
2893 1200 2979 1255 vel
3001 1200 3052 1257 ei
3095 1200 3267 1254 sancti
3294 1200 3556 1269 propositi
3587 1210 3767 1256 vestes

2189 1300 2485 1348 mutentur.
2526 1292 2664 1346 Hinc
2691 1300 2747 1346 et
2774 1291 3070 1346 Cassianus
3095 1290 3228 1345 dicit
3253 1308 3266 1343 :
3295 1289 3428 1345 Cum
3457 1307 3588 1346 vero
3619 1306 3766 1347 rece-

2187 1393 2313 1454 ptus
2349 1383 2472 1452 quis
2510 1383 2565 1437 in
2610 1382 2938 1437 monasterio
2984 1379 3165 1445 fuerit,
3217 1382 3292 1435 ita
3338 1380 3571 1436 fideliter
3617 1384 3764 1437 omni

2187 1474 2417 1543 pristina
2446 1472 2701 1528 facultate
2725 1473 2978 1537 nudetur,
3006 1478 3066 1525 ut
3090 1486 3160 1527 ne
3188 1471 3361 1541 ipsum
3387 1471 3762 1527 indumentum

2188 1579 2297 1635 quo
2326 1579 2359 1618 a
2386 1562 2582 1619 steculo
2607 1563 2753 1618 venit
2782 1563 3021 1628 indutus,
3045 1561 3246 1619 habere
3281 1561 3512 1631 amplius
3537 1563 3765 1632 permit—

2191 1666 2366 1725 tatur;
2404 1658 2499 1713 sed
2536 1658 2589 1712 in
2624 1657 2802 1712 medio
2827 1657 3120 1726 productus
3153 1664 3385 1711 cxuatur
3411 1655 3668 1725 propriis,
3703 1671 3765 1712 ac

509 1766 603 1820 pro
635 1765 694 1802 eo
719 1767 737 1805 :
763 1757 811 1801 et
823 1748 940 1817 jam
967 1763 1032 1800 ex
1063 1745 1156 1799 illa
1182 1746 1267 1799 die
1298 1747 1352 1799 in
1380 1746 1777 1815 congregatione
1797 1754 2083 1814 reputetur.
2115 1739 2163 1798 Β
2189 1767 2286 1822 per
2312 1765 2506 1806 manus
2534 1748 2746 1805 abbatis
2780 1748 3037 1802 induatur
3061 1746 3374 1802 monasterii
3404 1748 3762 1802 vestimentis.

509 1842 624 1897 Vox
662 1839 972 1910 pmnltcntis
1005 1846 1059 1892 et
1100 1838 1168 1892 ad
1194 1838 1363 1892 Deum
1412 1837 1778 1892 convertentis
1826 1842 1930 1900 est,
1964 1850 2101 1905 quae"

508 1932 680 1988 dicit:
707 1928 919 2000 Suscipe
956 1946 1054 1995 me,
1103 1929 1338 1993 Domine,
1382 1928 1667 1982 secundum
1687 1927 1997 2004 .eloquium,
2038 1938 2087 1982 et

507 2025 697 2087 vivam,
720 2030 822 2076 etc.
852 2019 953 2086 Qui
980 2020 1122 2074 enim
1150 2020 1424 2089 peccando
1450 2018 1605 2089 longe
1642 2034 1673 2073 a
1696 2018 1807 2073 Deo
1836 2020 2085 2084 recessit,

508 2123 563 2169 et
590 2114 731 2167 velut
762 2121 1006 2167 mortuus
1044 2127 1074 2166 a
1107 2112 1412 2181 cognitione
1436 2111 1528 2164 Dei
1559 2112 1715 2181 longo
1742 2127 1843 2166 usu
1881 2112 1933 2166 in
1968 2128 2087 2182 pec-

509 2205 614 2258 cati
662 2202 911 2272 scpulcro
953 2202 1132 2267 latuit,
1175 2202 1487 2270 paenitendo
1522 2202 1719 2256 iterum
1752 2203 2083 2267 humiliatur,

507 2299 564 2347 ct
592 2301 650 2346 ut
678 2299 926 2361 receptus
958 2291 1010 2346 in
1036 2300 1296 2346 mternum
1323 2292 1489 2357 vivat,
1518 2290 1771 2345 flebiliter
1797 2292 2086 2347 Dominum

510 2384 844 2453 deprecatur.
914 2382 1068 2438 Unde
1111 2391 1168 2437 et
1210 2382 1442 2437 fratrum
1491 2382 1732 2437 omnium
1782 2391 2080 2452 prostratut

507 2472 753 2542 pedibus,
792 2487 894 2542 pro
932 2486 990 2527 se
1030 2486 1186 2527 orare
1230 2487 1323 2527 eos
1370 2472 1602 2543 rogitare
1640 2472 1800 2527 debet
1839 2474 2088 2529 assiduus

510 2563 675 2618 etlam
707 2563 761 2615 in
789 2562 1205 2632 congregatione
1243 2563 1516 2632 deceptus.
1555 2562 1689 2618 Hinc
1718 2562 1935 2632 quidam
1972 2581 2089 2620 mo-

510 2654 807 2708 nachorum
848 2653 1105 2723 magister
1142 2654 1220 2708 ait
1247 2670 1260 2706 :
1285 2653 1411 2709 Post
1450 2655 1564 2709 haec
1600 2655 1744 2709 dicta
1787 2655 1931 2710 dicat
1974 2656 2088 2727 ipse

515 2742 748 2798 novitius
779 2742 954 2797 frater
993 2745 1394 2812 responsorium
1431 2744 1573 2799 hoc:
1612 2742 1827 2816 Suscipe
1846 2762 1946 2811 me,
1983 2747 2089 2802 Do-

517 2835 676 2901 mine,
702 2834 986 2889 secuudum
1008 2834 1213 2890 verbum
1237 2846 1405 2901 tuum,
1422 2845 1469 2890 et
1490 2836 1680 2901 vivam,
1702 2844 1806 2891 etc.
1823 2836 1951 2893 Post
1984 2840 2089 2896 hoc

514 2924 917 3003 responsorium
965 2924 1096 2979 dicit
1124 2926 1291 2980 abbas
1318 2926 1462 2982 hunc
1488 2941 1703 2981 versum
1746 2944 1761 2980 :
1818 2925 2086 2998 Conﬁrma

512 3013 631 3078 hoc,
653 3012 814 3079 Deus,
844 3012 983 3085 quod
1021 3024 1265 3085 operatus
1305 3032 1360 3070 es
1397 3017 1454 3070 in
1495 3008 1641 3071 nobis
1684 3014 1858 3086 (Psal.
1889 3019 2080 3090 uvn).

511 3104 641 3160 Post
665 3119 825 3174 quem
850 3120 1069 3160 versum
1094 3106 1319 3173 dictum,
1348 3122 1472 3162 mox
1501 3108 1624 3163 data
1661 3109 1712 3163 ei
1741 3109 1808 3164 ab
1834 3088 2085 3167 omnibus
2110 3088 2156 3151 C

512 3206 666 3263 pace,
694 3194 965 3263 compleat
987 3194 1176 3250 abbas.
1210 3195 1347 3250 Hinc
1371 3196 1530 3251 datur
1559 3196 1784 3267 intelligi
1814 3199 1938 3268 quia
1964 3209 2088 3269 post

510 3282 658 3337 iliam
688 3281 922 3338 Gloriam
969 3284 1038 3339 ab
1077 3285 1330 3341 omnibus
1376 3287 1624 3357 superius
1665 3288 1864 3342 dictam
1897 3304 2086 3345 omnes

512 3378 708 3432 iterum
729 3392 859 3431 cum
883 3377 977 3432 illo
1005 3378 1228 3441 novitio,
1255 3378 1488 3444 silentio,
1523 3387 1584 3434 ut
1612 3395 1730 3436 mos
1752 3390 1858 3446 est,
1889 3381 2089 3438 debent

512 3466 697 3525 dicere
733 3468 1034 3523 orationem
1061 3468 1416 3538 Dominicam,
1459 3478 1516 3526 et
1550 3471 1743 3526 abbate
1776 3472 2012 3538 dicente;
2037 3481 2086 3527 et

514 3575 581 3612 ne
615 3559 951 3612 nosinaucas
987 3558 1043 3612 in
1075 3560 1429 3625 tentationem,
1473 3575 1622 3616 more
1665 3560 1825 3617 solito
1867 3577 2088 3633 respon-

511 3649 680 3703 deant
704 3662 917 3712 omnes;
951 3647 1043 3701 sed
1074 3646 1238 3701 libera
1273 3665 1368 3704 nos
1403 3667 1434 3703 a
1470 3650 1608 3704 malo
1632 3663 1652 3702 :
1682 3658 1737 3706 et
1772 3659 1897 3707 tunc
1924 3652 2087 3707 orans

512 3740 687 3794 abbas
729 3753 891 3808 super
937 3740 1198 3794 novitium
1240 3741 1380 3796 hanc
1410 3743 1711 3797 orationem
1742 3745 1927 3801 dicat:
1957 3743 2088 3799 Sus-

512 3830 657 3900 cipe,
689 3844 1013 3897 qutesumus,
1063 3830 1303 3893 Domine,
1337 3831 1481 3887 hunc
1527 3832 1783 3888 famulum
1822 3843 1972 3889 tuum
2020 3834 2088 3889 ad

516 3928 571 3976 te
616 3920 849 3990 procella
882 3921 1064 3976 saeculi
1100 3920 1258 3990 hujus
1291 3922 1604 3992 laqueisqne
1637 3924 1836 3978 diaboli
1882 3924 2088 3995 fugien-

516 4020 643 4077 tem,
674 4020 794 4066 uta
824 4018 876 4066 te
901 4020 1183 4083 susceptus
1217 4023 1275 4068 et
1327 4014 1551 4069 instanti
1593 4014 1790 4070 sacculo
1827 4014 2085 4079 salvatus,

513 4112 570 4157 et
607 4102 663 4156 in
698 4100 881 4157 futuro
913 4116 972 4157 se
1009 4103 1240 4172 gaudeat
1279 4118 1313 4158 a
1354 4110 1408 4158 te
1445 4102 1675 4159 feliciter
1721 4110 2083 4159 muneratam.

514 4192 637 4250 Per.
684 4195 752 4250 Et
780 4203 908 4251 tunc
930 4194 1114 4251 osculo
1139 4195 1388 4252 omnibus
1421 4196 1549 4252 dato
1574 4196 1740 4251 etiam
1771 4195 1827 4250 in
1863 4210 2089 4267 congre-

514 4285 730 4355 gatione
757 4294 1052 4354 reputetur.
1146 4304 1153 4313 ν

592 4375 711 4441 Res,
734 4377 780 4430 si
802 4393 934 4447 quas
958 4376 1130 4443 habet,
1154 4386 1244 4431 aut
1266 4385 1437 4447 eroget
1464 4378 1608 4447 prius
1631 4376 1965 4448 pauperibus,
1990 4387 2085 4431 aut

2189 1840 2481 1896 Tondendo
2506 1848 2687 1895 autem
2717 1838 2939 1904 novitio,
2970 1837 3282 1908 priusquam
3313 1838 3623 1903 tondeatur,
3652 1838 3765 1893 lucc

2186 1935 2362 1990 oratio
2415 1948 2447 1986 a
2495 1931 2777 1988 sacerdote
2832 1931 3044 1985 dicatur
3087 1943 3103 1983 :
3151 1929 3384 1995 Praesta,
3432 1945 3762 1999 quaesumus.

2187 2026 2527 2096 omnipotens
2552 2024 2716 2087 Deus,
2745 2030 2808 2076 ut
2841 2022 2980 2076 sicut
3008 2020 3101 2075 hic
3128 2019 3361 2075 famulus
3399 2028 3525 2074 tuus
3552 2034 3764 2075 comam

2188 2117 2390 2173 amittit
2417 2116 2634 2186 capitis,
2662 2114 2795 2169 vitia
2828 2112 3008 2168 cordis
3047 2111 3205 2166 simul
3249 2111 3466 2166 amittat
3493 2118 3548 2166 et
3576 2125 3764 2180 corpo-

2190 2206 2287 2271 ris,
2316 2214 2377 2261 ut
2414 2218 2643 2275 corpore
2679 2202 2884 2273 pariter
2925 2202 3212 2255 innovatus
3249 2208 3305 2255 et
3338 2207 3544 2265 mente,
3585 2209 3762 2254 tecum

2188 2294 2415 2350 feliciter
2440 2294 2618 2348 valeat
2638 2293 2695 2347 in
2718 2300 2980 2346 aeternum
3010 2304 3257 2361 regnare.
3283 2289 3406 2345 Per.

2258 2383 2365 2440 Illa
2402 2394 2577 2439 autem
2605 2383 2909 2438 vestimenta
2934 2380 3120 2452 quibus
3156 2388 3342 2435 exutus
3370 2387 3447 2434 est
3493 2395 3755 2449 reponan-

2187 2486 2275 2530 tur
2294 2476 2349 2530 in
2375 2474 2616 2530 vestiario
2643 2470 3021 2536 conservanda,
3037 2478 3114 2535 ut,
3138 2471 3184 2524 si
3211 2468 3495 2541 aliquando
3511 2468 3765 2522 suadente

2187 2564 2396 2620 diabolo
2414 2564 2730 2618 consenserit
2762 2571 2818 2616 ut
2839 2561 3143 2632 egrediatur
3178 2560 3243 2615 de
3268 2560 3605 2623 monasterio,
3623 2559 3763 2629 quod

2187 2654 2343 2719 absit,
2374 2664 2497 2707 tunc
2524 2664 2711 2708 exutus
2734 2653 2885 2707 rebus
2921 2651 3224 2706 monasterii
3263 2651 3593 2721 proﬁciatur.
3626 2648 3767 2704 Hinc

2187 2744 2476 2801 Cassianus
2524 2744 2602 2799 ait
2636 2743 2766 2798 :llla
2796 2757 2930 2798 vero
2981 2756 3101 2811 quae
3148 2741 3396 2811 deposuit
3437 2741 3765 2796 vestimenta

2184 2835 2475 2906 prsposito
2508 2835 2812 2900 tradantur,
2866 2849 2988 2903 qua:
3017 2833 3202 2887 tandiu
3242 2833 3311 2887 ab
3344 2847 3408 2887 eo
3459 2840 3765 2897 serventur,

2185 2928 2357 2983 donec
2392 2925 2670 2997 profectus
2715 2925 3144 2996 conversationis
3178 2925 3295 2995 ejus
3323 2924 3551 2981 diversis
3579 2931 3763 2979 tenta-

2188 3017 2425 3076 tionibus
2453 3034 2518 3075 ac
2536 3017 2946 3090 probationibus
2971 3016 3272 3072 evidentius
3314 3024 3659 3086 agnoscatur.
3705 3015 3767 3071 Si

2186 3125 2317 3166 vero
2360 3110 2540 3180 aliqua
2569 3109 2927 3165 murmuratio
2952 3115 3046 3164 aut
3074 3107 3434 3164 inobedientia
3458 3108 3514 3163 in
3547 3123 3614 3163 eo
3640 3107 3762 3164 fuc-

2186 3201 2260 3254 rit
2289 3201 2649 3270 deprehensa,
2692 3207 2925 3254 ematur
2962 3198 3277 3253 monasterii
3302 3198 3544 3253 vestibus
3566 3197 3770 3268 quibus

2186 3292 2406 3348 indutus
2432 3291 2632 3359 fuerat,
2655 3300 2711 3347 et
2729 3291 3015 3347 revestitus
3043 3290 3158 3346 suis
3183 3290 3420 3360 antiquis
3432 3305 3557 3359 quae
3584 3306 3614 3344 a
3629 3307 3771 3360 prce-

2184 3384 2361 3454 posito
2393 3390 2803 3448 conservantur,
2842 3381 2989 3438 foras
3023 3381 3345 3453 expellatur,
3397 3382 3526 3451 quia
3548 3396 3655 3436 non
3683 3390 3772 3436 est

2187 3477 2269 3531 fas
2295 3490 2417 3531 cum
2443 3474 2782 3530 vestimentis
2808 3472 3124 3529 monasterii
3151 3488 3272 3542 quae
3311 3472 3524 3542 accepit
3569 3473 3768 3528 absce-

2186 3566 2332 3621 dere.
2371 3563 2509 3619 Hinc
2529 3563 2750 3633 quidam
2785 3562 3174 3616 monachorum
3204 3561 3465 3631 magister
3485 3563 3564 3617 ait
3600 3581 3616 3616 :
3660 3562 3772 3617 Ve-

2184 3668 2296 3712 stes
2328 3669 2458 3709 vero
2488 3653 2793 3717 saeculares,
2849 3667 2986 3721 quas
3029 3651 3156 3706 dum
3197 3659 3373 3707 mutat
3403 3661 3600 3708 exutus
3648 3652 3770 3708 fue-

2186 3747 2279 3811 rit,
2330 3761 2453 3801 cum
2492 3744 2769 3813 diligentia
2815 3744 3064 3813 repositae
3097 3752 3508 3809 conserventur,
3540 3752 3650 3800 tam
3695 3746 3764 3800 de

2188 3838 2340 3894 laicis
2358 3853 2521 3908 quam
2546 3837 2711 3892 etiam
2735 3837 2803 3892 de
2823 3835 3036 3892 firmato
3058 3852 3339 3903 converso,
3364 3852 3434 3893 ne
3466 3837 3603 3893 forte
3621 3840 3768 3908 quod

2186 3946 2292 3986 non
2322 3932 2377 3985 in
2416 3929 2690 3984 conversis
2710 3929 3010 4000 contingat,
3058 3944 3182 3984 cum
3210 3930 3277 3985 ad
3312 3945 3438 3985 suos
3458 3931 3632 3986 denuo
3668 3947 3768 3987 vo-

2185 4020 2352 4074 mitus
2372 4017 2550 4073 redire
2578 4018 2829 4085 voluerit,
2852 4020 2919 4074 'et
2946 4019 3128 4074 δεουιί
3168 4019 3394 4090 elegerit
3430 4021 3625 4076 iterato
3669 4038 3760 4077 re-

2185 4108 2384 4181 pedare
2419 4108 2637 4173 itinera,
2661 4114 2718 4163 et
2744 4108 2904 4164 nullis
2940 4108 3341 4179 Scripturarum
3384 4110 3470 4166 vel
3502 4112 3764 4167 monitio-

2187 4214 2314 4253 num
2353 4199 2552 4269 poterit
2591 4198 2822 4254 vinculis
2862 4198 3106 4263 retineri,
3148 4198 3338 4253 reddat
3359 4197 3575 4254 Christo
3618 4201 3765 4269 quod

2184 4305 2343 4345 suum
2373 4297 2490 4363 est,
2528 4288 2581 4343 id
2620 4296 2726 4354 est,
2774 4297 2972 4344 exutus
3001 4289 3208 4344 sanctis
3248 4289 3507 4353 vestibus,
3541 4288 3626 4344 vel
3664 4290 3767 4345 ha-

2189 4379 2304 4433 bitu
2327 4368 2504 4445 sacro,
2553 4379 2668 4435 suis
2688 4379 3133 4449 quibus'venerat
3159 4379 3386 4433 vestitus
3413 4378 3658 4435 vestibus
3680 4394 3768 4434 re-

516 4467 658 4537 facta
678 4445 977 4521 solemniter
1007 4466 1308 4532 donatione,
1330 4445 1560 4536 conferat
1590 4445 1930 4535 monasterio,
1956 4467 2087 4521 nihil
2112 4445 2164 4504 D
2189 4469 2434 4524 similans
2475 4445 2731 4524 saeculum
2767 4468 2837 4523 ad
2867 4482 3145 4523 suasorem
3184 4466 3386 4522 diaboli
3435 4474 3759 4531 revertatur,

513 4556 616 4611 sibi
648 4572 912 4610 reservans
944 4572 1008 4610 ea:
1040 4557 1277 4611 omnibus
1298 4569 1316 4607 :
1335 4557 1522 4627 quippe
1540 4558 1631 4627 qui
1662 4572 1728 4611 ea:
1759 4555 1852 4610 illo
1880 4556 1965 4610 die
1993 4572 2084 4610 nec

496 4648 713 4719 proprii
752 4649 984 4719 corporis
1018 4659 1321 4718 potestatem
1346 4664 1400 4702 se
1423 4648 1722 4702 habiturum
1746 4648 1898 4702 sciat.
1931 4646 2085 4714 Quod

517 4742 679 4807 dicit,
721 4740 864 4811 facta
899 4739 1200 4795 solemniter
1244 4740 1555 4802 donatione,
1597 4738 1913 4807 intelligitur
1960 4738 2086 4792 reli-

517 4830 666 4903 giose
688 4813 888 4885 coram
926 4830 1155 4884 testibus
1202 4835 1259 4883 et
1311 4828 1562 4881 universa
1599 4825 1909 4880 monasterii
1955 4841 2083 4881 con-

518 4923 851 4992 gregatione.
908 4918 1061 4975 Unde
1082 4927 1140 4972 et
1167 4915 1708 4977 alibimOnachorum
1732 4914 1922 4970 Patres
1943 4916 2092 4971 dixe-

521 5016 648 5062 runt
674 5026 688 5062 :
714 5007 771 5063 Si
807 5007 1044 5077 aliquam
1089 5005 1349 5060 novitius.
1371 5003 1425 5057 in
1463 5001 1707 5058 cellulam
1745 5002 1978 5058 voluerit
2009 5005 2092 5059 in-

518 5099 663 5155 ferre
697 5096 1087 5161 substantiam,
1121 5095 1178 5149 in
1207 5109 1391 5149 mensa
1430 5102 1664 5164 ponatur
1695 5096 1878 5149 co’ram
1915 5095 2089 5150 omni-

517 5188 620 5244 bus
646 5187 925 5242 fratribus.
950 5184 1087 5237 liinc
1109 5191 1165 5237 et
1187 5183 1403 5254 quidam
1428 5184 1812 5239 monachorum
1836 5183 2091 5254 magister

517 5278 631 5333 ait:
660 5276 778 5333 Una
807 5289 932 5329 cum
961 5273 1138 5326 anima
1169 5287 1266 5326 sua
1295 5273 1405 5328 Deo
1427 5281 1483 5328 et
1508 5274 1747 5329 oratorio
1768 5273 2085 5329 monasterii

517 5380 617 5434 per
643 5362 991 5420 donationem
1017 5359 1207 5413 offerat
1244 5370 1436 5428 totum,
1468 5362 1932 5418 subscribentibus
1962 5362 2087 5433 reli-

518 5454 684 5525 giosis
733 5450 991 5514 testibus,
1038 5449 1319 5520 episcopo,
1362 5453 1677 5524 presbytero
1732 5460 1789 5507 et
1836 5451 2083 5516 diacono,

518 5544 602 5598 vel
632 5543 804 5613 ipsius
830 5538 1089 5594 territorii
1122 5538 1285 5606 clero,
1317 5551 1373 5597 et
1396 5543 1450 5597 in
1482 5543 1597 5611 ipsa
1623 5539 1870 5595 cautione
1899 5548 2088 5595 laxans

518 5632 639 5700 hoc,
665 5632 810 5697 quod
839 5631 883 5687 si
918 5629 1205 5698 aliquando
1240 5634 1570 5690 monaSterio
1608 5631 1884 5687 discedere
1908 5633 2089 5688 volue-

2184 4567 2241 4615 et
2265 4574 2371 4614 non
2388 4558 2591 4615 Christi
2616 4558 2887 4627 praedatus
2909 4556 3126 4612 habitus
3145 4555 3414 4626 polluatur
3433 4554 3487 4609 in
3512 4555 3708 4610 saeculo
3729 4570 3761 4609 a

2184 4648 2385 4718 fugaci.

2204 4789 2217 4802 ,
2257 4739 2415 4793 Illam
2446 4747 2618 4793 tamen
2659 4738 2953 4809 petitionem
2976 4736 3112 4805 ejus,
3162 4752 3317 4807 quant
3351 4736 3571 4807 desuper
3593 4735 3761 4791 altare

2182 4830 2344 4885 abbas
2383 4829 2524 4895 tulit,
2561 4845 2665 4883 non
2702 4828 2937 4897 recipiat,
2980 4827 3072 4882 sed
3100 4827 3155 4881 in
3187 4828 3499 4880 monasterio
3537 4842 3760 4881 reserve-

2192 4929 2297 4973 tur.
2328 4919 2454 4975 ldeo
2499 4918 2643 4973 illam
2677 4918 2989 4987 petitionem
3032 4917 3187 4987 jubet
3227 4916 3511 4982 reservari,
3559 4924 3621 4970 ut
3664 4932 3761 4987 per

2192 5022 2311 5062 eam
2359 5008 2523 5063 etiam
2564 5006 2656 5062 illo
2706 5006 2942 5071 nolente,
2997 5007 3043 5061 si
3098 5006 3326 5060 voluerit
3358 5007 3545 5071 abbas,
3589 5006 3760 5076 possit

2190 5113 2313 5153 eum
2356 5098 2552 5154 iterum
2581 5098 2636 5152 in
2665 5097 2994 5151 monasterio
3035 5096 3313 5162 reducere,
3359 5096 3541 5166 ibique
3585 5096 3763 5166 subje-

2190 5196 2334 5243 ctum
2359 5195 2566 5244 tencre.
2596 5187 2703 5241 Aut
2728 5188 2773 5243 si
2799 5186 2939 5242 forte
2966 5201 3026 5241 se
3054 5186 3252 5240 dixerit
3277 5200 3395 5241 esse
3424 5200 3532 5240 non
3563 5200 3754 5239 mona-

2189 5277 2371 5343 chum,
2392 5279 2461 5333 ab
2475 5277 2562 5331 illa
2584 5277 2841 5346 petitione
2864 5276 3061 5341 victus,
3089 5276 3145 5329 in
3168 5276 3519 5331 monacbatus
3542 5276 3753 5347 rediga-

2187 5375 2275 5425 tur
2294 5367 2593 5423 servitium.

2773 5433 3000 5491 CAPUT
3036 5434 3172 5490 LIX.

2255 5524 2332 5580 De
2353 5524 2480 5594 ﬁliis
2514 5523 2764 5578 nobilium
2810 5521 2887 5579 vel
2916 5540 3204 5596 pauperum
3243 5526 3333 5597 qui
3367 5525 3680 5596 oﬂ‘eruntur.

2259 5632 2320 5690 Si
2347 5633 2461 5705 quis
2484 5632 2620 5703 forte
2655 5632 2720 5689 de
2762 5633 3019 5690 nobilibus
3045 5636 3195 5705 o/fert
3235 5636 3406 5706 ﬁlium
3456 5652 3609 5692 suum
3642 5634 3748 5688 Dea
