3944 6418
185 303 289 361 905

1216 299 1569 362 COMMENT.
1609 304 1677 362 IN
1714 302 1875 361 RBG.
1916 302 1975 359 S.
2016 301 2400 362 BENEDICTI.

3340 306 3445 363 900

184 419 238 472 in
274 415 616 481 monasterio,
643 416 687 470 si
712 415 820 487 ipse
856 430 985 489 puer
1012 417 1202 470 minori
1225 426 1377 471 (etate
1394 424 1490 481 est,
1528 426 1766 487 parentes
1794 417 1843 476 Α
1868 420 1988 484 pter
2015 413 2110 469 Dei
2144 415 2425 470 servitium
2458 416 2512 471 in
2548 414 2937 472 monasterium
2975 416 3207 473 voluerit
3244 434 3450 475 convo-

181 507 299 579 ejus
334 506 536 576 faciant
557 507 857 577 petitionem
886 523 1043 578 quam
1063 521 1222 576 supra
1255 507 1507 561 diximus.
1558 507 1768 561 Etcum

182 596 448 653 oblatione
486 596 653 667 ipsam
695 598 993 668 petitionem
1023 607 1070 651 et
1095 608 1307 650 umnam
1329 594 1480 668 pueri
1507 597 1769 651 involvunt

185 687 241 741 in
281 685 426 758 palla
478 685 689 751 altaris,
724 695 771 740 et
792 687 869 741 sic
891 703 1009 740 eum
1057 687 1302 756 offerant.
1351 683 1491 741 Hinc
1535 680 1771 741 Basilius

186 779 263 833 ait
292 795 306 832 :
335 775 563 848 Oportet
588 784 767 833 tamen
815 775 1067 843 infantes,
1116 772 1394 832 voluntate
1419 786 1473 831 et
1498 790 1770 832 consensu

184 877 496 939 parentum,
526 869 638 924 imo
664 870 733 925 ab
761 869 893 939 ipsis
913 868 1228 939 parentibus
1271 867 1503 934 oblatos,
1537 870 1638 925 sub
1661 874 1771 924 tes-

186 960 413 1016 timonio
433 959 789 1030 plurimorum
812 959 1034 1031 suscipi,
1071 968 1131 1014 ut
1155 960 1333 1015 omnis
1366 959 1580 1014 occasio
1607 957 1773 1013 male—

182 1052 316 1107 dicti
345 1052 520 1123 gratia
549 1049 869 1107 excludatur
915 1051 1194 1106 hominum
1230 1050 1613 1122 pessimorum.
1636 1048 1770 1107 Cum

183 1152 366 1197 autem
413 1140 614 1196 fuerint
666 1141 927 1213 suscepti,
969 1141 1015 1196 si
1047 1140 1186 1196 forte
1218 1141 1565 1212 propositum
1613 1154 1772 1197 suum

186 1232 513 1302 transgressi
538 1230 764 1296 fuerint;
815 1245 916 1286 nec
942 1230 1113 1285 videri
1146 1246 1241 1285 eos
1270 1238 1483 1300 oportet
1522 1230 1773 1301 amplius,

186 1332 446 1393 tanquam
481 1339 580 1379 eos
606 1324 697 1393 qui
724 1324 778 1378 in
810 1323 1040 1378 Domino
1078 1320 1448 1395 deliquerunt,
1494 1337 1604 1394 quo
1640 1328 1777 1380 teste

185 1412 548 1467 confessionis
593 1426 704 1467 suae
739 1420 959 1484 paetum
1000 1413 1323 1483 tranSgressi
1353 1421 1497 1467 sunt.
1554 1412 1708 1479 Quod
1730 1413 1778 1467 si

182 1503 494 1571 peccaverit,
550 1502 747 1575 inquit,
796 1503 1029 1557 homoin
1080 1503 1364 1568 hominem,
1407 1503 1630 1559 orabunt
1682 1521 1777 1576 pro

183 1592 297 1661 ipso
325 1590 396 1644 ad
423 1591 741 1657 Dominum;
770 1594 819 1647 si
847 1602 1025 1646 autem
1058 1592 1113 1646 in
1142 1591 1306 1645 Deam
1326 1594 1635 1662 peccaverit,
1661 1594 1777 1665 quis

181 1681 356 1735 orabit
397 1697 494 1751 pro
531 1699 592 1737 eo
616 1684 640 1737 .’
668 1682 805 1738 Hinc
836 1684 1073 1739 isidorus
1109 1684 1185 1737 ait
1217 1701 1230 1736 :
1266 1684 1583 1753 Quicunque
1612 1701 1642 1740 a
1682 1701 1777 1756 pa-

1871 500 2002 563 lare,
2056 518 2161 556 non
2200 503 2349 573 prius
2378 504 2724 574 suscipiatur,
2777 505 2900 571 nisi,
2941 514 3000 560 ut
3021 506 3271 575 superius
3308 506 3451 562 disi-
3481 569 3493 578 ,

1870 603 2014 655 mus,
2041 604 2256 645 omnem
2282 605 2312 646 ιι
2337 607 2395 648 se
2416 593 2781 649 obedientiam
2812 596 3122 664 promiserit
3151 597 3452 668 adimplen-

1870 678 2016 733 dam.
2063 678 2266 735 Deinde
2310 682 2633 736 conveniant
2670 692 2726 738 et
2750 694 3025 754 parentes,
3079 692 3141 741 ut
3175 694 3231 742 et
3257 702 3451 742 eorum

1871 769 2032 841 quale
2078 770 2150 825 sit
2178 780 2385 837 votum,
2435 785 2763 843 agnoscatur
2801 776 2867 831 de
2896 792 2980 832 co.
3012 777 3165 846 Quod
3204 777 3250 834 si
3276 780 3453 852 magis

1874 860 2074 916 fuerint
2099 863 2500 918 consentientes
2527 864 2644 933 ejus
2691 865 2832 919 votis
2874 876 3144 937 parentes,
3187 881 3453 927 convoca-

1874 949 1944 1004 tis
1967 951 2049 1005 eis
2081 950 2151 1005 ab
2178 951 2375 1006 abbate
2419 952 2474 1007 in
2508 954 2921 1021 monasterium,
2981 963 3167 1011 votum
3199 956 3294 1013 lilii
3320 974 3453 1015 coll-

1872 1039 2138 1094 verteutls
2160 1041 2481 1110 exquiratur
2506 1040 2575 1095 ab
2595 1041 2695 1105 eis,
2723 1050 2784 1097 ut
2807 1044 2876 1097 ab
2904 1042 3037 1114 ipsis
3064 1044 3245 1114 potius
3273 1046 3443 1100 videa-

1877 1138 1968 1185 tur
2002 1130 2276 1196 devoveri,
2301 1131 2385 1186 vel
2414 1129 2620 1198 offerri,
2668 1131 2760 1204 qui
2786 1149 2910 1190 eum
2946 1146 3271 1206 genuerunt.
3317 1135 3453 1193 Cum

1874 1235 2005 1290 ergo
2034 1221 2204 1291 magis
2222 1222 2601 1292 responderint
2619 1234 2896 1294 parentes,
2926 1234 3210 1297 gratanter
3227 1243 3289 1283 se
3319 1227 3458 1283 velle

1876 1310 2170 1380 adimplere
2194 1326 2313 1380 qua:
2347 1312 2513 1382 cupit,
2544 1320 2672 1368 tunc
2708 1313 2851 1369 dicat
2872 1315 2952 1370 eis
2976 1316 3144 1370 abbas
3167 1333 3181 1370 :
3204 1317 3282 1372 Its
3304 1319 3453 1373 enim

1878 1415 1976 1458 nos
2004 1405 2436 1471 considerantes,
2465 1420 2499 1459 ο
2526 1411 2802 1476 parentes,
2862 1405 3011 1476 juste
3062 1410 3218 1467 vobis
3260 1427 3455 1467 secum

1877 1497 2002 1550 dum
2044 1494 2211 1550 Deum
2249 1512 2349 1567 pro
2388 1505 2569 1553 vestro
2616 1497 2728 1552 filio
2767 1500 3081 1568 suademus,
3122 1511 3183 1556 ut
3211 1501 3255 1557 si
3286 1501 3456 1559 tilium

1874 1601 2115 1645 vestrum
2164 1591 2324 1661 digne
2372 1591 2482 1646 Deo
2525 1591 2723 1663 cupitis
2767 1592 2985 1660 offerre,
3020 1609 3050 1648 a
3094 1594 3292 1650 seculo
3330 1609 3456 1651 eum

1876 1681 2025 1750 prius
2070 1679 2270 1736 emite.
2327 1680 2480 1748 Quod
2519 1682 2564 1737 si
2594 1681 2796 1752 aliquid
2834 1682 2972 1753 apud
3009 1695 3107 1738 vos
3142 1682 3223 1738 eis
3261 1682 3459 1740 seculo

181 1772 431 1826 rentibus
476 1774 715 1843 propriis
764 1774 819 1829 in
873 1773 1202 1829 monasterio
1255 1774 1418 1827 fiterit
1464 1775 1763 1845 delegatus,
1794 1773 1841 1832 B
1870 1774 2191 1828 remanserit
2240 1773 2693 1839 conservandum,
2732 1774 2954 1828 habebit
2984 1772 3275 1845 aliquando
3327 1775 3458 1829 titil-

182 1863 399 1916 noverit
445 1877 505 1917 se
535 1864 637 1917 sibi
680 1873 941 1934 perpetuo
975 1879 1410 1933 permansurum.
1446 1863 1578 1919 Nam
1612 1865 1766 1920 Anna
1794 1912 1797 1915 .

182 1951 403 2007 Samuel
452 1968 680 2023 puerum
711 1963 920 2020 natum,
952 1964 1008 2010 et
1056 1956 1391 2010 abstractum
1422 1956 1531 2010 Deo
1566 1958 1768 2025 pietate

180 2045 397 2113 obtulit,
428 2048 627 2117 quique
655 2056 710 2102 et
735 2048 788 2102 in
818 2047 1123 2103 ministerio
1157 2048 1368 2116 templi,
1394 2063 1501 2118 quo
1527 2063 1557 2103 a
1596 2060 1768 2103 matre

183 2133 365 2193 fuerat
414 2135 650 2202 functus,
694 2137 1015 2207 permansit,
1064 2145 1119 2192 et
1162 2138 1253 2190 ubi
1314 2138 1647 2192 constitutus
1683 2145 1768 2192 est

182 2225 495 2281 deservivit.
532 2226 668 2282 llinc
707 2227 870 2282 datur
898 2228 1122 2300 intelligi
1162 2229 1288 2297 quia
1332 2236 1608 2297 parentes,
1661 2241 1768 2282 non

184 2318 321 2373 alios
348 2336 512 2389 quam
540 2329 750 2390 patrem
779 2330 875 2375 aut
903 2330 1132 2376 matrem
1176 2322 1270 2391 qui
1291 2336 1417 2375 eum
1440 2329 1766 2391 genuerunt,

184 2408 317 2463 dicit
353 2423 368 2462 :
402 2410 528 2479 quia
589 2409 743 2465 Anna
800 2410 1108 2466 Samuelem
1163 2426 1325 2482 quem
1389 2411 1607 2481 genuit,
1652 2412 1768 2481 ipsa

183 2508 241 2553 et
286 2515 393 2555 non
450 2501 589 2557 alius
639 2516 765 2556 eum
820 2502 1150 2557 serviturum
1201 2503 1256 2557 in
1307 2502 1507 2571 templo
1556 2500 1768 2557 Βοωῑηί

184 2593 400 2647 obtulit.

259 2682 335 2736 De
362 2684 511 2737 rebus
532 2695 704 2738 autent
727 2687 861 2751 suis,
893 2696 983 2740 aut
1020 2688 1073 2740 in
1104 2687 1346 2756 prwsenIi
1372 2686 1621 2756 petitione
1646 2702 1769 2757 pro-

187 2777 396 2831 mittent
439 2779 533 2831 ,ςιεὸ
551 2780 929 2849 jurejurando.
981 2779 1094 2833 Sub
1117 2778 1470 2847 jurejurando
1507 2778 1663 2842 dicit,
1714 2778 1768 2834 id

187 2875 291 2929 est,
348 2882 471 2920 cum
507 2866 837 2935 jurameuto.
893 2868 1082 2922 Omnis
1121 2868 1266 2921 enim
1307 2880 1403 2935 per
1432 2864 1765 2935 superiorem

189 2972 343 3009 suum
368 2957 536 3023 jurat.
568 2958 632 3010 Et
661 2958 782 3011 ideo
804 2957 934 3011 dicit
958 2973 970 3009 :
995 2958 1096 3010 sub
1110 2948 1483 3027 jurejurando,
1511 2955 1638 3026 quia
1666 2956 1769 3012 sub

182 3046 456 3117 juratiune
482 3062 586 3116 qua
609 3049 774 3118 jurat,
818 3057 875 3103 et
916 3049 1017 3102 sub
1046 3047 1138 3101 illo
1170 3056 1253 3101 est
1282 3062 1379 3116 per
1425 3062 1586 3116 quem
1617 3045 1768 3116 jurat

192 3138 309 3207 ipse
332 3138 422 3206 qui
453 3139 621 3207 jurat.

261 3228 399 3293 Quia
416 3246 685 3299 nampmm
706 3246 798 3300 per
809 3247 886 3296 se,
912 3244 1179 3301 nunquam
1194 3247 1287 3299 per
1306 3231 1578 3299 suffectum
1600 3245 1767 3301 perso-

191 3335 334 3383 nant,
352 3337 443 3373 nec
461 3320 688 3391 quolibet
716 3322 891 3386 modo,
914 3322 963 3375 ei
987 3321 1273 3392 aliquando
1293 3320 1494 3393 aliquid
1508 3321 1652 3387 dent,
1678 3330 1771 3375 aut

189 3410 761 3466 tribuantoccasiunem
781 3412 1025 3465 habendi.
1050 3412 1286 3466 Sufl'rcta
1312 3428 1543 3482 persona
1572 3413 1773 3467 dicitur

190 3503 488 3570 supposita,
517 3503 599 3557 vel
621 3504 933 3574 subrogata.
961 3502 1230 3558 Salii-ctus
1250 3505 1449 3558 dicitur
1473 3504 1528 3558 in
1551 3504 1669 3559 loco
1694 3503 1773 3559 ali-

190 3595 358 3647 terius
382 3596 712 3663 suppositus,
744 3597 899 3665 quasi
923 3595 1233 3651 suffraetus.
1263 3595 1413 3650 Unde
1431 3603 1486 3650 et
1504 3594 1772 3649 consulem

187 3685 466 3754 att/fectum
492 3687 722 3739 dicimus
737 3700 859 3740 eum
886 3686 979 3755 qui
1016 3700 1116 3755 pro
1150 3687 1261 3739 alio
1285 3687 1654 3742 substituitur.

268 3775 362 3828 Vel
402 3786 540 3828 certe
562 3775 608 3826 si
631 3774 728 3827 hoc
756 3774 928 3843 facere
949 3776 1235 3838 noluerint,
1273 3785 1322 3828 et
1351 3774 1554 3847 aliquid
1584 3779 1775 3847 oﬁ'erre

140 3890 143 3893 ·
189 3864 444 3919 coluerint
475 3864 529 3917 in
556 3861 935 3932 eleemosynam
949 3863 1270 3915 monasterio
1279 3879 1376 3932 pro
1397 3863 1632 3916 mercede
1652 3878 1773 3929 sua,

188 3959 395 4027 faciant
431 3971 497 4009 ea:
538 3954 691 4008 rebus
731 3970 864 4025 quas
892 3954 1023 4007 dare
1050 3951 1225 4007 volunt
1263 3953 1580 4006 monasterio
1616 3952 1776 4006 dona-

189 4050 404 4112 tionem,
464 4055 727 4098 resercato
767 4044 868 4098 sibi
914 4043 981 4115 (si
1020 4044 1097 4097 ita
1138 4043 1420 4113 noluerint)
1471 4042 1772 4112 καίνει-ιιι.

194 4139 601 4199 Usnmfructum
628 4140 779 4202 dicit,
808 4140 950 4208 quod
987 4136 1085 4193 nos
1119 4138 1353 4191 dicimus
1379 4134 1779 4190 usnmfructua-

193 4234 353 4294 rium,
396 4232 451 4288 id
477 4241 581 4297 est,
614 4232 733 4287 illas
760 4248 848 4287 res
883 4233 1086 4287 donent
1107 4230 1437 4285 monasterio
1479 4243 1581 4301 per
1605 4237 1777 4284 testa-

192 4332 437 4380 mentum
488 4324 591 4379 sibi
644 4323 1049 4379 usufructnario
1106 4330 1405 4386 reservato,
1456 4322 1529 4377 de
1579 4321 1778 4390 quibus

194 4416 357 4469 rebus
392 4413 610 4470 solvant
636 4416 787 4470 omni
818 4429 961 4469 anno
988 4415 1090 4469 sibi
1135 4413 1394 4475 indictum
1420 4427 1666 4468 censum.

1856 1862 2124 1919 1ationem
2160 1864 2409 1919 diabolici
2435 1864 2712 1927 desiderii,
2770 1866 2911 1920 sicut
2955 1869 3107 1920 canis
3155 1867 3459 1923 delectatur

1864 1950 1934 2020 ad
1964 1968 2119 2009 suum
2152 1955 2326 2008 redire
2358 1955 2640 2019 vomitum,
2670 1963 2726 2009 et
2753 1957 2929 2026 posita
2955 1971 3115 2010 manu
3139 1972 3307 2028 super
3337 1973 3457 2012 ara-

1869 2050 2012 2097 trum
2051 2043 2348 2112 respiciens
2388 2051 2554 2108 retro,
2588 2043 2702 2115 jam
2727 2060 2832 2099 non
2864 2044 2934 2099 sit
2963 2054 3121 2115 aptus
3150 2061 3454 2117 regno‘cm-

1868 2132 2069 2199 lorum,
2121 2134 2310 2189 relicto
2356 2135 2678 2205 quandoque
2729 2136 3081 2202 monasterio,
3133 2151 3356 2193 securus
3392 2138 3462 2193 de

1866 2224 2120 2295 portione
2143 2239 2238 2279 sua
2269 2232 2327 2279 et
2368 2233 2582 2279 servata
2620 2240 2649 2279 a
2678 2224 2853 2290 vobis,
2892 2225 3115 2296 cupiens
3154 2227 3207 2281 in
3236 2227 3460 2283 παιη-

1869 2328 1985 2368 rem
2013 2313 2230 2369 domum
2278 2323 2514 2369 vestram
2546 2315 2770 2381 reverti,
2816 2314 3076 2371 fratribus
3110 2318 3224 2372 suis
3273 2318 3462 2374 volens

1866 2417 1987 2460 esse
2016 2405 2275 2467 cohasres,
2328 2405 2381 2459 in
2414 2420 2633 2460 suarum
2675 2405 2852 2460 redire
2876 2405 3102 2477 incipiat
3133 2422 3363 2477 sponsus
3403 2417 3461 2464 et

1868 2495 2121 2550 dominus
2167 2496 2502 2561 facultatum,
2540 2504 2594 2549 et
2631 2495 2879 2566 pristinis
2925 2496 3209 2551 restitutus
3247 2497 3460 2553 deliciis

1867 2594 1935 2662 et.
1978 2586 2190 2656 pompis
2232 2602 2338 2641 non
2376 2585 2520 2641 aliud
2567 2586 2973 2642 desideraturus
3014 2604 3177 2660 quam
3220 2591 3458 2660 nuptias.

1870 2676 2032 2745 Ergo,
2079 2677 2222 2731 sicut
2254 2678 2505 2748 superius
2550 2676 2809 2742 uiximus,
2840 2678 2889 2733 si
2921 2678 3082 2748 digne
3126 2694 3249 2734 eum
3297 2681 3465 2738 vultis

1870 2767 1980 2821 Deo
2012 2767 2232 2831 olferre,
2276 2767 2344 2821 de
2392 2767 2639 2836 portione
2678 2766 2794 2834 ejus
2837 2776 2948 2823 tres
3006 2769 3139 2823 ﬁant
3184 2771 3465 2840 mqualitcr

1866 2852 2094 2928 partes:
2130 2873 2233 2911 una
2266 2841 2557 2912 distributa
2586 2857 2799 2912 abbatis
2822 2860 3073 2915 manibus
3111 2863 3461 2931 pauperibus.

1867 2949 1951 3004 vel
1974 2947 2339 3019 indigentibus
2362 2957 2653 3019 erogetur;
2683 2949 2845 3003 aliam
2876 2951 3052 3016 vobis,
3083 2952 3169 3005 vel
3196 2952 3461 3008 fratribus

1870 3041 1985 3098 suis
2019 3056 2247 3112 pergens
2274 3039 2362 3094 ille
2399 3041 2469 3095 ad
2505 3041 2823 3095 comitatum
2863 3050 3175 3098 sanctorum
3213 3045 3455 3113 exagita—

1794 3127 1839 3189 C
1873 3133 1954 3185 rio
1983 3148 2177 3185 uulnus
2222 3129 2375 3185 titulo
2415 3128 2786 3202 derelinquat;
2821 3131 3039 3186 tertiam
3071 3147 3202 3187 vero
3244 3143 3455 3203 partem

1872 3222 2053 3277 viatici
2113 3223 2196 3277 sui
2248 3223 2483 3277 utilitate
2511 3223 2719 3278 deferat
2764 3239 2947 3278 secum
2992 3226 3309 3281 monasterii
3335 3241 3462 3284 san-

1872 3322 2083 3368 ctornm
2125 3314 2312 3368 usibus
2349 3314 2710 3384 profuturam.
2762 3315 2916 3382 Quod
2954 3316 3001 3370 si
3037 3322 3282 3387 utrmque
3309 3319 3465 3375 vobis

1872 3418 2066 3476 graves
2090 3405 2199 3459 sint
2217 3419 2398 3469 voces,
2449 3412 2509 3459 ut
2539 3419 2638 3459 nec
2664 3405 2832 3460 Deum
2869 3405 3105 3461 audiatis
3135 3409 3466 3477 pauperibus

1872 3497 2166 3569 erogando,
2203 3504 2258 3551 et
2301 3495 2394 3552 lilii
2437 3496 2674 3551 animam
2708 3498 3041 3562 redimendo,
3087 3514 3187 3553 nec
3216 3507 3464 3555 nostrum

1872 3587 2160 3643 consilium
2199 3587 2444 3658 partibus
2480 3587 2788 3652 dividendo,
2843 3595 2898 3642 et
2942 3587 3241 3643 auferendo
3280 3591 3350 3644 ab
3396 3602 3467 3645 eo

1874 3680 2189 3736 saecularem
2232 3682 2612 3746 substantiam,
2638 3682 2722 3737 vel
2766 3683 2975 3736 nmium
3012 3691 3070 3736 et
3090 3683 3262 3736 solum
3294 3682 3466 3737 tilium

1876 3773 1988 3826 Deo
2015 3773 2340 3843 largiamiui.
2375 3775 2449 3828 Ita
2505 3784 2566 3828 ut
2603 3774 2961 3843 jurejurando
2995 3791 3092 3845 per
3113 3784 3466 3831 sacrosancta

1876 3862 2165 3932 Evangelia
2199 3865 2533 3933 promittatis
2579 3866 2661 3927 ei,
2710 3867 2940 3921 ulterius
2993 3883 3117 3921 eum
3170 3868 3237 3922 de
3284 3877 3468 3924 vestra

1874 3955 2186 4022 patrimonii
2215 3955 2515 4009 subs'antia
2545 3955 2681 4010 nihil
2711 3957 2944 4021 habere;
2990 3965 3051 4010 ut
3078 3958 3310 4013 firmiter
3350 3959 3468 4028 jam

1876 4058 2235 4113 perseverans
2275 4045 2331 4099 in
2387 4045 2637 4108 Domino,
2685 4046 2818 4100 sciat
2860 4061 2920 4100 se
2960 4047 3028 4099 de
3082 4047 3281 4103 sarculo
3326 4050 3467 4105 nihil

1877 4150 2121 4204 sperare,
2173 4151 2296 4190 cum
2335 4150 2394 4189 se
2422 4151 2452 4190 a
2502 4136 2655 4190 vobis
2683 4146 2739 4190 et
2770 4136 2839 4189 ab
2866 4151 2935 4191 eo
2963 4138 3163 4193 viderit
3204 4136 3464 4205 alienum,

1876 4224 2215 4279 solummodo
2241 4240 2475 4294 superna
2504 4225 2794 4281 desideret.
2845 4226 3077 4281 Tantum
3124 4235 3205 4283 est
3240 4236 3299 4282 ut
3330 4227 3466 4285 nihil

1878 4316 2074 4370 habeat
2101 4316 2168 4368 de
2202 4316 2421 4380 saeculo,
2471 4317 2615 4386 quod
2639 4317 2775 4371 vivis
2823 4316 2977 4371 vobis
3008 4326 3101 4371 aut
3132 4318 3363 4372 mortuis
3396 4318 3465 4373 de

1877 4409 2073 4464 vestris
2108 4408 2455 4465 facultatibus
2479 4410 2593 4480 jam
2622 4421 2835 4482 speret;
2868 4413 2993 4483 quia
3024 4413 3113 4468 cui
3146 4414 3313 4469 sentel
3340 4429 3466 4469 cru-

263 4509 431 4580 Atque
468 4509 544 4563 ita
570 4510 747 4563 omnia
773 4508 1133 4562 obstnantur.
1176 4505 1235 4561 ld
1266 4515 1370 4571 est,
1405 4506 1583 4561 omnis
1613 4520 1773 4560 ocea-
1799 4475 1853 4535 D
1877 4503 2070 4557 cifixus
2088 4512 2173 4557 est
2195 4505 2446 4569 mundus,
2490 4504 2666 4559 denuo
2699 4506 2768 4560 ab
2801 4521 2867 4561 eo
2889 4505 3208 4562 redelectari
3235 4522 3343 4563 non
3372 4509 3469 4564 de-

192 4600 277 4656 sio
317 4599 622 4664 claudatur,
673 4600 961 4655 obturetur
985 4606 1042 4654 et
1089 4600 1405 4668 abuegetur,
1453 4597 1596 4651 unde
1640 4611 1776 4667 puer

194 4691 424 4747 ulterius
475 4706 584 4746 non
640 4692 995 4760 periclitetur.
1045 4691 1209 4747 Nefas
1259 4698 1343 4746 est
1387 4691 1531 4745 enim
1574 4699 1636 4745 ut
1680 4689 1773 4761 qui

192 4783 498 4854 decipulam
545 4781 705 4851 hujus
753 4784 939 4840 steeuli
992 4784 1226 4839 intendit
1281 4782 1538 4846 evadere,
1597 4795 1773 4837 reser-

191 4886 284 4935 vet
322 4878 463 4933 unde
499 4894 621 4934 eum
651 4878 927 4935 infestatio
945 4880 1208 4935 diabolica
1244 4878 1424 4935 valeat
1450 4878 1684 4934 irretire.

265 4966 332 5021 Ut
368 4967 515 5022 nulla
543 4969 768 5039 suspicio
804 4980 1068 5023 remaneat
1095 4985 1273 5039 puero,
1306 4986 1400 5040 per
1440 4986 1598 5041 quam
1622 4969 1769 5023 dece-

190 5068 310 5128 ptus
321 5058 491 5128 perire
502 5059 661 5129 possit
684 5059 844 5130 (quod
859 5059 1039 5129 absit).
1063 5060 1201 5130 quod
1216 5060 1569 5129 experimento
1588 5059 1775 5119 didici-

189 5166 328 5204 mus.
357 5148 579 5205 Viderat
604 5151 751 5206 enim
780 5150 872 5205 ille
907 5150 999 5203 tali
1030 5151 1315 5203 occasione
1346 5149 1413 5204 de
1439 5150 1775 5205 monasterio

186 5243 412 5313 juvenes
432 5241 578 5298 foras
614 5243 785 5304 exire,
816 5252 874 5298 et
912 5258 1010 5312 pro
1042 5243 1201 5295 rebus
1229 5242 1461 5297 terrenis
1488 5242 1771 5296 servitium

190 5336 287 5391 Dei
321 5335 646 5405 relinquere,
692 5335 1056 5405 steeulumque
1092 5334 1353 5406 diligere;
1399 5343 1454 5388 et
1503 5335 1624 5389 ideo
1675 5333 1780 5391 ait.

188 5427 332 5498 quod
365 5427 714 5496 experimento
754 5426 1053 5479 didicimus.
1104 5425 1256 5492 Quod
1284 5425 1328 5479 si
1368 5434 1493 5479 tunc
1526 5440 1648 5478 raro
1677 5423 1772 5479 πε-

191 5519 305 5583 bat,
337 5532 483 5572 nunc
506 5531 639 5571 vero
680 5516 883 5570 factum
926 5532 1025 5570 nos
1063 5515 1500 5585 frequentissime
1531 5530 1652 5570 esse
1678 5529 1772 5569 co-

194 5609 521 5681 gnoscimus.
551 5607 628 5662 De
652 5608 757 5662 hoc
797 5608 940 5661 enim
963 5607 1199 5676 capitulo
1224 5607 1442 5676 quidam
1472 5607 1773 5662 monacho-

195 5716 316 5755 rum
367 5698 626 5770 magister
657 5698 734 5753 ait
763 5715 775 5749 :
806 5696 942 5753 Cum
980 5697 1206 5768 alicujus
1235 5696 1430 5754 nobilis
1471 5696 1613 5753 filius
1651 5715 1777 5770 pro-

599 5793 878 5852 Parnos.
927 5788 1059 5850 Cll.

1874 4593 1983 4647 bet.
2011 4594 2269 4665 Sequitur
2307 4614 2320 4649 :

1948 4694 2204 4750 Similiter
2227 4705 2400 4751 autent
2424 4706 2474 4751 et
2494 4690 2831 4769 pauperiores
2860 4696 3079 4770 faciant.
3109 4696 3216 4765 Qui
3244 4716 3364 4753 vero
3401 4717 3468 4755 ea:

1878 4795 1987 4842 toto
2011 4787 2144 4842 nihil
2162 4789 2373 4855 habent,
2412 4787 2719 4861 simpliciter
2740 4790 3040 4861 petitionem
3074 4789 3299 4862 faciant,
3347 4809 3470 4849 cum

1880 4878 2140 4935 oblatione
2177 4881 2400 4952 o/fera‘nt
2439 4880 2611 4952 ﬁlium
2654 4900 2808 4940 suum
2849 4899 3028 4937 coram
3067 4882 3303 4940 testibus.
3336 4883 3470 4953 Quae

1877 4973 2099 5028 traditio
2128 4972 2361 5027 filiorum
2392 4974 2507 5027 sive
2534 4972 2818 5036 nobilium,
2852 4973 2967 5028 sive
2994 4972 3334 5045 ignobilium,
3354 4974 3472 5029 sive

1876 5064 2130 5126 divitum,
2164 5060 2279 5118 sive
2332 5078 2653 5134 pauperum,
2703 5078 2825 5118 cum
2883 5072 3093 5134 agatur,
3146 5064 3249 5119 boe
3280 5072 3472 5120 tenore
3550 5054 3553 5069 ¹

1880 5155 1986 5210 dici
2036 5152 2545 5209 insintteturznum
2588 5154 2838 5225 legaliter
2891 5156 3179 5220 sancitum,
3231 5156 3473 5227 antiqui-

1884 5255 2079 5315 Iusque
2103 5254 2381 5309 teneatur,
2414 5251 2469 5297 et
2493 5253 2703 5299 tantum
2740 5261 2863 5300 cum
2893 5245 3262 5303 oblationibus
3285 5247 3471 5303 Domi-

1886 5354 1956 5393 no
1997 5343 2248 5407 parentes
2294 5350 2422 5391 suos
2473 5336 2689 5391 tralere
2738 5336 2878 5392 filios
2932 5337 2986 5392 in
3020 5336 3223 5409 templo
3256 5337 3468 5393 Domini

1886 5428 2111 5482 Domino
2141 5426 2371 5481 feliciter
2390 5426 2713 5490 servituros,
2753 5426 2942 5496 procul
2971 5427 3136 5483 dubio
3161 5428 3264 5481 hoc
3288 5428 3353 5481 de
3374 5442 3469 5481 no-

1884 5521 2013 5575 stris
2060 5517 2183 5572 filiis
2239 5516 2544 5572 faciendum
2613 5518 2770 5575 nobis
2832 5519 3123 5577 salubriter
3193 5518 3471 5591 praebetur

1882 5610 2203 5681 exemplum.
2264 5608 2499 5679 Equum
2539 5612 2739 5666 etenim
2789 5621 2875 5667 est
2918 5612 3179 5682 judicium
3216 5610 3471 5689 Creatori

1885 5711 2072 5755 nostra
2094 5700 2159 5753 de
2183 5701 2338 5755 nobis
2358 5699 2584 5756 reddere
2611 5699 2863 5756 fructum.
2890 5702 3099 5757 idcirco
3129 5703 3273 5760 hunc
3297 5698 3469 5761 ﬁliuni

2992 5796 3072 5856 29
