3944 6414
496 261 599 327 907

1777 248 2127 336 διιΑιιιιιῖυι
2162 247 2450 304 sanans
2491 315 2498 319 _

3647 239 3754 294 908

495 379 989 441 nostrum'nomine
1016 367 1108 430 illo
1141 387 1266 431 cum
1303 372 1572 428 oblatione
1605 369 1658 424 in
1695 382 1858 423 manu
1908 374 2071 433 atque
2100 369 2148 426 A
2174 363 2332 438 plime
2359 360 2588 432 regulari
2613 360 2899 422 subditum,
2927 367 2974 411 et
2995 357 3161 426 magis
3184 353 3496 408 humilitatis
3519 353 3758 422 exempla

491 477 755 549 petitione
781 471 970 526 altaris
997 469 1136 538 palla
1157 467 1337 522 omnia
1364 463 1602 520 involuta
1629 461 1697 516 ad
1723 474 1918 515 nomen
1946 473 2069 512 san-

477 546 725 627 -ctorum,
782 574 1012 632 quorum
1054 559 1142 612 hic
1180 556 1418 626 reliquiae
1459 553 1824 615 continentur,
1861 556 1918 602 et
1970 546 2069 620 ab-

491 657 636 712 batis
693 651 997 726 puescntis,
1040 649 1194 704 trado
1237 661 1424 703 coram
1474 644 1700 700 testibus
1747 638 2070 726 regulariter

475 723 929 818 permansurum,
973 740 1048 794 ita
1091 747 1154 792 ut
1191 736 1259 792 ab
1284 738 1386 792 hac
1415 733 1637 804 dicjam
1660 723 1774 787 non
1816 731 1975 785 liceat
1994 727 2069 782 illi

483 816 692 898 collum
743 831 811 885 de
855 829 957 884 sub
1014 826 1211 897 regula:
1251 834 1508 880 excutere
1562 822 1712 894 jngo,
1763 819 1859 895 sed
1898 816 2070 888 magis

477 911 732 995 ejusdem
760 921 958 994 regula:
1005 920 1234 977 ﬁdeliter
1257 934 1317 974 se
1343 923 1640 988 cognoscat
1672 911 1918 968 instituta
1953 924 2070 964 ser-

479 1029 642 1082 vare,
691 1023 748 1071 et
766 1012 996 1069 Domino
1022 1025 1144 1066 cum
1170 1007 1384 1065 caeteris
1428 1004 1667 1078 gratanti
1710 1003 1892 1058 animo
1931 1000 2070 1055 mili-

491 1117 628 1160 tare.
662 1106 730 1160 Et
763 1113 822 1159 ut
857 1103 976 1158 inec
1015 1108 1199 1155 nostra
1248 1097 1467 1153 traditio
1508 1093 1819 1151 inconvulsa
1858 1103 2071 1162 perma-

486 1206 640 1262 neat,
691 1195 950 1267 promitto
978 1207 1101 1247 cum
1140 1189 1492 1262 jurejurando
1531 1201 1719 1242 coram
1770 1184 1996 1238 Domino
2016 1189 2072 1236 et

489 1288 701 1356 angelis
723 1285 861 1355 ejus,
907 1283 1032 1354 quia
1062 1296 1335 1351 nunquam
1352 1294 1458 1348 per
1504 1292 1612 1342 me,
1655 1288 1928 1344 nunquam
1974 1286 2070 1342 per

485 1378 770 1432 sull'eetam
819 1387 1128 1444 personam,
1153 1385 1254 1426 nec
1273 1369 1516 1440 quolibet
1560 1366 1722 1421 modo
1753 1380 1850 1435 per
1885 1377 2070 1418 rerum

493 1483 737 1522 rnearnm
768 1465 1054 1520 facultates
1077 1460 1370 1530 aliquando
1404 1456 1716 1528 egrediendi
1767 1455 1818 1510 ei
1860 1454 1926 1509 de
1962 1467 2072 1508 mo-

492 1559 732 1613 nasterio
767 1555 944 1611 tribuo
967 1552 1305 1617 occasiones,
1351 1558 1409 1604 et
1458 1557 1518 1602 ut
1541 1549 1656 1602 haec
1692 1544 1879 1616 petitio
1913 1543 2069 1597 [iiuna

488 1655 829 1719 permaneat,
873 1660 1032 1700 manu
1065 1658 1184 1698 mea
1213 1657 1334 1696 cant
1364 1640 1576 1695 ﬁrmam
1603 1646 1660 1692 et
1689 1635 1917 1692 testibus
1961 1643 2070 1688 ιη·-

491 1743 601 1796 didi
641 1739 1019 1796 roborandam.

1090 1825 1318 1882 CAPUT
1355 1822 1471 1878 LX.

488 1923 566 1979 De
587 1921 942 1979 sacerdotibus
966 1919 1057 1990 qui
1089 1917 1342 1972 voluerint
1364 1917 1419 1970 iu
1457 1913 1774 1969 monasterio
1804 1911 2066 1968 habitare.

561 2013 624 2069 Si
647 2012 764 2084 quis
785 2010 850 2064 de
878 2009 1060 2063 ordine
1080 2007 1410 2062 sacerdotum
1439 2003 1828 2060 iumoaasterio
1873 2021 1928 2059 se
1951 2021 2071 2059 sus-

485 2108 592 2179 cipi
631 2103 914 2176 rogauerit,
957 2117 1061 2156 non
1081 2100 1290 2172 quidem
1313 2099 1359 2154 ei
1386 2099 1540 2153 citius
1585 2097 1924 2152 assentiatur.
1949 2097 2074 2152 ideo

486 2197 623 2253 dicit
670 2211 774 2250 non
825 2192 872 2247 ei
917 2192 1072 2245 citius
1112 2190 1452 2255 assentiatur,
1499 2197 1561 2244 ut
1595 2188 1714 2260 eius
1755 2187 2075 2256 inquirendo

485 2283 801 2344 constantia
825 2281 1171 2354 approbetur,
1201 2288 1256 2336 et
1285 2279 1340 2334 in
1366 2278 1633 2349 pulsando
1672 2276 2073 2348 perseverantia

487 2381 869 2448 cognoscatur,
885 2372 1013 2442 quia
1025 2370 1284 2442 scriptum
1309 2378 1422 2425 est:
1448 2367 1680 2435 Quaerite
1707 2378 1756 2422 et
1780 2368 2073 2433 invenietis,

483 2468 694 2542 pulsate
719 2474 766 2520 et
810 2463 1078 2536 aperietur
1100 2461 1241 2516 vobis
1267 2459 1483 2534 (Matth.
1530 2474 1640 2525 vn;
1671 2456 1802 2512 Luc.
1827 2458 1934 2529 st).
1978 2455 2076 2514 Vel

490 2568 641 2617 certe
676 2559 797 2614 ideo
835 2564 896 2610 ut
949 2553 1209 2624 probetur
1254 2561 1438 2608 utrum
1483 2551 1688 2624 Spiritu
1748 2559 1937 2607 sancto
1995 2549 2076 2604 al-

491 2651 672 2714 llatus,
703 2653 797 2702 aut
839 2644 946 2701 alio
972 2644 1156 2701 veniat
1200 2643 1394 2714 spiritu
1439 2650 1741 2698 commotus
1766 2649 1928 2711 atque
1960 2649 1990 2694 ι¹
2015 2657 2077 2694 n-

493 2753 661 2799 talus.

567 2835 762 2891 Tamen
790 2837 836 2892 si
865 2834 1080 2890 omnino
1108 2826 1389 2900 perstiterit
1410 2825 1466 2880 in
1494 2825 1594 2879 hac
1637 2823 1905 2895 petitione,
1943 2823 2075 2877 sciat

491 2945 546 2982 se
594 2944 795 2982 omnem
843 2922 1036 2994 regula?
1086 2917 1419 2989 disciplinam
1455 2924 1804 2970 servaturum.
1862 2912 2078 2984 Regula:

490 3016 824 3087 disciplinam
851 3013 1002 3076 dicit,
1041 3009 1346 3080 regularem
1373 3006 1427 3060 in
1452 3004 1704 3058 omnibus
1737 3003 2069 3068 doctrinam,

489 3118 546 3163 et
593 3075 913 3163 eruditionis
956 3075 1161 3160 sanctive
1187 3106 1477 3170 prtecepta.
1525 3095 1818 3165 Disciplina
1857 3094 2004 3149 enim
2044 3109 2075 3147 a
2104 3075 2149 3140 C

491 3197 742 3254 discendo
780 3212 976 3254 nomen
1025 3191 1254 3262 accepit.
1297 3188 1570 3260 Quidquid
1609 3188 1754 3241 enim
1797 3186 1851 3240 in
1892 3185 2076 3240 schola

492 3296 729 3367 regulari
773 3302 961 3351 sancte
1009 3291 1257 3352 discitur,
1302 3302 1409 3342 non
1445 3287 1744 3354 incongrue
1793 3282 2078 3350 disciplina

493 3395 737 3445 vocatur.
783 3384 1028 3442 Eruditio
1061 3382 1208 3436 enim
1235 3378 1504 3449 regularis
1522 3376 1819 3446 disciplima
1847 3374 1900 3429 in
1938 3388 2078 3444 prte-

494 3478 670 3549 ceptis
708 3474 952 3544 ejusdem
1001 3471 1200 3542 regulae
1251 3468 1664 3530 custodiendis,
1721 3475 1772 3521 et
1819 3466 1872 3520 in
1918 3465 2082 3520 casti-

493 3569 826 3642 gationibus,
877 3573 935 3620 et
968 3561 1448 3632 increpationibus,
1487 3567 1544 3613 et
1571 3559 1625 3612 in
1665 3558 1831 3612 variis
1863 3555 2083 3624 iudiciis

494 3669 729 3719 constat.
763 3659 826 3714 ιιι
850 3657 1047 3727 quibus
1065 3655 1154 3726 qui
1175 3650 1577 3722 perseveraverit
1613 3665 1777 3720 usque
1815 3649 1871 3702 in
1897 3648 2078 3718 finem,

496 3757 580 3811 hic
619 3752 796 3809 saluus
827 3751 945 3804 erit.

573 3845 685 3900 Nec
728 3838 930 3913 aliquid
980 3839 1029 3893 ei
1070 3837 1416 3900 relaxabitur,
1457 3845 1513 3890 ut
1540 3836 1608 3890 sit
1648 3835 1783 3890 sicut
1831 3834 2081 3903 scriptum

497 3948 574 3992 est
594 3951 614 3992 :
637 3934 839 4001 Amice,
882 3936 952 3987 ad
981 3931 1106 4003 quid
1130 3930 1312 3985 venisti
1348 3928 1562 4000 (Matth.
1606 3927 1795 3998 xxvi)?
1843 3925 2084 3981 Tradere

494 4029 640 4086 enim
696 4025 864 4082 Judas
909 4030 1136 4079 venerat
1200 4019 1532 4083 Dominum,
1596 4027 1654 4072 et
1717 4016 2084 4073 excusationis

495 4136 660 4177 causa
698 4118 891 4175 falsum
926 4116 1002 4172 illi
1039 4114 1349 4186 porrigebat
1383 4111 1650 4177 osculum.
1683 4109 1783 4176 Qui
1825 4108 2085 4163 Dominus

495 4217 577 4270 ait
605 4231 620 4270 :
644 4213 842 4280 Amice,
882 4209 952 4264 ad
985 4208 1110 4280 quid
1145 4205 1365 4262 venisti?
1398 4203 1510 4259 Sub
1565 4204 1668 4258 hoc
1707 4216 1828 4272 age,
1887 4199 2084 4256 venisti

496 4303 641 4359 enim
672 4316 760 4356 me
780 4299 1017 4364 tradere,
1042 4313 1152 4353 non
1181 4294 1450 4359 osculari,
1499 4293 1712 4347 dimitte
1757 4305 1894 4359 ergo
1923 4305 2084 4346 oscu-

498 4391 613 4447 lum
659 4389 854 4446 l‘alsum
901 4388 1052 4453 dare,
1087 4394 1143 4440 et
1191 4385 1392 4441 festina
1443 4381 1763 4452 magistrum
1799 4389 1856 4436 et
1907 4380 2084 4435 Domi-

500 4498 628 4538 num
677 4490 828 4537 tuum
861 4477 1096 4534 tradere.
1150 4476 1265 4531 Hoc
1298 4475 1444 4531 enim
1493 4473 1654 4529 modo
1685 4472 1974 4528 dicendum
1998 4481 2083 4527 est

499 4573 894 4637 sacerdotibus,
940 4578 995 4624 et
1034 4569 1286 4624 omnibus
1327 4567 1382 4622 in
1429 4566 1662 4636 regulari
1691 4566 1803 4620 vita
1837 4565 2082 4634 degenti-

501 4667 623 4730 bus,
666 4663 758 4734 qui
787 4660 904 4730 ejus
933 4661 987 4715 in
1012 4659 1261 4715 omnibus
1307 4657 1531 4713 obedire
1562 4672 1668 4710 non
1719 4663 1914 4709 curant
1951 4669 2086 4723 ιιι-ειε-

500 4756 690 4826 ceptis.
739 4741 964 4810 Dicatur
989 4753 1134 4808 enim
1169 4769 1181 4805 :
1210 4750 1420 4818 Amice,
1450 4749 1516 4804 ad
1542 4749 1674 4819 quid
1702 4747 1896 4802 venisti
1915 4789 1930 4812 ,
1983 4748 2086 4802 hoc

501 4863 630 4919 age;
683 4846 880 4902 venisti
925 4845 1069 4900 enim
1091 4833 1335 4906 obedire,
1377 4856 1485 4896 non
1510 4839 1808 4910 imperare;
1846 4839 2082 4909 operari,

504 4954 608 4992 non
638 4936 831 5002 otiari;
872 4935 1127 5005 operibus
1154 4931 1423 4995 exerceri,
1475 4944 1582 4983 non
1618 4928 1818 4984 fabulis
1855 4944 2085 4994 vacare;

503 5027 826 5092 humiliare,
870 5040 978 5080 non
1023 5019 1325 5091 superbire.
1387 5019 1562 5090 Ergo,
1602 5018 1808 5083 amice,
1847 5017 1915 5072 ad
1957 5018 2088 5088 quid

503 5118 722 5182 venisti,
772 5119 878 5172 hoc
905 5127 1023 5184 age.
1061 5108 1352 5179 Regularia
1375 5108 1574 5164 venisti
1627 5108 1923 5164 observare
1949 5122 2088 5177 pra:-

505 5219 660 5278 cepta
685 5226 697 5261 :
728 5207 780 5262 in
802 5211 1066 5275 quantum
1085 5198 1250 5261 vales,
1274 5195 1504 5253 Domino
1525 5197 1833 5267 adiuvante,
1857 5196 2085 5253 observa

509 5301 617 5362 ιιιη,
635 5309 691 5354 ιιι
709 5293 1023 5366 justifieeris
1045 5290 1134 5344 illa
1161 5287 1517 5358 observando,
1543 5307 1653 5346 non
1677 5291 2003 5362 pericliteris
2020 5307 2085 5347 ea

507 5387 917 5443 contemnendo.

579 5474 908 5530 Concedamr
936 5472 984 5527 ei
1004 5481 1182 5525 tamen
1203 5479 1317 5540 post
1355 5472 1593 5529 abbatem
1633 5482 1798 5540 stare,
1859 5484 1909 5530 et
1931 5475 2085 5530 bene-

510 5566 696 5631 dicere,
746 5575 836 5620 aut
870 5563 1058 5619 missas
1088 5568 1280 5627 tenere,
1312 5563 1357 5617 si
1383 5573 1559 5618 tamen
1579 5565 1798 5635 jusserit
1824 5567 1874 5620 ei
1897 5566 2086 5631 abbas;

514 5653 591 5706 sin
613 5655 767 5713 alias.
794 5653 1094 5712 nullatenus
1114 5645 1293 5705 aliqua
1319 5664 1627 5724 prtrsumat,
1661 5656 1827 5711 sciens
1851 5673 1905 5710 se
1931 5657 2090 5711 disci-

2176 455 2416 506 omnibus
2453 453 2558 507 det.
2597 451 2862 506 Sacerdos
2901 449 2992 519 qui
3029 449 3165 502 bene
3201 447 3255 500 in
3288 445 3488 500 smenlo
3517 444 3760 500 custodi-

2178 553 2265 599 tus
2299 544 2368 599 ob
2421 558 2660 598 antorem
2710 541 2828 605 Dei,
2872 554 3191 607 morumque
3237 551 3458 592 suorum
3503 535 3760 590 honesta-

2179 644 2308 702 tem,
2357 635 2588 703 vitaeque
2632 631 2896 702 regularis
2944 633 3431 696 temperamentum
3487 624 3638 678 venit
3689 625 3759 678 ad

2177 725 2588 788 monasterium,
2636 730 2693 778 et
2728 730 2788 776 ut
2824 720 3041 790 quietus
3061 717 3134 772 ibi
3166 715 3395 770 Domino
3433 714 3660 775 serviat,
3703 722 3758 768 et

2177 817 2408 888 amplius
2435 816 2770 887 ampliusque
2797 814 2852 868 in
2879 810 3169 867 virtutibus
3202 818 3434 872 crescat,
3467 817 3522 863 et
3561 817 3618 861 ut
3653 807 3758 860 Pa-

2179 919 2260 964 ter
2298 908 2691 964 monachorum
2737 905 2792 959 in
2814 902 3148 959 monasterio
3171 900 3326 965 vivit,
3357 908 3411 953 et
3448 899 3759 954 sanctitatis

2175 1000 2482 1069 exemplum
2525 996 2816 1053 ostendens
2857 995 2913 1048 in
2964 992 3255 1048 virtutibus
3292 991 3496 1045 sanctis
3544 991 3758 1044 caeteris

2175 1092 2432 1162 praecellit
2456 1109 2470 1146 :
2496 1089 2622 1145 huic
2653 1089 2758 1144 rite
2784 1085 3114 1142 concedatur
3141 1092 3196 1137 et
3213 1090 3337 1153 post
3359 1082 3608 1135 abbatem
3649 1090 3759 1134 sla-

2178 1161 2260 1247 re,
2299 1193 2357 1238 et
2383 1182 2728 1248 benedicere,
2783 1187 2838 1233 et
2877 1177 3076 1233 missas
3108 1183 3314 1229 tenere.
3345 1173 3411 1229 Et
3453 1177 3554 1229 hoc
3575 1161 3756 1242 ipsum

2178 1295 2285 1334 non
2332 1294 2426 1333 sua
2452 1274 2781 1354 temeritate,
2810 1269 3128 1341 sedjussus,
3169 1277 3225 1323 et
3249 1267 3557 1331 ordinante,
3599 1267 3762 1321 debet

2176 1385 2340 1442 agere
2363 1370 2574 1424 abbate.
2624 1366 2728 1435 Qui
2766 1380 2897 1420 vero
2937 1363 3147 1434 peccati
3186 1361 3424 1430 pondere
3453 1374 3676 1430 pressus
3705 1357 3759 1412 in

2177 1472 2470 1535 conspectu
2502 1461 2595 1516 Dei
2619 1475 2652 1516 a
2680 1457 3004 1516 sacerdotali
3037 1464 3123 1512 est
3143 1455 3351 1509 honore
3371 1451 3669 1521 depositus,
3699 1458 3755 1503 et

2178 1564 2240 1610 ut
2277 1554 2536 1615 salvetur,
2562 1552 2815 1623 .claustra
2844 1548 2974 1620 petit
3015 1543 3356 1610 monasterii,
3395 1550 3457 1596 ut
3484 1541 3556 1595 ibi
3589 1541 3737 1610 paeni

2179 1649 2365 1704 tentia:
2386 1648 2644 1703 subactus
2665 1645 3037 1712 vivatsempcr
3051 1637 3390 1702 humiliatus,
3433 1651 3539 1688 non
3560 1635 3610 1688 ei
3636 1632 3762 1686 talis

2101 1727 2148 1788 Β
2175 1749 2260 1796 est
2282 1739 2434 1794 locus
2467 1735 2814 1808 qumrendus,
2849 1734 2946 1790 sed
2970 1731 3056 1788 sui
3090 1728 3298 1786 ordinis
3339 1726 3618 1782 humiliter
3641 1725 3761 1778 loco

2065 1849 2082 1868 ο
2170 1831 2330 1886 debet
2354 1843 2476 1884 esse
2503 1834 2814 1882 contentus.

2243 1920 2306 1993 Si
2342 1920 2476 1990 forte
2522 1917 2873 1972 Ordinationis
2895 1924 2988 1970 aut
3036 1913 3269 1984 alicujus
3301 1911 3374 1966 rei
3405 1927 3568 1965 causa
3599 1909 3758 1978 fuerit

2172 2014 2227 2066 in
2262 2011 2606 2076 monasterio,
2639 2008 2790 2064 illum
2821 2007 2995 2062 locum
3017 2005 3280 2069 attendat,
3325 2002 3538 2074 quando
3561 2002 3742 2071 ingres-

2172 2123 2260 2164 sus
2287 2115 2361 2162 est
2383 2103 2782 2168 monasterium,
2820 2117 2924 2156 non
2953 2099 3106 2154 illum
3141 2099 3230 2170 qui
3269 2098 3316 2152 ei
3348 2113 3442 2166 pro
3473 2095 3758 2148 reuerentia

2172 2196 2450 2255 sacerdotii
2510 2212 2782 2250 concessus
2808 2201 2904 2249 est.
2947 2191 3099 2259 Quod
3123 2190 3273 2253 dicit,
3313 2190 3358 2244 si
3383 2187 3514 2258 forte
3543 2186 3730 2240 ordina

2172 2290 2350 2355 tionis,
2377 2296 2473 2342 aut
2493 2287 2619 2357 quia
2647 2285 2901 2342 sacerdos
2920 2291 3006 2340 est
3049 2281 3354 2345 ordinatus,
3395 2287 3492 2332 aut
3519 2277 3644 2347 quia
3672 2293 3736 2330 or

2173 2381 2464 2440 dinationis
2508 2377 2889 2442 ministerium,
2945 2375 3000 2430 id
3037 2381 3142 2438 est,
3187 2380 3247 2426 ut
3291 2369 3496 2440 aliquid
3527 2367 3746 2422 ordina-

2174 2483 2260 2534 ret
2303 2480 2625 2544 potestatem
2671 2467 2881 2538 accepit
2927 2465 2996 2522 ab
3040 2465 3237 2520 abbate
3288 2463 3344 2517 in
3401 2459 3754 2516 monasterio.

2173 2568 2276 2621 Aut
2307 2564 2538 2634 alicujus
2565 2563 2640 2616 rei
2677 2577 2859 2625 causa,
2919 2557 3242 2614 subauditur
3286 2553 3448 2609 fuerit
3490 2550 3762 2607 exaltatus

2175 2656 2230 2710 in
2268 2654 2619 2718 monasterio,
2677 2651 2826 2706 illum
2850 2649 3030 2704 locum
3073 2647 3339 2710 attendat,
3381 2652 3487 2700 etc.
3537 2643 3612 2696 De
3659 2642 3762 2697 hoc

2174 2744 2410 2815 capitulo
2465 2751 2521 2799 et
2550 2741 2769 2812 quidam
2790 2739 3185 2795 monachorum
3229 2735 3491 2806 magister
3519 2733 3596 2788 ait
3622 2751 3634 2786 :
3670 2733 3759 2786 Sa-

2175 2836 2423 2892 cerdotes
2451 2835 2496 2889 si
2523 2835 2626 2889 hoc
2653 2831 2904 2904 eligerint
2934 2837 2996 2885 ut
3030 2844 3130 2900 pro
3153 2843 3338 2883 amore
3365 2826 3483 2892 Dei,
3521 2824 3610 2880 vel
3637 2838 3762 2895 pro-

2175 2935 2296 2996 pter
2323 2923 2684 2995 disciplinam,
2731 2921 2817 2977 vel
2845 2935 3155 2976 mensuram
3185 2925 3388 2973 sanctae
3409 2916 3537 2970 vitae
3577 2929 3766 2968 mona-

2179 3016 2362 3072 steriis
2397 3015 2662 3081 habitent,
2715 3013 2771 3068 in
2801 3012 2916 3068 solo
2950 3011 3168 3066 nomine
3199 3008 3391 3063 Patres
3445 3006 3766 3062 monasterii

2180 3117 2581 3179 nuncupentur,
2606 3116 2661 3163 et
2681 3106 2816 3161 nihil
2845 3105 2990 3160 aliud
3017 3103 3099 3160 eis
3128 3104 3182 3157 in
3208 3100 3556 3156 monasteriis
3582 3099 3763 3160 liccat,

2179 3200 2285 3256 nisi
2332 3200 2610 3256 orationes
2631 3197 2903 3268 colligere,
2932 3193 3225 3266 complere,
3254 3200 3310 3248 et
3335 3192 3572 3263 signare.
3605 3189 3766 3244 Aliud

2178 3307 2310 3348 vero
2330 3290 2465 3346 nihil
2491 3299 2586 3345 aut
2603 3295 2960 3360 praesumant,
2985 3295 3081 3342 aut
3109 3285 3190 3341 eis
3217 3284 3396 3349 liceat,
3427 3283 3530 3338 nisi
3558 3281 3767 3351 aliquid

2179 3383 2561 3448 ordinationis,
2609 3390 2706 3436 aut
2754 3379 3164 3443 dominationis,
3204 3386 3299 3431 ant
3348 3374 3767 3445 dispensationis

2180 3476 2472 3538 vindicent,
2516 3473 2611 3528 sed
2651 3487 2866 3527 omnem
2915 3469 3146 3525 formam
3199 3468 3447 3530 licentiae,
3493 3467 3576 3521 vel
3615 3468 3765 3522 ordne

2181 3567 2374 3626 nandte
2421 3563 2806 3622 dominationis
2858 3560 3175 3617 monasterii
3225 3559 3418 3623 abbas,
3462 3560 3556 3628 qui
3606 3574 3768 3628 super

2181 3672 2400 3730 gregem
2421 3657 2736 3712 universum
2759 3662 2856 3710 est
2884 3653 3188 3718 ordinatus,
3240 3666 3364 3706 cum
3403 3651 3588 3722 regula
3625 3649 3770 3719 judi-

2181 3758 2290 3817 cet,
2335 3749 2421 3806 vel
2465 3746 2740 3806 defendat.
2779 3746 2914 3802 Nam
2955 3744 3072 3800 solo
3115 3744 3342 3800 honoris
3381 3745 3601 3798 nomine
3646 3745 3766 3798 ideo

2183 3842 2473 3899 statuimus
2517 3854 2612 3895 eos
2653 3839 2843 3894 Patres
2884 3837 3199 3892 monasterii
3255 3836 3509 3906 appellari
3549 3845 3772 3906 propter

2181 3932 2542 3990 sacrationem
2570 3928 2886 3994 sacerdotii,
2923 3935 3019 3982 aut
3047 3927 3468 3982 ordinationem.
3505 3925 3641 3980 Nam
3665 3926 3768 3995 ipsi

2182 4025 2511 4090 sacerdotes,
2542 4023 2590 4078 si
2619 4022 2822 4077 victum
2847 4028 2941 4075 aut
2977 4019 3256 4084 vestitum,
3309 4027 3405 4074 aut
3439 4019 3766 4075 calcem-ium

2186 4116 2520 4182 monasterii,
2568 4115 2647 4170 uti
2688 4113 2860 4185 magis
2897 4111 3140 4183 quotidie
3182 4113 3408 4184 eligunt,
3450 4119 3506 4166 et
3549 4113 3766 4182 operari

2185 4208 2546 4264 communiter
2564 4205 2864 4262 secundum
2887 4212 3216 4274 praeceptum
3243 4203 3622 4273 apostolicum,
3645 4217 3770 4268 me-

2187 4315 2370 4356 mores
2395 4297 2631 4369 Spiritus
2661 4296 2859 4360 sancti,
2886 4293 3139 4364 apostolis
3177 4293 3405 4349 l‘ormam
3430 4294 3770 4350 ostendentis

2109 4427 2160 4485 υ
2187 4391 2254 4446 de
2291 4404 2369 4454 se,
2402 4397 2458 4443 et
2485 4388 2720 4444 dicentis
2750 4403 2764 4440 :
2801 4385 2925 4441 Non
2950 4385 3116 4455 gratis
3145 4400 3329 4455 panem
3361 4394 3595 4438 nostrum
3619 4401 3771 4438 man-

2185 4481 2491 4535 dueaeimus
2513 4478 2596 4532 lll
2645 4477 2825 4538 Thess.
2868 4474 2977 4546 ιιι).
3008 4475 3076 4530 Ει
3100 4475 3296 4530 iterum
3322 4475 3455 4529 dicit
3487 4493 3500 4528 :
3531 4475 3766 4529 Labora-

2184 4566 2350 4621 rimus
2371 4567 2614 4620 inanibus
2640 4565 2856 4628 nostris,
2889 4581 2952 4620 ne
2977 4581 3134 4635 quem
3172 4576 3400 4619 vestrum
3427 4580 3771 4631 grauaremas

2183 4657 2250 4724 (ll
2271 4657 2444 4712 Thess.
2489 4674 2570 4724 tu,
2607 4658 2685 4728 8).
2727 4657 2794 4714 Et
2838 4659 2967 4713 item
2993 4658 3108 4728 ipse
3165 4656 3334 4712 dicit:
3392 4659 3494 4723 Qui
3539 4671 3641 4710 nou
3691 4657 3776 4728 (ag

2181 4722 2333 4802 borat
2365 4765 2457 4803 nec
2485 4722 2764 4807 manducet
2793 4751 2982 4821 (Ibid)
3014 4722 3155 4820 icit-go
3194 4747 3344 4818 quod
3372 4722 3422 4804 si
3452 4722 3787 4804 diutissime.

2187 4839 2349 4894 otiosi
2389 4839 2574 4894 labore
2628 4853 2885 4894 manuum
2908 4853 3127 4893 suarum
3154 4853 3397 4908 quatrere
3422 4837 3620 4890 victum
3672 4852 3769 4891 no-

2190 4930 2414 4996 luerint,
2445 4945 2568 4986 cum
2609 4929 2911 4984 reverentia
2951 4944 3048 4998 per
3075 4929 3368 4984 multorum
3391 4929 3766 4999 religiosorum

2192 5021 2502 5078 testimonia
2529 5022 2783 5078 conventi
2809 5022 2877 5078 ab
2905 5022 3100 5078 abbate
3125 5021 3370 5077 ccclesiis
3399 5029 3766 5076 revertantur.

2191 5112 2250 5167 Si
2299 5127 2430 5168 vero
2474 5113 2640 5185 (quod
2685 5113 2850 5185 absit)
2891 5128 2997 5168 non
3034 5114 3282 5183 paciﬁce,
3337 5113 3432 5168 sed
3471 5111 3641 5182 magis
3672 5128 3772 5181 per

2189 5202 2505 5258 scandalum
2561 5203 2714 5258 exire
2760 5203 3066 5269 voluerint,
3126 5204 3259 5259 tenti
3314 5213 3370 5258 et
3412 5204 3560 5258 exuti
3612 5203 3772 5256 rebus

2191 5291 2509 5347 monasterii
2539 5291 2723 5348 clausa
2744 5293 2894 5364 regia
2916 5292 3294 5360 excludantur,
3317 5294 3442 5363 quia
3470 5293 3641 5364 magis
3667 5293 3768 5362 ipsi

2190 5400 2353 5454 agere
2385 5384 2585 5440 debent
2619 5385 2762 5455 quod
2806 5385 2928 5439 aliis
2951 5385 3268 5454 praedicant.

2262 5475 2586 5531 Clericorum
2615 5486 2790 5530 autent
2825 5475 2871 5530 si
2922 5475 3038 5546 quis
3069 5477 3247 5530 eodem
3277 5476 3540 5531 desiderio
3589 5492 3779 5528 mona-

2191 5567 2347 5621 sterio
2393 5566 2587 5620 sociari
2634 5565 2876 5632 voluerit,
2912 5566 3025 5621 loco
3071 5567 3320 5620 mediocri
3363 5565 3666 5621 collocetur.
3707 5565 3775 5620 Et

2190 5659 2297 5729 ipse
2342 5669 2513 5712 tamen
2556 5661 2600 5713 si
2642 5660 2892 5724 promittit
2939 5660 3002 5713 de
3047 5660 3401 5715 obserrntioue
3448 5658 3661 5726 rcqula',
3699 5655 3780 5715 uel
