3944 6422
231 316 336 374 9:19

1264 320 1618 386 Gonnum.
1659 320 1729 384 ιιι
1768 327 1928 384 uno.
1970 316 2030 385 ε.
2069 315 2450 393 seueritati.

3385 343 3493 404 οιο

181 474 186 479 .
227 426 440 501 prapria
471 424 774 487 stabilitate.
807 431 874 489 Et
895 433 983 491 hic
1005 434 1125 493 illos
1155 438 1382 495 clericos
1411 442 1672 497 mediocri
1720 441 1807 512 ju—
1836 444 1886 503 Α
1911 441 2132 511 dicitur,
2158 454 2216 500 ut
2242 449 2490 519 superius
2517 448 2721 506 dictum
2751 454 2855 520 est,
2878 450 2938 508 in
2967 453 3090 511 cibo
3136 460 3193 512 et
3220 443 3500 531 polu,‘vei

153 527 159 533 ”
230 523 324 577 bet
365 519 620 578 collocari
663 521 805 590 loco,
857 526 950 596 qui
989 545 1096 583 non
1137 533 1345 601 peccati
1398 533 1638 605 pondere
1667 549 1814 605 pres-

229 611 299 677 si,
352 612 448 667 sed
479 626 668 669 amore
699 613 793 669 Dei
846 625 904 672 et
949 619 1215 691 regularis
1243 621 1366 677 vitat:
1401 623 1670 679 desiderio
1705 622 1814 680 ira-

230 702 406 758 tribus
442 718 501 758 se
548 704 746 761 sociari
805 708 1075 766 voluerint
1126 710 1179 765 in
1222 715 1570 770 monasterio.
1616 716 1810 772 (Σιριοτί

228 809 391 859 vero,
442 803 503 850 ut
545 794 660 866 jam
728 800 979 869 superius
1033 808 1116 856 est
1176 804 1242 859 de
1300 806 1675 862 sacerdotibtns
1731 808 1812 862 tli-

226 893 396 951 ctum,
440 883 648 942 ordinis
675 886 761 942 sui
795 891 1166 963 unusquisque
1207 895 1487 950 humiliter
1524 905 1810 953 contentus

225 974 299 1029 ait
324 974 465 1031 loco.

809 1046 1042 1107 CAPUT
1091 1052 1224 1108 LXI.

331 1133 414 1189 De
432 1137 701 1191 monachis
719 1140 1030 1210 peregrinis,
1073 1142 1302 1213 qualiter
1321 1146 1697 1217 suscipiantur.

297 1242 358 1301 Si
381 1247 497 1316 quis
525 1248 813 1302 monachus
829 1251 1133 1323 peregrinus
1168 1254 1233 1310 de
1262 1254 1558 1328 longinquis
1589 1260 1801 1330 provin-

223 1335 321 1389 ciis
369 1339 741 1407 supervenerit,
782 1341 828 1394 si
863 1358 959 1413 pro
983 1344 1181 1414 hospite
1206 1343 1428 1400 voluerit
1463 1348 1705 1404 habitare
1748 1349 1803 1405 in

222 1428 565 1493 monasterio,
589 1437 639 1483 et
663 1438 933 1487 contentus
955 1432 1112 1503 fuerit
1131 1437 1513 1495 consuetudine
1524 1439 1628 1496 loci
1644 1459 1801 1514 quam

221 1514 496 1583 invenerit,
524 1525 572 1573 et
589 1530 692 1573 non
711 1519 848 1590 forte
877 1524 1240 1595 superﬂuitate
1271 1545 1370 1583 sua
1393 1524 1661 1601 perturbat
1687 1536 1804 1588 ino-

221 1597 532 1676 nasterium,
553 1608 647 1665 sed
658 1610 964 1683 simpliciter
983 1624 1251 1672 contentus
1273 1630 1348 1674 est
1369 1597 1509 1692 quod
1528 1621 1799 1691 invenerit,

217 1696 541 1770 suscipiatur
573 1712 769 1774 quanto
801 1713 1027 1778 tempore
1053 1710 1215 1780 cupit.
1238 1708 1536 1770 Contentus
1565 1715 1711 1781 dicit,
1743 1717 1798 1772 in

1914 536 2127 591 caeteris
2170 538 2369 608 regula:
2395 542 2886 601 observatIOnibus.
2935 542 3177 606 Vitiosus
3204 565 3333 609 vero
3362 552 3500 613 dici-

1916 630 2004 678 tur
2028 625 2157 682 vitio
2183 643 2333 691 usus,
2357 637 2411 685 et
2429 632 2624 689 crebro
2653 632 2709 689 in
2732 635 2847 690 vitii
2871 638 3136 695 maculam
3167 640 3365 715 lapsus.
3392 645 3499 713 Qui

1913 715 2057 770 enim
2093 726 2243 774 amat
2270 721 2461 776 vitium
2504 721 2818 796 frequenter
2854 730 3083 788 usitatus
3127 749 3193 791 eo
3239 745 3296 792 et
3332 737 3499 794 miser

1914 804 1982 859 ab
2005 792 2095 860 illo
2122 809 2320 875 factus,
2369 792 2757 871 convenienter
2794 815 3020 878 vitiasus
3063 826 3307 880 vocatur.
3341 827 3498 885 Unde

1894 906 1965 977 _ct
1992 899 2078 955 hic
2099 902 2377 972 sequitur:
2405 902 2482 959 Ne
2506 905 2622 977 ejus
2644 904 2861 964 miseria
2885 907 2975 966 alii
2999 910 3274 971 vitientur.
3302 912 3494 974 Misera

1910 989 2054 1043 enim
2085 990 2284 1049 dicitur
2321 995 2516 1052 vitiosa
2547 1007 2604 1053 et
2644 1001 2884 1071 petebatis
2926 1000 3144 1061 sordida
3191 1004 3322 1064 vita.
3362 1008 3494 1078 Qum

1910 1080 2029 1137 ideo
2073 1095 2295 1142 vocatur
2323 1090 2566 1156 miseria,
2598 1095 2727 1164 quia
2775 1097 3004 1155 miseras
3045 1086 3176 1157 iacit
3211 1104 3498 1177 diligentes

1908 1186 1989 1236 se,
2021 1173 2160 1230 sicut
2185 1178 2444 1250 scriptum
2472 1192 2594 1237 est:
2639 1174 2863 1242 Peream
2895 1206 2988 1245 nos
3018 1192 3235 1249 miseros
3261 1195 3501 1266 fecerunt

1908 1256 2088 1324 (Proin
2116 1268 2246 1323 ml;

1978 1344 2131 1420 Quod
2165 1359 2211 1415 si
2244 1374 2346 1415 non
2381 1363 2541 1433 fuerit
2580 1366 2702 1420 talis
2727 1369 2817 1438 qui
2854 1382 3117 1428 mereatur
3140 1376 3356 1447 projici,
3387 1397 3491 1436 non

1903 1442 2072 1499 solum
2098 1450 2146 1501 si
2164 1448 2366 1518 petierit
2394 1443 2714 1524 suscipiatur
2750 1442 3150 1533 congregationi
3184 1442 3489 1535 sociandus,

1902 1539 2235 1593 rerumetiam
2253 1542 2543 1598 suadeatur
2562 1552 2618 1600 ut
2644 1553 2764 1616 stet,
2809 1560 2865 1607 ut
2879 1553 2993 1625 ejus
3013 1559 3359 1630 exetnploalii
3373 1581 3493 1619 eru-

1901 1625 2138 1696 diantur,
2154 1642 2203 1686 et
2221 1636 2346 1705 quia
2361 1626 2416 1691 in
2433 1629 2574 1718 omni
2593 1640 2707 1697 loco
2726 1636 2820 1699 uni
2844 1644 3067 1705 Domino
3078 1625 3321 1718 servitur;
3336 1664 3385 1710 et
3397 1658 3493 1711 uni

1903 1718 2011 1817 regi
2039 1720 2314 1778 militatur.
2367 1714 2490 1783 Maii
2515 1730 2662 1785 enim
2692 1732 3010 1817 proﬁciendi
3040 1749 3169 1796 sunt
3212 1752 3268 1799 et
3307 1714 3491 1817 expel-

1960 1786 1973 1789 -
2692 1786 3010 1804 ,αα-ν--πω
3040 1786 3168 1796 --π-
3213 1786 3268 1799 ν-
3308 1786 3489 1817 νηγιιί

217 1788 360 1853 cibo,
391 1789 444 1844 in
466 1800 617 1860 potu,
657 1800 713 1849 et
731 1797 1078 1871 vestimento,
1113 1800 1228 1858 sire
1269 1802 1324 1858 in
1363 1804 1662 1871 laboribus,
1714 1804 1799 1864 vel
1828 1786 2067 1879 B‘leudi,
2116 1828 2185 1869 ue
2212 1816 2475 1874 societate
2515 1827 2705 1879 eurum
2745 1814 3006 1884 vitientur
3032 1827 3156 1886 alii:
3195 1832 3324 1890 boni
3363 1844 3492 1892 vero

218 1876 273 1931 in
309 1876 540 1937 aliarum
595 1898 776 1940 rerum
829 1882 1141 1947 monasterii
1192 1895 1687 1955 consuetudinibus.
1741 1898 1799 1957 Si

217 1980 346 2024 vero
384 1971 438 2026 in
469 1973 553 2029 bis
578 1976 828 2033 omnibus
858 1982 1226 2051 superﬂuitate
1257 2001 1377 2051 sua,
1427 1988 1480 2042 i.l
1509 1999 1613 2055 est,
1648 2008 1797 2062 qua:-

218 2065 413 2131 reudo,
448 2068 530 2122 vel
562 2072 1005 2141 reprehendendo
1030 2078 1321 2149 superﬂue,
1374 2099 1479 2139 non
1510 2088 1801 2143 conturbat

192 2158 627 2225 'mOnasterium,
662 2162 957 2233 recipiatur
977 2179 1179 2239 quanto
1202 2172 1442 2244 tempore
1464 2177 1631 2248 cupit.
1659 2177 1797 2236 Hinc

215 2243 448 2301 Basilius
503 2249 635 2305 dicit
672 2269 688 2307 :
721 2250 955 2313 COncedi
988 2259 1206 2329 qoidem
1242 2264 1292 2319 ei
1315 2243 1574 2324 convenit
1597 2270 1799 2343 ingrcs-

213 2348 333 2390 sum
375 2347 596 2408 propter
619 2339 853 2401 incertos
879 2340 1057 2404 exitus
1082 2367 1284 2409 rerum.
1334 2356 1608 2416 interdum
1648 2339 1792 2418 enim

214 2432 391 2494 potest
437 2427 551 2484 ﬂeri
609 2438 669 2487 ut
714 2448 812 2505 per
848 2443 1057 2509 tempus
1084 2442 1351 2512 proﬁciat,
1392 2448 1449 2503 et
1491 2442 1794 2509 delectetur

212 2515 504 2572 sanctitate
525 2519 671 2587 vitm,
695 2530 749 2577 et
775 2536 1089 2594 permaneat
1118 2530 1170 2586 in
1195 2535 1407 2604 coeptis,
1437 2535 1581 2593 sicut
1608 2552 1663 2595 et
1691 2541 1724 2596 ι.
1741 2560 1793 2599 e-

211 2613 445 2673 que-nter
484 2606 684 2665 factum
728 2613 950 2671 scimus.
997 2614 1222 2690 Oportet
1264 2631 1443 2681 tamen
1484 2628 1630 2686 circa
1665 2648 1789 2688 eum

211 2696 425 2752 cautius
455 2699 539 2771 agi
569 2708 625 2755 et
674 2702 1005 2775 diligentius,
1042 2718 1098 2764 ut
1153 2711 1269 2768 sive
1315 2714 1369 2770 in
1413 2718 1643 2775 veritate
1667 2734 1790 2792 pcr-

210 2797 444 2854 maneat,
502 2791 588 2847 vel
626 2794 905 2864 proﬁciat,
961 2800 1076 2855 sive
1126 2801 1525 2862 institutionum
1577 2791 1790 2867 nostra-

210 2890 330 2929 rum
384 2876 606 2936 libertas
645 2883 985 2953 exploretur,
1039 2890 1335 2959 probabilis
1375 2894 1687 2954 inveniatur
1734 2911 1789 2956 et

209 2979 362 3036 pura.
412 2965 492 3054 lt_a
533 2986 767 3044 namque
811 2982 867 3030 ct
896 2991 997 3033 nos
1047 2978 1158 3035 Deo
1202 2979 1556 3054 placebimus,
1605 2995 1662 3044 et
1700 2989 1789 3046 ille

208 3045 477 3125 proﬁciet,
507 3060 552 3115 si
593 3073 757 3118 verax
797 3073 919 3133 est;
957 3076 1052 3124 aut
1100 3069 1149 3126 si
1187 3070 1472 3130 simulator
1514 3086 1620 3144 est,
1667 3094 1788 3136 eru-

207 3145 413 3203 bescet.
1300 3203 1307 3206 ρ

278 3234 338 3292 Si
358 3255 475 3310 qua:
503 3249 679 3298 tamen
708 3245 1094 3305 rationabiliter
1129 3258 1317 3310 etcum
1339 3257 1637 3318 humilitate
1669 3263 1789 3319 cha-

192 3329 383 3385 'ritatis
423 3336 749 3405 reprehendit
771 3349 866 3394 aut
888 3343 1133 3410 ostendit,
1171 3338 1359 3403 tractet
1376 3349 1538 3407 abbas
1557 3355 1788 3424 pruden-

192 3424 303 3484 ‘ter,
334 3435 398 3474 ne
418 3421 555 3491 forte
585 3441 704 3480 eum
731 3439 945 3501 propter
967 3431 1067 3486 hoc
1088 3434 1257 3506 ipsum
1288 3421 1786 3500 Dominus'direxe-

204 3507 293 3560 rit.
321 3507 474 3576 Quod
495 3511 627 3569 dicit
653 3532 667 3569 :
700 3514 760 3572 Si
776 3518 905 3589 quid
935 3536 1052 3575 cum
1074 3522 1375 3582 humilitate
1403 3530 1679 3588 charitatis
1700 3550 1783 3590 res

200 3599 494 3668 prehendit,
544 3605 611 3661 de
633 3608 857 3663 servitio
884 3610 999 3676 Dei,
1039 3622 1093 3669 et
1121 3616 1594 3680 observationibus
1624 3634 1784 3697 regu-

199 3688 285 3755 lae,
316 3701 370 3747 et
396 3696 766 3752 custodiendis
790 3704 1074 3771 prmeeptis
1114 3704 1326 3762 Domini
1367 3710 1517 3767 dicit.
1560 3714 1635 3770 De
1658 3688 1780 3787 qui-

194 3779 302 3834 bus
340 3781 630 3848 omnibus,
674 3784 720 3838 si
767 3800 892 3841 cum
936 3790 1208 3847 eharitate
1270 3792 1473 3867 aliquid
1527 3779 1782 3861 emenda-

196 3871 341 3927 verit
392 3873 610 3945 hospes,
661 3883 754 3931 aut
798 3881 1088 3937 emendare
1117 3881 1365 3953 jusserit,
1413 3889 1647 3950 libenter
1689 3906 1779 3953 au-

198 3962 404 4031 diatur,
446 3972 503 4020 et
526 3981 646 4037 qua:
680 3971 1013 4027 emendanda
1048 3984 1176 4030 sunt
1199 3975 1360 4035 citius
1402 3986 1776 4054 emendentur,

197 4055 325 4125 quia
370 4066 631 4127 operante
679 4060 906 4120 Domino
947 4064 1087 4123 alius
1121 4066 1436 4140 frequenter
1465 4091 1565 4148 per
1607 4078 1773 4138 alium

196 4146 536 4202 emendatur.

268 4232 331 4287 δι
346 4251 462 4291 vero
475 4248 652 4308 postea
668 4239 881 4298 voluerit
891 4245 1228 4305 stabilitatem
1241 4267 1390 4307 suam
1406 4247 1643 4325 firmare,
1666 4277 1771 4319 non

196 4334 451 4381 renitatur
482 4327 604 4383 talis
633 4331 892 4401 voluntas,
916 4347 963 4391 et
983 4339 1229 4409 maxime,
1255 4346 1380 4415 quia
1401 4356 1630 4419 tempore
1654 4352 1775 4408 hos-

190 4415 471 4482 pitalitatis
508 4420 678 4491 potuit
718 4423 833 4494 ejus
870 4426 973 4482 rita
998 4428 1253 4501 dignosci.
1286 4415 1565 4503 Quomodo
1588 4441 1768 4500 firmet

195 4505 547 4565 stabilitatem
592 4517 925 4581 suam,rsive
962 4519 1017 4575 in
1055 4523 1220 4579 corde
1272 4534 1501 4597 tantum,
1554 4533 1668 4591 sive
1709 4537 1762 4592 in

194 4597 355 4652 corde
388 4599 551 4655 simul
575 4614 633 4660 et
668 4605 856 4675 verbo,
908 4611 998 4667 liic
1035 4623 1222 4684 aperte
1258 4633 1366 4673 non
1402 4620 1617 4687 dicitur,
1673 4631 1766 4686 sc-J

187 5151 350 5207 corde
387 5153 547 5209 simul
585 5165 641 5212 et
679 5161 846 5217 verbo
882 5177 1064 5220 coram
1098 5166 1211 5225 Deo
1230 5176 1286 5226 et
1304 5175 1509 5231 sanctis
1534 5176 1673 5247 ejus,
1709 5189 1767 5237 et

185 5236 398 5296 idoneis
422 5244 668 5311 testibus,
712 5262 779 5304 ne
801 5260 1078 5306 mereatur
1098 5253 1214 5324 ipse
1236 5236 1642 5319 damnationem
1659 5236 1767 5338 pro

185 5330 353 5386 multa
383 5343 553 5390 suaet
577 5337 763 5407 illicita
796 5344 1103 5415 vagatione.

255 5421 411 5488 Quod
463 5428 508 5480 si
561 5432 876 5501 superﬂuus,
934 5447 1027 5492 aut
1062 5439 1275 5497 vitiosus
1322 5443 1558 5504 inventus
1604 5449 1764 5520 fuerit

182 5520 409 5586 tempore
428 5520 819 5589 hospitalitatis,
842 5540 944 5578 non
963 5526 1132 5589 solum
1153 5547 1256 5586 non
1275 5533 1420 5588 debet
1438 5539 1630 5593 sociari
1649 5557 1765 5595 cor-

180 5606 294 5672 pori
329 5612 650 5676 monasterii,
680 5616 1015 5670 verumetiam
1037 5618 1246 5676 dicatur
1271 5626 1319 5678 ei
1338 5626 1549 5683 honeste
1577 5636 1633 5684 ut
1655 5630 1765 5688 dis-

180 5697 346 5761 cedat,
376 5715 439 5753 ne
467 5700 583 5771 ejus
624 5703 835 5758 miseria
857 5706 1013 5761 etiam
1035 5707 1129 5763 alii
1160 5713 1421 5771 vitientur.
1450 5717 1762 5790 Supcrlluus

1903 1898 2259 1971 suscipiendi,
2308 1906 2529 1964 tenendi
2571 1916 2700 1969 sont
2732 1923 2898 1985 atque
2928 1916 3202 1986 trahendi,
3231 1931 3291 1977 ut
3318 1925 3495 1985 socie-

1903 1990 2013 2046 tate
2040 1990 2253 2049 illorum
2284 1995 2637 2057 meliorentur
2659 1998 2774 2059 alii:
2799 1991 2878 2062 illi
2910 2014 3042 2065 vero
3067 2000 3408 2084 proﬁciendi,
3433 2025 3495 2072 ut

1899 2087 2086 2137 eorum
2113 2094 2409 2145 caveantur
2436 2089 2569 2147 vitia
2595 2109 2611 2160 ;
2640 2093 2731 2151 isti
2761 2087 3005 2166 tenendi,
3031 2099 3095 2156 ut
3118 2103 3186 2158 ab
3214 2103 3336 2163 aliis
3363 2094 3483 2164 ἴδιοι

1899 2178 2018 2227 rum
2070 2172 2313 2233 imitetur
2358 2190 2547 2240 sancta
2593 2193 2648 2242 et
2676 2186 2904 2246 honesta
2956 2190 3086 2247 vita.
3139 2187 3332 2253 Suasio
3361 2202 3496 2253 vere

1897 2260 2022 2317 boni
2052 2272 2107 2320 et
2138 2256 2354 2325 tenendi
2401 2270 2630 2344 hospitis
2676 2275 2781 2334 ista
2827 2280 2956 2347 erit,
2986 2280 3202 2341 dicatur
3237 2287 3328 2343 ei:
3365 2281 3486 2354 Sta,

1898 2349 2085 2420 frater,
2117 2358 2398 2425 nobiscum
2452 2362 2744 2424 immobilis
2787 2369 2841 2423 in
2887 2370 2990 2431 hoc
3033 2379 3390 2446 monasterio,
3430 2396 3491 2438 ut
3574 2434 3579 2438 .

1893 2443 2036 2500 bono
2066 2456 2162 2503 tuo
2207 2451 2297 2507 alii
2336 2457 2656 2515 erudiuntur
2709 2465 2978 2535 exemplo.
3023 2467 3140 2525 Non
3171 2472 3316 2527 enim
3341 2491 3480 2545 opus

1892 2546 1976 2593 est
2004 2540 2058 2596 in
2095 2542 2277 2614 aliquo
2323 2564 2569 2618 quaerere
2608 2552 2750 2619 loco,
2780 2557 2872 2627 Qui
2917 2559 3118 2631 ubique
3144 2563 3231 2619 est
3268 2540 3485 2637 Sent-per

1892 2638 2073 2688 notus.
2102 2630 2209 2707 ipsi
2235 2638 2379 2693 enim
2404 2637 2631 2699 Domino
2647 2657 2701 2701 et
2722 2664 2821 2704 nos
2850 2650 2902 2705 in
2926 2630 3170 2711 bociloco
3192 2659 3483 2726 servimus,

1878 2722 1945 2797 et
1974 2723 2074 2793 ipsi
2120 2727 2233 2796 regi
2274 2728 2584 2789 militamus.
2637 2737 2787 2795 Unus
2812 2743 2958 2798 enim
3002 2753 3089 2802 est
3126 2747 3390 2808 Dominus
3422 2722 3477 2809 in

1889 2815 2037 2871 ouini
2073 2816 2211 2885 loco,
2256 2822 2406 2878 cuia
2454 2827 2628 2883 servis
2663 2831 2778 2886 suis
2815 2835 3059 2904 quotidie
3097 2840 3355 2898 servitur.
3408 2846 3474 2901 Et

1888 2921 2031 2963 unus
2065 2924 2159 2966 rex
2208 2927 2419 2986 regum,
2468 2918 2554 2974 cui
2603 2929 2633 2974 a
2669 2921 2934 2982 militibus
2983 2930 3100 2986 suis
3149 2942 3368 3004 semper
3414 2939 3468 2993 in

1888 3001 2037 3055 omni
2064 2998 2182 3056 loco
2207 3002 2491 3062 militatur.
2526 3008 2592 3064 Et
2622 3010 2742 3068 ideo
2770 3019 2876 3070 non
2903 3023 2988 3073 est
3013 3011 3110 3077 tibi
3146 2998 3286 3095 opus
3310 3027 3476 3085 alium

1892 3093 2135 3161 Quaerere
2162 3092 2363 3162 locum,
2389 3097 2479 3153 ubi
2510 3101 2704 3159 melius
2729 3107 2938 3165 servias
2956 3092 3211 3180 Domino,
3239 3118 3370 3189 quia
3393 3121 3485 3177 hic

1889 3181 2028 3237 bene
2055 3180 2352 3256 laborando
2393 3187 2732 3265 Dominoque
2773 3200 3061 3260 serviendo
3095 3180 3359 3267 calorum
3383 3228 3485 3284 po-

1889 3272 2021 3329 teris
2050 3275 2375 3346 conquirere
2404 3290 2649 3354 regnum.

1960 3362 2125 3448 Quem
2145 3367 2305 3424 etiam
2332 3370 2380 3425 si
2417 3371 2577 3428 talem
2604 3393 2715 3433 esse
2738 3385 3056 3453 perspexerit
3098 3386 3287 3457 abbas,
3327 3392 3485 3454 liccat

1881 3437 2002 3508 eum
2028 3445 2083 3508 in
2104 3459 2373 3528 superiore
2394 3460 2782 3534 aliquantulum
2809 3475 3121 3532 constituere
3143 3475 3278 3535 loco.
3304 3479 3475 3550 Quen!

1884 3541 1931 3598 si
1960 3543 2120 3601 talem
2144 3551 2485 3638 perspexerit
2507 3553 2658 3624 dicit,
2683 3557 2737 3613 id
2762 3567 2867 3631 est,
2898 3562 3060 3621 talctn
3077 3567 3177 3638 qui
3202 3541 3479 3632 mereatur

1884 3632 1937 3688 in
1966 3636 2232 3706 superiori
2258 3629 2380 3698 loco
2417 3645 2695 3704 Constitui.
2742 3646 2921 3710 Vitam
2945 3629 3372 3719 enim-sanctam
3395 3674 3482 3723 at-

1882 3742 1987 3799 que
2015 3730 2300 3800 probatam
2344 3736 2575 3795 exaltari
2614 3752 2830 3814 oportet
2874 3746 2931 3804 in
2974 3755 3333 3821 atouasterio,
3362 3773 3470 3814 non

1881 3820 2114 3875 nobilem
2165 3839 2475 3893 personam.
2531 3829 2648 3891 Non
2697 3839 2996 3896 secundum
3047 3820 3469 3915 generositatem

1878 3916 2185 3975 parentum,
2216 3912 2301 3967 vel
2328 3916 2774 3983 vestimentorum
2796 3926 3020 3996 cultum,
3042 3912 3143 3990 sed
3168 3941 3469 4000 St-cundunt

1880 3997 2002 4052 vita:
2038 4001 2291 4058 meritum
2320 4004 2668 4068 honorandus
2695 4022 2781 4071 est
2808 4016 2903 4074 Dei
2933 4034 3145 4081 servus.

1949 4089 2074 4148 Non
2101 4093 2272 4150 solum
2299 4108 2476 4157 autem
2500 4106 2843 4175 monachum,
2867 4113 2959 4169 sed
3003 4117 3163 4173 etiam
3190 4120 3257 4177 de
3278 4140 3468 4197 supra-

1875 4180 2030 4236 dictis
2055 4183 2305 4253 gradibus
2333 4190 2663 4249 sacerdotum
2692 4195 2774 4253 vel
2788 4197 3098 4262 clericorum
3117 4180 3355 4271 stabilire
3374 4180 3465 4288 po.

1875 4280 1971 4345 test
1998 4272 2157 4329 abbas
2180 4276 2235 4330 in
2268 4279 2460 4350 majori
2484 4299 2639 4353 quam
2667 4287 3034 4359 ingrediuntur
3052 4297 3191 4368 loco,
3212 4304 3261 4359 si
3280 4272 3463 4365 eorum

1875 4360 2031 4417 talem
2074 4372 2391 4439 perspexerit
2456 4390 2568 4429 esse
2620 4378 2796 4437 vitam.
2868 4383 2978 4444 Nec
3019 4389 3109 4447 isti
3165 4360 3288 4453 ideo
3334 4413 3463 4458 sunt

1788 4488 1843 4550 D
1875 4453 2174 4523 cxaltandi,
2201 4459 2327 4530 quia
2350 4471 2481 4518 sunt
2504 4469 2838 4539 sacerdotes,
2883 4474 2967 4532 vel
2993 4480 3177 4541 clerici
3200 4488 3458 4557 ordinati,

1868 4544 1963 4627 sed
2003 4545 2129 4615 quia
2168 4558 2294 4606 sunt
2321 4552 2445 4607 vitae
2481 4556 2677 4614 merito
2706 4564 2938 4633 probati,
2975 4580 3035 4626 et
3076 4573 3132 4630 in
3163 4544 3461 4638 conversa:

1870 4624 2018 4694 tione
2067 4650 2254 4697 sancta
2302 4638 2515 4703 caeteris
2572 4624 2871 4719 sanctiores
2930 4659 3154 4722 inventi.
3218 4669 3288 4725 Et
3338 4672 3461 4730 ideo

1940 4913 2130 5010 Caveat
2164 4932 2342 4981 autem
2367 4927 2552 4999 abbas,
2576 4950 2641 4990 ne
2663 4936 2952 5010 aliquando
2971 4941 3037 4999 de
3054 4942 3165 4999 alio
3201 4956 3324 5003 noto
3346 4967 3459 5005 mo-

1869 5006 2097 5059 nasterio
2123 5014 2435 5072 monachum
2465 5021 2536 5075 ad
2555 5006 2901 5086 habitandum
2922 5036 3175 5107 suscipiat
3192 5038 3308 5094 sine
3331 5058 3461 5097 cou-

1922 5110 2021 5146 nsu
2047 5096 2250 5156 abbatis
2289 5104 2425 5174 ejus,
2471 5122 2564 5166 aut
2603 5114 2791 5177 litteris
2833 5096 3287 5193 commendamus,
3329 5134 3458 5199 quia

1865 5183 2115 5252 scriptum
2168 5199 2242 5243 est
2269 5205 2288 5244 :
2337 5193 2492 5260 Quod
2537 5202 2635 5257 tibi
2684 5223 2789 5263 non
2826 5210 2905 5266 sis
2955 5212 3097 5282 ﬁeri,
3142 5215 3300 5272 alteri
3338 5183 3455 5276 ’διοκ

1865 5275 2069 5369 feceris.
2118 5281 2256 5341 liinc
2288 5287 2478 5348 Patres
2506 5298 2715 5369 antiqui
2758 5275 3051 5365 dixerunt:
3082 5275 3222 5365 ’Νοη
3258 5311 3450 5368 licebit

1868 5366 1933 5472 tte
1963 5368 2089 5472 alio.
2105 5381 2432 5436 monasterio
2468 5385 2587 5443 sine
2629 5366 2910 5454 voluntate
2958 5398 3081 5470 ejus
3114 5401 3210 5471 qui

1866 5452 2042 5512 Patris
2064 5457 2260 5519 fratres
2288 5470 2567 5542 recipere:
2596 5493 2707 5536 non
3229 5452 3325 5545 82d
3352 5504 3453 5547 nec

1866 5546 2051 5651 videre
2077 5564 2312 5625 oportet,
2339 5560 2555 5623 dicente
2583 5568 2879 5642 Apostolo:
2930 5546 3069 5644 Quid
3107 5546 3199 5651 qui
3225 5580 3449 5647 primam

1865 5638 2020 5703 [idem
2048 5643 2250 5703 irritam
2272 5648 2416 5723 fecit,
2442 5668 2517 5712 est
2540 5638 2741 5731 inﬁdeli
2778 5638 3025 5724 deteribr.
3071 5638 3225 5738 Quod
3254 5672 3298 5726 si
3329 5688 3450 5742 pre-

1868 5741 2020 5786 catus
2052 5731 2212 5789 interit
2240 5739 2307 5794 ab
2332 5757 2397 5797 eo
2427 5749 2517 5817 qui
2544 5765 2741 5822 prmcst
2766 5741 2951 5827 Patre,
2978 5770 3037 5816 ut
3071 5762 3124 5819 in
3154 5762 3297 5818 aliud
3331 5779 3448 5821 mo-
