3944 6430
485 301 584 358 Ml

1782 283 2129 340 SMARAGDI
2169 279 2460 336 ABBATIS

3645 262 3774 316 9I‘2

489 414 786 470 nasterinm
831 408 1181 478 ingrediatur,
1226 402 1631 460 commendetur
1677 401 1744 454 ab
1777 413 1843 454 co
1883 398 1934 452 ei
1961 397 2054 466 qui
2085 402 2134 461 Α
2159 404 2294 458 tate,
2337 389 2646 448 obedientia
2687 393 2740 440 et
2793 383 2941 438 omni
2991 377 3246 451 puritatis
3293 373 3614 430 sinceritate
3641 387 3768 442 pra:

487 513 682 576 praeest
718 501 810 556 ubi
849 515 968 555 esse
1013 497 1306 563 desiderat,
1355 501 1410 550 et
1451 494 1530 549 sic
1574 490 1920 559 suscipiatur.
1973 487 2066 542 Ille

490 575 615 648 vero
660 591 957 646 monachus
1001 594 1234 657 quantos
1263 577 1474 638 'l'ratres
1522 581 1576 635 in
1606 580 1712 634 alio
1741 575 2067 634 monasterio

489 683 774 747 invenerit,
808 689 989 734 tantos
1016 693 1076 732 se
1103 669 1313 731 noverit
1339 674 1542 729 habere
1561 671 1788 742 priores.
1818 668 1924 722 Sed
1970 680 2070 720 nec

488 771 877 828 attendendum
903 769 1032 839 quid
1062 767 1162 823 fuit
1191 762 1378 831 antea,
1403 764 1497 819 sed
1526 761 1859 832 probandum
1897 758 2071 829 qualis

487 877 609 918 esse
635 859 884 930 coeperit.
918 858 1215 927 Susceptus
1238 868 1368 908 vero
1397 852 1442 907 si
1487 851 1685 906 habere
1720 849 1934 902 videtur
1975 845 2072 899 ali-

489 950 644 1020 quid,
674 949 790 1004 sive
817 947 871 1001 in
898 947 1082 1011 rebus,
1107 941 1222 999 sive
1246 941 1300 996 in
1330 935 1627 1001 codicibus,
1649 930 1789 990 u'ltra
1818 933 1866 987 ei
1896 932 2070 1002 possi-

466 1019 624 1094 ‘dere
653 1053 761 1092 non
793 1034 997 1100 licebit,
1037 1040 1098 1088 ut
1143 1031 1316 1104 possit
1341 1043 1460 1084 esse
1500 1021 1794 1098 perlectus,
1823 1021 1916 1092 qui
1945 1019 2074 1076 alibi

493 1145 600 1184 non
629 1129 808 1200 potuit
845 1142 966 1183 esse
992 1138 1178 1180 senex.
1229 1121 1366 1176 Ilinc
1401 1119 1591 1173 beatus
1632 1112 1924 1169 Ferreolus
1958 1109 2072 1164 ait:

493 1222 813 1279 Monachum
857 1218 1078 1274 omnino
1124 1215 1238 1270 sive
1277 1211 1537 1268 clericum
1585 1206 1809 1261 alterius
1839 1203 1963 1268 loci,
1991 1201 2076 1256 vel

495 1311 805 1370 monasterii
838 1307 1007 1379 recipi
1033 1306 1133 1362 sub
1158 1303 1398 1376 qualibet
1421 1314 1583 1356 causa
1611 1297 1880 1360 nolumus,
1909 1293 2078 1348 inter-

491 1401 742 1468 dicimus,
786 1389 1154 1470 prohibemus,
1194 1391 1583 1465 prospicientes
1604 1385 1730 1441 talia
1750 1383 1927 1439 studio
1949 1382 2080 1438 cha-

494 1492 694 1554 ritatis,
745 1503 813 1544 ne
859 1499 1057 1541 novum
1094 1480 1298 1551 aliquid
1344 1478 1504 1535 sorde
1541 1473 1781 1531 scandali
1820 1477 2079 1542 surgente

495 1585 734 1640 inducat.
786 1579 928 1634 Dicit
955 1576 1100 1632 enim
1146 1573 1472 1643 Scriptura:
1533 1564 1801 1638 Quidquid
1845 1563 1937 1618 tibi
1976 1578 2079 1616 non

493 1678 571 1731 vis
595 1673 732 1745 ﬁeri,
761 1669 856 1727 alii
887 1684 950 1724 ne
972 1667 1154 1740 feceris
1181 1661 1398 1735 (Matth.
1427 1658 1550 1731 vn).

1072 1751 1304 1814 CAPUT
1345 1751 1503 1809 LXII.

879 1852 956 1908 De
977 1847 1331 1906 sacerdotibus
1371 1843 1693 1899 monasterii.

569 1953 631 2009 Si
669 1951 782 2024 quis
806 1947 965 2002 abbas
1001 1943 1101 1998 sibi
1137 1940 1491 2013 presbyterum
1516 1936 1594 1991 vel
1619 1932 1897 1990 diaconum
1938 1931 2080 1987 ordi-

497 2041 616 2096 nari
639 2022 862 2111 petierit,
893 2035 956 2088 de
984 2033 1093 2088 suis
1137 2031 1293 2100 eligat
1320 2027 1410 2099 qui
1455 2025 1642 2097 dignus
1676 2025 1742 2079 sit
1790 2022 2080 2077 sacerdotio

497 2131 668 2203 fiuigi.
693 2126 1042 2184 Confessione
1066 2122 1308 2178 omnium
1348 2133 1570 2174 suorum
1600 2117 1758 2170 debet
1801 2115 1970 2169 abbas
1993 2129 2081 2167 co-

497 2233 761 2292 gnoscere
790 2215 1200 2277 monachorum,
1246 2218 1304 2266 et
1348 2217 1476 2263 tunc
1522 2223 1682 2278 quem
1723 2221 1789 2260 ex
1834 2204 2083 2260 omnibus

497 2291 720 2381 elegerit
745 2321 863 2363 esse
892 2306 1133 2376 dignum,
1160 2299 1400 2356 ordinari
1429 2299 1528 2354 sibi
1561 2297 1748 2367 iubeat
1778 2291 2080 2358 diaconum,

500 2402 582 2457 vel
613 2401 1008 2473 presbyterum,
1037 2394 1241 2465 eligens
1289 2391 1344 2445 in
1387 2390 1466 2445 eis
1517 2388 1780 2460 regularis
1808 2387 1932 2442 vita:
1973 2402 2081 2440 me-

499 2493 663 2548 ritum
694 2499 747 2546 et
775 2487 1052 2558 sapientia:
1081 2483 1436 2539 intellectum.

571 2581 863 2635 Ordinatus
891 2586 1064 2631 autem
1108 2582 1285 2628 caveat
1329 2571 1605 2626 elationem
1647 2579 1738 2623 aut
1765 2569 2082 2640 superbiam.

503 2671 616 2726 Nec
641 2669 927 2741 quidquam
950 2671 1254 2737 pra’sumat,
1287 2662 1388 2714 nisi
1407 2659 1546 2730 quod
1575 2660 1623 2713 ei
1645 2661 1710 2712 ab
1737 2659 1920 2712 abbate
1944 2675 2082 2729 pra:-

386 2801 408 2810 ς
499 2765 715 2834 ripitur,
740 2761 903 2815 sciens
931 2775 984 2812 se
1010 2755 1175 2811 multo
1209 2752 1372 2823 magis
1403 2751 1690 2822 disciplina:
1721 2749 1948 2820 regulari
1970 2749 2086 2823 sub-

499 2854 688 2907 ditum.
751 2849 861 2904 Nec
893 2847 1163 2902 occasione
1193 2841 1476 2898 sacerdotii
1515 2841 1854 2894 obliviscatur
1893 2838 2084 2909 regula:

499 2941 842 2997 obedientiam
889 2947 937 2992 et
966 2934 1321 3006 disciplinam,
1371 2931 1459 2986 sed
1507 2931 1675 3000 magis
1709 2947 1772 2983 ac
1824 2931 1990 2999 magis
2030 2929 2085 2982 in

505 3033 728 3086 Domino
769 3029 1032 3102 proﬁciat.
1066 3025 1342 3094 Scriptura
1368 3029 1451 3078 est
1491 3020 1675 3075 enim:
1724 3019 1931 3084 Quanto
1973 3035 2084 3072 ma-

500 3142 632 3190 gnus
669 3140 745 3189 es,
784 3120 1006 3176 humilia
1053 3127 1102 3172 te
1142 3119 1196 3170 in
1240 3115 1500 3178 omnibus,
1551 3123 1597 3166 et
1641 3127 1816 3166 coram
1852 3109 1958 3164 Deo
1997 3110 2081 3163 iu-

503 3219 672 3271 renies
697 3215 920 3285 gratiam
951 3206 1250 3282 (Eccli.tn).
1281 3205 1481 3261 Caveat
1507 3217 1636 3274 ergo
1667 3202 1965 3256 monachus
1991 3213 2085 3253 ne-

502 3323 655 3362 cesse
681 3314 767 3360 est
791 3302 1039 3358 elationis
1074 3298 1416 3368 iactantiam,
1465 3306 1518 3349 et
1559 3293 1800 3348 omnium
1829 3292 2083 3347 vitiorum

508 3408 739 3454 matrem
784 3393 1116 3464 superbiam,
1163 3405 1282 3458 quzn
1331 3389 1474 3442 sicut
1521 3385 1673 3457 origo
1727 3394 1809 3438 est
1847 3383 2083 3439 omnium

501 3489 812 3549 criminum,
852 3486 928 3540 ita
957 3483 1111 3538 ruina
1153 3490 1237 3536 est
1269 3488 1586 3535 cunctarum
1622 3479 1900 3531 virtutum.
1948 3475 2085 3530 Nam

504 3582 628 3638 ideo
672 3575 925 3648 superbia
969 3571 1114 3628 omni
1156 3571 1287 3624 vitio
1318 3569 1574 3632 deterior,
1627 3567 1751 3637 quia
1791 3581 1820 3620 a
1861 3565 2087 3621 summis

480 3671 752 3744 'personis
778 3676 940 3736 atque
969 3661 1291 3735 primatibus
1317 3659 1631 3724 assumitur,
1659 3666 1714 3713 et
1743 3657 1809 3712 de
1834 3657 2087 3728 operibus

504 3762 724 3834 iustitia:
763 3765 928 3827 atque
963 3752 1255 3808 virtutibus
1301 3750 1562 3806 exoritur.
1609 3747 1776 3804 Recte
1813 3762 1942 3818 ergo
1985 3747 2089 3803 ini-

509 3855 645 3907 tium
696 3848 872 3906 omnis
915 3842 1124 3916 peccati
1181 3839 1431 3910 superbia
1462 3851 1567 3905 est,
1614 3839 1739 3909 quia
1797 3837 1902 3893 nisi
1948 3850 2086 3906 prm-

506 3944 736 4001 cesserit
780 3936 1159 4001 inobedientia,
1211 3931 1658 4004 transgressionis
1703 3945 1810 3985 non
1841 3927 2088 3998 sequitur

509 4038 686 4106 culpa.

583 4127 776 4180 Locum
805 4137 922 4178 vero
963 4118 1111 4174 illum
1155 4132 1359 4189 semper
1393 4114 1650 4180 attendat,
1677 4120 1780 4185 quo
1825 4113 2088 4183 ingressus

506 4228 580 4272 est
609 4213 1001 4276 monasterium,
1033 4219 1224 4281 praeter
1263 4207 1484 4278 oﬁicium
1511 4204 1718 4260 altaris.
1770 4203 1826 4259 Id
1855 4211 1959 4268 cst,
1989 4202 2089 4258 hu-

511 4308 792 4363 militatem
825 4317 1040 4372 semper
1087 4309 1296 4363 tenens,
1344 4297 1520 4353 locum
1567 4311 1724 4351 suum
1755 4295 1808 4350 in
1836 4294 2088 4350 omnibus

509 4397 828 4468 regulariter
865 4395 1160 4448 observans
1203 4389 1487 4454 custodiat,
1536 4397 1592 4444 et
1631 4389 1710 4442 sic
1760 4387 1982 4442 accedat
2021 4387 2087 4440 ad

511 4504 719 4560 pacem,
771 4487 839 4540 ad
885 4483 1339 4545 communionem,
1385 4480 1452 4535 ad
1503 4480 1767 4548 psalmum
1813 4478 2090 4548 imponen-

510 4584 657 4643 dum,
689 4580 740 4632 iu
767 4579 934 4632 choro
963 4576 1235 4638 standum,
1263 4581 1318 4626 et
1340 4572 1393 4626 in
1417 4570 1666 4625 omnibus
1692 4568 1912 4622 omnino
1935 4567 2090 4633 locis,

510 4681 709 4742 printer
735 4669 970 4725 ollicium
1015 4666 1221 4730 altaris,
1258 4665 1309 4718 id
1358 4672 1460 4728 est,
1493 4663 1596 4716 nisi
1639 4665 1856 4730 quando
1899 4661 2094 4716 altario

511 4766 801 4820 ministrat.
829 4761 1034 4816 Altario
1063 4760 1208 4815 enim
1235 4757 1501 4813 assistens
1530 4756 1737 4824 primus
1764 4763 1892 4818 stat,
1923 4755 2091 4808 sacri-

515 4858 658 4920 licat,
687 4864 740 4910 et
770 4855 973 4924 primus
1013 4867 1112 4923 pro
1158 4849 1408 4904 omnibus
1453 4854 1592 4908 orat,
1625 4844 1838 4898 etiamsi
1869 4843 2092 4899 ultimus

515 4948 816 5002 inveniatur
857 4944 913 4998 in
957 4943 1166 4998 ordine.
1217 4939 1286 4992 Et
1330 4938 1450 4991 ideo
1481 4949 1579 4988 nec
1609 4934 1758 4988 locus
1805 4934 1878 4988 ibi
1905 4941 2087 4989 custo-

513 5039 739 5094 diendus
763 5045 866 5101 est,
899 5051 998 5090 nec
1021 5033 1156 5088 ordo
1185 5029 1465 5082 tenendus.

588 5129 652 5184 Et
681 5130 726 5183 si
755 5129 888 5198 forte
931 5123 1110 5180 electio
1151 5115 1585 5188 congregationis,
1625 5124 1672 5168 et
1716 5113 1955 5168 voluntas
1998 5115 2090 5167 ab-

514 5223 646 5276 batis
675 5237 768 5292 pro
811 5219 927 5273 vitm
955 5215 1139 5270 merito
1187 5227 1306 5264 eum
1347 5223 1646 5278 promovere
1689 5204 1927 5259 voluerit.
1961 5202 2094 5258 Pro-

516 5313 718 5367 moveri
745 5309 944 5364 dicitur
967 5301 1222 5362 honorari
1248 5299 1333 5355 vel
1359 5299 1607 5363 exaltari,
1637 5308 1691 5353 et
1719 5299 1786 5354 ab
1816 5297 2090 5352 humiliori

517 5403 635 5458 loco
660 5403 712 5456 in
741 5397 1005 5468 superiori
1049 5390 1347 5450 sublimari.
1397 5389 1624 5460 Dignum
1653 5397 1737 5442 est
1763 5387 1907 5443 enim
1952 5387 2091 5458 apud

518 5495 764 5548 homines
796 5487 1094 5550 sublimari,
1120 5485 1213 5555 qui
1249 5481 1419 5537 fretus
1452 5496 1637 5536 amore
1684 5480 1778 5535 Dei
1821 5483 2092 5538 consentit

520 5597 629 5652 ιιι-ιε
654 5581 864 5636 caeteris
908 5575 1199 5634 humiliari.
1246 5571 1542 5628 Monachus
1585 5571 1732 5624 enim
1763 5572 1852 5641 qui
1877 5574 2089 5629 cautela

471 5725 474 5730 .
523 5681 576 5726 et
601 5673 988 5740 moderatione,
1033 5667 1312 5742 pudicitia,
1365 5661 1494 5729 fide,
1537 5659 1865 5729 humilitate,
1911 5664 2090 5720 chari-

2117 4437 2167 4496 D

2166 487 2377 542 czeteris
2400 492 2646 548 ornatur,
2668 487 2880 550 oportet
2903 485 2961 530 ut
2982 491 3093 546 prce
3121 473 3332 528 caeteris
3359 469 3686 524 honoretnr.

2239 577 2343 642 Qui
2371 585 2546 630 tamen
2587 571 2823 642 regulam
2851 587 2884 623 a
2925 566 3138 622 decanis
3170 565 3247 620 vel
3283 564 3582 636 pra'positis
3623 581 3767 618 con-

2167 671 2402 724 stitutam
2427 666 2528 721 sibi
2557 663 2868 720 servandam
2889 659 3021 716 sciat
3044 673 3062 711 :
3091 658 3228 730 quod
3259 657 3303 711 si
3326 655 3483 710 aliter
3507 671 3771 726 prmum-

2168 759 2351 830 pserit,
2373 773 2483 810 non
2520 765 2577 809 ut
2615 751 2880 817 sacerdos,
2921 749 3012 814 sed
3055 758 3111 802 ut
3153 744 3355 801 rebellis
3370 743 3674 816 judicetur.
3704 743 3770 802 Si

2169 849 2314 904 enim
2345 844 2588 918 regulam
2629 845 2733 900 sibi
2771 841 3124 898 constitutam
3153 839 3292 894 bene
3335 837 3660 902 servaverit,
3707 845 3772 893 et

2172 932 2433 1006 dignitate
2476 943 2532 992 et
2573 933 2792 990 nomine
2839 929 3140 987 sacerdotis
3185 926 3678 993 bonorilicabitur;
3715 927 3768 982 si

2173 1034 2354 1081 autem
2381 1039 2488 1080 non
2529 1022 2856 1087 servabitur,
2883 1035 2983 1075 nec
3011 1017 3266 1076 sacerdos
3308 1029 3411 1070 nec
3435 1014 3603 1070 etiam
3646 1029 3771 1070 mo-

2174 1118 2399 1182 nachus,
2431 1115 2528 1171 sed
2561 1111 2787 1170 rebellio
2834 1110 3140 1176 vocabitur,
3183 1108 3311 1178 quia
3345 1116 3585 1178 pactum,
3615 1109 3768 1177 quod

2173 1208 2326 1279 prius
2354 1197 2659 1262 voluntarie
2694 1212 2751 1259 et
2794 1200 3023 1273 paciﬁce
3049 1198 3322 1270 promisit,
3348 1205 3540 1268 postea
3573 1213 3770 1266 supcr-

2175 1301 2278 1356 bus
2318 1306 2374 1354 et
2398 1305 2688 1355 contumax
2718 1295 2934 1349 irritum
2984 1290 3128 1346 fecit.
3172 1287 3414 1345 Rebellio
3442 1289 3587 1342 enim
3632 1287 3768 1341 diei-

2179 1399 2287 1457 tur,
2317 1389 2411 1460 qui
2438 1396 2560 1459 post
2600 1401 2790 1458 pacem
2832 1383 3029 1438 factam
3061 1395 3251 1436 rursus
3288 1379 3512 1436 reiterat
3539 1377 3767 1434 bellum.

2252 1481 2317 1537 Et
2346 1497 2484 1552 sirpe
2513 1478 2811 1534 admonitus
2850 1477 2896 1532 si
2925 1492 3031 1530 non
3052 1473 3356 1537 correxerit,
3386 1472 3545 1525 etiam
3567 1471 3765 1541 episco-

2176 1590 2275 1644 pus
2303 1571 2612 1627 adhibeatur
2630 1570 2686 1624 in
2713 1567 3085 1623 testimonium.
3117 1562 3270 1628 Quod
3289 1563 3334 1617 si
3361 1579 3453 1616 nec
3480 1561 3557 1616 sic
3589 1577 3770 1616 emen-

2177 1662 2399 1729 daverit,
2423 1659 2823 1716 clarescentibus
2852 1656 3020 1728 culpis
3050 1655 3366 1726 projiciatur
3400 1651 3468 1706 de
3504 1661 3766 1706 monaste-

2109 1746 2158 1806 B
2187 1756 2286 1820 rio,
2312 1753 2359 1809 si
2386 1764 2562 1808 tamen
2602 1750 2723 1806 talis
2767 1749 2927 1820 fuerit
2967 1747 3082 1818 ejus
3129 1745 3484 1808 contumacia,
3531 1753 3587 1796 ut
3618 1743 3782 1798 subdi

2181 1856 2273 1901 aut
2319 1845 2529 1901 obedire
2579 1840 2773 1914 regula
2819 1838 2974 1894 nolit.
3031 1837 3088 1892 Si
3139 1835 3282 1891 enim
3320 1843 3428 1888 tam
3478 1846 3782 1903 perversns

2181 1937 2470 2001 exstiterit,
2501 1944 2563 1990 ut
2587 1949 2686 1990 nec
2713 1947 2898 1988 amore
2924 1928 3152 1992 Christi,
3182 1941 3282 1982 nec
3323 1940 3423 1996 pro
3464 1925 3781 1980 reverentia

2181 2031 2472 2084 emendare
2523 2025 2654 2081 velit
2708 2022 2982 2094 episcopi,‘
3029 2020 3279 2076 omnibus
3329 2025 3515 2074 notum
3569 2015 3776 2071 factum

2182 2119 2374 2175 vicinis
2393 2116 2712 2190 proiiciatur
2729 2130 2761 2168 a
2787 2111 3114 2168 monasterio
3134 2107 3557 2165 clarescentibus
3577 2105 3780 2176 culpis.

2751 2202 2977 2260 CAPUT
3013 2199 3190 2256 LXIII.

2586 2293 2662 2348 De
2693 2293 2876 2348 ordine
2919 2281 3360 2360 congregationis.

2255 2387 2479 2442 Ordines
2503 2403 2625 2441 suos
2639 2387 2694 2440 in
2715 2381 3028 2439 monasterio
3045 2382 3117 2436 ita
3139 2389 3460 2447 conservent,
3475 2392 3529 2434 ut
3554 2397 3762 2438 conver-

2183 2480 2344 2534 sionis
2371 2489 2570 2549 tempus
2595 2488 2643 2533 et
2671 2479 2790 2532 vita?
2836 2477 3080 2532 meritum
3119 2474 3390 2540 discernit,
3429 2485 3586 2546 atque
3613 2474 3777 2528 abbas

2182 2570 2531 2624 constituerit.
2586 2569 2722 2623 Hinc
2759 2569 2952 2622 beatus
2987 2566 3316 2621 Fructuosus
3344 2565 3458 2620 ait:
3511 2564 3613 2631 Qui
3663 2565 3764 2635 pri-

2184 2677 2306 2716 mus
2339 2661 2393 2715 in
2425 2661 2754 2715 monasterio
2783 2675 3074 2715 conversus
3126 2658 3308 2723 fuerit,
3345 2659 3556 2727 primus
3585 2657 3767 2711 ambu-

2185 2751 2280 2818 let,
2335 2752 2542 2822 primus
2576 2752 2779 2816 sedeat,
2808 2751 3015 2819 primus
3058 2749 3325 2819 eulogiam
3371 2748 3626 2818 accipiat,
3657 2748 3761 2818 pri-

2185 2859 2305 2898 mus
2348 2842 2710 2898 communicet
2757 2841 2811 2894 in
2865 2840 3112 2904 ecclesia,
3164 2840 3316 2910 prius
3364 2839 3619 2908 loquatur
3648 2855 3772 2894 cum

2181 2933 2592 3005 interrogantur
2638 2933 2838 2989 fratres
2884 2949 2983 3003 pro
3035 2933 3214 3002 aliqua
3259 2933 3576 3003 quatstione,
3625 2934 3780 3003 prior

2185 3027 2452 3096 psalmum
2480 3025 2644 3089 dicat,
2691 3025 2744 3078 in
2790 3025 2956 3080 choro
2995 3025 3202 3092 primus
3241 3025 3522 3085 consistat,
3573 3024 3771 3078 hebdo-

2192 3119 2406 3173 madam
2433 3116 2582 3188 prior
2619 3115 2801 3180 faciat,
2835 3131 3054 3170 manum
3093 3117 3145 3169 in
3181 3129 3422 3170 mensam
3449 3116 3657 3185 primus
3685 3130 3770 3168 ex-

2189 3211 2392 3266 tendat.
2442 3208 2552 3265 Nec
2581 3218 2712 3264 tetas
2739 3208 2852 3264 sola
2892 3208 3034 3263 inter
3066 3207 3266 3263 fratres
3302 3207 3644 3277 requirenda,
3679 3207 3773 3260 sed

2188 3303 2471 3360 conversio
2491 3312 2594 3368 est,
2625 3311 2682 3358 ct
2711 3302 2914 3358 laboris
2936 3302 3208 3370 studiique
3235 3300 3588 3372 propositum.
3624 3299 3771 3355 Unde

2188 3405 2243 3450 et
2276 3396 2390 3450 IIIEC
2413 3395 2669 3450 discretio
2697 3393 2930 3449 senioris
2966 3401 3050 3448 est
3090 3391 3470 3461 praestolanda,
3514 3399 3574 3446 ut
3613 3407 3773 3460 quem

2187 3486 2455 3555 quomodo
2501 3499 2631 3554 erga
2677 3483 2770 3537 Dei
2809 3497 3046 3538 amorem
3105 3481 3417 3550 cultumque
3475 3481 3772 3536 ferventem

2189 3575 2401 3638 viderit,
2430 3573 2510 3628 sic
2551 3573 2800 3627 honoret.
2833 3571 2950 3626 Non
2983 3571 3127 3626 enim
3155 3569 3370 3640 generis
3394 3570 3653 3641 dignitas,
3683 3581 3777 3625 aut

2189 3680 2372 3719 rerum
2415 3663 2686 3732 opulentia
2732 3678 2894 3732 quam
2941 3663 3173 3732 quisque
3216 3662 3406 3717 habuit
3451 3663 3507 3718 in
3553 3663 3772 3728 seculo,

2188 3757 2272 3813 vel
2312 3756 2490 3812 aetatis
2537 3755 2895 3826 grandaevitas
2931 3754 3287 3825 exquirenda,
3331 3754 3425 3810 sed
3463 3754 3588 3810 vita:
3617 3755 3773 3810 recti-

2190 3849 2318 3906 tudo
2345 3855 2400 3903 et
2435 3845 2832 3902 ardentissima:
2879 3844 3002 3900 lldei
3030 3843 3224 3899 merita
3265 3842 3464 3899 debent
3501 3857 3620 3898 esse
3646 3859 3775 3914 pen-

2190 3940 2357 3994 sanda
2393 3955 2406 3990 :
2447 3936 2538 3992 ille
2576 3936 2722 3991 enim
2745 3935 2944 4006 potior,
2971 3935 3062 4005 qui
3100 3934 3212 3990 Deo
3239 3935 3538 4006 proximior
3561 3951 3776 4006 quoque

2183 4027 2510 4099 iudicandus
2537 4034 2640 4083 est.
3260 4088 3264 4093 η

2266 4119 2369 4186 Qui
2397 4118 2554 4174 abbas
2578 4135 2682 4174 non
2711 4118 2978 4173 conturbet
3021 4134 3229 4188 gregem
3267 4117 3366 4172 sibi
3416 4122 3771 4176 commissum.

2192 4213 2471 4281 Quomodo
2498 4210 2784 4266 conturbat
2821 4211 2986 4266 abbas
3015 4225 3230 4280 gregem
3276 4210 3380 4266 sibi
3425 4213 3773 4268 Commissum

2191 4303 2469 4375 sequentia
2498 4303 2798 4368 declarant,
2827 4317 2948 4356 cum
2971 4301 3204 4356 dicitur:

2269 4395 2380 4450 Nec
2417 4396 2569 4466 quasi
2609 4393 2771 4448 libera
2818 4406 2964 4447 utens
3009 4401 3260 4462 potestate
3300 4392 3494 4463 injuste
3530 4393 3774 4464 disponat

2194 4488 2411 4559 aliquid.
2455 4485 2654 4556 Iniustc
2697 4501 2828 4558 ergo
2867 4485 3069 4556 aliquid
3114 4485 3446 4556 disponendo
3489 4491 3772 4545 conturbat

2193 4579 2360 4635 abbas
2387 4593 2602 4649 gregem
2643 4578 2746 4634 sibi
2775 4577 3143 4634 commissum.
3175 4577 3280 4633 Pro
3308 4594 3412 4648 qua
3443 4595 3502 4635 re
3528 4589 3583 4635 et
3624 4581 3770 4636 illum

2193 4670 2323 4727 facit
2350 4685 2471 4726 esse
2498 4670 2758 4740 peiorem,
2798 4679 2854 4725 et
2883 4671 2984 4726 sibi
3033 4685 3132 4740 pro
3176 4669 3372 4738 iniusta
3417 4672 3770 4742 dispositione

2194 4761 2514 4831 multiplicat
2573 4759 2847 4816 cumulum
2913 4761 3295 4816 damnationis.
3358 4760 3509 4817 Unde
3568 4772 3625 4818 et
3689 4780 3769 4820 se-

2191 4851 2375 4922 quitur
2401 4871 2413 4905 :

2267 4939 2369 4996 Sed
2397 4942 2580 5012 cogitet
2601 4958 2801 5014 semper
2828 4944 2954 5014 quia
2975 4944 3040 4998 de
3075 4944 3314 5000 omnibus
3335 4945 3558 5015 iudiciis
3583 4955 3631 5000 et
3661 4965 3770 5016 ope-

2195 5031 2337 5085 ribus
2365 5032 2472 5086 suis
2525 5032 2824 5088 redditurus
2861 5044 2936 5088 est
2975 5034 3083 5090 Deo
3124 5037 3398 5091 rationem.
3439 5035 3545 5090 Alii
3592 5045 3768 5092 autem

2196 5123 2442 5178 homines
2485 5123 2550 5178 de
2585 5123 2698 5180 suis
2726 5132 2932 5178 tantum
2957 5126 3213 5194 operibus
3241 5126 3469 5180 Domino
3508 5127 3766 5180 rationem

2198 5213 2250 5267 in
2273 5213 2477 5283 iudicio
2519 5222 2646 5269 sunt
2675 5214 2974 5278 reddituri;
3024 5216 3246 5271 abbates
3295 5231 3439 5280 vero,
3487 5226 3544 5270 et
3583 5233 3768 5273 onmcs

2195 5306 2286 5374 qui
2312 5314 2548 5376 prznsunt
2573 5306 2712 5368 aliis,
2736 5323 2842 5360 non
2871 5307 3040 5360 solum
3066 5307 3131 5361 de
3152 5309 3334 5377 pravis
3355 5309 3615 5377 operibus
3636 5311 3764 5375 suis,

2195 5397 2288 5453 sed
2317 5403 2370 5453 et
2402 5399 2467 5452 de
2505 5395 2716 5465 iniustis
2751 5397 2972 5466 iudiciis
3019 5400 3284 5454 rationem
3336 5401 3601 5456 reddituri
3647 5413 3765 5456 sunt

2196 5487 2440 5545 Domino.
2489 5504 2612 5542 cum
2641 5489 2885 5543 venerint
2906 5505 3031 5544 cum
3059 5489 3148 5544 illo
3177 5491 3228 5545 in
3253 5507 3509 5560 supremo
3543 5493 3761 5560 iudicio.

2194 5575 2361 5631 Valde
2394 5576 2537 5630 enim
2569 5575 2728 5630 debet
2768 5578 2937 5633 abbas
2981 5580 3190 5644 timere,
3222 5581 3311 5648 qui
3364 5595 3463 5648 pro
3490 5585 3764 5651 cogitatio-

2191 5673 2350 5729 nibus
2376 5671 2510 5740 suis,
2534 5679 2588 5726 et
2629 5673 2903 5743 operibus,
2939 5675 3247 5746 pariterque
3281 5675 3499 5745 iudiciis
3545 5681 3762 5734 Domino
