3944 6460
219 401 324 457 915

1239 398 1604 457 ΕΟΜΜΕΝΤ.
1644 398 1713 457 IN
1753 397 1911 453 RBG.
1955 397 2013 453 S.
2055 397 2435 455 BENEDIC'I'I.

3381 366 3527 439 ω’

215 517 378 573 debet
417 512 645 570 reddere
690 512 976 566 rationem.
1023 509 1320 580 Diligenter
1365 516 1548 565 autem
1589 517 1644 564 et
1673 509 1802 563 illud
1830 520 1878 579 Α
1905 510 2143 581 exigitur
2191 510 2350 566 hodie
2393 511 2598 583 utipsa
2646 519 2869 581 paterna
2919 504 3223 563 reverentia
3276 501 3488 572 priores

215 608 378 663 debet
420 605 701 660 attendere
742 603 886 673 quod
918 602 1178 657 Dominus
1205 602 1319 657 ait:
1356 601 1425 656 In
1463 618 1567 672 quo
1602 600 1807 671 judicio

218 696 579 752 iudicaveritis
614 693 991 765 judicabimini
1041 692 1259 764 (Matth.
1282 690 1401 765 νυ).
1456 692 1548 759 Et,
1597 691 1665 745 In
1701 706 1807 761 qua

216 805 461 843 mensura
487 787 653 840 mensi
679 785 886 855 fueritis
914 784 1207 839 remetietur
1230 784 1369 839 vobis
1391 783 1543 854 (Luc.
1567 783 1665 852 vt).
1700 780 1807 837 Sed

215 887 271 933 et
295 876 424 931 illud
450 876 768 929 terribiliter
783 874 943 949 debet
960 887 1348 943 expavescere,
1378 874 1523 943 quod
1545 873 1806 941 scriptum
1828 914 1837 935 ,

216 977 303 1023 est
323 986 346 1030 ε⁴
367 966 638 1022 Iudicium
670 964 1010 1019 durissimum
1041 964 1095 1017 in
1138 964 1220 1018 Itis
1252 964 1342 1035 qui
1388 971 1642 1033 prwsunt,
1672 961 1759 1031 ﬁet
1784 974 1803 1012 :

216 1066 449 1128 potentes
470 1065 644 1110 autem
684 1063 920 1125 potenter
944 1063 1201 1109 tormenta
1229 1054 1493 1124 patientur
1528 1050 1679 1123 (Sep.
1704 1048 1800 1121 v1).

288 1147 432 1219 Ergo
451 1146 741 1201 secundum
769 1144 978 1199 ordines
1005 1161 1134 1216 quos
1172 1144 1525 1208 constituerit,
1569 1140 1647 1197 vel
1672 1157 1803 1214 quos

178 1272 193 1282 ο
217 1240 494 1295 habuerint
520 1238 618 1309 ipsi
640 1237 850 1307 fratres,
877 1237 952 1291 sic
973 1235 1218 1290 accedent
1246 1234 1317 1289 ad
1341 1251 1542 1305 pacem,
1567 1233 1635 1287 ad
1660 1251 1802 1288 com-

219 1333 544 1398 munionem,
573 1331 642 1386 ad
667 1330 928 1401 psalntunt
957 1327 1349 1401 imponendum,
1392 1327 1447 1382 in
1474 1327 1632 1381 choro
1657 1335 1802 1383 stau-

215 1424 366 1479 dunt.
410 1423 480 1478 Et
518 1425 572 1477 in
612 1423 848 1479 omnibus
895 1423 1107 1478 omnino
1149 1420 1279 1475 locis
1306 1428 1435 1475 tetas
1466 1436 1570 1474 non
1606 1419 1802 1473 discer-

218 1524 380 1571 natur
403 1518 459 1570 in
482 1516 685 1582 ordine,
716 1532 808 1571 nec
835 1514 1142 1586 prwjudicet
1167 1527 1187 1566 :
1222 1514 1349 1584 quia
1376 1511 1593 1567 Samuel
1620 1521 1668 1566 et
1693 1511 1801 1567 Da-

218 1608 324 1662 niel
363 1609 513 1678 pueri
563 1607 889 1679 presbyteros
933 1607 1330 1677 judicat'erunt.
1379 1605 1519 1661 IIinc
1563 1605 1801 1663 Isidorus

216 1702 387 1758 dicit:
422 1703 741 1772 Quicunque
766 1710 948 1757 autem
972 1701 1362 1757 monasterium
1388 1702 1597 1771 primus
1623 1702 1803 1774 iugi-es

215 1795 390 1860 ditur,
416 1796 624 1866 primus
650 1796 820 1863 sedet,
867 1796 1078 1866 primus
1117 1796 1381 1861 ambulat,
1425 1796 1635 1867 primus
1658 1797 1801 1868 psal-

1906 602 2087 656 nostr't
2119 618 2149 654 a
2196 602 2352 657 nobis
2401 609 2663 657 vocentur
2707 599 2927 654 domui:
2966 597 3082 653 sive
3126 594 3273 650 enim
3319 594 3486 647 nonni

1904 692 2114 761 priores
2157 693 2352 758 nostri,
2384 691 2498 748 sive
2534 698 2794 746 vocentur
2822 688 3045 751 domui;
3090 677 3208 743 sive
3240 684 3488 755 juniores

1905 789 2167 836 vocentur
2210 779 2429 847 fratres,
2478 781 2661 837 omnia
2702 781 2842 835 bene
2889 784 3212 847 congruunt.
3252 775 3521 829 Tantum‘

1904 881 1988 929 est
2011 881 2069 927 ut
2095 873 2274 928 nullus
2303 872 2530 927 fratrum
2558 873 2734 944 primo
2760 879 2979 927 vocetur
3006 870 3242 925 nomine.

1974 966 2147 1023 Abbas
2189 976 2384 1034 autem,
2430 967 2555 1039 quia
2601 967 2733 1022 vices
2785 963 2982 1020 Christi
3024 979 3176 1034 agere
3232 960 3485 1023 creditur,

1902 1060 2139 1115 Domnus
2159 1069 2206 1115 et
2227 1059 2389 1114 abbas
2416 1067 2626 1114 vocetur
2647 1074 2751 1112 non
2774 1074 2872 1111 sua
2894 1054 3268 1124 assumptione,
3284 1048 3372 1105 sed
3396 1050 3487 1103 ho-

1904 1168 2030 1205 nore
2053 1160 2103 1206 et
2122 1168 2302 1206 amore
2325 1150 2543 1205 Christi.
2575 1148 2696 1220 Ipse
2719 1156 2894 1202 autent
2923 1146 3132 1217 cogitet,
3157 1150 3205 1197 et
3232 1141 3307 1196 sic
3324 1156 3380 1195 se
3398 1155 3487 1193 ea:-

1902 1241 2098 1308 hibeat,
2144 1251 2203 1296 ut
2247 1242 2437 1313 dignus
2485 1240 2551 1295 sit
2595 1237 2693 1294 tali
2743 1237 2959 1291 honore.
3008 1233 3315 1291 Notandum
3359 1230 3487 1301 quia

1902 1347 2011 1394 non
2043 1332 2178 1387 dixit
2205 1350 2218 1387 :
2243 1332 2426 1388 Abbas
2456 1332 2584 1403 quia
2613 1327 2827 1386 cunctis
2853 1333 3075 1397 praeest,
3101 1332 3327 1381 cunctos
3348 1336 3488 1391 pne.

1901 1422 2065 1487 cellit,
2108 1432 2165 1479 et
2203 1439 2367 1494 super
2392 1437 2583 1482 omnes
2609 1431 2714 1486 est,
2762 1422 2884 1478 ideo
2912 1419 3144 1474 domnus
3180 1422 3404 1469 vocetur
3429 1421 3509 1467 et'

1900 1513 2104 1580 abbas;
2131 1513 2226 1570 sed
2255 1514 2349 1581 ait,
2376 1514 2504 1585 quia
2531 1514 2678 1568 vices
2698 1511 2901 1568 Christi
2924 1523 3084 1581 agere
3096 1506 3354 1568 creditur,
3386 1503 3485 1557 do-

1899 1620 2061 1666 mnus
2102 1613 2159 1661 et
2187 1605 2355 1661 abbas
2390 1613 2631 1660 vocetur.
2660 1604 2804 1679 Ergo
2832 1602 3022 1665 abbas,
3051 1599 3317 1669 qui‘recte
3337 1595 3505 1648 vices-

1898 1696 2099 1760 Christi
2130 1679 2271 1751 in'ter
2303 1694 2499 1752 fratres
2543 1711 2648 1752 non
2677 1696 2807 1767 agit,
2828 1695 2938 1763 hoc
2976 1691 3194 1746 nomine
3235 1687 3511 1757 indignus-

1900 1787 2112 1858 recipit,
2138 1796 2195 1843 et
2218 1787 2465 1852 assumit.
2494 1786 2648 1845 Unde
2673 1793 2729 1841 et
2771 1784 3016 1854 sequitur
3041 1800 3055 1835 :
3089 1779 3204 1835 Non
3251 1793 3349 1834 sua
3386 1791 3477 1831 as-

215 1901 369 1940 mum
413 1886 569 1953 dicit,
620 1887 828 1956 primus
878 1886 937 1941 in
966 1901 1206 1942 mensam
1258 1887 1503 1944 extendit
1554 1903 1806 1956 manum,

1907 1880 2240 1960 sumptione,‘
2285 1878 2395 1935 sed
2434 1880 2641 1943 honore
2688 1884 2769 1943 et,
2793 1890 2980 1931 amore
3034 1872 3259 1930 Christi.
3315 1869 3511 1960 Deben-

215 1979 367 2049 prior
400 1980 454 2035 in
500 1980 727 2038 ecclesia
776 1980 1163 2046 communicat,
1210 1996 1313 2036 nec
1351 1988 1484 2043 tetas
1530 1980 1671 2040 inter
1706 1996 1817 2041 eos.

213 2071 502 2140 qumritur,
529 2072 623 2127 sed
654 2070 938 2143 professio.
968 2070 1122 2139 Quod
1150 2071 1281 2128 dicit
1303 2089 1325 2131 τι
1358 2070 1576 2130 Samuel
1603 2080 1661 2128 et
1698 2072 1803 2127 Da-

212 2161 322 2219 niel
344 2163 495 2234 pueri
521 2166 864 2235 presbyteros
883 2162 1338 2236 iudicaverunt“
1364 2164 1495 2237 Reg.
1522 2182 1595 2222 vn
1616 2183 1633 2235 ;
1655 2166 1812 2231 Dum,

214 2254 363 2327 xm),
394 2256 463 2310 de
497 2255 638 2321 Heli,
667 2265 723 2311 et
764 2258 831 2312 de
860 2257 980 2312 illis.
1005 2257 1098 2327 qui
1139 2256 1444 2313 Susannam
1488 2260 1803 2329 opprimere

212 2344 519 2411 voluerunt,
549 2346 881 2418 intelligitur.
908 2347 1125 2402 Samuel
1154 2347 1498 2419 presbyteros
1514 2348 1814 2418 judicavit,

212 2436 432 2503 quando
460 2435 599 2492 ﬁlios
623 2436 738 2496 Heli
765 2452 994 2506 peccare
1030 2437 1186 2500 vidit.
1219 2446 1273 2493 et
1294 2454 1391 2494 eos
1417 2438 1469 2493 in
1497 2442 1663 2497 corde
1700 2458 1798 2498 suo

212 2528 661 2597 pnevaricatores
672 2527 958 2597 judicavit,
982 2536 1037 2582 et
1056 2528 1452 2584 condemnavit.
1471 2529 1589 2585 Heli
1602 2543 1813 2595 autem,

210 2618 342 2687 quia
382 2632 478 2672 eos
509 2618 756 2682 districta
782 2619 1259 2681 animadversione
1300 2635 1406 2675 non
1436 2623 1715 2691 repressit,
1744 2631 1812 2679 et.

212 2708 282 2762 ab
330 2708 615 2778 iniquitate
661 2711 1029 2781 compescuit,
1064 2710 1315 2768 similiter
1355 2713 1704 2782 reprehendit
1744 2724 1813 2776 et.

212 2800 499 2870 iudicavit.
528 2800 719 2857 Daniel
744 2819 957 2874 quoque
986 2811 1114 2859 tunc
1135 2805 1481 2875 presbyteros
1508 2805 1793 2876 judicavit.

212 2891 434 2962 quando
478 2892 596 2948 illos
624 2894 809 2964 iniqua
839 2895 1165 2964 cogitatione
1208 2895 1418 2964 plenos,
1462 2898 1553 2968 qui
1597 2896 1798 2953 Susan-

214 2995 341 3043 nam
375 2979 661 3038 voluerunt
701 2982 836 3039 falso
867 2984 1174 3039 testimonio
1201 2976 1583 3052 condemnare,
1616 3002 1798 3056 repre-

212 3069 424 3138 hendit,
447 3072 746 3139 damnavit,
770 3082 826 3130 et
844 3075 1089 3146 angelico
1118 3090 1212 3131 eos
1245 3073 1422 3146 gladio
1452 3077 1798 3134 trucidandos

210 3176 334 3216 esse
363 3164 631 3233 przedixit.
938 3200 943 3205 ι
1240 3170 1248 3180 '

285 3248 428 3322 Ergo
454 3253 681 3323 exceptis
711 3254 791 3309 his
818 3272 968 3325 quos,
1011 3267 1068 3312 ut
1097 3258 1343 3321 diximus,
1375 3256 1553 3311 altiori
1580 3256 1798 3312 consilio
1826 3226 1871 3290 C

214 3339 380 3393 abbas
404 3341 714 3410 pra-tulerit,
738 3342 813 3397 vel
838 3344 1203 3415 degradaverit
1225 3348 1379 3403 certis
1399 3363 1463 3401 ea:
1489 3346 1681 3412 causis,
1714 3364 1797 3401 rc-

213 3429 344 3501 liqttt'
375 3448 552 3486 omnes
584 3443 643 3486 ut
672 3444 1064 3505 convertuntur,
1096 3439 1171 3493 ita
1199 3440 1344 3494 sint:
1387 3447 1465 3505 ut,
1499 3438 1638 3494 verbi
1672 3456 1797 3508 gra-

212 3523 307 3587 tia,
345 3525 437 3595 qui
483 3527 715 3583 secunda
759 3529 891 3583 hora
936 3530 1041 3585 diei
1091 3533 1284 3586 venerit
1314 3533 1369 3587 in
1402 3530 1798 3596 monasterium,

213 3615 476 3676 iuniorem
497 3622 771 3674 se‘noverit
812 3621 955 3677 illius
983 3641 1091 3678 esse
1119 3625 1208 3695 qui
1234 3625 1403 3695 primo
1447 3623 1577 3677 hora
1608 3623 1800 3680 venerit

211 3705 340 3770 diei,
381 3707 658 3776 cujuslibet
705 3713 874 3765 a'tatis
918 3723 1010 3767 aut
1056 3714 1329 3783 dignitatis
1363 3716 1452 3772 sit.
1506 3713 1643 3769 Iline
1672 3714 1799 3768 alibi

211 3800 474 3867 scriptum
498 3808 618 3855 est:
670 3799 865 3856 Abbati
910 3819 1041 3859 vero
1079 3806 1400 3859 studendum
1448 3814 1553 3868 est,
1599 3814 1661 3859 ut
1702 3822 1802 3874 per

212 3890 480 3955 ordinem,
503 3891 643 3946 sicut
663 3893 908 3947 conversi
928 3894 995 3948 in
1015 3895 1344 3950 monasterio
1366 3893 1604 3958 fuerunt,
1635 3895 1708 3947 ita
1746 3895 1799 3950 in

213 3995 315 4037 suo
342 3982 533 4039 ordine
560 3983 980 4049 constituantur,
1005 3994 1202 4056 pneter
1232 3985 1275 4040 si
1306 3984 1487 4039 uberis
1512 3999 1801 4039 conversa-

217 4072 293 4126 tio
318 4073 593 4144 religionis
621 4076 898 4140 meruerit,
930 4084 989 4130 ut
1015 4084 1120 4130 tam
1145 4077 1197 4131 in
1220 4084 1378 4153 antea
1398 4085 1799 4145 promereatur,

218 4161 300 4217 vel
328 4162 374 4218 si
395 4164 582 4234 gravis
610 4164 768 4237 culpa
798 4167 1070 4236 exegerit,
1090 4174 1151 4225 ut
1187 4175 1334 4222 retro
1361 4165 1694 4241 regradetur.

292 4253 480 4309 Pueris
521 4272 639 4314 vero
686 4272 780 4327 per
814 4257 991 4312 omnia
1029 4256 1093 4310 ab
1134 4255 1375 4312 omnibus
1418 4254 1699 4325 disciplina
1729 4264 1803 4316 te-

219 4355 426 4401 neatur.
456 4345 671 4415 Quanto
712 4348 857 4404 enim
888 4347 1216 4422 l'ragiliorem
1245 4348 1301 4404 in
1331 4348 1693 4417 delinquendo
1723 4347 1804 4410 vi-

220 4436 310 4492 det
355 4438 522 4501 abbas
557 4445 794 4504 :etatem,
847 4446 1057 4497 tantum
1099 4439 1262 4497 debet
1303 4438 1477 4509 magis
1505 4438 1721 4497 mittere
1749 4439 1803 4494 in

221 4526 572 4588 custodiendo
610 4536 904 4583 certamen.

288 4616 538 4680 Iuniores
562 4619 724 4688 igitur
760 4619 961 4690 priores
997 4637 1120 4677 suos
1147 4621 1420 4676 honorent.
1449 4618 1565 4675 Non
1593 4618 1682 4674 hic
1708 4619 1806 4675 ho-

223 4723 324 4770 nor
350 4708 586 4778 exigitur
631 4722 838 4776 rerum,
890 4710 985 4771 sed
1029 4710 1335 4772 reverentia
1383 4709 1655 4781 expetitur
1682 4723 1806 4764 ver-

223 4800 411 4856 borum
439 4809 496 4856 et
516 4817 752 4865 morum,

293 4889 506 4954 Priares
557 4893 798 4964 juniores
851 4912 973 4954 suos
1032 4896 1278 4968 diligant.
1342 4896 1606 4951 Dominus
1659 4896 1805 4954 enim
1876 4926 1877 4929 η

221 4980 380 5041 Iesus
406 4982 678 5050 Christus,
706 4986 798 5055 qui
833 4995 916 5042 est
960 4987 1355 5059 primogenitus
1398 4988 1452 5047 in
1485 5006 1514 5041 ιι
1539 4988 1667 5044 altis
1695 4986 1805 5043 fra-

223 5075 420 5142 tribus,
464 5076 657 5134 dilexit
693 5076 942 5147 juniores
985 5095 1114 5136 suos
1150 5079 1445 5150 apostolos,
1496 5078 1801 5151 exemplum

222 5164 360 5220 dans
385 5165 513 5232 illis,
540 5174 598 5223 et
618 5167 807 5223 dicens
831 5185 846 5223 :
884 5166 1001 5224 Hoc
1030 5169 1336 5227 mandatum
1376 5168 1445 5224 do
1470 5168 1610 5223 vobis
1638 5178 1693 5221 ut
1722 5168 1804 5222 in-

224 5256 385 5312 vicem
414 5272 502 5310 vos
528 5257 781 5331 diligatis,
801 5259 937 5313 sicut
957 5268 1005 5314 et
1033 5275 1127 5329 ego
1155 5257 1316 5313 dilexi
1338 5275 1424 5317 eos
1447 5256 1630 5330 (Joan.
1656 5256 1802 5328 xm).

297 5345 364 5400 In
394 5347 507 5416 ipsa
552 5358 729 5403 autem
772 5348 1120 5420 appellatione
1163 5350 1433 5404 nominum
1475 5346 1607 5402 nulli
1652 5347 1806 5403 liceat

224 5434 392 5490 alium
439 5453 570 5506 puro
612 5439 822 5493 nomine
870 5438 1153 5510 appellare,
1194 5439 1284 5495 sed
1329 5440 1529 5510 priores
1560 5439 1804 5511 juniores

224 5543 351 5586 Suos
383 5525 598 5582 Fratres
627 5529 914 5594 nominent,
955 5529 1195 5599 juniores
1240 5538 1416 5583 autem
1451 5529 1650 5600 priores
1681 5544 1804 5584 suos

228 5631 429 5677 nanaos
457 5627 670 5677 vocent:
716 5618 855 5688 quod
906 5617 1216 5689 intelligitur
1240 5628 1459 5689 paterna
1497 5618 1800 5673 reverentia.

229 5704 383 5767 Sicut
408 5716 535 5763 tunc
559 5709 698 5786 apud
729 5710 848 5763 illos
885 5717 1112 5781 paterna
1155 5709 1512 5773 exhibebatur
1554 5725 1805 5775 reveren-

233 5799 327 5865 tia,
361 5808 418 5854 ut
440 5801 647 5871 priores
676 5814 997 5857 vocarentur
1028 5802 1208 5870 nonni,
1247 5802 1323 5864 ita
1350 5817 1492 5862 nunc
1524 5804 1662 5878 apud
1705 5818 1804 5861 nos

1897 1956 2053 2026 enim
2068 1969 2330 2033 moribus,
2372 1968 2575 2039 lingua,
2603 1966 2841 2037 iudiciis,
2873 1972 2930 2021 et
2963 1964 3094 2029 vita,
3138 1968 3195 2016 et
3225 1961 3283 2015 in
3309 1956 3509 2014 omni-.

1897 2061 2000 2116 bus
2022 2060 2259 2116 omnino
2289 2057 2576 2130 prxeceptis
2619 2056 2830 2113 Domini
2876 2055 3061 2110 vivere
3097 2052 3217 2108 sine
3238 2047 3489 2120 querela,-

1898 2149 2083 2206 dicens
2120 2133 2349 2205 Domino
2372 2131 2675 2204 veraciter:
2723 2144 3015 2217 A'judiciis
3037 2142 3140 2198 tuis
3185 2156 3288 2195 non
3326 2136 3489 2192 decli-

1898 2241 2060 2295 navi:
2084 2247 2141 2295 et
2168 2240 2248 2296 sic
2270 2240 2340 2295 ob
2371 2240 2630 2295 honorem
2654 2245 2711 2293 et
2747 2250 2989 2294 amorem
3017 2231 3220 2290 Christi
3248 2231 3354 2286 hoc
3390 2243 3504 2284 no—.

1898 2329 2044 2385 mine
2074 2330 2244 2401 fungi.
2276 2329 2433 2384 Prius
2472 2337 2622 2384 recte
2662 2328 2820 2384 debet
2861 2324 3063 2383 Christi
3091 2337 3254 2394 agere
3289 2320 3487 2383 vicem,

1897 2431 1953 2478 et
1987 2422 2066 2478 sic
2095 2423 2338 2494 ejusdem
2369 2428 2778 2477 sacrosanctum
2830 2418 3115 2487 suscipere
3145 2428 3341 2469 nomen
3367 2414 3507 2466 :‘ne.

1898 2512 1944 2567 si
1975 2512 2112 2568 forte
2140 2513 2391 2585 indignus
2419 2521 2513 2568 aut
2538 2520 2744 2568 temere
2774 2509 2903 2565 illud
2931 2506 3164 2565 voluerit
3185 2518 3503 2567 assumere,

1898 2606 2072 2677 magis
2114 2605 2218 2660 sibi
2269 2589 2775 2661 condemnationem
2829 2615 2991 2671 quam
3040 2595 3508 2668 jnstiﬁcationm

1898 2705 2159 2752 assumat.
2187 2696 2343 2764 Quod
2375 2704 2556 2751 autem
2598 2696 2766 2751 dicit:
2809 2693 2926 2763 Ipse
2968 2700 3148 2745 autem
3181 2687 3406 2758 cogitet,
3430 2690 3489 2738 et

1897 2787 1977 2843 sic
2010 2802 2070 2843 se
2087 2788 2342 2842 exhibeat
2368 2796 2429 2841 ut
2473 2786 2665 2856 dignus
2687 2785 2756 2839 sit
2783 2784 2877 2838 tali
2906 2784 3133 2845 honore,
3162 2776 3485 2834 subauditur

1897 2878 1965 2934 de
1998 2876 2170 2932 salute
2213 2892 2334 2941 sua,
2373 2885 2426 2932 et
2471 2876 2683 2941 timeat,
2711 2874 2759 2929 si
2804 2888 2970 2943 prave
2998 2870 3217 2934 vixerit,
3264 2866 3357 2923 tali
3387 2881 3499 2920 llo--

1898 2968 2042 3022 mine
2067 2966 2456 3032 condemnari;
2496 2966 2544 3021 si
2587 2973 2768 3020 autem
2798 2971 2944 3019 recte
2985 2960 3207 3024 vixerit,
3248 2958 3481 3031 gaudeat

1900 3059 1992 3113 tali
2023 3058 2239 3113 nomine
2261 3055 2570 3128 iustiﬁcari.
2634 3084 2639 3087 -

1976 3167 2279 3242 Ubicunque
2332 3178 2506 3228 autem
2548 3168 2649 3224 sibi
2702 3168 2911 3224 obviant
2968 3165 3181 3237 fratres,
3222 3160 3412 3235 junior
3453 3179 3498 3222 (ιν

1901 3261 2074 3332 priore
2096 3260 2500 3321 benedictionem
2522 3269 2681 3332 petat.
2713 3258 3037 3313 Transeunfe
3066 3253 3288 3330 majore,
3315 3251 3489 3305 minor

1900 3360 2107 3424 surgat,
2130 3360 2177 3405 et
2204 3351 2288 3405 det
2323 3352 2369 3405 ei
2397 3350 2569 3406 locum
2599 3349 2832 3405 sedendi.
2870 3345 2981 3402 Nec
3001 3353 3283 3425 prwsumat
3301 3341 3497 3413 junior

1901 3443 2196 3508 consedere,
2222 3444 2322 3498 nisi
2360 3444 2407 3498 ei
2449 3443 2720 3515 pra'cipiat
2760 3442 2935 3496 senior
2959 3455 3106 3503 suus,
3134 3445 3191 3490 ut
3225 3436 3321 3506 fiat
3348 3435 3499 3506 quorb

1901 3534 2151 3607 scriptum
2189 3543 2264 3588 est
2310 3547 2329 3586 :
2384 3533 2598 3590 Honore
2635 3534 2853 3589 invicem
2894 3529 3262 3603 pra'cenientes
3305 3525 3505 3597 (Rom-

1903 3624 2048 3697 χιιι).
2095 3625 2232 3682 Ilinc
2255 3635 2311 3683 et
2333 3626 2472 3682 alius
2499 3626 2664 3683 Pater
2692 3624 3080 3680 monachorum
3110 3620 3218 3674 ait:
3260 3617 3495 3685 Quando

1902 3717 2004 3779 sibi
2032 3716 2231 3773 fratres
2257 3718 2540 3773 mutnatim
2587 3717 2640 3771 in
2670 3716 2758 3771 via
2803 3714 2886 3771 vel
2930 3714 2983 3769 in
3014 3722 3337 3782 quocunque
3366 3709 3494 3763 loco

1901 3809 2263 3875 occurrerint,
2315 3825 2437 3865 cum
2477 3808 2624 3864 omni
2669 3807 2973 3865 humilitate
3016 3804 3084 3858 ab
3128 3802 3358 3857 invicem
3397 3798 3489 3854 lle-

1902 3905 2113 3953 CIentcs
2155 3897 2585 3952 benedictionem
2617 3903 2826 3965 rogent.
2871 3895 2938 3948 Et
2958 3894 3011 3947 ἐἰ
3040 3907 3107 3947 ex
3132 3892 3212 3947 eis
3240 3906 3379 3946 unus
3404 3904 3490 3944 se-

1902 3984 2023 4041 nior
2051 3984 2232 4050 fuerit,
2259 3985 2411 4061 prius
2429 3984 2612 4059 iunior
2631 3982 3058 4045 beneflctloncm
3081 3979 3336 4059 postulet,
3363 3986 3490 4032 tunc

1902 4075 2118 4133 demum
2162 4075 2346 4138 senior
2387 4081 2765 4155 prosequatur.
2811 4072 2870 4127 In
2912 4085 3169 4135 consessu
3205 4084 3334 4124 vero
3380 4068 3488 4122 fra-

1904 4175 2067 4233 trum,
2111 4166 2157 4227 si
2191 4165 2329 4221 alius
2382 4163 2776 4237 supervenerit,
2807 4163 2899 4233 qui
2936 4160 3181 4231 juniores
3215 4166 3357 4215 sunt
3392 4174 3486 4215 or.-

1903 4256 2027 4314 dine
2054 4266 2377 4331 assurgant,_
2394 4265 2451 4312 et
2474 4256 2674 4321 seniori
2717 4256 2892 4323 locum
2915 4240 3213 4331 p-rzebeant.
3236 4250 3495 4308 Iuniores

1902 4364 2032 4411 vero
2052 4327 2688 4415 senioribusnullateMs
2708 4327 3069 4418 superblendo
3089 4342 3493 4413 contradicunt,

1905 4442 1999 4501 Sed
2023 4458 2145 4498 cum
2169 4442 2315 4497 omni
2343 4441 2668 4510 humilitate,
2694 4441 2780 4498 vel
2796 4424 3114 4511 interrogati
3141 4439 3225 4494 vel
3247 4439 3492 4508 correpti

1828 4572 1884 4633 D
1909 4534 2288 4608 respondeant.
2321 4533 2379 4589 Si
2407 4532 2676 4589 labentem
2726 4530 3089 4603 inquodllbet
3115 4529 3374 4633 delictum
3400 4526 3489 4633 ju:

1907 4625 2028 4682 nior
2076 4626 2344 4682 seniorem
2400 4625 2672 4697 aspexerit
2701 4665 2739 4693 ,μ
2771 4639 2878 4684 non
2919 4622 3295 4694 exprobrando
3324 4662 3341 4688 ,
3391 4621 3507 4677 sed"

1908 4717 2082 4789 magis
2125 4717 2355 4774 dolendo
2376 4717 2446 4774 ad
2486 4715 2850 4772 conﬁtendum
2877 4713 3060 4770 abbati
3085 4712 3172 4769 vel
3198 4712 3503 4785 praeposito,

1906 4810 2122 4882 dirigat.
2152 4807 2416 4867 Similiter
2440 4808 2623 4875 senior
2642 4805 2847 4891 iuniori
2879 4805 3057 4860 faciat.

1979 4898 2159 4966 Pueri,
2188 4898 2525 4973 parvulinvel
2561 4898 2937 4963 adolescentes,
2965 4896 3019 4951 in
3049 4894 3281 4949 oratorio
3310 4892 3389 4950 vel
3417 4893 3512 4948 πώ

1907 5008 2135 5058 mensas,
2181 5007 2298 5048 cum
2335 4989 2615 5060 disciplina
2660 4988 2869 5048 ordines
2910 5003 3035 5053 suos
3078 4992 3489 5058 consequuntur;

1904 5081 2321 5152 Conseqnantur
2347 5080 2583 5147 dicit,,id
2611 5088 2717 5145 est,
2766 5080 3052 5150 accipiant,
3092 5086 3149 5133 et
3175 5090 3300 5134 eum
3323 5075 3488 5132 discis

1904 5173 2074 5243 plina,
2103 5180 2158 5226 et
2185 5171 2510 5225 honestate:
2556 5174 2813 5241 eastoque
2859 5170 3069 5226 tlmore-
3097 5167 3318 5224 ordines
3356 5175 3487 5221 Suos

1904 5262 2230 5327 custodiant,
2277 5271 2333 5316 et
2385 5260 2617 5316 ordinati
2660 5262 2968 5331 ubicunque
3007 5259 3209 5315 fuel-hit
3236 5300 3252 5324 ,
3296 5258 3488 5313 ambuo

1905 5350 2239 5421 Ient,'stent,
2268 5360 2431 5422 atque
2464 5351 2707 5406 sedeant.
2742 5338 2981 5407 Unde'et
3019 5350 3306 5421 sequitur:
3371 5339 3381 5346 ’

1978 5439 2137 5495 Foris
2162 5450 2358 5507 autem,
2372 5439 2453 5494 vel
2467 5439 2555 5494 ubi
2579 5441 2689 5506 ubi,
2702 5440 2994 5494 custodiam
3018 5439 3241 5494 habeant
3259 5445 3307 5491 et
3321 5435 3484 5491 discié

1905 5529 1979 5604 pli
1984 5547 2126 5596 nam,
2140 5546 2302 5601 usque
2321 5529 2446 5584 dum
2459 5530 2528 5585 ad
2545 5529 2919 5601 intelligibllem
2932 5538 3145 5597 pietatem
3158 5528 3481 5599 perveniant:

1908 5619 2061 5677 Sicut
2078 5617 2192 5689 jam
2220 5619 2640 5689 suprascriptum
2669 5607 2788 5674 est:
2821 5618 3033 5695 Quanto
3072 5615 3245 5695 magis
3280 5614 3491 5672 videris

1907 5706 2075 5765 abbas
2116 5707 2443 5777 fragiliorem
2468 5716 2683 5775 :etatem
2704 5709 2770 5764 ad
2802 5693 3157 5779 peccandum,
3189 5714 3344 5761 tanto
3369 5720 3491 5761 am-

1907 5801 2050 5877 plius
2080 5800 2342 5872 majorem
2369 5799 2445 5857 illi
2471 5800 2650 5856 mittat
2700 5799 3019 5860 custodiam
3042 5800 3108 5857 ad
3142 5797 3485 5857 salvandum.
