3944 6424
474 286 584 354 15.5

1041 392 1269 453 CAPUT
1299 396 1479 451 LXIV.

948 485 1028 545 De
1057 486 1356 557 ordinando
1381 488 1585 544 abbate.

544 599 614 654 In
637 598 842 654 abbatis
866 599 1197 661 ordinatione
1218 600 1311 658 illa
1344 618 1546 675 semper
1583 608 1942 663 consideretur
1973 629 2058 665 ra-

473 696 567 755 tio,
595 699 651 743 ut
679 689 765 751 hic
791 690 1143 749 constituatur
1178 707 1330 761 quem
1360 693 1461 749 sibi
1498 697 1666 750 omnis
1691 714 1905 753 concors
1937 717 2062 755 con-

470 786 702 857 gregatio
722 784 1006 847 serendum
1028 786 1267 851 timorem
1286 786 1408 853 Dei,
1430 790 1476 844 si
1482 806 1535 845 re
1555 792 1713 850 etiam
1737 810 1861 863 pars
1882 811 2061 866 quam-

469 874 547 936 vis
596 891 763 946 parva
798 876 1239 946 congregationis,
1294 879 1507 933 saniore
1556 882 1772 937 consilio
1825 883 2056 955 elegerit.
2094 882 2097 887 ’

482 964 615 1025 Vita:
637 976 813 1022 autem
842 968 1029 1022 merito
1057 977 1106 1022 et
1143 970 1413 1040 sapientia:
1439 970 1681 1027 doctrina
1720 974 1949 1046 eligatur
1969 980 2059 1048 qui

472 1056 797 1119 ordinandus
830 1065 931 1127 est,
948 1058 1155 1115 etiamsi
1198 1057 1414 1113 ultimus
1459 1059 1619 1131 fuerit
1646 1062 1699 1116 in
1728 1063 1911 1119 ordine
1938 1082 2062 1119 con-

471 1150 812 1220 gregationis.
855 1148 993 1208 liinc
1023 1150 1215 1206 beatus
1246 1151 1577 1209 Fructuosus
1599 1157 1713 1215 ait:
1751 1156 1934 1215 Abbas
1958 1175 2057 1217 au-

473 1249 582 1294 tem
610 1253 643 1295 e
668 1239 903 1308 propriis
949 1253 1166 1309 semper
1210 1240 1443 1297 ccenobii
1494 1245 1775 1301 monachis
1804 1245 2056 1318 eligatur,

471 1328 556 1382 vir
593 1335 833 1393 sanctus,
878 1328 1165 1394 discretus,
1209 1330 1413 1404 gravis,
1452 1340 1661 1400 castus,
1703 1336 1923 1403 chorus,
1952 1338 2056 1397 hu-

471 1416 639 1484 milis,
665 1426 982 1479 mansuetus
1004 1428 1061 1481 et
1089 1421 1303 1488 doctus,
1333 1423 1429 1508 quj
1453 1424 1677 1484 diutinis
1717 1430 2058 1500 experimen—

470 1519 616 1566 tatus
642 1515 701 1565 et
723 1510 1083 1579 documentis,
1124 1513 1377 1569 omnibus
1424 1516 1665 1593 praefatis
1713 1520 1875 1577 rebus
1917 1522 2057 1584 bene

468 1601 634 1657 fuerit
658 1602 905 1659 eruditus
930 1621 942 1655 :
977 1602 1072 1677 qui
1096 1603 1150 1661 in
1186 1603 1515 1664 absﬁuentia
1546 1609 1840 1678 prmcellat,
1875 1612 1928 1667 in
1958 1613 2057 1670 do-

469 1692 646 1747 ctrina
674 1691 961 1764 refulgent,
1003 1695 1302 1767 exquisitas
1345 1697 1530 1768 epulas
1572 1716 1775 1759 mensa:
1810 1703 2059 1763 lautioris

1788 291 2140 350 SMARAGDI
2177 297 2469 355 ABBATIS

2091 412 2135 468 Α
2168 407 2393 466 Domino
2430 413 2696 469 rationem
2733 416 3074 473 villicationis
3109 435 3220 474 suae
3258 429 3483 493 cogetur
3521 439 3750 494 ponere.

3643 309 3755 370 9l6

2167 496 2523 558 \‘Lliieationis
2549 503 2684 561 dicit
2703 546 2719 571 ,
2748 505 2803 560 id
2831 514 2945 572 est,
2969 507 3414 579 dispensationis,
3440 513 3525 569 vel
3556 517 3757 586 guber-

2164 588 2403 645 nationis
2429 606 2560 647 suas.
2597 594 2819 663 Villicus
2848 606 3028 653 autem
3058 600 3280 670 proprie
3311 602 3452 659 villae
3479 606 3757 677 guberna-

2163 687 2251 733 tor
2290 690 2406 751 est,
2453 684 2596 740 unde
2637 693 2692 741 et
2733 701 2931 744 nomen
2989 692 3217 762 accepit.
3255 693 3531 752 Interdum
3562 708 3753 756 autem

2163 785 2269 827 non
2305 788 2335 828 a
2370 776 2763 847 gubernatione
2797 779 2938 836 villa:
2977 781 3222 851 villicus,
3268 786 3364 841 sed
3401 801 3433 841 a
3468 787 3752 861 dispensa-

2164 862 2309 919 tione
2338 866 2606 923 universas
2632 869 2825 926 domus
2852 881 3099 929 vocatur.

2233 952 2479 1028 Seiatque
2511 960 2611 1013 sibi
2644 970 2881 1032 oportere
2912 965 3156 1035 prodesse
3185 971 3385 1041 magis,
3420 989 3578 1044 quant
3612 992 3752 1046 prce-

2161 1060 2289 1097 esse.
2335 1044 2412 1100 De
2441 1062 2505 1102 eo
2535 1049 2679 1104 enim
2711 1051 2856 1121 quod
2894 1056 3113 1122 prodest
3143 1058 3345 1126 abbas,
3374 1070 3429 1116 et
3455 1063 3556 1118 sibi
3586 1044 3751 1134 proii-

2161 1134 2236 1190 cit
2261 1142 2314 1189 ct
2336 1135 2559 1192 aliis.'Si
2585 1140 2728 1195 enim
2756 1152 2979 1212 generat
3004 1145 3211 1202 lucrum
3238 1158 3294 1204 et
3318 1151 3438 1206 aliis
3462 1154 3605 1225 parit
3626 1171 3751 1226 pro-

2163 1226 2361 1283 fectum
2384 1270 2399 1295 ,
2430 1230 2531 1285 sibi
2561 1235 2833 1303 conquirit
2861 1235 3074 1292 Domini
3104 1242 3331 1310 gratiam
3350 1285 3365 1312 ,
3407 1257 3461 1300 et
3503 1247 3623 1303 aliis
3660 1265 3751 1305 sa-

2160 1317 2288 1373 lutis
2330 1320 2631 1377 doctrinam
2662 1323 2914 1381 infundit.
2947 1326 3098 1385 Alios
3127 1332 3307 1388 erudit
3340 1335 3408 1390 ad
3432 1336 3707 1406 justitiam
3728 1381 3746 1407 ,

2160 1416 2215 1465 et
2244 1410 2346 1465 sibi
2374 1412 2595 1482 praemia
2624 1416 2896 1486 conquirit
2924 1427 3148 1475 teterna.
3196 1421 3269 1478 De
3299 1439 3365 1480 eo
3396 1435 3575 1482 autem
3604 1430 3749 1499 quod

2160 1511 2360 1579 prmest
2401 1504 2529 1559 dum
2566 1506 2735 1573 vivit,
2767 1523 2984 1579 semper
3024 1511 3126 1568 sibi
3165 1514 3405 1571 laborem
3437 1527 3489 1572 et
3517 1518 3637 1575 aliis
3668 1522 3750 1575 in-

2160 1594 2296 1650 cutit
2325 1594 2615 1663 timorem;
2644 1597 2746 1653 sibi
2786 1615 2975 1655 curam
3017 1603 3375 1673 superfluam,
3406 1618 3461 1663 et
3500 1609 3624 1666 aliis
3668 1612 3748 1667 la-

2161 1680 2309 1740 boris
2349 1696 2571 1757 generat
2603 1703 2818 1758 poenam
2846 1707 2860 1757 ;
2906 1692 3008 1746 sibi
3038 1693 3453 1752 sollicitudinem
3484 1701 3708 1756 inultam
3731 1744 3749 1769 ,

468 1750 1025 1854 εοηωειιιάίηξωηύο
1058 1750 1432 1856 {antemna
1487 1788 1602 1853 vim
1660 1792 1814 1847 nimii
1870 1750 2217 1867 ρεξέεξθοι
2262 1776 2384 1833 aliis
2431 1777 2660 1848 injurias
2705 1780 2912 1852 irrogat
2958 1782 3274 1854 frequenter
3321 1786 3569 1856 injustas.
3621 1791 3749 1847 ":BC

466 1874 709 1943 ptioncm
747 1883 1006 1946 respuat;
1044 1877 1257 1933 cunctis
1284 1878 1341 1934 in
1370 1895 1662 1937 commune
1688 1882 1972 1955 fratribus,
2000 1898 2061 1943 ut

467 1965 631 2022 Pater
672 1966 927 2037 proprius
969 1967 1356 2043 piissimusque
1394 1973 1714 2045 provideat;
1745 1992 1908 2048 quem
1957 1997 2061 2040 nec

469 2057 552 2113 ira
580 2057 760 2117 subita
783 2066 839 2115 et
865 2057 1223 2123 immoderata
1267 2059 1504 2130 dejicist,
1549 2078 1650 2123 nec
1683 2070 1936 2138 superbia
1964 2086 2060 2126 ex-

469 2153 646 2219 tollat,
671 2169 773 2213 nec
818 2168 1025 2211 mceror
1048 2171 1115 2212 ac
1156 2156 1575 2228 pusillanimitas
1608 2159 1843 2232 frangat,
1870 2176 1972 2219 nco
1992 2163 2059 2218 li-

465 2247 593 2303 bido
617 2258 974 2321 corrumpat;
1007 2251 1103 2323 qui
1136 2260 1191 2308 et
1234 2252 1292 2318 in
1338 2252 1602 2324 patientia
1648 2253 2056 2326 discretionem,

464 2347 520 2403 et
545 2344 667 2395 eum
698 2340 779 2395 ira
802 2340 1059 2399 exhibeat
1081 2341 1359 2399 lenitatem
1385 2360 1401 2409 ;
1430 2344 1630 2415 quique
1666 2346 1747 2401 sic
1773 2346 2057 2417 egentibus

464 2438 561 2486 aut
610 2430 941 2501 pauperibus
976 2445 1184 2502 pareat,
1237 2440 1297 2487 ut
1348 2433 1657 2488 ministrum
1706 2450 1789 2500 se,
1839 2444 1894 2497 et
1945 2452 2055 2492 non

463 2519 749 2589 praelatum
795 2529 1008 2577 tantum
1053 2521 1261 2580 Christi
1308 2523 1609 2580 visceribls
1656 2536 2050 2598 recognoscat;

462 2614 726 2686 cujusque
750 2625 901 2673 tanta
929 2617 1090 2674 debet
1131 2620 1397 2677 sermonis
1432 2626 1489 2675 et
1530 2620 1656 2674 vita:
1701 2624 2053 2679 consonantia

463 2719 604 2767 esse.
636 2714 696 2761 ut
743 2706 799 2762 id
825 2708 969 2776 quod
1018 2708 1179 2768 docet
1218 2710 1426 2777 verbis,
1469 2712 1755 2768 conﬁrmet
1795 2714 2053 2784 operibus

463 2795 705 2851 seduﬁs:
753 2803 811 2854 ct
849 2796 1030 2869 gladio
1070 2797 1157 2855 bis
1208 2808 1369 2855 acuto
1410 2802 1744 2871 praecedens,
1788 2805 2052 2879 quidquid

459 2888 597 2943 alios
624 2887 882 2946 infamat
908 2890 1095 2957 verbo,
1133 2889 1248 2963 jugi
1289 2892 1403 2962 ipse
1443 2902 1597 2964 gerat
1619 2894 1817 2962 studio,
1851 2903 1909 2950 ut
1949 2912 2053 2955 nec

456 2994 761 3040 sermonem
783 2981 1030 3052 operatio
1061 2982 1331 3050 destruat,
1364 2999 1466 3039 nec
1491 2999 1523 3039 e
1547 2992 1738 3043 wntra
1781 2986 2050 3059 operatio-

456 3086 579 3133 nem
613 3072 815 3134 bonam
848 3087 1029 3129 sermo
1054 3074 1443 3131 inconveniens
1474 3075 1706 3148 frangat.

529 3161 689 3230 Quod
713 3165 761 3219 si
791 3163 953 3220 etiam
986 3166 1155 3220 omnis
1187 3167 1518 3238 congregatio
1547 3168 1689 3224 vitiis
1713 3168 1824 3223 suis
1853 3168 1873 3241 (
1895 3170 2039 3242 quod

456 3256 667 3328 quidem
712 3255 893 3331 absit)
925 3258 1332 3313 consentientem
1368 3274 1646 3329 personam
1676 3261 1795 3332 pari
1825 3260 2044 3316 consilio

453 3349 665 3420 elegerit
680 3391 701 3416 ,
725 3358 777 3405 et
803 3351 928 3410 uitia
957 3351 1072 3420 ipsa
1100 3349 1435 3422 aliquatenus
1461 3352 1517 3406 in
1544 3353 1785 3409 notitiam
1818 3353 2045 3427 episcopi

453 3440 561 3512 (ad
587 3440 745 3511 cujus,
768 3439 1014 3496 diaeresin
1038 3441 1262 3513 pertinet
1288 3440 1376 3497 ille
1402 3441 1548 3498 locus
1572 3440 1592 3514 )
1622 3442 1699 3498 vel
1729 3444 2006 3501 abbatibus
2023 3486 2041 3513 ,

453 3540 548 3591 aut
573 3530 759 3593 vicinis
795 3527 1114 3594 Christianis
1154 3529 1440 3586 claruerint
1461 3573 1476 3598 ,
1506 3533 1814 3603 prohibeant
1846 3553 2040 3608 pravo-

450 3637 567 3681 rum
593 3618 880 3691 prmvalere
906 3636 1215 3679 consensum
1234 3660 1249 3687 ,
1273 3630 1322 3674 et
1344 3620 1526 3675 domui
1551 3619 1651 3676 Dei
1674 3622 1891 3695 dignum
1916 3640 2043 3679 con-

449 3710 675 3771 stituant
704 3708 1158 3780 dispensatorem;
1183 3710 1401 3765 scientes
1425 3727 1519 3782 pro
1543 3711 1640 3765 hoc
1662 3729 1717 3766 se
1743 3724 2039 3786 recep:uros

451 3797 743 3855 mercedem
771 3798 962 3855 bonam
980 3839 997 3865 ,
1025 3799 1073 3855 si
1097 3798 1231 3854 illud
1259 3810 1399 3858 caste
1429 3810 1474 3854 et
1509 3800 1618 3856 zelo
1657 3802 1757 3857 Dei
1800 3802 2037 3873 faciant,

447 3892 586 3948 sicut
624 3907 653 3946 e
685 3891 890 3951 diverso
924 3902 1225 3965 peccatum,
1250 3894 1296 3948 si
1334 3892 1619 3966 negligant.
1642 3895 1769 3951 ideo
1794 3896 1949 3967 jubet
1978 3905 2038 3952 ut

448 3982 769 4053 episcopus,
808 3981 1069 4051 abbates,
1111 3983 1198 4039 vel
1232 3984 1396 4039 etiam
1430 3983 1725 4041 Christiani
1764 3987 1926 4042 vicini
1956 3987 2038 4041 vi-

449 4073 653 4137 tiosum
676 4073 932 4140 abbatem
964 4072 1078 4139 fieri
1108 4074 1475 4155 prohibeant,
1498 4075 1624 4145 quia
1655 4075 1709 4134 in
1740 4090 2035 4153 congrega-

448 4163 596 4219 tione
627 4177 734 4219 non
774 4162 1079 4230 remansit,
1120 4163 1219 4237 qui,
1249 4165 1355 4221 hoc
1386 4164 1675 4235 prohibere
1708 4164 1921 4220 debeat.
1955 4165 2034 4221 Ac

444 4254 492 4311 si
522 4253 778 4317 .diceret:
825 4251 886 4310 Si
931 4254 1097 4317 etiam
1142 4271 1336 4312 omnes
1373 4257 1465 4328 qui
1497 4255 1645 4312 intus
1674 4263 1803 4312 sunt
1831 4256 2036 4320 habere

441 4344 700 4402 vitiosum
748 4344 1003 4407 abbatem
1048 4347 1437 4417 consentiunt,
1476 4348 1532 4403 hi
1577 4349 1669 4418 qui
1719 4347 1855 4404 foris
1906 4356 2033 4409 sunt

2159 1885 2290 1926 vero
2313 1873 2496 1927 omnia
2525 1873 2571 1928 si
2595 1873 2735 1929 bene
2762 1875 2853 1945 qui
2883 1887 3123 1946 prursunt
3142 1919 3156 1944 ,
3186 1879 3420 1936 discreto
3444 1892 3499 1937 et
3525 1893 3761 1959 propter

2158 1968 2327 2022 Deum
2353 1969 2563 2039 egerint
2585 2010 2601 2036 ,
2632 1978 2687 2026 et
2715 1985 2947 2042 peccare
2973 1973 3278 2030 volentibus
3306 1990 3376 2031 ne
3402 1987 3631 2047 peccent
3675 1981 3745 2034 ti-

2158 2060 2327 2116 moris
2355 2075 2548 2131 pcenas
2576 2061 2935 2141 ingesserint,
2967 2074 3259 2135 peccantes
3288 2084 3417 2124 vero
3445 2085 3640 2126 severa
3670 2073 3752 2127 di-

2156 2150 2469 2220 strictione,
2495 2152 2809 2225 judicioque
2838 2163 2990 2212 recto
3016 2158 3447 2215 constrinxerint
3465 2200 3479 2226 ,
3507 2160 3595 2217 vel
3623 2177 3745 2218 mo-

2155 2241 2334 2299 dicam
2363 2243 2503 2314 apud
2531 2243 2701 2300 Deum
2731 2246 2962 2317 gratiam
2993 2240 3414 2320 consequentur.
3460 2248 3518 2306 Si
3558 2261 3742 2308 autem

2155 2336 2273 2393 haec
2287 2334 2469 2392 facere
2483 2336 2848 2408 neglexerint,
2863 2338 2959 2396 sed
2974 2347 3206 2408 tantum,
3221 2340 3348 2413 quia
3371 2349 3499 2397 sunt
3510 2344 3740 2414 praelati,

2156 2442 2215 2484 se
2239 2428 2499 2485 extollere
2518 2429 2807 2498 voluerint,
2829 2446 2940 2487 non
2974 2432 3151 2489 solum
3172 2448 3205 2488 a
3226 2434 3495 2491 mercedis
3517 2437 3744 2506 przemio

2155 2520 2310 2576 vacui
2336 2522 2714 2590 remanebunt,
2741 2522 2837 2579 sed
2861 2523 3026 2580 etiam
3048 2524 3304 2582 elationis
3319 2541 3432 2583 sua;
3448 2527 3504 2581 in
3528 2527 3744 2585 inferno

2153 2628 2344 2684 poenas
2367 2612 2649 2687 lugebunt.
2681 2615 2750 2671 Et
2779 2615 2901 2673 ideo
2930 2616 3069 2672 dixit
3097 2636 3111 2672 :
3144 2616 3295 2674 Sciat
3339 2618 3443 2674 sibi
3486 2628 3743 2690 oportere

2151 2706 2410 2777 prodesse
2450 2708 2625 2779 magis
2672 2723 2836 2782 quam
2892 2723 3148 2780 praeesse.
3210 2710 3347 2779 Quia
3391 2710 3460 2767 de
3502 2727 3743 2783 praeesse

2155 2794 2446 2866 aliquoties
2488 2812 2717 2869 parvum
2761 2797 2966 2855 bonum
2990 2840 3007 2866 ,
3053 2799 3344 2872 aliquoties
3376 2816 3505 2858 vero
3536 2804 3744 2872 grande

2153 2887 2256 2943 sibi
2287 2888 2562 2959 conquirit
2605 2888 2845 2947 malum.”
2870 2888 2950 2945 De
2994 2891 3254 2961 prodesse
3302 2899 3481 2947 autem
3525 2907 3743 2962 semper

2151 2976 2252 3034 sibi
2294 2977 2519 3045 bonum,
2549 2993 2764 3051 semper
2786 2980 3067 3051 praemium
3096 2981 3371 3051 conquirit
3396 2988 3681 3036 :eternum.

2224 3067 2439 3140 Oportet
2464 3086 2586 3141 ergo
2616 3086 2733 3125 eum
2761 3087 2872 3125 esse
2899 3070 3111 3126 doctum
3139 3070 3248 3142 lege
3273 3070 3452 3127 divina
3473 3112 3488 3136 ,
3520 3080 3578 3124 ut
3603 3072 3740 3127 sciat

2145 3168 2194 3216 et
2224 3160 2291 3215 sit
2317 3160 2456 3215 unde
2480 3160 2713 3232 proferat
2740 3178 2871 3217 nova
2899 3172 2947 3217 et
2974 3174 3166 3217 vetera.
3190 3163 3268 3217 Ac
3302 3161 3348 3216 si
3376 3161 3620 3216 diceret:
3654 3162 3738 3217 Sit

2146 3249 2316 3306 abbas
2345 3250 2538 3306 doctus
2563 3250 2682 3322 lege
2711 3251 2889 3307 divina
2906 3268 3064 3324 ,vqutc
3082 3252 3233 3309 Novo
3258 3262 3312 3310 et
3334 3251 3516 3309 Veteri
3544 3252 3736 3309 Testa-

2144 3350 2331 3398 mento
2360 3347 2605 3410 constat,
2632 3353 2686 3399 et
2713 3359 2781 3399 ex
2809 3343 2902 3411 illa
2942 3345 3115 3413 sciat,
3151 3355 3207 3402 et
3233 3358 3524 3419 cognoscat
3549 3347 3737 3405 fratri-

2143 3436 2246 3490 bus
2272 3431 2518 3506 proferre
2545 3450 2685 3491 nova
2712 3443 2768 3490 et
2794 3443 2981 3492 vetera
3012 3438 3340 3494 testimonia.
3365 3439 3521 3508 Quod
3550 3452 3733 3498 autem

2144 3526 2305 3591 dicit,
2338 3535 2387 3579 et
2425 3525 2523 3590 sit,
2555 3524 3001 3596 subintelligitur,
3035 3525 3106 3581 sit
3136 3527 3190 3581 in
3222 3528 3339 3598 ejus
3368 3540 3594 3600 pectore
3624 3533 3734 3587 the-

2141 3631 2338 3674 saurus
2367 3615 2648 3686 sapientia:
2677 3625 2733 3672 et
2761 3617 3004 3672 scientiae
3032 3619 3368 3688 reconditus,
3401 3624 3577 3690 unde,
3605 3640 3729 3680 cum

2140 3722 2370 3763 necesse
2397 3705 2590 3769 fuerit,
2624 3705 2797 3778 possit
2822 3706 3071 3779 proferre
3100 3723 3239 3765 nova
3278 3719 3334 3767 et
3361 3724 3545 3769 vetera
3579 3714 3732 3770 testi-

2138 3798 2345 3853 monia.
2377 3797 2475 3853 Vel
2502 3805 2653 3854 certe
2682 3797 2798 3870 ipse
2828 3798 2997 3854 abbas
3023 3799 3096 3854 sit
3122 3799 3344 3868 doctus,
3378 3802 3684 3874 intelligens
3703 3845 3720 3872 ,

2137 3888 2368 3960 peritus,
2399 3889 2636 3961 sapiens,
2667 3897 2723 3945 et
2749 3888 2856 3945 tale
2883 3905 2978 3945 vas
3005 3891 3270 3963 sapientia
3295 3892 3535 3965 plenum,
3559 3896 3725 3960 unde,

2137 3992 2259 4035 cum
2290 3979 2555 4047 voluerit,
2588 3980 2642 4035 in
2673 3989 2926 4052 promptu
2951 3981 3149 4039 habeat
3175 3984 3422 4055 proferre
3446 4001 3645 4042 novum
3671 3996 3727 4044 et

2136 4079 2293 4131 vetus
2321 4071 2716 4128 testimonium.

2205 4160 2453 4225 Castam,
2505 4162 2739 4219 sobrium
2762 4204 2778 4231 ,
2826 4165 3216 4221 misericordem
3240 4208 3256 4235 ,
3292 4185 3494 4241 semper
3538 4187 3725 4243 super-

2133 4253 2453 4318 exaltantem
2499 4256 2916 4314 misericordiam
2948 4258 3177 4329 judicio,
3208 4271 3266 4314 ut
3295 4260 3431 4315 idem
3460 4261 3570 4333 ipse
3597 4279 3725 4317 con-

2132 4355 2400 4418 sequatur.
2443 4345 2716 4419 Scriptum
2757 4353 2843 4402 est
2889 4348 3079 4404 enim:
3128 4349 3280 4404 Beati
3328 4350 3720 4420 misericordes,

441 4435 698 4499 catholici
737 4435 843 4501 viri
883 4435 1098 4499 fortiter
1138 4438 1428 4507 resistant,
1454 4448 1510 4496 et
1548 4456 1655 4496 non
1687 4441 2031 4503 consentiant
2056 4459 2110 4520 ι)
2135 4439 2381 4511 quoniam
2411 4437 2511 4510 ipsi
2540 4439 2954 4496 misericordiam
2985 4453 3368 4513 consequentur
3392 4442 3610 4516 (Matth.
3640 4444 3718 4518 v).

441 4528 555 4594 eis,
596 4542 664 4591 ne
696 4527 893 4595 vitium
927 4529 1069 4591 male
1098 4531 1167 4588 ab
1190 4529 1446 4596 omnibus
1473 4531 1733 4592 nutritum
1768 4532 2032 4598 inolescat

442 4619 498 4683 in
528 4621 882 4688 monasterio,
909 4630 966 4679 et
992 4636 1060 4678 eo
1088 4620 1284 4687 inolito
1307 4621 1644 4684 habitatores
1672 4620 1790 4693 ejus
1818 4624 2029 4683 cunctis

438 4709 633 4765 vicinis
664 4711 887 4773 veniant
915 4711 969 4767 in
997 4711 1183 4777 odium
1198 4751 1217 4781 ,
1245 4706 1340 4769 sed
1369 4710 1564 4769 melius
1591 4712 1933 4782 repudiatum
1961 4712 2029 4769 ab

438 4801 692 4863 omnibus
716 4802 909 4867 vitium
938 4804 1222 4876 depereat,
1249 4810 1309 4858 et
1330 4801 1597 4865 calcatum
1624 4809 1943 4869 evanescat,
1970 4810 2033 4868 ut

436 4901 493 4949 et
531 4893 673 4951 inter
713 4878 1030 4964 monachos“
1056 4894 1287 4959 virtutes
1324 4898 1578 4948 crescant
1614 4901 1671 4949 et
1705 4892 1836 4946 vitia
1867 4891 2029 4971 depe-

435 4994 614 5047 reant.
648 4984 715 5043 Et
741 4986 911 5053 vicini
938 4985 1183 5049 videntes
1209 4983 1427 5047 illorum
1458 4983 1600 5043 bona
1628 4997 1794 5065 opera
1823 4981 2023 5053 glorifi-

435 5087 563 5145 cent
595 5076 763 5132 Deum
783 5118 800 5144 ,
829 5078 922 5154 qui
954 5077 1065 5141 illis
1086 5082 1143 5131 et
1170 5077 1311 5130 bene
1339 5071 1483 5136 velle
1504 5072 1810 5139 concessit,
1848 5081 1905 5133 et
1939 5073 2023 5139 di-

434 5180 599 5247 gnum
637 5179 913 5237 pastorem
942 5176 1107 5249 atque
1134 5164 1565 5236 dispensatorem
1596 5164 1809 5229 tribuit.

507 5257 810 5327 Ordinatus
839 5269 1017 5325 autem
1054 5256 1214 5318 abbas
1250 5257 1436 5328 cogitet
1472 5272 1677 5328 semper
1698 5254 1855 5330 quale
1892 5273 2024 5321 ouus

431 5350 694 5422 suscepit,
733 5359 784 5406 et
825 5350 913 5415 cui
941 5347 1243 5407 redditurus
1270 5356 1345 5401 est
1388 5349 1646 5409 rationem
1685 5347 2018 5406 rillicationis

430 5457 564 5511 sum.
590 5440 693 5510 Qui
714 5441 862 5501 enim
885 5438 1184 5503 monachos
1206 5440 1434 5512 suscipit
1460 5440 1528 5495 ad
1554 5441 1848 5513 regendum
1869 5482 1883 5507 ,
1908 5456 2015 5497 non

430 5547 684 5613 parvum,
704 5534 801 5591 sed
818 5530 1026 5606 grande
1043 5544 1182 5592 onus
1201 5531 1393 5603 recipit
1413 5532 1481 5586 ad
1503 5532 1851 5603 portandum,
1877 5532 2019 5588 unde

428 5624 696 5694 illisudor
713 5624 934 5691 laboris,
962 5630 1021 5680 et
1045 5624 1189 5680 unde
1214 5622 1501 5681 delectatio
1530 5629 1742 5679 crescat
1768 5621 2011 5679 honoris.

432 5718 666 5787 Animas
701 5719 847 5786 enim
889 5717 1316 5801 fratrumcocpit
1358 5732 1580 5803 regere,
1617 5717 1683 5773 dc
1724 5715 1919 5800 quibus
1960 5725 2013 5770 et

2090 4546 2093 4553 ’
2134 4529 2204 4594 Et
2238 4544 2271 4584 e
2309 4529 2589 4585 contrario
2623 4530 2889 4601 judicium
2926 4531 3046 4586 sine
3085 4530 3460 4587 misericordia
3497 4533 3585 4599 ei,
3628 4535 3723 4604 qui

2130 4635 2239 4675 non
2280 4619 2413 4685 facit
2453 4618 2902 4684 misericordiam.
2942 4620 3034 4679 Ille
3065 4637 3194 4693 ergo
3220 4624 3589 4694 superexaltat
3621 4627 3722 4681 mi-

2129 4710 2481 4771 sericordiam
2522 4709 2761 4781 judicio,
2800 4713 2892 4783 qui
2925 4721 3049 4784 post
3082 4722 3265 4769 actum
3305 4713 3571 4784 judicium
3612 4732 3719 4772 non

2131 4799 2377 4855 districto
2401 4800 2557 4870 punit
2583 4800 2807 4872 impium
2824 4841 2839 4864 ,
2856 4804 2961 4877 sed
2986 4803 3411 4861 misericorditer
3434 4807 3610 4876 parcit
3634 4807 3683 4861 ei
3700 4848 3715 4872 ,

2132 4899 2189 4954 et
2217 4906 2250 4947 a
2279 4892 2627 4959 damnatione
2668 4892 2850 4952 debita
2889 4893 3086 4950 liberat
3121 4910 3266 4951 eum.
3312 4896 3451 4952 Hinc
3492 4907 3549 4953 et
3588 4898 3715 4955 alibi

2135 4983 2396 5056 scriptum
2449 4991 2576 5039 cst:
2630 4965 3002 5056 Superexaltat
3046 4987 3410 5042 misericordia
3448 4984 3714 5054 judicium

2134 5070 2361 5143 (Iacob.
2391 5087 2431 5130 ιι
2453 5071 2502 5145 ),
2534 5071 2589 5128 id
2618 5081 2734 5140 est,
2765 5076 3153 5146 superponitur
3179 5077 3551 5133 misericordia
3576 5077 3716 5149 judi-

2131 5163 2236 5229 cio,
2264 5164 2391 5234 quia
2418 5164 2473 5221 in
2503 5178 2610 5234 quo
2640 5164 2921 5220 inventum
2947 5164 3115 5221 fuerit
3139 5181 3276 5237 opus
3302 5168 3709 5232 misericordiae,

2128 5257 2232 5314 etsi
2262 5256 2516 5323 habuerit
2541 5256 2746 5329 aliquid
2775 5257 2916 5321 forte
2944 5258 2998 5314 in
3020 5256 3229 5327 judicio
3257 5262 3399 5329 quod
3428 5261 3709 5335 puniatur,

2127 5358 2385 5419 tauquam
2427 5347 2812 5405 misericordia:
2854 5349 3058 5418 peccati
3090 5350 3230 5422 ignis
3256 5352 3639 5424 exstinguitur.

2198 5435 2382 5492 Oderit
2409 5437 2567 5502 vitia,
2597 5436 2783 5507 diligat
2813 5437 3021 5509 fratres.
3056 5440 3112 5494 In
3153 5456 3264 5496 uno
3301 5442 3447 5496 enim
3491 5443 3710 5500 homine

2122 5539 2178 5586 et
2202 5528 2602 5584 fraternitatem
2641 5538 2880 5589 nostram
2921 5530 3080 5589 simul
3110 5532 3368 5603 diligere,
3398 5542 3454 5589 et
3491 5534 3622 5589 vitia
3660 5533 3707 5591 si

2121 5619 2326 5676 fuerint
2353 5632 2640 5688 possumus
2672 5619 2833 5674 simul
2859 5620 3028 5676 odire.
3078 5621 3237 5677 Aliud
3269 5630 3353 5679 cst
3385 5624 3531 5679 enim
3562 5624 3707 5696 quod

2123 5711 2293 5767 frater
2330 5718 2443 5776 est,
2470 5708 2615 5764 aliud
2647 5710 2790 5781 quod
2821 5712 3043 5775 vitiosus
3075 5723 3158 5768 est
3187 5715 3365 5778 homo.
3411 5715 3705 5794 Diligaqu
