3944 6482
234 365 346 423 ΩΠ

1287 365 1642 424 COMMENT.
1676 366 1762 423 ιη
1785 365 1946 434 BEG.
1983 367 2040 421 S.
2070 366 2460 425 ~BENEDICTI.

3403 372 3509 429 918

235 496 373 553 ergo
396 479 451 535 in
478 495 546 535 co
570 478 970 535 fraternitatem
992 484 1237 535 nostram
1257 519 1273 544 ,
1299 486 1357 533 et
1380 479 1507 533 odio
1530 478 1826 535 habeamus
1853 476 1906 535 A
2002 476 2111 531 Sed
2137 478 2444 547 prudenter,
2468 488 2516 534 ct
2545 496 2663 533 cum
2692 480 2951 536 cltaritate
2978 498 3039 535 ea
3063 492 3297 554 amputet
3313 524 3328 551 ,
3353 498 3509 558 prout

234 574 595 631 vitiositatem
637 586 816 627 suam.
859 570 1264 640 Prosequamur
1301 568 1356 623 in
1393 584 1460 624 eo
1502 568 1729 631 vitium,
1772 572 1830 620 ct

235 665 587 721 einendamm
640 671 701 714 ut
749 661 1110 731 nosmetipsos
1160 652 1447 730 diligamus
1497 657 1825 727 proximum.

239 756 381 811 liiuc
409 762 463 807 et
489 755 681 808 beatus
706 751 1000 822 Gregorius
1039 752 1155 805 ait:
1192 750 1287 806 Sic
1315 751 1394 806 sic
1426 749 1685 809 nimirum
1732 762 1827 801 cx-

238 850 431 903 bila'rre
469 845 734 915 proximis
761 844 961 898 nostris
987 843 1098 898 odii
1127 842 1505 898 discretionem
1532 841 1790 903 debemus
1808 877 1826 904 ,

243 946 301 992 ut
340 932 395 990 in
438 937 522 989 eis
559 935 848 1005 diligamus
890 934 1034 1002 quod
1078 940 1240 992 sunt.
1269 940 1324 988 et
1365 933 1666 994 habeamus
1702 929 1828 985 odio

241 1034 385 1103 quod
413 1031 467 1085 in
497 1029 591 1084 Dei
616 1027 777 1085 nobis
803 1028 996 1081 itinere
1020 1026 1315 1080 obsistunt.
1410 1072 1415 1077 .

314 1122 380 1175 In
418 1122 532 1190 ipsa
576 1129 751 1173 autem
788 1117 1105 1172 correctione
1141 1115 1428 1187 prudenter
1450 1124 1594 1185 agat.
1623 1112 1682 1168 id
1710 1121 1824 1178 est,

238 1224 429 1277 caute,
483 1218 811 1280 temperate,
857 1222 982 1263 cum
1027 1221 1225 1278 magno
1266 1205 1639 1265 moderamine
1681 1206 1827 1275 quod

240 1307 374 1361 facit
414 1304 595 1359 faciat.
631 1301 699 1355 Et
729 1315 792 1354 ne
820 1298 949 1371 quid
977 1299 1156 1353 nimis.
1184 1297 1314 1353 Haec
1339 1295 1613 1353 sententia
1643 1311 1675 1349 a
1699 1309 1829 1365 poe-

241 1398 312 1452 tis
332 1438 347 1459 ,
380 1406 437 1450 et
475 1410 504 1448 a
552 1390 865 1448 doctoribus
905 1389 1142 1453 nostris,
1184 1396 1245 1444 et
1268 1402 1299 1445 a
1327 1387 1512 1447 multis
1539 1383 1822 1441 catholicis

237 1496 293 1541 ct
332 1484 562 1539 eruditis
598 1482 764 1546 viris,
791 1479 957 1533 etiam
998 1479 1056 1533 in
1096 1477 1283 1533 multis
1317 1484 1374 1534 et
1398 1475 1655 1547 congruis
1681 1474 1828 1531 dicta

237 1578 406 1641 locis,
445 1588 568 1644 quin
603 1580 659 1626 et
695 1571 750 1624 in
788 1568 947 1625 bonis
981 1579 1039 1624 et
1078 1567 1135 1622 in
1163 1566 1321 1622 malis
1347 1565 1563 1627 actibus
1600 1561 1826 1632 intelligi

236 1676 442 1741 potest.
481 1665 539 1720 in
577 1665 742 1726 bono,
769 1671 830 1715 ut
864 1667 949 1715 est
989 1658 1155 1714 illud:
1184 1655 1300 1712 Non
1325 1657 1404 1713 sis
1429 1655 1592 1711 nimis
1611 1654 1823 1725 justus,

1929 569 2113 625 ridet-it
2139 570 2326 641 cuique
2351 572 2623 642 expedire,
2655 574 2790 628 sicut
2807 575 2927 646 jam
2956 574 3210 630 diximus.
3238 575 3510 648 Quidquid

1926 661 2071 717 enim
2101 663 2382 718 cbaritalis
2411 663 2586 720 cilicio
2614 667 2842 735 geritur,
2874 669 2940 724 ad
2976 668 3168 725 salutis
3204 669 3507 739 profectum

1928 753 2046 817 sine
2071 755 2426 819 dubioveuit.
2458 757 2630 813 Aliter
2656 758 2802 823 enim
2832 761 2965 824 uni,
2985 768 3040 815 et
3066 758 3225 816 aliter
3252 763 3509 819 convenit

1928 844 2043 914 ipsa
2075 847 2266 903 salutis
2295 848 2562 921 impensio
2588 849 2768 905 alteri.
2800 851 2869 906 Et
2895 853 3016 911 idco
3046 853 3166 910 vice
3193 855 3388 912 medici
3413 856 3507 910 ab-

1927 936 2059 1003 bas,
2086 938 2247 994 aliter
2286 955 2483 1005 uuum,
2526 940 2685 1001 aliter
2725 956 2856 997 vero
2897 944 3193 1003 secundum
3234 947 3507 1015 quantita-

1927 1036 2035 1089 tem
2067 1029 2148 1085 vel
2180 1030 2495 1100 qualitatem
2538 1030 2717 1099 delicti
2760 1032 2977 1087 studeat
3015 1047 3211 1097 sanare
3251 1034 3503 1090 alterum.

1927 1120 1995 1174 Et
2021 1121 2076 1176 in
2107 1121 2193 1179 bis
2217 1123 2468 1181 omnibus
2495 1125 2702 1183 Sanctis
2730 1124 3088 1197 discretisque
3110 1124 3434 1184 actionibus.

1998 1212 2223 1277 Studeat
2264 1213 2384 1285 plus
2431 1216 2632 1280 amari,
2679 1233 2839 1287 quam
2886 1217 3080 1272 timeri.
3127 1217 3186 1275 Id
3227 1227 3346 1286 est,
3386 1219 3509 1292 plus

1925 1316 2178 1369 exerceat
2221 1309 2276 1371 in
2323 1309 2558 1377 subditis
2601 1324 2737 1380 opus
2783 1311 2991 1373 amoris
3033 1327 3198 1381 quam
3247 1313 3505 1381 timoris;

1925 1408 1983 1468 ct
2022 1400 2142 1471 plus
2181 1416 2276 1463 eos
2318 1400 2665 1471 pateruitatis
2688 1416 2876 1457 amore
2906 1402 3209 1459 demulceat
3232 1418 3397 1473 quam
3426 1412 3508 1475 ty-

1926 1490 2173 1585 rannidis
2201 1505 2315 1546 suae
2341 1506 2502 1585 pinna
2531 1492 2821 1585 deterreat.
2854 1491 3007 1551 Unde
3029 1500 3086 1548 et
3110 1493 3356 1564 sequitur
3381 1511 3409 1553 :i

1999 1582 2125 1638 Non
2148 1582 2218 1637 sit
2243 1580 2651 1641 turbulentat-{et
2675 1582 2899 1639 anxius.
2917 1582 3285 1643 Turbulentus
3310 1584 3507 1643 dicitur

1925 1672 2307 1731 commotionis
2343 1672 2428 1731 ira
2465 1672 2752 1738 turbatus,
2792 1680 3055 1743 incestus,
3098 1674 3388 1743 molestus,
3419 1677 3505 1733 vel

234 1772 293 1820 et
332 1759 555 1816 similia.
596 1754 674 1811 De
712 1751 855 1809 maio
896 1760 1078 1807 autem
1123 1765 1230 1805 non
1275 1757 1363 1805 est
1404 1755 1651 1808 ttosz
1690 1745 1824 1811 dare
1853 1833 1885 1835 _
1925 1772 2105 1827 atros.
2154 1763 2368 1825 Annius
2419 1778 2554 1835 vero
2601 1763 2802 1823 dicitur
2855 1764 3065 1823 accdia.
3095 1764 3181 1823 vel
3233 1766 3510 1835 anxietate

234 1850 580 1922 exemplum,
621 1846 750 1917 quia
785 1852 843 1901 et
880 1844 1046 1899 nimis
1081 1851 1139 1899 et
1166 1858 1363 1914 parum
1399 1840 1519 1900 ﬁeri
1551 1839 1827 1929 Ρθηίῑυδνα
1851 1833 1903 1893 Β
1924 1857 2139 1929 plenus.
2529 1826 2537 1835 ’
3274 1914 3285 1921 .
3320 1826 3323 1833 Α
3442 1832 3447 1839 ’

236 1943 469 2001 Domino
496 1938 837 2011 prohibetur.
868 1934 969 1991 ilic
996 1945 1181 1991 autem
1209 1948 1309 1989 cur
1334 1948 1367 1988 a
1394 1934 1556 1990 beato
1593 1928 1825 1991 Benedi-

235 2043 327 2093 cto
349 2036 468 2090 hinc
494 2030 759 2087 sententia
784 2037 1041 2100 ponatur,
1067 2026 1350 2097 sequentia
1372 2025 1680 2082 audiamus.

239 2148 259 2165 ο
313 2125 395 2180 Ne
434 2124 563 2177 dum
592 2119 747 2176 nimis
777 2120 917 2190 cupit
946 2117 1166 2173 eradere
1191 2118 1474 2187 mugissent
1497 2154 1514 2180 ,
1545 2114 1825 2185 frangatur

238 2243 349 2282 vos.
378 2222 479 2277 llic
502 2219 795 2290 aeruginem
821 2231 921 2286 pro
946 2215 1150 2286 peccati
1178 2214 1332 2285 ponit
1355 2212 1700 2283 contagione,
1726 2224 1825 2266 vas

236 2325 423 2372 autem
447 2327 548 2384 pro
574 2308 738 2366 animi
764 2307 1099 2378 fragilitate;
1124 2321 1189 2363 ac
1209 2307 1256 2362 si
1280 2305 1426 2362 dicat
1451 2323 1466 2359 :
1501 2304 1593 2359 Sic
1620 2300 1824 2359 munda

237 2412 478 2467 animum
516 2404 765 2461 monachi
802 2419 832 2456 a
871 2401 1054 2457 delicti
1088 2400 1445 2470 contagione,
1483 2413 1553 2454 ne
1588 2396 1823 2452 fractum

237 2518 457 2576 mergas
477 2501 531 2555 in
556 2496 1010 2568 desperationem.
1039 2493 1108 2548 Et
1127 2506 1287 2563 quem
1309 2490 1511 2547 lucrari
1530 2496 1688 2559 mes
1709 2501 1826 2543 mo—

237 2595 426 2649 derate
450 2589 748 2659 iudicatum
767 2627 781 2651 ,
810 2601 916 2640 non
948 2585 1143 2655 perdas
1171 2582 1473 2651 asperrime
1495 2579 1827 2635 condemna-

237 2692 375 2737 tum.
418 2680 528 2734 Vas
567 2685 621 2732 et
660 2676 802 2731 bene
832 2672 1082 2730 monachi
1111 2680 1242 2727 tunc
1274 2670 1417 2726 male
1444 2682 1635 2731 unum
1662 2666 1827 2724 citius

239 2773 531 2843 frangitur,
563 2768 777 2839 quando
803 2780 955 2821 mens
977 2764 1093 2835 ejus
1115 2778 1213 2833 pro
1236 2761 1393 2832 culpa
1418 2759 1631 2816 duriter
1653 2756 1826 2813 incre-

240 2877 364 2938 pata
384 2907 398 2928 ,
438 2871 530 2919 aut
563 2861 630 2917 de
664 2857 1042 2930 desperatione
1073 2855 1248 2909 veniae
1282 2852 1496 2909 fortiter
1526 2849 1822 2907 conturba-

241 2968 352 3021 tur,
392 2964 483 3011 aut
520 2952 587 3008 de
624 2950 763 3023 fugae
785 2949 939 3020 lapsu
964 2947 1050 3002 vel
1076 2945 1393 3001 monasterii
1420 2943 1660 3000 discessu
1685 2955 1824 3010 quo-

240 3048 371 3103 tidie
396 3045 709 3101 meditatur.
735 3039 888 3117 Quod
915 3055 982 3095 ne
1008 3038 1102 3093 liat
1124 3051 1342 3107 semper
1363 3036 1534 3095 abbas
1557 3031 1818 3096 sollicite,

240 3141 516 3210 sapienter
541 3147 600 3193 et
620 3144 778 3191 caute
802 3132 1086 3204 provideat
1104 3172 1119 3196 ,
1148 3139 1205 3184 et
1230 3129 1373 3201 quod
1403 3127 1653 3199 sequitur
1678 3139 1823 3180 sem-

241 3229 655 3301 perdiligenter
681 3224 940 3281 attendat.
971 3222 1231 3293 Sequitur
1253 3221 1396 3277 enim
1423 3236 1437 3274 :

242 3412 391 3467 enim
427 3424 580 3467 suam
619 3407 968 3480 fragilitatem
1016 3413 1301 3476 suspectus
1342 3403 1574 3459 attendit
1616 3402 1824 3466 abbas,

239 3511 405 3571 atque
425 3499 737 3556 considerat
765 3497 994 3552 aliorum
1023 3495 1370 3567 fragilitatem
1397 3494 1690 3565 patienter,
1714 3490 1825 3547 dis-

239 3598 390 3648 crete
436 3599 494 3646 et
534 3597 694 3645 caute
730 3588 1010 3657 diiudicat.
1049 3586 1188 3644 Hine
1219 3596 1277 3643 ct
1309 3585 1584 3657 apostolus
1626 3584 1827 3640 Paulus

239 3685 354 3739 ait:
389 3682 639 3746 Fratres,
687 3681 784 3735 etsi
834 3691 1232 3752 prtroccupatus
1263 3681 1423 3749 fuerit
1452 3679 1608 3738 homo
1634 3679 1691 3733 in
1719 3678 1823 3734 ali-

236 3794 342 3850 quo
375 3773 600 3837 delicto,
640 3788 729 3826 vos
760 3772 850 3842 qui
886 3771 1149 3837 spiritales
1187 3772 1345 3836 estis,
1391 3770 1698 3836 huiusmodi
1738 3770 1824 3826 in-

238 3871 429 3927 struite.
464 3868 520 3920 in
557 3866 745 3935 spiritu
780 3864 1034 3919 leuitatis.
1085 3862 1441 3918 Considamus
1470 3865 1721 3931 teipsum,
1762 3882 1826 3919 ne

240 3973 289 4017 ct
328 3971 382 4014 tu
421 3957 637 4011 teuteris
672 3953 692 4027 (
709 3952 887 4009 Colat.
916 3970 970 4008 Vl
997 3952 1037 4023 ).
1065 3952 1144 4008 Ac
1169 3952 1217 4008 si
1242 3953 1448 4008 diceret
1476 3970 1489 4006 :
1517 3952 1654 4019 Quia
1682 3960 1740 4007 et
1768 3961 1825 4011 tu

240 4050 408 4108 bomo
438 4063 531 4112 es,
567 4056 623 4102 et
657 4053 816 4117 potes
854 4045 907 4099 iu
947 4044 1129 4115 aliquo
1181 4043 1410 4107 tentari,
1457 4052 1513 4098 et
1554 4042 1827 4112 adiutorio

242 4142 526 4212 indigere,
575 4146 630 4193 et
676 4138 797 4192 ideo
846 4136 1010 4192 debes
1040 4137 1327 4203 sustinere
1382 4142 1673 4189 tentatum.
1721 4133 1824 4200 Qui

244 4233 389 4288 enim
428 4231 527 4286 sub
564 4229 877 4285 conditione
916 4226 1253 4282 inﬁrmitatis
1287 4225 1449 4296 positi
1496 4232 1653 4289 sunt,
1706 4237 1822 4279 me-

244 4322 352 4378 rito
381 4319 628 4376 infirmos
660 4317 951 4374 sustinent.
988 4316 1286 4386 Sequitur:

316 4414 718 4484 Memineritque
757 4410 1022 4465 calamum
1053 4418 1363 4482 quassatum
1408 4423 1512 4463 non
1558 4415 1827 4461 conteren-

243 4510 368 4563 dum
399 4507 567 4581 (lsai.
596 4506 762 4578 XLII).
799 4505 856 4559 1d
882 4512 1003 4569 est,
1032 4504 1356 4558 monachum
1384 4500 1609 4556 maculis
1634 4514 1823 4569 pecca—

247 4610 425 4656 torum
459 4599 797 4655 confractum
818 4637 834 4662 ,
866 4595 1142 4665 variisque
1179 4593 1330 4649 vitiis
1363 4600 1821 4663 conquassatum,

243 4696 310 4750 ad
340 4693 736 4765 desperationis
764 4691 976 4747 foveam
1007 4690 1094 4746 vel
1138 4689 1277 4760 fugai
1316 4689 1525 4760 lapsum
1544 4728 1560 4753 ,
1592 4697 1650 4742 ut
1682 4702 1826 4757 pra}-

245 4788 448 4841 dictum
477 4792 587 4847 est,
618 4799 726 4839 non
751 4780 1157 4853 impellendum.
1187 4779 1468 4835 Calamtun
1491 4779 1637 4835 enim
1660 4793 1825 4848 uuas-

245 4888 420 4933 satum
450 4875 568 4930 sine
593 4874 756 4930 dubio
781 4872 1046 4937 conterit,
1073 4872 1165 4941 qui
1186 4872 1460 4941 peccaturi
1483 4887 1589 4925 non
1609 4869 1821 4933 salutis,

245 4968 338 5023 sed
371 4964 692 5038 perditionis
725 4963 931 5036 pra-bet
959 4963 1323 5019 occasionem.
1370 4962 1505 5017 lliuc
1541 4970 1599 5017 et
1633 4962 1826 5037 beatus

246 5060 605 5128 Hieronymus
626 5056 705 5111 ait
728 5074 741 5110 ε
767 5055 870 5123 Qui
891 5054 1168 5125 peccaturi
1189 5068 1297 5108 non
1316 5053 1549 5124 porrigit
1566 5042 1836 5117 manum,

246 5165 345 5207 nec
368 5157 551 5220 portat
575 5163 714 5206 onus
740 5147 927 5205 fratris
947 5146 1064 5213 sui,
1088 5146 1194 5203 iste
1214 5154 1531 5217 quassatum
1555 5145 1825 5204 calamum

243 5242 555 5314 confringit.

314 5332 383 5388 In
420 5332 609 5404 quibus
636 5322 754 5388 non
781 5332 1038 5397 dicimus,
1070 5340 1126 5386 ut
1155 5332 1429 5403 pemittat
1451 5328 1646 5384 nutriri
1674 5328 1821 5385 sitia.

243 5423 380 5494 Quia
417 5423 562 5479 enim
591 5422 841 5495 superius
860 5422 1024 5492 iusta:
1051 5421 1380 5493 correptioni
1405 5419 1582 5492 posuit
1614 5427 1824 5490 tempe-

226 5512 547 5579 ramentum
567 5557 581 5581 ,
610 5515 702 5570 hic
738 5522 919 5569 autem
961 5530 1031 5571 ne
1066 5521 1279 5571 crescat
1311 5513 1568 5569 vitiorum
1590 5553 1606 5576 ,
1636 5512 1824 5567 admo-

244 5617 375 5670 net,
426 5605 839 5660 nutrimentum.
888 5603 968 5660 Ne
1005 5603 1132 5659 dum
1182 5611 1517 5675 temperatur
1557 5602 1826 5660 districtio

245 5695 545 5767 peccatoris
562 5737 577 5759 ,
602 5702 815 5750 crescat
839 5709 903 5751 ac
926 5693 1153 5766 pullulet
1174 5694 1429 5751 vitiorum
1456 5693 1645 5752 fomes.
1674 5693 1828 5753 Unde

247 5795 296 5842 et
325 5795 509 5857 aperte
555 5786 800 5856 sequitur
827 5804 840 5839 :

1996 1945 2122 2005 Non
2150 1948 2217 2003 sit
2248 1948 2440 2003 nimius
2465 1955 2514 2002 et
2541 1947 2854 2003 obstinatus.
2886 1945 3097 2002 Nimius
3120 1946 3319 2005 dicitur
3341 1945 3511 2004 dilar-

1923 2055 2024 2112 gtts
2042 2080 2059 2106 ,
2084 2040 2378 2112 prodigus,
2401 2038 2489 2094 vel
2512 2052 2695 2115 rerum
2724 2037 3043 2097 monasterii
3083 2038 3288 2107 nimius
3333 2047 3390 2097 et
3415 2054 3509 2101 su-

1924 2132 2165 2203 perﬂuus
2189 2131 2548 2202 dispensator.
2575 2127 2894 2193 Obitittatus
2915 2143 3048 2187 vero
3072 2128 3273 2193 dicitur
3297 2116 3510 2205 insupe-

1926 2221 2115 2283 rabilis
2132 2261 2149 2289 ,
2173 2221 2524 2285 obfirmatus,
2552 2220 2804 2292 pertinax
2830 2227 2886 2277 et
2907 2220 3226 2285 obduratus.
3526 2214 3529 2219 ’

2000 2312 2126 2369 Non
2155 2312 2447 2384 zelotypus.
2472 2320 2521 2366 et
2549 2311 2704 2366 nimis
2729 2311 3072 2389 suspiciosus,
3093 2314 3217 2385 quia
3240 2331 3506 2385 nunquam

1927 2407 2230 2479 requiescet.
2269 2405 2561 2475 Zelotypus
2602 2402 2803 2471 dicitur
2844 2402 2964 2469 zelo
2999 2400 3377 2467 sollicitudinis
3396 2402 3509 2474 ple-

1924 2514 2029 2555 nus
2045 2537 2061 2563 ,
2090 2504 2147 2557 et
2187 2494 2514 2566 suspicionis
2539 2501 2668 2566 typo
2693 2493 2969 2566 repletus,
2991 2492 3085 2565 qui
3111 2493 3277 2559 etiam
3299 2508 3363 2550 ea
3386 2510 3525 2577 quiet

1923 2608 2033 2650 non
2056 2592 2221 2657 fiunt,
2248 2590 2367 2655 fieri
2392 2589 2447 2649 in
2472 2589 2720 2655 absentia
2745 2590 3078 2662 suspicatur,
3098 2599 3156 2647 et
3180 2604 3246 2655 ea
3272 2604 3392 2661 qua:
3412 2605 3510 2647 ne-

1924 2697 2016 2738 mo
2044 2680 2371 2744 committit.
2402 2678 2671 2743 committi
2700 2679 2756 2735 in
2780 2680 3103 2743 abscondito
3133 2680 3507 2752 pertimescit;

1923 2779 1980 2828 et
2009 2772 2131 2829 ideo
2155 2770 2382 2840 spiritus
2410 2770 2530 2840 eius
2553 2785 2831 2839 nunquam
2858 2771 3173 2841 requiescit.

1992 2864 2064 2919 In
2093 2864 2223 2935 ipsis
2252 2862 2484 2934 imperiis
2514 2861 2628 2925 suis,
2656 2861 2723 2917 sit
2752 2862 3000 2931 providus
3030 2872 3079 2916 et
3109 2862 3521 2929 consideratus,

1921 2956 2030 3011 sire
2076 2972 2163 3010 sec
2203 2953 2366 3008 udum
2403 2952 2608 3017 Deum,
2649 2952 2756 3013 sire
2796 2951 3088 3011 secundum
3125 2952 3379 3011 sa'culum
3415 2953 3517 3021 sit.

1925 3047 2099 3118 Opera
2131 3060 2251 3117 qua
2283 3043 2512 3115 injuugit
2539 3082 2554 3108 ,
2590 3043 2858 3101 discernat
2880 3082 2896 3109 ,
2935 3052 2986 3098 et
3024 3052 3292 3117 temperet.
3327 3044 3517 3123 Opera

1924 3139 2223 3198 secundum
2261 3137 2433 3195 Deum
2460 3144 2590 3191 sunt
2617 3135 2731 3191 huic
2754 3148 2770 3187 :
2802 3134 3044 3205 Vigiiite,
3067 3134 3274 3206 jejunia
3293 3174 3313 3200 ,
3337 3136 3511 3193 abstie

1849 3205 1895 3269 (ἶ
1926 3229 2147 3294 nentia,
2183 3234 2238 3283 et
2278 3224 2366 3282 bis
2402 3222 2642 3289 similia;
2686 3221 2985 3279 secundum
3023 3205 3283 3281 saeculum
3323 3232 3517 3287 autem

317 3322 584 3393 Suamque
623 3317 965 3390 fragilitatem
1002 3331 1207 3387 semper
1243 3321 1512 3386 suspectus
1552 3313 1641 3367 sit.
1687 3309 1825 3364 Dum
1866 3350 1877 3357 ρ

1923 3330 2044 3378 sunt
2088 3334 2285 3391 opera,
2331 3331 2454 3388 qua;
2495 3314 2711 3386 corpori
2759 3321 2969 3371 tantum
3008 3313 3358 3376 exhibentur.
3399 3330 3507 3373 non

1922 3413 2148 3478 animm,
2178 3410 2234 3467 id
2256 3417 2377 3474 est.
2413 3422 2592 3474 arare,
2625 3405 2832 3475 fodere,
2854 3410 3091 3470 metere,
3131 3414 3186 3459 et
3222 3405 3404 3467 omnia
3440 3394 3511 3461 aii

1925 3503 2076 3560 milia
2107 3499 2354 3571 corporis
2380 3513 2567 3569 opera.
2600 3494 2708 3552 Sed
2735 3504 2794 3551 et
2816 3495 2905 3551 bis
2932 3495 3185 3552 omnibus
3215 3504 3326 3553 tam
3354 3495 3513 3567 spiri-

1925 3597 2126 3654 talibus
2164 3609 2330 3667 quam
2372 3589 2747 3663 corporalibus
2769 3587 3029 3660 operibus
3054 3587 3401 3645 discretionis
3426 3596 3511 3649 tc-

1925 3689 2104 3746 nenda
2146 3696 2232 3743 est
2276 3680 2671 3755 temperantia,
2715 3694 2786 3735 ne
2829 3677 3100 3752 superﬂue
3138 3677 3512 3735 laborantibus

1922 3781 2130 3851 pariter
2156 3777 2414 3835 deﬁciant
2440 3774 2607 3832 corda
2632 3780 2690 3828 et
2713 3787 2944 3844 corpora
2963 3810 2981 3845 ,
3011 3777 3069 3827 et
3095 3778 3373 3831 remaneat
3397 3778 3519 3829 tanr.

1926 3882 2040 3926 tum
2069 3870 2262 3925 nociva
2292 3865 2657 3925 marmoratio
2686 3865 2826 3920 sola.
3245 3919 3248 3923 ,

1997 3958 2245 4028 Cogitans
2289 3956 2659 4011 discretionem
2704 3955 2876 4008 structi
2921 3954 3090 4016 Jacob
3131 3954 3397 4011 dicentis:
3448 3954 3521 4012 Si

1923 4065 2101 4120 greges
2142 4062 2282 4099 meos
2321 4044 2439 4116 plus
2467 4045 2521 4098 iu
2548 4043 2868 4109 ambulando
2896 4043 3067 4113 fecero
3097 4042 3375 4111 laborare,
3404 4061 3513 4098 mo-

1926 4144 2127 4196 rientur
2167 4138 2343 4192 cuncti
2388 4153 2497 4191 uua
2540 4135 2627 4195 die
2657 4131 2832 4206 (Cen.
2864 4150 3039 4191 sum
3061 4135 3115 4207 ).‘
3147 4133 3264 4190 iioc
3293 4135 3347 4190 in
3391 4134 3511 4190 loco

1923 4248 2023 4303 per
2058 4229 2227 4289 Iacob
2266 4236 2541 4293 rectores,
2572 4241 2669 4299 per
2703 4242 2837 4291 oves
2876 4234 3058 4283 autem
3089 4240 3279 4282 eorum
3309 4226 3523 4287 subditi
3588 4276 3593 4281 .

1923 4322 2298 4393 designantur.
2327 4318 2434 4386 Qui
2459 4317 2757 4374 secundum
2783 4317 2900 4386 ejus
2926 4316 3268 4388 exemplum,
3298 4316 3413 4373 sive
3455 4318 3510 4393 in

1925 4412 2141 4470 actione
2177 4407 2447 4481 spiritali”
2488 4407 2607 4471 sive
2634 4407 2759 4465 .sint
2782 4406 2841 4461 iu
2863 4406 3130 4483 corporali
3159 4421 3323 4477 opere
3349 4422 3513 4469 occu-

1924 4505 2072 4577 pati,
2097 4501 2179 4564 sic
2198 4515 2387 4559 eorum
2412 4499 2468 4555 in
2490 4499 2765 4557 laboribus
2784 4500 2949 4565 actio,
2976 4498 3054 4556 vei
3081 4500 3408 4571 possibilitas
3425 4510 3511 4559 est

1929 4593 2313 4667 temperanda,
2345 4599 2408 4648 ut
2448 4605 2553 4653 nec
2592 4591 2759 4653 animi
2800 4592 2977 4648 virtus
3017 4591 3366 4658 succumbat,
3409 4580 3511 4667 nec

1926 4685 2173 4757 corporis
2214 4681 2474 4739 fortitudo
2516 4681 2797 4745 lassescat.
2838 4679 2948 4749 Sed
2984 4681 3066 4739 sic
3104 4682 3283 4745 amitis
3319 4698 3508 4755 eorum

1928 4780 2175 4835 laborum
2210 4776 2354 4832 actio
2393 4781 2747 4844 temperetur,
2789 4784 2851 4831 ut
2886 4774 3056 4833 alacri
3096 4778 3281 4839 animo
3308 4778 3427 4850 plus
3453 4795 3519 4843 se.

1926 4872 2107 4927 adhuc
2133 4869 2360 4939 cupiant
2394 4868 2450 4931 in
2481 4866 2738 4938 operibus
2776 4868 3051 4933 exerceri,
3091 4883 3254 4941 quam
3288 4869 3396 4929 illis
3428 4873 3511 4931 sui

1928 4961 2099 5017 velint
2123 4958 2400 5030 praepositi
2428 4958 2830 5014 commendare.
2860 4957 3013 5014 Unde
3041 4967 3097 5015 et
3120 4960 3366 5037 semiitur
3389 4974 3407 5025 ξ
3440 5022 3447 5033 δ

2002 5053 2135 5110 Haec
2180 5064 2310 5125 ergo
2361 5051 2573 5123 aliaque
2624 5051 2921 5113 testimonia
2958 5051 3289 5125 discretionis
3328 5054 3515 5123 matris

1929 5147 2180 5203 uirtutum
2218 5160 2433 5205 sunteas
2453 5183 2471 5209 ,
2499 5144 2575 5205 sic
2617 5144 2797 5207 omnia
2838 5154 3083 5216 temperet
3114 5155 3169 5201 ut
3197 5146 3265 5207 sit
3293 5146 3434 5218 quod
3462 5156 3513 5217 et

1929 5238 2093 5308 fortes
2133 5236 2387 5301 cupiant,
2427 5243 2477 5299 et
2519 5234 2721 5305 inﬁrmi
2757 5252 2863 5291 tum
2905 5236 3187 5308 refugiant.
3234 5234 3327 5294 Sic
3364 5236 3511 5315 enim

1926 5343 2053 5384 cum
2092 5325 2451 5390 (iuratione.
2480 5339 2605 5395 qua:
2639 5325 2990 5395 astumatum
3017 5334 3192 5393 mater
3216 5326 3473 5404 virtutum
3494 5366 3509 5391 ,

1928 5419 2323 5479 monachorum
2344 5430 2484 5486 opus
2506 5423 2593 5477 est
2617 5416 3058 5488 temperandum,
3088 5426 3149 5490 ut
3176 5418 3279 5485 sit,
3310 5417 3364 5473 id
3390 5428 3507 5481 est.

1929 5510 2037 5566 tate
2061 5523 2200 5578 opus
2216 5546 2233 5573 ,
2259 5514 2316 5565 et
2340 5505 2510 5570 fortes
2529 5504 2673 5576 quod
2696 5505 2952 5577 cupiant,
2978 5488 3322 5572 subauditur,
3350 5488 3513 5579 agere

1931 5597 2017 5655 vei
2057 5597 2309 5668 implere,
2353 5604 2411 5656 et
2442 5594 2647 5661 infirmi
2687 5612 2797 5666 non
2836 5596 3139 5670 refugiant,
3164 5592 3509 5666 subauditur,

1934 5693 2111 5763 ipsum
2133 5704 2271 5760 opus
2287 5730 2303 5755 ,
2333 5687 2421 5747 vel
2449 5687 2620 5758 ipdus
2640 5688 2826 5758 operis
2852 5689 3082 5760 pondus.

2012 5783 2078 5842 Et
2118 5783 2414 5853 prtrcipue,
2457 5791 2511 5835 ut
2551 5790 2853 5852 pra'scntem
2904 5780 3135 5852 regulam
3175 5781 3245 5857 iu)
3270 5781 3513 5845 omnibus
