3944 6414
486 326 592 384 919

1775 323 2127 380 ειιΑιιΑθῡι
2167 322 2457 380 ABBATIS
2477 364 2483 369 -

3642 333 3756 389 9'20

485 455 766 500 conservet.
813 441 1086 510 Prmeipue
1128 451 1308 495 autem
1352 451 1407 494 et
1449 455 1612 510 super
1654 441 1834 494 omnia
1874 440 2068 495 beatus
2097 445 2141 502 Λ
2243 441 2312 494 Et
2351 443 2576 496 maxime
2614 445 2667 496 in
2706 443 2810 497 illis
2851 446 2978 498 locis
3019 446 3105 498 ubi
3134 445 3199 498 ab
3229 447 3408 500 eodem
3434 451 3750 520 sacerdote,

485 534 807 588 Benedictus
823 530 977 598 jubet
1004 532 1253 585 abbatem
1284 530 1522 602 regulam
1547 532 1858 593 observare,
1886 538 1947 584 ut
1971 529 2063 600 qui

2168 532 2244 586 ιψΙ
2269 533 2333 585 ab
2369 532 2553 586 iisdem
2597 534 2870 616 abbatibus
2893 575 2908 600 ,
2946 537 3035 606 qui
3073 536 3308 598 abbatem
3351 539 3633 608 ordinant,
3681 543 3751 596 ab

484 638 570 680 est
609 625 816 696 primus
861 624 915 680 in
961 625 1200 688 nomine,
1229 624 1300 677 sit
1324 622 1533 692 primus
1560 623 1613 684 in
1641 623 1984 693 operatione,
2010 631 2066 678 et
2164 624 2291 694 ipsis
2317 625 2475 678 etiam
2502 635 2551 678 et
2577 627 2888 694 pra'positus
2927 627 3222 682 ordinatur.
3270 628 3383 683 Mos
3412 639 3528 684 erat
3555 646 3750 687 eorum

481 717 625 787 quod
664 716 854 770 ordine
897 716 1150 792 pnedicat
1173 757 1185 780 ,
1217 731 1380 786 opere
1404 715 1689 786 compleat.
1731 715 1800 769 Et
1833 714 1982 783 prior
2007 714 2062 769 in

481 809 723 864 humeris
759 809 843 864 vel
868 809 1170 864 cervicibus
1203 809 1317 865 suis
1350 817 1528 878 portet
1553 824 1672 878 quae
1705 817 1926 878 portare
1954 807 2061 862 fra-

481 911 595 960 tres
614 903 801 974 jubet,
826 909 881 958 et
902 911 1084 956 utrum
1111 893 1220 957 sint
1247 903 1384 957 levia
1409 902 1494 957 vel
1521 902 1708 973 gravia
1735 917 1854 972 qua:
1880 901 2062 956 fratri-

478 996 584 1052 bus
610 997 838 1067 imponit
863 1013 1057 1064 onera,
1099 997 1471 1066 experimento
1499 1005 1791 1069 cognoscat
1817 1013 1830 1062 ;
1861 997 2061 1069 prima-

478 1095 705 1158 tumque
731 1103 916 1151 suum,
943 1102 1100 1158 quem
1125 1089 1275 1160 prior
1297 1087 1366 1142 ad
1390 1101 1634 1142 mensam
1660 1096 1828 1151 tenet,
1851 1089 2060 1159 primus

481 1180 548 1234 ad
589 1179 807 1234 virtutis
852 1179 1243 1252 parcimoniam
1287 1177 1524 1248 judicet,
1570 1187 1626 1234 et
1671 1180 2056 1234 abstinentiam

479 1285 640 1338 quam
678 1269 857 1341 lingua
896 1269 1182 1339 praedicat,
1217 1268 1590 1337 experimento
1625 1278 1947 1340 cognoscat,
1989 1284 2059 1325 ne

479 1357 617 1415 forte
652 1361 852 1440 subditi
891 1360 1071 1415 tacitis
1107 1360 1525 1429 cogitationibus
1563 1361 1784 1416 dicant:
1822 1360 1868 1423 Ο
1893 1377 2056 1431 quam

478 1449 702 1521 pulchre
726 1449 883 1504 nobis
906 1451 1164 1520 praedicat
1190 1450 1574 1518 abstinentiam
1610 1451 1801 1522 plenus
1825 1461 2014 1506 venter
2038 1454 2052 1506 ξ

477 1526 570 1593 illa
610 1555 740 1611 ergo
763 1539 831 1596 de
855 1540 1183 1594 abstinentia
1222 1541 1540 1610 praedicatio
1564 1543 1914 1612 aeceptahilis
1939 1551 2052 1609 est,

476 1645 640 1699 quam
669 1629 853 1700 jejuna
891 1645 984 1685 ora
1013 1631 1323 1686 deeantant.
1350 1632 1418 1686 Et
1455 1632 1510 1686 in
1544 1631 1630 1688 bis
1665 1634 1916 1688 omnibus
1955 1633 2059 1688 hoc

2165 723 2312 779 tunc,
2329 722 2388 769 ut
2413 716 2628 784 quando
2653 717 2819 771 abbas
2843 718 3198 772 ordinabatur
3225 725 3354 772 tunc
3377 728 3434 774 et
3455 721 3524 776 ab
3551 723 3748 778 eodem

2160 807 2414 876 episcopo
2451 815 2507 862 et
2539 807 2662 862 aliis
2695 822 2880 862 coram
2921 807 3192 863 stantibus
3219 809 3506 865 abbatibus
3529 819 3586 867 et
3609 829 3750 883 pra:-

2161 896 2368 966 positus
2397 897 2760 954 ordinaretur.
2807 897 2915 954 Sed
2943 899 3068 968 quia
3109 899 3235 955 inde
3263 901 3526 970 superbia:
3551 903 3746 960 vitium

2161 988 2509 1054 nascebatur,
2536 1003 2642 1044 non
2667 987 2780 1058 jam
2809 991 2878 1044 ab
2905 989 3012 1044 alio
3039 990 3200 1046 hodie
3227 993 3369 1060 apud
3399 1008 3498 1048 nos
3523 996 3746 1051 ordina-

2160 1087 2270 1144 tur,
2297 1079 2390 1134 sed
2417 1097 2448 1135 a
2472 1081 2695 1150 proprio
2718 1081 2913 1135 abbate
2939 1082 3310 1152 praepositum
3335 1083 3411 1138 illi
3433 1084 3743 1142 obedientia

2160 1168 2478 1241 iniungitur,
2505 1178 2565 1224 ut
2589 1171 3020 1241 quandocunque
3045 1173 3227 1230 abbati
3252 1173 3426 1229 visum
3451 1173 3651 1242 fuerit,
3675 1179 3745 1233 ab

2160 1260 2276 1331 ipso
2309 1261 2613 1316 ministerio
2639 1263 2912 1332 ιπεροεὶιὶ
2942 1270 3205 1331 mutetur,
3231 1278 3300 1320 ne
3342 1263 3516 1322 fomes
3539 1267 3614 1322 illi
3657 1284 3742 1324 su-

2164 1351 2367 1420 perbize
2396 1360 2671 1407 nascatur.
2706 1352 2861 1408 Unde
2889 1361 2946 1408 et
2974 1356 3221 1422 sequitur
3247 1372 3259 1408 :

2231 1441 2386 1508 Quod
2405 1460 2562 1514 quam
2587 1445 2653 1498 sit
2679 1443 2989 1505 absurdum.
3012 1445 3170 1514 facile
3189 1446 3504 1514 advertitur,
3527 1451 3653 1520 quia
3675 1451 3743 1505 ab

2158 1532 2269 1601 ipso
2295 1531 2446 1585 initio
2472 1531 2820 1587 ordinationis
2844 1535 3066 1588 materia
3091 1535 3140 1589 ei
3169 1535 3332 1590 datur
3373 1539 3707 1608 superbiendi
3724 1583 3741 1605 ,

2159 1620 2284 1674 dum
2317 1621 2366 1674 ei
2402 1623 2698 1692 suggeritur
2724 1640 2755 1675 a
2780 1624 3182 1693 cogitationibus
3206 1627 3346 1690 suis,
3377 1637 3592 1684 exutum
3619 1647 3742 1684 eum

475 1720 578 1775 sibi
618 1721 908 1775 convenire
949 1721 1159 1776 noverit
1197 1721 1399 1787 abbas,
1439 1728 1494 1776 et
1531 1731 1818 1794 angustum
1856 1723 2052 1793 regula:

2162 1729 2268 1766 esse
2293 1730 2326 1766 a
2355 1723 2606 1783 potestate
2638 1713 2839 1768 abbatis
2872 1715 2978 1778 sui,
3005 1717 3131 1784 quia
3162 1718 3228 1772 ab
3259 1719 3384 1788 ipsis
3412 1730 3486 1774 est
3525 1721 3745 1776 ordina-

474 1810 666 1865 cauem
687 1852 701 1876 ,
724 1826 821 1880 per
839 1827 999 1883 quem
1025 1811 1160 1869 ano;
1185 1813 1438 1869 admone;
1459 1787 1682 1879 inmte,
1708 1815 1859 1884 ρι-ίοι-
1881 1787 2054 1886 ξιξετθ.
2081 1787 2130 1847 Β
2155 1812 2240 1857 tus
2265 1819 2300 1856 ι
2325 1803 2513 1873 quibus
2540 1813 2590 1857 et
2613 1804 2794 1860 abbas.
2840 1804 2912 1860 Ut
2948 1806 3063 1861 lucc
3103 1808 3249 1862 enim
3279 1809 3418 1864 mala
3446 1821 3744 1866 caveantur

475 1903 658 1958 diatur
697 1905 832 1974 ipse.

546 1993 616 2049 Ut
638 1994 764 2049 dum
791 1995 914 2050 bene
943 1995 1324 2051 ministraverit
1341 2037 1358 2062 ,
1378 1995 1564 2052 audiat
1589 2015 1621 2052 a
1642 1997 1888 2064 Domino,
1913 1998 2054 2069 quod

471 2105 652 2142 servus
695 2087 860 2142 bonus
894 2088 986 2159 qui
1022 2087 1251 2159 erogavit
1293 2089 1525 2144 triticum
1563 2090 1825 2145 conservis
1850 2091 1960 2145 suis
1998 2091 2054 2145 in

473 2189 703 2248 tempore
724 2194 850 2243 suo,
880 2163 1041 2233 Amen
1067 2179 1184 2233 dico
1215 2180 1386 2242 vobis,
1414 2195 1572 2250 super
1591 2181 1769 2235 omnia
1794 2181 1930 2234 bona
1954 2197 2051 2234 sua

472 2268 750 2328 coristituct
787 2283 906 2323 eum
947 2267 965 2337 (
989 2265 1120 2321 Luc.
1151 2283 1228 2321 xu
1251 2265 1294 2337 ).
1321 2267 1504 2322 Bonus
1531 2267 1674 2332 enim
1702 2267 1970 2332 minister,
1999 2267 2051 2322 id

470 2366 586 2420 est,
611 2357 784 2412 bon'us
809 2358 978 2413 abbas
995 2399 1010 2422 ,
1038 2373 1069 2412 a
1095 2357 1238 2413 bono
1262 2356 1494 2412 Domino
1519 2358 1786 2414 bonorum
1809 2359 2050 2412 omnium

472 2448 802 2504 retributore
824 2449 1006 2503 audiet
1030 2449 1172 2517 quod
1198 2463 1392 2504 servus
1417 2448 1506 2503 ille
1527 2449 1715 2504 audire
1739 2450 1938 2505 meruit
1959 2451 2049 2519 qui

469 2539 748 2593 conservis
795 2539 908 2594 suis
957 2539 1198 2594 triticum
1246 2537 1476 2594 ﬁdeliter
1520 2538 1783 2609 erogavit.
1831 2538 2052 2594 Audivit

470 2627 617 2682 enim
643 2645 656 2682 :
687 2627 852 2682 Amen
875 2628 994 2682 dico
1023 2627 1164 2682 vobis
1182 2667 1197 2694 ,
1224 2645 1383 2699 super
1409 2628 1588 2682 omnia
1615 2628 1749 2682 bona
1790 2645 1888 2683 sua
1927 2645 2050 2683 eon-

468 2719 648 2772 stituet
672 2734 810 2772 eum.
838 2719 988 2774 Hanc
1011 2719 1419 2774 desiderabilem
1447 2719 1839 2790 amabilemque
1861 2737 2048 2776 vocem

468 2817 526 2862 et
566 2808 739 2864 bonus
777 2809 946 2864 abbas
984 2810 1160 2864 audiet
1183 2852 1197 2870 ,
1233 2811 1326 2879 qui
1361 2811 1634 2876 triticum,
1661 2811 1714 2865 id
1753 2819 1875 2877 est,
1914 2830 2048 2883 pne-

468 2899 756 2955 dicationis
795 2901 1018 2956 verbum
1057 2900 1336 2956 conservis
1374 2901 1518 2965 suis,
1565 2902 1616 2956 id
1653 2911 1761 2967 est,
1791 2903 2048 2963 fratribus

467 2991 610 3054 uis,
641 2990 873 3047 ﬁdeliter
897 2991 1292 3047 midstraverit
1310 3033 1322 3057 ,
1348 3000 1403 3046 et
1425 2992 1584 3047 factis
1611 2993 1726 3061 ipse
1749 2993 2050 3063 compleve-

469 3084 558 3137 rit.
602 3082 756 3152 Quod
796 3093 978 3140 autem
1015 3083 1147 3140 dicit
1173 3104 1186 3140 ε
1233 3085 1406 3156 Super
1430 3088 1606 3140 omnia
1635 3087 1771 3140 bona
1797 3104 1896 3140 sua
1923 3104 2048 3141 con-

463 3177 643 3232 stituet
679 3194 829 3244 eum,
876 3178 1194 3250 intelligitur
1219 3193 1383 3248 super
1413 3180 1591 3233 omnia
1624 3179 1864 3234 cmlestia
1899 3179 2048 3249 regni

467 3269 659 3341 gaudia
677 3311 692 3335 ,
723 3285 826 3324 non
853 3272 996 3340 quod
1022 3271 1096 3324 ibi
1121 3271 1209 3325 isti
1237 3271 1336 3324 soli
1364 3271 1650 3324 Dominum
1677 3279 1930 3337 teneant,
1955 3271 2050 3326 sed

465 3367 529 3415 ιιι
555 3375 744 3414 eorum
766 3361 1130 3416 abundantius
1153 3361 1366 3415 caeteris
1391 3361 1595 3416 sanctis
1613 3370 1814 3416 aeterna
1841 3377 2054 3433 posses-

465 3451 620 3506 sione
660 3450 925 3505 h'uantur.
967 3451 1066 3518 Qui
1111 3451 1256 3505 enim
1296 3451 1438 3506 docti
1483 3450 1721 3516 iuerint,
1766 3450 2052 3520 fulgebunt

465 3541 624 3612 quasi
667 3541 920 3611 splendor
960 3541 1317 3604 ﬁrmamenti,
1347 3549 1402 3596 et
1425 3541 1517 3611 qui
1543 3542 1610 3594 ad
1630 3539 1899 3609 justitiam
1926 3557 2052 3595 eru—

467 3618 621 3688 diunt
641 3633 926 3704 plurimos,
949 3633 1104 3703 quasi
1126 3632 1294 3686 stella:
1316 3633 1369 3686 in
1391 3640 1678 3702 perpetuas
1696 3633 2049 3687 :etcruitates.

469 3724 542 3778 Et
571 3723 864 3793 Apostolus
900 3723 1016 3776 ait:
1061 3721 1165 3788 Qui
1201 3722 1325 3776 bene
1359 3731 1590 3792 pra’sunt
1627 3721 1914 3792 presbyteri
1951 3722 2052 3775 du-

472 3814 598 3892 plici
635 3815 832 3869 honore
863 3814 1010 3884 digni
1039 3814 1318 3880 habentur,
1347 3815 1575 3869 maxime
1602 3815 1692 3886 qui
1718 3814 1962 3870 laborant
1995 3816 2049 3869 in

467 3905 620 3968 verbo
646 3915 697 3961 et
725 3906 781 3960 in
811 3907 1055 3960 doctrina
1083 3906 1102 3978 (
1127 3905 1157 3960 Ι
1189 3905 1324 3960 Tim.
1351 3922 1384 3958 ν
1406 3903 1447 3976 ).
1505 3931 1507 3934 ⁴

1043 3998 1270 4056 CAPUT
1306 3999 1468 4055 LXV.

883 4093 961 4149 De
992 4094 1272 4165 prrcposito
1310 4097 1633 4149 monasterii.

545 4187 751 4258 Sa'pius
781 4186 988 4257 quidem
1019 4186 1269 4256 contingit
1300 4194 1355 4238 ut
1384 4203 1476 4256 per
1503 4187 1887 4241 ordinationem
1915 4202 2052 4255 pra:—

469 4279 630 4358 positi
659 4264 916 4332 scandala
946 4279 1128 4348 gravia
1157 4279 1212 4331 in
1241 4279 1572 4332 monasteriis
1603 4279 1860 4336 oriantur.
1897 4279 2052 4345 Quod

469 4371 613 4431 enim
657 4370 852 4440 sa'pius
888 4367 1002 4443 jam
1046 4368 1246 4423 factum
1291 4369 1632 4435 audivimus,
1678 4385 1822 4424 nunc
1867 4377 2048 4425 autem

468 4462 760 4518 emendare
783 4461 1063 4526 debemus,
1090 4467 1145 4513 et
1173 4459 1332 4514 talem
1362 4459 1464 4513 sub
1489 4460 1686 4514 abbate
1708 4459 1910 4530 eligere
1933 4475 2051 4530 per-

467 4569 656 4609 sonam
691 4551 981 4616 debemus,
1021 4567 1139 4621 qua:
1171 4565 1356 4606 curam
1395 4551 1706 4606 monasterii
1747 4567 2052 4623 nomenque

466 4642 742 4716 prapositi
772 4642 1124 4713 suseipiat,et
1139 4650 1197 4696 ut
1223 4643 1397 4698 oilicla
1426 4643 1526 4696 sibi
1557 4641 1796 4710 injuncta
1823 4643 2053 4698 ﬁdeliter

469 4734 692 4805 impleat
714 4742 877 4804 atque
906 4732 1208 4799 custodiat,
1235 4740 1291 4788 et
1327 4731 1461 4786 nihil
1497 4740 1699 4787 temere
1735 4748 1834 4802 per
1867 4749 2055 4803 super-

468 4826 616 4882 biam
644 4833 798 4897 agat,
826 4841 893 4879 ne
923 4824 994 4883 ait
1018 4824 1083 4878 de
1110 4824 1194 4879 his
1210 4864 1226 4888 ,
1251 4836 1390 4902 quos
1412 4821 1694 4891 sequentia
1718 4831 2053 4890 monstrant,

469 4931 594 4979 enim
621 4917 853 4972 dicitur:

545 5006 680 5060 Dum
716 5006 822 5061 sint
863 5005 1026 5076 aliqui
1066 5003 1298 5074 maligno
1339 5001 1529 5071 spiritu
1555 5001 1812 5072 superbire
1839 5002 2047 5073 inﬂati,

469 5096 560 5168 qui
601 5097 921 5152 restimantes
952 5111 1007 5154 se
1034 5093 1291 5148 secundos
1321 5091 1530 5146 abbates
1554 5108 1697 5158 esse,
1727 5104 2052 5149 assumentcs

468 5189 570 5246 sibi
599 5188 933 5260 tyrannidem
958 5183 1214 5241 scandala
1245 5184 1486 5238 nutriunt
1505 5225 1519 5250 ,
1545 5195 1593 5240 et
1620 5185 1970 5240 dissensiones
1997 5186 2050 5240 in

470 5281 873 5352 congregatione
899 5277 1123 5348 faciunt.
1165 5273 1433 5344 Tyrannis
1464 5275 1608 5330 enim
1644 5276 1843 5332 dicitur
1878 5277 2052 5333 honor

473 5370 763 5436 indebitus,
792 5377 849 5424 et
867 5383 964 5438 per
988 5364 1173 5420 cordis
1195 5363 1502 5432 superbiam
1528 5367 1850 5437 acquisitus.
1877 5367 2047 5435 Quem

470 5465 793 5539 praepositus
812 5459 1046 5539 superbe
1075 5456 1331 5518 assumit,
1355 5471 1478 5512 cum
1504 5459 1799 5514 indebitum
1823 5460 1924 5514 sibi
1950 5461 2049 5514 ab-

471 5555 616 5612 batis
650 5538 910 5610 honorem
949 5543 1184 5616 impendi
1224 5545 1480 5614 requirit,
1521 5556 1577 5601 et
1612 5547 1732 5601 ideo
1769 5547 1914 5603 inter
1951 5549 2051 5602 fra-

473 5653 586 5700 u-cs
622 5644 793 5700 ηυιι-ίι
830 5635 1117 5702 scandala,
1145 5641 1199 5686 et
1236 5633 1596 5697 dissensiones
1633 5635 1686 5690 in
1724 5639 2052 5704 monasterio

472 5743 762 5810 prmparat.

2079 4512 2128 4571 D

2156 1893 2302 1958 ﬁeri,
2332 1893 2494 1949 talem
2519 1895 2868 1966 [impositum
2913 1906 3130 1968 oportet
3146 1900 3290 1970 'eligi
3337 1901 3420 1956 vel
3458 1903 3740 1970 ordinari,

2155 1985 2246 2054 qui
2274 1983 2410 2040 alios
2438 1985 2708 2042 :ediﬁcare
2744 1986 2869 2044 vita:
2901 2003 3013 2042 sua:
3037 1989 3296 2056 probetur
3321 1991 3602 2061 exemplo,
3628 2007 3742 2047 non

2155 2075 2246 2145 qui
2273 2076 2516 2131 destruat
2539 2075 2679 2131 male
2707 2076 2958 2132 vivendo.
2998 2075 3102 2143 Qui
3137 2078 3460 2135 humilitatis
3494 2081 3740 2149 przebeat

2155 2166 2417 2231 lbrmam,
2469 2182 2576 2222 non
2629 2167 2896 2236 superbia:
2942 2183 3052 2223 sum
3100 2169 3408 2237 praztendat
3451 2181 3740 2227 contuma-

2155 2256 2316 2312 ciam.
2345 2256 2481 2324 Quia
2508 2256 2736 2313 inferius
2761 2258 3021 2317 scribitur
3044 2273 3060 2316 :

2223 2348 2366 2404 Hinc
2388 2351 2713 2405 suscitantur
2735 2350 2964 2406 incidite.
2994 2351 3047 2406 Id
3075 2359 3158 2406 est
3178 2391 3194 2416 ,
3219 2351 3362 2408 inter
3386 2354 3736 2434 prmpositum

2153 2447 2209 2496 et
2231 2440 2480 2495 abbatem
2496 2481 2510 2504 ,
2537 2441 2664 2495 dum
2686 2439 2823 2495 alter
2845 2441 3176 2511 superiorem
3200 2456 3258 2496 se
3279 2457 3384 2496 non
3411 2442 3527 2494 vult
3552 2442 3739 2506 videre

2153 2531 2406 2587 alterum.
2430 2531 2586 2588 Nulla
2607 2540 2692 2588 cst
2717 2533 2862 2587 enim
2893 2533 3086 2597 virtus,
3111 2542 3166 2587 et
3193 2548 3330 2603 pene
3353 2533 3559 2588 nullum
3583 2534 3739 2590 mini~

2151 2624 2400 2691 sterium,
2415 2623 2555 2694 quod
2575 2639 2682 2679 non
2705 2625 2902 2680 habeat
2923 2624 3252 2678 contrarium
3274 2624 3488 2682 invidia:
3512 2625 3732 2684 malum.

2223 2714 2391 2778 Βίων
2439 2714 2788 2770 detractiones
2809 2756 2823 2780 ,
2869 2713 3232 2768 a’mulationcs
3252 2755 3267 2778 ,
3291 2713 3660 2781 dissensiones,
3687 2725 3734 2769 ct

2150 2805 2597 2860 exordinationes.
2630 2803 2793 2859 Fiunt
2820 2805 2965 2859 enim
2998 2805 3130 2860 rixa:
3158 2813 3214 2860 et
3241 2805 3646 2870 detractiones,
3677 2814 3734 2860 et

2151 2899 2267 2953 huic
2297 2898 2479 2952 omnia
2503 2913 2624 2967 qua:
2651 2898 2902 2952 dicuntur
2933 2897 3076 2951 inter
3109 2897 3456 2967 praepositum
3487 2905 3541 2951 et
3571 2896 3734 2953 abba-

2151 2997 2290 3052 tem,
2317 2990 2552 3043 ma\ime
2575 3004 2670 3058 per
2694 3004 2882 3043 eorum
2909 3002 3191 3057 sequaces.
3234 2987 3398 3042 Fiunt
3437 2988 3730 3043 dissensio»

2149 3093 2280 3143 nes,
2311 3078 2435 3146 quia
2471 3079 2616 3148 quod
2645 3095 2785 3138 unus
2813 3094 2938 3133 eum
2966 3077 3080 3133 suis
3109 3078 3226 3132 ﬁeri
3255 3080 3525 3134 consentit
3545 3121 3558 3143 ,
3593 3079 3733 3133 alius

2152 3187 2274 3226 cum
2307 3172 2421 3226 suis
2453 3172 2568 3229 ﬁeri
2601 3171 2869 3227 dissentit.
2903 3171 3065 3228 Fiunt
3095 3172 3535 3232 exordinationes
3555 3213 3569 3236 ,
3600 3174 3726 3243 quia

2152 3259 2295 3331 quod
2331 3278 2469 3316 unus
2502 3261 2806 3320 ordinando
2839 3260 3115 3330 disponit,
3155 3260 3294 3316 alius
3331 3261 3563 3322 destruit
3606 3278 3736 3320 con-

2153 3353 2323 3408 traria
2349 3351 2668 3408 ordinando.
2703 3351 2857 3408 Unde
2887 3361 2941 3406 et
2973 3352 3030 3406 ﬁt
3059 3352 3202 3422 quod
3231 3352 3514 3421 sequitur:

2224 3461 2294 3517 Et
2321 3463 2444 3516 dum
2471 3462 2738 3516 contraria
2763 3461 2863 3514 sibi
2887 3461 3105 3514 invicem
3134 3460 3297 3518 abbas
3327 3462 3735 3531 Pra'positusquc

2152 3556 2414 3619 sentiunt,
2449 3564 2496 3607 et
2533 3555 2766 3622 ipsorum
2802 3568 3006 3605 necesse
3041 3561 3117 3604 est
3153 3552 3248 3606 sub
3286 3553 3386 3605 hac
3414 3554 3733 3608 dissensione

2151 3645 2357 3698 animos
2380 3641 2688 3713 periclitari.
2715 3640 2782 3694 Et
2805 3642 2874 3705 ii,
2902 3641 2991 3711 qui
3012 3642 3107 3697 sub
3132 3642 3260 3712 ipsis
3281 3651 3424 3706 sunt,
3451 3642 3578 3696 dum
3603 3643 3732 3695 adu-

2151 3730 2332 3784 lantur
2356 3717 2626 3800 partibus,
2664 3739 2788 3785 cunt
2827 3731 2880 3784 in
2919 3731 3283 3800 perditionem.
3324 3731 3488 3801 Cujus
3516 3733 3733 3803 periculi

2151 3823 2350 3878 malum
2373 3821 2491 3877 illos
2518 3823 2723 3894 respicit
2756 3823 2810 3876 in
2837 3824 3031 3892 capite,
3059 3824 3148 3892 qui
3174 3823 3297 3879 talis
3327 3825 3732 3886 inordinationis

2151 3930 2206 3968 se
2227 3915 2460 3983 fecerunt
2486 3925 2744 3968 auctores.
2764 3913 2907 3969 Heu!
2935 3915 3064 3969 mihi
3093 3915 3312 3982 misem,
3327 3916 3422 3986 qui
3442 3933 3501 3974 se
3519 3917 3732 3974 salvare

2151 4005 2492 4069 debuerunt,
2517 4012 2573 4058 et
2598 4004 2733 4059 alios
2762 4014 2818 4060 et
2853 4019 2912 4059 se
2945 4005 3082 4060 male
3111 4005 3345 4061 vivendo
3377 4009 3646 4076 perdunt,
3678 4019 3732 4065 et

2151 4105 2400 4151 caeteros.
2433 4097 2499 4151 Et
2523 4096 2615 4166 qui
2651 4096 2732 4151 ire
2768 4095 3010 4166 aliosque
3037 4097 3106 4150 ad
3133 4097 3398 4152 cmlorum
3427 4099 3732 4155 debuerunt

2151 4189 2350 4243 ducere
2375 4204 2623 4259 regnum,
2645 4197 2778 4244 eunt
2806 4188 2942 4258 ipsi,
2966 4197 3022 4243 et
3042 4204 3302 4256 sequaces
3323 4204 3450 4245 suos
3474 4189 3528 4244 in
3556 4192 3729 4260 perdi-

2153 4277 2316 4333 tionis
2352 4277 2560 4333 fovcam
2593 4278 2900 4348 infernique
2928 4278 3246 4333 barathrum
3276 4288 3545 4350 mergunt.
3578 4280 3729 4346 Quod

2151 4378 2330 4424 autem
2371 4369 2500 4425 dicit
2527 4384 2542 4424 ι
2572 4368 2740 4437 Cujus
2772 4369 2998 4440 periculi
3037 4370 3238 4425 malum
3270 4370 3391 4426 illos
3422 4373 3644 4442 respicit
3671 4373 3724 4427 in

2153 4462 2332 4531 capite
2356 4461 2449 4531 qui
2480 4461 2599 4515 talis
2630 4460 3048 4519 inordinationis
3076 4475 3135 4516 se
3167 4459 3412 4518 fecerunt
3439 4471 3724 4531 auctores,

2152 4551 2222 4606 de
2247 4550 2353 4605 illis
2389 4550 2494 4606 dici
2531 4549 2744 4605 videtur
2777 4549 2872 4619 qui
2910 4549 3052 4608 sicut
3081 4550 3361 4616 abbatem,
3395 4550 3466 4608 ita
3495 4563 3550 4608 et
3587 4567 3722 4621 prae-

2153 4641 2387 4711 positum
2410 4639 2839 4705 ordinaverunt;
2868 4639 2959 4710 qui
2988 4639 3145 4694 unius
3172 4641 3484 4695 monasterii
3514 4643 3725 4701 ordina-

2154 4732 2356 4787 tionem
2393 4745 2501 4785 uon
2534 4729 2746 4786 duobus
2768 4770 2784 4796 ,
2820 4731 2916 4785 sed
2946 4731 3036 4784 uni
3073 4729 3376 4790 debuerunt
3410 4730 3685 4800 imponere
3709 4773 3724 4797 ,

2156 4829 2213 4878 et
2236 4837 2308 4876 ne
2340 4821 2484 4877 inter
2514 4821 2650 4876 duos
2681 4819 2988 4890 periculosa
3040 4829 3397 4882 nascerentur
3443 4822 3690 4882 scandala
3711 4865 3725 4889 ,

2159 4914 2258 4971 soli
2304 4913 2484 4968 abbati
2519 4911 2952 4983 congregationis
2993 4927 3105 4967 sua:
3138 4911 3441 4968 debuerunt
3476 4915 3726 4976 commit-

2156 5015 2275 5060 tere
2303 5019 2513 5060 curam.
2547 5003 2700 5060 Unde
2724 5003 3089 5073 etsequitur:

2229 5094 2458 5166 Ideoque
2491 5110 2584 5148 nos
2621 5092 2966 5164 prazvidcmus
3013 5092 3287 5162 expedire,
3333 5101 3543 5163 propter
3585 5092 3727 5162 pacis

2155 5186 2528 5257 cltaritatisque
2565 5184 2888 5251 custodiam,
2915 5184 2971 5237 in
3008 5184 3209 5239 abbatis
3249 5184 3473 5256 pendere
3509 5184 3727 5239 arbitrio

2154 5278 2538 5333 ordinationem
2568 5276 2872 5336 monasterii
2904 5275 3008 5330 sui.
3053 5275 3172 5346 Ipse
3208 5274 3353 5330 enim
3394 5291 3493 5345 per
3527 5285 3725 5331 semet-

2160 5370 2335 5440 ipsum
2367 5370 2526 5427 debet
2553 5369 2795 5432 omnium
2825 5369 3214 5423 monachorum
3240 5383 3462 5424 suorum
3493 5369 3724 5431 necessi-

2159 5469 2323 5520 tatem
2356 5465 2465 5514 tam
2493 5458 2736 5528 corporis
2764 5473 2925 5527 quam
2951 5458 3145 5518 animae
3172 5459 3459 5529 providere
3479 5498 3493 5522 ,
3527 5466 3583 5512 et
3611 5459 3726 5514 sub-

2159 5550 2295 5604 sidia
2321 5550 2605 5620 prmsentis
2631 5551 2972 5608 necessitatis
2999 5553 3275 5623 porrigere
3294 5593 3307 5617 ,
3337 5560 3392 5606 et
3415 5552 3579 5607 corda
3606 5552 3723 5609 sub—

2161 5643 2396 5701 ditorum
2448 5655 2667 5695 suorum
2709 5643 2776 5696 ad
2820 5643 3034 5698 laudem
3077 5643 3353 5699 Creatoris
3393 5641 3728 5705 admonendo

2159 5729 2472 5796 sustollere,
2504 5739 2558 5786 et
2588 5747 2682 5788 eos
2721 5749 2857 5806 quos
2893 5735 3145 5792 tarditate
3176 5736 3260 5790 vel
3290 5736 3519 5808 segnitie
3550 5735 3725 5810 culpa.
