3944 6448
309 370 404 428 θξι

1333 375 1691 432 COMMENT.
1736 374 1801 430 ΙΝ
1843 374 2000 434 RBG.
2046 375 2106 431 S.
2147 375 2530 433 BENEDICTI.

3456 372 3562 427 923

309 486 443 543 biles
474 488 773 558 repererit,
806 496 965 557 prout
993 488 1146 559 culpa
1176 490 1258 543 vel
1288 499 1419 546 mtas
1447 490 1649 557 fuerit,
1676 499 1770 547 aut
1799 490 1879 545 in-
1909 495 1956 554 Α
1984 490 2178 547 animm
2203 492 2432 548 subdita:
2455 492 2782 561 discrepent,
2812 492 2868 546 in
2902 491 3049 545 nullo
3077 507 3208 547 oves
3238 490 3444 560 absque
3465 505 3562 559 pi-

306 580 619 650 crepatione
638 620 654 644 ,
686 587 780 634 aut
807 579 1019 650 ﬂagello
1047 582 1341 650 corripere.
1364 617 1371 624 -

373 669 445 723 Et
472 669 519 723 si
542 678 709 739 potest
747 670 893 738 ﬁeri,
918 687 1012 741 per
1043 670 1269 725 decanos
1300 672 1595 738 ordinetur,
1639 682 1697 729 ut
1724 682 1883 729 antea

306 760 683 831 disposuimus,
712 761 882 816 munis
923 760 1123 825 utilitas
1154 764 1480 828 monasterii,
1521 776 1677 834 prout
1721 765 1882 819 abbas

305 850 653 922 disposuerit;
683 861 739 905 ut
782 850 910 905 dum
937 850 1177 921 pluribus
1199 853 1562 919 committitur,
1608 871 1743 909 unus
1779 873 1882 911 non

302 941 588 1013 superbiat.
618 941 785 1000 Nobis
812 941 958 997 enim
1002 942 1163 998 modo
1189 951 1247 998 et
1287 944 1457 1000 abbas
1482 952 1538 999 ct
1565 945 1883 1016 praepositus

302 1040 361 1088 et
387 1033 579 1089 decani
608 1041 664 1089 et
689 1033 976 1105 presbyter
1015 1033 1177 1089 simul
1203 1042 1259 1091 et
1294 1050 1510 1105 semper
1538 1044 1664 1093 sunt
1689 1052 1881 1093 neces-

303 1123 454 1190 sarii,
499 1131 561 1178 ut
589 1124 960 1207 unusquisque
987 1125 1042 1180 in
1068 1124 1246 1182 ofﬁcio
1292 1126 1397 1182 sibi
1427 1128 1751 1207 commisso,
1796 1129 1882 1184 vel

301 1217 497 1272 ordine
538 1200 881 1273 convenienti
926 1216 1204 1272 humiliter
1248 1217 1497 1274 laborare
1540 1235 1648 1274 non
1682 1200 1878 1276 cesset.

304 1307 414 1363 Nec
440 1309 601 1364 datur
623 1308 729 1364 illis
748 1307 1073 1381 regulariter
1088 1310 1240 1366 locus
1264 1311 1636 1382 superbiendi,
1664 1314 1758 1369 sed
1781 1315 1882 1369 im-

302 1400 523 1471 ponitur
549 1398 733 1464 fuscis,
758 1415 866 1470 quo
897 1402 1158 1470 gemendo
1191 1411 1421 1472 pergant
1448 1405 1713 1473 oppressi.

375 1491 530 1558 Quod
558 1492 605 1546 si
630 1500 722 1545 aut
749 1490 896 1546 locus
918 1492 1134 1562 expetit,
1161 1501 1256 1547 aut
1283 1495 1618 1564 congregatio
1652 1496 1878 1565 petierit,

305 1582 691 1637 rationabiliter
737 1598 857 1637 cum
899 1583 1217 1650 humilitate,
1266 1594 1317 1639 ct
1364 1585 1524 1641 abbas
1561 1586 1881 1656 iudicaverit

300 1674 562 1745 etpedire,
614 1690 977 1745 quemcunque
1020 1674 1230 1745 elegerit
1284 1677 1446 1733 abbas
1495 1695 1615 1733 cum
1661 1680 1881 1736 consilio

303 1764 530 1834 fratrum
575 1765 868 1819 timentium
896 1765 1084 1831 Deum,
1113 1766 1315 1823 ordinet
1343 1770 1451 1838 ipse
1486 1768 1586 1824 sibi
1632 1773 1883 1841 pra’posi-

1982 582 2146 637 storis
2191 583 2469 637 voluntate
2501 583 2792 638 declinent.
2849 583 2965 652 Ipse
3013 593 3193 637 autem
3237 581 3561 652 praepositus

1982 673 2117 728 nihil
2140 673 2321 738 faciet,
2348 674 2450 728 nisi
2480 674 2622 742 quod
2657 675 2814 728 Pater
2835 672 3082 741 jusserit,
3128 674 3362 729 maxime
3392 674 3447 727 in
3491 688 3553 728 re

1981 779 2154 830 nova;
2188 781 2313 820 nam
2341 782 2464 835 quae
2483 781 2550 821 ex
2573 781 2724 820 mere
2744 766 3048 832 descendit,
3073 767 3314 822 servabit
3340 765 3555 836 regulas

1981 854 2321 911 monasterii.
2336 855 2418 910 lta
2448 869 2642 925 agens,
2660 862 2720 908 ut
2748 871 2848 910 nec
2865 856 3046 910 abbati
3077 856 3296 910 tmdium
3308 864 3551 924 generet,

1982 958 2086 1001 nec
2136 942 2334 1000 fratres
2365 944 2782 1014 intemperantia
2828 944 2974 999 illius
2999 944 3265 999 laborent.
3297 945 3422 1001 llaec
3457 947 3555 1001 ob-

1980 1036 2220 1092 servabit
2259 1036 2444 1094 senior
2471 1036 2789 1095 monasterii
2815 1036 2907 1105 qui
2949 1034 3209 1090 fratribus
3238 1037 3557 1105 pnepositus

1979 1132 2085 1188 est.
2115 1124 2367 1180 referens
2384 1125 2454 1180 ad
2480 1124 2733 1180 abbatem
2778 1124 2984 1189 orantia,
3030 1124 3116 1180 vel
3157 1125 3425 1195 praecipue
3466 1125 3556 1180 illa

1980 1229 2103 1285 quae
2128 1229 2226 1285 per
2247 1229 2307 1270 se
2327 1230 2431 1269 non
2458 1214 2689 1270 valuerit
2710 1214 3003 1284 explicare.

2051 1306 2254 1378 Cogitet
2291 1316 2468 1362 tamen
2513 1307 2675 1361 abbas
2722 1323 2778 1361 se
2819 1307 2883 1360 de
2928 1306 3174 1361 omnibus
3193 1306 3416 1376 judiciis
3447 1308 3558 1361 suis

1981 1399 2091 1457 Deo
2139 1401 2467 1456 redditurum
2509 1400 2765 1454 rationem
2816 1416 2879 1455 ne
2912 1399 3046 1468 forte
3069 1399 3282 1453 invidia:
3324 1410 3415 1452 aut
3458 1401 3555 1452 zeli

1980 1491 2197 1561 flamma
2227 1499 2346 1544 urat
2391 1490 2624 1543 animam
2663 1506 2841 1544 suam.
2872 1488 2985 1544 Nec
3012 1489 3154 1543 inter
3192 1488 3369 1544 laicos.
3402 1488 3564 1543 debet

1980 1595 2102 1636 esse
2129 1580 2342 1635 invidia:
2367 1580 2526 1644 livor,
2553 1587 2757 1649 quanto
2783 1579 2957 1650 magis
2997 1579 3142 1634 inter
3177 1578 3456 1648 religiosos
3480 1578 3558 1631 vi—

1978 1686 2075 1729 ros
2101 1679 2158 1726 et
2183 1671 2499 1726 monasterii
2530 1671 2869 1741 praepositos.
2898 1670 3081 1726 Abbas
3107 1669 3252 1724 enim
3299 1669 3558 1738 praeposi-

1983 1770 2118 1833 tum,
2146 1770 2200 1818 et
2228 1762 2550 1833 praepositus
2573 1763 2851 1827 abbatem,
2877 1770 2937 1816 ut
2961 1761 3143 1827 frater,
3157 1762 3318 1816 debet
3339 1762 3567 1833 diligere

301 1864 436 1909 tum.
475 1853 579 1921 Qui
605 1864 778 1909 tamen
806 1857 1118 1926 pra'positus
1147 1855 1245 1911 illa
1283 1867 1563 1928 agat'cunt
1594 1839 1879 1916 reverentia
1906 1839 1955 1900 Β
1983 1853 2228 1910 fratrem-
2254 1853 2543 1909 Memorari
2572 1855 2717 1910 enim
2749 1854 2913 1910 debet
2934 1854 3135 1918 abbas.
3154 1854 3199 1914 si
3231 1870 3355 1911 eum
3383 1854 3566 1924 aliqua

273 1961 419 2020 ratur
452 1945 518 2000 ab
565 1944 751 1999 abbate
779 1962 875 1999 suo
915 1947 965 2000 ei
994 1946 1233 2017 injuncta
1281 1948 1498 2018 fuerint,
1536 1951 1665 2006 nihil
1700 1963 1883 2006 contra

301 2033 508 2088 abbatis
556 2032 875 2088 voluntatem
920 2043 1014 2089 aut
1048 2036 1433 2111 ordinationem
1475 2039 1711 2109 faciens;
1757 2043 1884 2111 quia

299 2136 500 2198 quanto
524 2124 779 2197 prwlatus
807 2135 882 2180 est
921 2127 1147 2194 ca‘teris,
1184 2110 1333 2183 tanto
1360 2146 1480 2184 eum
1514 2140 1711 2201 oportet
1737 2110 1885 2187 solli—

301 2219 457 2274 citius
503 2218 775 2273 observare
817 2228 1077 2289 prmcepta
1107 2220 1320 2291 regulae.
1355 2221 1421 2276 Et
1452 2222 1597 2278 hunc
1629 2225 1886 2294 praeposi-

302 2316 440 2373 tum,
485 2306 626 2361 sicut
652 2315 706 2363 et
735 2305 987 2362 abbatem
1018 2307 1074 2362 in
1122 2309 1375 2366 omnibus
1417 2312 1611 2367 beatus
1657 2312 1883 2369 Benedi-

302 2407 424 2453 ctus
450 2397 739 2467 diligenter
773 2398 929 2469 ju‘eet
954 2398 1196 2470 regulam
1222 2402 1535 2458 observare.
1576 2404 1677 2471 Qui
1724 2404 1770 2459 si
1801 2405 1885 2460 vel

302 2492 575 2562 superbia,
610 2491 692 2546 vel
725 2491 1073 2563 negligentia,
1099 2493 1185 2548 vel
1212 2494 1440 2561 desidia,
1481 2496 1659 2567 aliqua
1687 2514 1753 2553 ex
1799 2499 1885 2554 his

301 2581 734 2654 prmtermiserit,
761 2597 884 2651 qum
924 2582 977 2637 in
1007 2583 1189 2653 regula
1219 2585 1588 2653 continentur,
1632 2589 1884 2645 omnibus

298 2673 865 2738 condemnatiouibus,
893 2688 1032 2744 quas
1057 2675 1242 2746 regula
1270 2676 1534 2743 continet,
1559 2678 1878 2750 subiacebit.

308 2764 458 2820 Unde
483 2772 538 2819 et
566 2764 655 2819 hic
680 2771 806 2834 apte
835 2765 1118 2834 sequitur:

372 2877 478 2942 Qui
498 2877 829 2947 prapositus,
859 2875 907 2931 si
934 2886 1165 2947 repertus
1193 2877 1351 2948 fuerit
1376 2878 1611 2945 vitiosus,
1642 2886 1735 2933 aut
1768 2878 1881 2934 ela-

300 2967 443 3022 tione
491 2962 734 3037 deceptus
768 2966 1045 3037 superbire,
1093 2976 1184 3022 aut
1219 2977 1541 3038 contemptor
1575 2978 1772 3025 sanctte
1803 2985 1883 3024 re-

298 3056 441 3124 gula:
478 3056 638 3127 fuerit
684 3056 1072 3128 comprobatus,
1125 3057 1473 3112 admoneatur
1510 3058 1679 3113 verbis
1721 3076 1883 3129 usque

298 3158 488 3215 quater
503 3149 603 3213 ad
636 3165 743 3203 non
776 3149 1154 3215 emendaverit,
1199 3151 1514 3204 adhibeatur
1552 3152 1600 3205 ei
1629 3151 1882 3205 correctio
1909 3186 1955 3251 Ο
1994 3170 1999 3174 ’

305 3237 598 3310 disciplinae
624 3236 915 3308 regularis.
964 3237 1119 3304 Quod
1152 3240 1198 3293 si
1245 3256 1410 3309 neque
1453 3240 1529 3293 sic
1558 3240 1880 3304 correxerit,

305 3341 427 3387 tunc
467 3331 755 3402 deficiatur
796 3332 862 3385 de
916 3330 1101 3385 ordine
1141 3331 1501 3401 pra'positura:
1541 3340 1590 3386 et
1620 3330 1756 3386 alius
1796 3332 1885 3403 qui

303 3422 493 3490 dignus
521 3431 595 3476 est
642 3422 699 3475 in
724 3419 840 3474 loco
866 3419 981 3489 ejus
1005 3422 1335 3491 subrogetur.
1367 3420 1525 3486 Quod
1561 3421 1608 3476 si
1633 3431 1680 3475 et
1705 3430 1886 3492 postea

303 3509 359 3563 in
410 3510 810 3581 congregatione
856 3512 1064 3581 quietus
1111 3520 1161 3564 et
1222 3510 1465 3565 obediens
1526 3527 1631 3565 non
1684 3512 1885 3581 fuerit,

301 3601 462 3655 etiam
515 3601 581 3655 de
633 3603 954 3657 monasterio
1006 3601 1321 3674 expellatur.
1382 3600 1656 3657 Hactenus
1712 3602 1889 3672 qualis

300 3706 425 3749 esse
475 3706 583 3744 non
643 3692 804 3746 debet
856 3693 1178 3761 prmpositns
1231 3693 1500 3763 digestum
1560 3702 1680 3757 est;
1736 3694 1889 3749 dein-

306 3795 437 3849 crps
497 3788 679 3835 autem
747 3780 922 3848 qualis
976 3796 1099 3835 esse
1169 3781 1409 3846 debeat,
1476 3798 1545 3837 ex
1601 3784 1889 3840 sententiis

303 3868 527 3928 Patrum
566 3869 1047 3925 detnonstrandum
1096 3876 1200 3924 est.
1231 3869 1564 3938 Praepositus
1625 3886 1756 3940 ergo
1782 3888 1890 3926 mo-

307 3960 534 4019 nasterii
585 3975 691 4015 non
721 3967 885 4015 :etate
937 3960 1115 4025 senili,
1147 3960 1242 4015 sed
1270 3959 1512 4016 moribus
1554 3962 1890 4015 constituen-

309 4052 412 4107 dus
440 4057 543 4105 est.
593 4050 790 4105 Multos
818 4050 963 4106 enim
1014 4050 1300 4120 prolisitas
1346 4064 1617 4104 annorum
1668 4049 1887 4114 attollit,

309 4141 405 4196 sed
447 4141 682 4196 dedecus
706 4140 972 4210 torpentis
1013 4140 1139 4195 vita:
1168 4141 1237 4194 ad
1262 4120 1890 4194 infantiteimmaturita-

312 4244 419 4290 tem
477 4232 868 4305 compescendo
914 4233 1142 4288 reducit.
1183 4229 1604 4287 Constituendus
1639 4238 1726 4287 est
1762 4245 1892 4301 ergo

310 4328 634 4400 prmpositus
666 4325 910 4383 moribus
936 4324 1142 4396 gravis,
1173 4335 1424 4378 sermone
1452 4321 1645 4389 solers,
1676 4320 1893 4392 ingenio

313 4420 493 4483 fortis,
530 4416 973 4475 consideratione
1002 4415 1151 4486 vigil,
1202 4429 1365 4469 cursu
1411 4412 1660 4483 impiger,
1705 4424 1890 4466 corre-

314 4513 498 4583 ptione
526 4511 667 4582 pius,
699 4508 982 4579 disciplina
1013 4508 1350 4571 moderatus,
1378 4513 1505 4561 actu
1534 4513 1736 4569 castus,
1770 4519 1889 4559 mo-

317 4603 470 4658 ribus
499 4601 738 4666 sobrius,
787 4598 1189 4669 dispensatione
1216 4612 1424 4668 aequus,
1457 4596 1773 4652 humilitate
1805 4610 1895 4650 or-

315 4700 500 4757 natus,
527 4691 759 4762 patiens,
788 4689 957 4754 mitis,
993 4704 1102 4745 non
1132 4687 1492 4751 turbulentus,
1523 4702 1630 4742 non
1672 4685 1893 4741 iracun-

314 4786 437 4851 dus,
468 4798 576 4839 non
605 4781 891 4853 superbiae,
921 4780 1005 4835 vel
1034 4777 1359 4849 arrogantiae
1401 4777 1533 4832 vitio
1565 4775 1894 4841 maculatus,

316 4892 427 4933 non
468 4875 748 4946 prodigus,
776 4889 882 4929 non
911 4871 1186 4944 garrulus,
1218 4870 1314 4931 sed
1337 4868 1483 4923 omni
1525 4875 1649 4927 actu
1680 4866 1897 4938 religio-

316 4969 403 5024 nis
431 4974 695 5030 armatus,
723 4963 817 5034 qui
856 4962 995 5019 sciat
1020 4960 1390 5033 languentium
1424 4958 1667 5014 moribus
1696 4958 1897 5014 subve-

316 5061 459 5124 nire,
483 5066 540 5113 et
556 5054 948 5127 teposcentium
968 5051 1241 5123 ignaviam
1262 5050 1526 5116 excitare,
1550 5063 1715 5120 super
1732 5063 1893 5119 quem

319 5151 488 5206 abbas
534 5146 860 5217 requiescat,
878 5144 951 5197 ἰιι
976 5143 1033 5199 in
1063 5139 1211 5197 nullo
1257 5139 1328 5194 ab
1357 5138 1438 5193 eis
1466 5136 1753 5208 praeceptis
1799 5137 1896 5192 de-

319 5241 461 5309 viet,
495 5239 594 5295 sed
620 5238 676 5293 in
702 5235 955 5293 omnibus
997 5231 1268 5297 subditus,
1320 5238 1379 5286 et
1422 5230 1478 5285 in
1507 5228 1684 5309 jussis
1717 5228 1894 5285 senio-

318 5332 399 5388 ris
435 5307 691 5387 detentus
735 5326 978 5396 nibilque
1017 5323 1232 5379 abbatis
1258 5307 1526 5377 voluntati
1569 5319 1643 5375 sit
1670 5328 1892 5375 contra-

318 5423 458 5487 rius,
487 5428 583 5476 aut
610 5418 793 5486 faciat,
838 5425 933 5473 aut
973 5416 1191 5473 ordinet
1217 5411 1547 5477 faciendum,
1577 5409 1673 5466 sed
1710 5408 1893 5465 omnia

320 5527 420 5585 per
442 5510 563 5582 ejus
593 5510 1097 5583 interrogationem,
1121 5506 1277 5576 juxta
1305 5504 1435 5560 illud
1459 5503 1603 5574 quod
1631 5502 1895 5574 sc‘riptum

320 5612 409 5663 est
435 5622 448 5657 :
481 5604 759 5674 Interroga
780 5610 981 5673 patrem
1004 5608 1176 5664 tuum,
1194 5606 1244 5652 et
1271 5594 1603 5650 annuntiabit
1629 5592 1757 5658 tibi;
1786 5596 1899 5648 maé

324 5694 461 5767 iores
506 5704 646 5760 tuos,
678 5705 724 5748 et
774 5692 950 5755 dicent
980 5690 1072 5744 tibi
1104 5686 1283 5758 (Deut.
1319 5684 1514 5755 xxxii).
1539 5684 1901 5761 interrogan-

327 5785 451 5844 dum
497 5801 713 5857 semper
756 5796 862 5852 est,
911 5791 970 5843 ut
1015 5782 1069 5842 in
1104 5779 1249 5842 nullo
1288 5794 1320 5837 a
1365 5778 1637 5841 seniorum
1674 5774 1902 5832 consilio

1982 1946 2200 2005 invidia:
2216 1946 2298 2001 vel
2320 1945 2505 2001 livoris
2528 1945 2703 2017 tangit
2730 1945 2967 2010 ﬂamma,
3002 1960 3069 1999 ne
3091 1945 3151 1998 in
3164 1944 3298 2000 Cain
3323 1945 3566 2014 iniquam

1974 2037 2350 2093 communicet
2398 2036 2682 2103 invidiam,
2740 2037 2834 2106 qui
2881 2051 2978 2106 per
3023 2035 3127 2090 zeli
3157 2036 3381 2091 livorem
3430 2035 3563 2090 Abel

1981 2128 2211 2185 fratrem
2259 2143 2420 2183 suum
2458 2125 2666 2196 justum
2714 2127 2946 2193 occidit;
2995 2135 3053 2181 et
3080 2142 3176 2195 per
3206 2127 3316 2181 zeli.
3340 2126 3565 2181 livorem

1982 2220 2163 2277 factus
2190 2229 2277 2278 est
2302 2221 2559 2276 inimicus
2581 2220 2720 2275 Esau
2749 2219 2906 2275 fratri
2929 2235 3030 2276 suo
3049 2218 3218 2274 Jacob
3232 2234 3253 2282 ς,
3272 2227 3329 2274 et
3349 2233 3445 2288 per
3465 2219 3564 2272 zeli

1983 2310 2213 2366 livorem
2260 2326 2291 2365 a
2324 2310 2586 2366 fratribus
2631 2311 2746 2366 suis
2786 2310 3037 2365 venditus
3066 2318 3153 2365 est
3189 2308 3415 2378 Josepb.
3456 2309 3565 2364 Zeli

1983 2401 2131 2458 enim
2192 2402 2329 2457 livor
2372 2417 2683 2472 quanquam
2741 2401 2902 2457 unius
2947 2402 3094 2456 vitiis
3137 2408 3427 2456 censeatur
3471 2416 3567 2454 no—

1986 2491 2153 2557 mine,
2199 2492 2462 2564 plurimos
2509 2508 2607 2562 per
2657 2491 2871 2547 diversa
2920 2491 3050 2545 vitia
3089 2498 3316 2561 generat
3343 2505 3564 2545 .ramns.

1983 2583 2190 2640 Cuncta
2217 2585 2362 2639 enim
2395 2585 2652 2640 virtutum
2682 2583 3156 2655 germinainvidia:
3185 2583 3322 2637 livor
3341 2598 3567 2637 concre-

1983 2684 2117 2730 mat.
2150 2673 2357 2731 Cuncta
2390 2676 2531 2730 bona
2562 2675 2758 2729 ardore
2786 2672 3047 2744 pestifero
3074 2674 3318 2736 devorat,
3350 2686 3570 2727 sensum

1982 2763 2237 2828 comedit,
2270 2774 2460 2833 pectus
2483 2763 2611 2828 urit,
2641 2756 2879 2818 mentem
2911 2763 3097 2828 allicit,
3135 2772 3190 2818 et
3214 2779 3310 2818 eor
3337 2762 3572 2816 hominis

1980 2852 2139 2923 quasi
2166 2853 2414 2922 quaedam
2461 2852 2631 2921 pestis
2661 2852 2920 2921 depascit.
2952 2851 3152 2906 Contra
3183 2852 3330 2922 quod
3373 2851 3563 2905 vitium

1981 2947 2335 3018 praeparanda
2358 2945 2646 3016 suntpacis
2667 2952 2722 2999 et
2741 2945 3028 3000 charitatis
3049 2960 3201 2999 arma
3227 2945 3279 2998 in
3294 2944 3504 2999 abbatis
3517 2952 3572 2998 ct

1982 3036 2223 3092 omnium
2251 3046 2521 3093 rectorum
2543 3043 2854 3091 sanctorum
2882 3047 2975 3089 seu
3000 3024 3341 3090 subditorum
3363 3033 3565 3088 anima.

2546 3125 2774 3183 CAPUT
2813 3123 2995 3178 LXVI.

2429 3216 2504 3270 De
2534 3215 2752 3270 ostiario
2782 3214 3108 3269 monasterii.

2056 3310 2135 3364 Ad
2160 3318 2367 3381 portam
2402 3308 2707 3363 monasterii
2745 3315 2976 3377 ponatur
3007 3320 3166 3359 senex
3189 3305 3398 3375 sapiens
3420 3342 3437 3369 ,
3480 3309 3576 3374 qui

1984 3402 2115 3457 sciat
2162 3400 2399 3467 accipere
2427 3414 2730 3470 responsant
2752 3406 2799 3452 et
2823 3396 3072 3461 reddere;
3103 3394 3257 3465 cujus
3289 3394 3567 3448 maturitas

1984 3511 2104 3549 eum
2135 3510 2242 3548 non
2271 3493 2412 3548 sinat
2446 3491 2651 3563 vagari.
2691 3489 2996 3545 Notandum
3023 3488 3149 3558 quia
3181 3503 3285 3541 non
3317 3485 3475 3551 dixit,
3504 3486 3571 3539 ad

1986 3593 2200 3655 portam
2230 3593 2464 3654 ponatur
2505 3596 2667 3638 senex
2695 3588 2877 3644 artata,
2913 3580 3005 3634 sed
3044 3578 3120 3632 ait
3143 3586 3375 3648 ponatur
3415 3592 3574 3629 senex

1985 3681 2216 3751 sapiens.
2248 3678 2351 3734 Ubi
2378 3677 2537 3733 datur
2565 3674 2813 3746 intelligi,
2842 3673 2970 3744 quia
3016 3686 3126 3726 non
3174 3678 3309 3725 aetas
3345 3670 3401 3723 in
3437 3683 3567 3739 por-

1989 3772 2130 3827 tario
2154 3770 2444 3840 quaerenda
2477 3776 2559 3824 est
2605 3766 2873 3837 corporis,
2902 3763 2995 3819 sed
3027 3760 3303 3832 sapientia:
3328 3766 3383 3812 et
3412 3756 3571 3812 intel-

1988 3861 2179 3916 lectus.
2214 3860 2350 3914 llinc
2375 3873 2607 3926 namque
2632 3863 2690 3911 et
2726 3871 2823 3925 per
2845 3853 3134 3924 quemdam
3164 3848 3460 3920 sapientem
3489 3845 3570 3901 di-

1987 3953 2131 4008 citur
2156 3949 2457 4005 :.Sencctus
2486 3946 2791 4017 venerabilis
2818 3955 2892 4000 est
2942 3960 3046 3997 non
3088 3942 3365 4007 diuturna,
3412 3955 3574 4010 neque

1991 4057 2207 4096 numero
2234 4055 2494 4093 annorum
2522 4045 2841 4107 computata.
2870 4031 3004 4088 Cani
3030 4041 3150 4086 sunt
3189 4040 3362 4084 autem
3390 4044 3573 4083 sensus

1990 4128 2237 4193 hominis,
2259 4136 2305 4182 et
2335 4136 2463 4182 a'tas
2498 4125 2775 4183 senectutis
2799 4124 2906 4178 vita
2931 4119 3273 4177 immaculata
3299 4118 3448 4193 (Sap.
3473 4118 3571 4189 tv).
3588 4165 3600 4181 ,

1992 4221 2131 4277 llinc
2160 4221 2231 4275 ad
2262 4219 2481 4291 Moysen
2509 4217 2708 4273 dicitur
2734 4233 2748 4271 :
2778 4212 3048 4285 Congrcga
3080 4211 3206 4265 milii
3244 4209 3577 4282 septuaginta

1992 4313 2131 4367 uiros
2162 4309 2227 4364 de
2249 4310 2460 4364 senibus
2490 4305 2684 4372 Israel,
2710 4322 2839 4378 quos
2863 4312 2921 4357 tu
2947 4302 3107 4369 nosti,
3136 4300 3277 4372 quod
3306 4316 3453 4354 senes
3477 4316 3575 4370 po-

1992 4398 2104 4473 puli
2130 4408 2253 4455 sunt
2286 4397 2476 4470 (Nunt.
2512 4395 2610 4468 χι).
2651 4394 2712 4449 In
2743 4393 2940 4465 quibus
2966 4390 3095 4461 quid
3125 4389 3271 4445 aliud
3298 4404 3460 4460 quam
3491 4404 3578 4442 sc-

1995 4502 2189 4549 nectus
2216 4488 2399 4545 cordis
2428 4485 2743 4557 requiritur.
2768 4483 2906 4538 Dum
2936 4482 3079 4537 enim
3108 4479 3340 4545 dicitur,
3368 4494 3497 4549 quos
3520 4486 3577 4529 tu

1998 4584 2156 4648 nosti,
2182 4580 2322 4656 quod
2342 4596 2490 4635 senes
2514 4576 2695 4650 populi
2719 4584 2860 4642 sunt,
2886 4572 3132 4645 profecto
3156 4571 3326 4641 liquet
3346 4570 3475 4641 quia
3499 4584 3579 4625 se-

1996 4684 2189 4732 nectus
2216 4672 2435 4737 mentis,
2467 4686 2574 4726 non
2602 4666 2849 4739 corporis
2875 4664 3120 4736 eligenda
3150 4662 3449 4718 nuntiatur.

2020 4823 2029 4829 α
2071 4766 2175 4832 Qui
2199 4763 2466 4838 portarius
2493 4758 2680 4816 cellam
2695 4757 2841 4812 debet
2870 4754 3057 4810 habere
3073 4754 3232 4825 juxta
3252 4759 3490 4824 portam;
3521 4759 3577 4803 ut

1999 4858 2259 4913 renientes
2287 4868 2489 4925 semper
2511 4858 2821 4922 prwsentem
2848 4844 3141 4925 inveniant,
3172 4860 3205 4897 a
3228 4857 3332 4913 quo
3361 4856 3576 4912 respou—

1998 4963 2117 5001 sum
2145 4923 2426 5015 accipiant.
2460 4939 2599 4995 Hinc
2623 4945 2679 4994 et
2702 4936 2794 4991 alii
2821 4923 3031 5004 antiqui
3060 4930 3452 4989 monachorum
3476 4925 3580 4981 Pa-

1996 5049 2111 5097 tres
2137 5040 2429 5096 dixerunt:
2461 5033 2697 5091 Ostiario
2721 5044 2852 5087 cura
2881 5028 2974 5093 sit,
3000 5033 3064 5082 ut
3088 5038 3280 5082 omnes
3299 5020 3580 5077 venientes

1998 5133 2141 5189 intra
2167 5130 2368 5200 januas
2398 5126 2649 5196 recipiat,
2682 5124 2818 5180 dans
2842 5119 2924 5177 eis
2948 5131 3265 5189 responsum
3290 5115 3580 5171 honestum

1995 5239 2121 5279 cum
2140 5219 2444 5277 humilitate
2468 5224 2524 5275 et
2544 5213 2872 5277 reverentia,
2892 5210 3148 5266 nuntians
3165 5205 3369 5271 abbati,
3390 5201 3477 5258 vel
3500 5219 3582 5256 se-

1998 5313 2242 5370 nioribus
2265 5311 2386 5382 quis
2410 5309 2641 5373 venerit,
2685 5314 2741 5362 et
2762 5304 2891 5376 quid
2918 5302 3155 5374 petierit.
3187 5299 3247 5355 Si
3277 5296 3410 5369 quid
3452 5309 3584 5350 vero

1999 5406 2306 5476 cuicunque
2332 5403 2401 5459 de
2442 5401 2701 5457 fratribus
2740 5398 2967 5453 missum
2995 5394 3079 5451 vel
3127 5390 3439 5448 mandatum
3466 5385 3585 5441 fue-

2003 5498 2096 5563 rit,
2126 5496 2261 5552 nihil
2288 5495 2357 5551 ad
2394 5494 2573 5564 ipsum
2602 5488 2905 5562 perveniat,
2946 5485 3258 5559 priusquam
3284 5476 3465 5535 abbati
3495 5476 3583 5533 vel

2006 5585 2317 5643 senioribus
2347 5582 2636 5640 indicetur.

2079 5680 2147 5734 Et
2195 5695 2317 5735 mox
2345 5686 2399 5731 ut
2447 5675 2636 5746 aliquis
2661 5670 2943 5744 pulsaverit
2983 5676 3072 5722 aut
3101 5679 3297 5736 pauper
3329 5659 3588 5716 clamave-

2011 5776 2096 5840 rit,
2130 5771 2237 5830 Deo
2264 5771 2461 5845 gratias
2494 5764 2824 5837 respondeat,
2856 5772 2947 5816 aut
2983 5758 3267 5817 bcucdirat.
3303 5755 3592 5824 Eleganter
