3944 6448
385 354 493 411 923

1680 350 2035 410 SMARAGDI
2067 351 2359 410 ABBATIS

3555 359 3663 417 92$

382 469 476 525 hic
502 467 637 522 duas
666 466 995 522 venientium
1024 466 1216 521 beatus
1259 467 1444 536 posuit
1475 465 1803 523 Benedictus
1839 480 1967 537 pcr-
1994 468 2048 530 Α
2071 467 2241 522 storis
2268 467 2339 524 ad
2366 467 2536 524 laicos
2575 468 2890 540 pertinebit.
2924 469 3030 539 Ipsi
3068 469 3217 524 enim
3254 470 3494 527 triticum
3532 487 3664 543 puri-

383 571 569 618 sonas.
602 555 775 611 Unam
803 556 1062 625 potentis,
1094 555 1188 626 qui
1217 556 1262 610 si
1283 556 1507 627 ianuam
1538 557 1855 613 monasterii
1876 556 1965 612 in-

380 647 597 703 venerit
620 647 884 713 clausam,
916 662 1081 702 manu
1108 649 1194 703 vel
1223 646 1368 703 fuste
1404 648 1587 718 pulset
1614 664 1768 715 eam;
1804 648 1968 704 aliam

385 756 518 795 vero
547 740 800 811 pauperis
823 741 1005 811 posuit
1030 755 1338 810 personam,
1367 755 1488 811 qua:
1518 756 1625 796 non
1647 741 1846 811 pulsat,
1874 741 1971 796 sed

389 841 594 886 tantum
623 833 906 887 humiliter
933 833 1134 887 clamat
1158 833 1226 886 ad
1246 833 1492 904 ianuam.
1525 832 1732 900 Quibus
1759 841 1814 887 et
1836 832 1972 887 satis

381 931 506 992 apta
536 939 567 977 a
601 924 846 993 portario
888 923 1265 992 respondenda
1312 924 1641 993 composuit,
1683 938 1968 993 responsa,

385 1013 645 1069 videlicet
665 1022 727 1069 ut
755 1029 891 1069 voce
919 1014 1175 1084 pauperis
1202 1014 1404 1079 audita,
1436 1014 1548 1069 Deo
1581 1015 1785 1085 gratias
1825 1021 1968 1084 agat,

382 1107 593 1175 potenti
626 1121 758 1161 vero
784 1120 1082 1162 occurrens
1108 1106 1323 1161 obviam
1365 1105 1645 1161 humiliter
1677 1104 1747 1159 ab
1774 1119 1842 1159 eo
1878 1105 1973 1158 be-

384 1198 748 1253 nedictionem
775 1205 942 1268 petat.

461 1288 529 1341 Et
555 1305 671 1344 cum
700 1289 843 1343 omni
870 1288 1275 1343 mansuetudine
1296 1289 1499 1343 timoris
1526 1287 1627 1343 Dei
1664 1288 1851 1343 reddat
1890 1304 1973 1342 rc—

382 1395 632 1447 sponsum
659 1380 972 1449 festinanter
998 1396 1116 1433 cum
1156 1380 1359 1450 fervore
1398 1381 1695 1435 charitatis.
1744 1380 1884 1435 Ilinc
1916 1389 1973 1435 et

382 1471 522 1527 alius
567 1472 789 1540 quidam
820 1472 1212 1526 monachorum
1261 1472 1527 1542 magister
1566 1472 1646 1526 ait
1688 1489 1704 1525 :
1738 1471 1971 1526 Portarii

382 1562 698 1617 monasterii
756 1562 893 1617 tales
946 1576 1067 1617 esse
1118 1562 1339 1626 debent,
1392 1562 1485 1632 qui
1526 1563 1767 1616 omnium
1812 1560 1973 1617 simul

384 1657 691 1712 mercedem
717 1656 987 1713 aedificent
1021 1664 1182 1713 actate
1211 1658 1368 1712 senili
1400 1659 1599 1728 quibus
1640 1659 1873 1714 mundus
1900 1658 1975 1713 si-

381 1748 476 1813 let,
509 1748 599 1818 qui
627 1748 740 1819 jam
766 1764 832 1803 ex
861 1749 1219 1820 pncsentibus
1243 1750 1456 1821 pompis
1478 1750 1615 1805 nihil
1638 1750 1970 1819 desiderent,

2068 565 2218 628 gent,
2237 558 2338 630 ipsi
2363 574 2431 615 ex
2445 576 2599 617 more
2616 561 2842 617 molant.
2860 561 3094 617 Massam
3114 565 3455 620 tantumdem
3478 582 3665 624 mona-

2067 649 2154 704 chi
2171 650 2483 716 conticiant,
2500 659 2557 708 et
2576 668 2772 724 panem
2790 653 2893 709 sibi
2913 654 3151 724 propriis
3168 656 3420 712 manibus
3438 656 3661 716 faciant.

2142 738 2299 795 Hanc
2335 751 2510 798 autem
2534 744 2774 814 regulam
2800 746 2994 815 sapius
3020 744 3260 801 volumus
3291 748 3348 802 in
3372 764 3662 823 congrega-

2070 830 2212 884 tione
2239 830 2361 902 legi,
2399 849 2465 887 ne
2501 834 2619 904 quis
2649 834 2877 904 fratrum
2916 836 2982 890 de
3007 837 3310 906 ignorantia
3346 856 3403 894 se
3429 854 3660 900 excuset.

2071 917 2212 975 llinc
2246 929 2305 976 et
2348 922 2541 977 beatus
2574 922 2913 995 Augustinus
2952 926 3029 980 ait
3063 944 3079 980 :
3123 927 3193 983 Ut
3232 937 3414 985 autem
3454 946 3553 986 vos
3603 935 3657 989 in

2071 1012 2176 1066 hoc
2207 1012 2415 1077 libello,
2450 1022 2709 1085 tanquam
2752 1017 2807 1071 in
2860 1018 3085 1087 speculo
3115 1020 3340 1087 possitis
3372 1021 3661 1092 inspicere,

2070 1118 2143 1158 ne
2184 1119 2284 1175 per
2321 1105 2651 1161 oblivionem
2683 1107 2890 1177 aliquid
2916 1109 3240 1181 negligatis,
3270 1114 3438 1168 semel
3477 1115 3532 1169 in
3570 1130 3655 1171 sco

2070 1195 2313 1265 ptimana
2339 1197 2493 1251 vobis
2517 1197 2755 1268 legatur,
2788 1207 2843 1254 et
2870 1200 2961 1255 ubi
2993 1215 3090 1256 vos
3116 1201 3433 1259 inveneritis
3454 1219 3516 1259 ea
3544 1222 3661 1276 qua

2072 1286 2274 1356 scripta
2319 1296 2446 1342 sunt
2475 1288 2737 1345 facientes
2759 1330 2775 1356 ,
2811 1291 2958 1360 agite
2992 1292 3200 1361 gratias
3227 1293 3457 1349 Domino
3485 1297 3660 1352 bono-

2073 1394 2194 1433 rum
2240 1380 2485 1439 omnium
2523 1381 2788 1453 largitori.
2841 1383 2944 1438 Ubi
2976 1392 3158 1439 autem
3198 1387 3301 1441 sibi
3349 1388 3661 1459 quicunque

2072 1476 2314 1524 vestrum
2357 1471 2507 1527 videt
2536 1472 2736 1543 aliquid
2766 1474 2979 1541 deesse,
3027 1475 3209 1531 doleat
3235 1477 3302 1531 de
3335 1479 3614 1547 praeterito
3639 1521 3655 1544 ,

2073 1572 2265 1618 caveat
2308 1564 2376 1619 de
2408 1563 2611 1629 futuro,
2663 1580 2826 1621 orans
2863 1573 2924 1621 ut
2959 1566 3064 1622 sibi
3107 1568 3348 1623 debitum
3391 1570 3662 1638 dimittat,

2072 1663 2130 1711 et
2165 1656 2219 1710 in
2259 1656 2614 1711 teutationem
2652 1673 2759 1712 non
2801 1658 3107 1715 inducatur.
3159 1659 3297 1715 llinc
3327 1669 3386 1716 et
3410 1661 3665 1723 Aurelius

2074 1746 2366 1816 episcopus
2408 1747 2485 1802 ait
2515 1766 2528 1801 :
2563 1747 2642 1803 Ne
2685 1762 2784 1819 per
2819 1750 3148 1805 oblivionem
3189 1751 3394 1821 aliquid
3423 1752 3664 1824 negliga-

383 1843 480 1896 sed
513 1817 567 1896 in
601 1817 717 1897 toto
743 1817 925 1896 cordis
967 1841 1163 1897 ali'ectu
1209 1817 1455 1897 Creatori
1485 1841 1817 1898 inhaerentes
1857 1817 1973 1897 sin;-
1999 1817 2046 1876 B
2077 1838 2166 1903 tis,
2202 1837 2371 1894 semel
2397 1853 2465 1893 ea
2506 1839 2561 1894 in
2586 1817 2777 1910 viginti
2812 1841 3004 1896 diebus
3026 1840 3213 1912 legite,
3331 1850 3415 1897 est
3439 1882 3456 1907 ,
3487 1817 3547 1897 in
3568 1817 3667 1896 lia—

378 1933 487 2001 gzili
510 1934 595 1987 dic
612 1941 691 1987 int
715 1951 728 1986 :
761 1931 891 1986 Mihi
909 1942 1086 1986 autem
1111 1933 1383 1987 adha'rere
1404 1933 1516 1988 Deo
1544 1932 1740 1987 bonum
1765 1942 1865 1999 est,
1881 1950 1968 2005 po-

383 2038 507 2073 nere
528 2023 582 2074 in
609 2020 833 2075 Domino
852 2020 957 2074 Deo
978 2037 1122 2091 spem
1145 2036 1335 2085 meum,
1363 2020 1524 2076 talem
1550 2036 1767 2091 semper
1790 2037 1976 2092 super-

379 2112 726 2167 venientibus
754 2114 1047 2168 ostendant
1076 2113 1404 2184 exemplum,
1433 2124 1493 2168 ut
1520 2121 1576 2168 et
1601 2113 1733 2170 foris
1761 2115 1830 2169 ab
1871 2128 1973 2171 ex-

379 2204 588 2258 traneis
631 2218 829 2258 nomen
873 2203 1089 2260 Domini
1117 2205 1470 2277 glorificetnr,
1499 2206 1656 2277 juxta
1700 2207 1844 2277 quod
1872 2207 1975 2262 Do-

381 2295 565 2351 minus
592 2295 668 2348 ait
692 2311 706 2347 :
737 2293 829 2350 Sic
853 2293 1025 2349 luceat
1048 2294 1142 2349 lux
1165 2304 1337 2350 vestra
1370 2312 1549 2350 coram
1569 2296 1891 2361 hominibus,
1914 2306 1973 2351 ut

382 2384 591 2439 rideant
631 2400 789 2455 opera
816 2395 987 2439 vestra
1033 2385 1193 2453 bona,
1238 2395 1289 2440 et
1312 2386 1604 2457 gloriﬁcent
1637 2386 1848 2443 Patrem
1886 2404 1974 2444 ve-

381 2486 571 2541 strum,
600 2475 690 2547 qui
713 2476 769 2530 in
795 2476 935 2531 aclis
964 2487 1040 2531 est
1065 2476 1282 2549 (Matth.
1306 2477 1395 2550 v);
1421 2487 1477 2533 et.
1498 2478 1643 2535 intus
1668 2494 1793 2535 cum
1819 2481 1975 2536 soda-

381 2571 525 2624 libus
559 2569 674 2625 suis
710 2569 983 2625 mercedis
1010 2577 1321 2641 praeparent
1360 2570 1529 2635 lucra,
1565 2570 1692 2626 dum
1728 2571 1973 2628 omnium

383 2664 503 2718 vice
533 2662 669 2717 foris
705 2670 902 2735 gerunt
926 2678 1130 2718 curam.
1162 2649 1257 2718 Sic
1278 2664 1422 2718 cauti
1449 2665 1696 2720 moribus
1721 2679 1846 2720 cum
1865 2665 1974 2719 vir-

387 2763 565 2809 tutum
597 2754 859 2825 magistra
907 2754 1211 2809 humilitate
1260 2754 1517 2819 existant,
1561 2764 1622 2809 ut
1657 2756 1835 2811 omnis
1874 2770 1974 2825 pa-

383 2844 591 2898 tientiae
620 2843 987 2898 blandimenta
1019 2859 1086 2898 ex
1109 2843 1377 2914 colloquio
1407 2842 1606 2900 ali'abili
1643 2846 1967 2912 ostendant;

380 2952 700 3010 pauperum,
747 2937 1160 3008 peregrinorum
1205 2944 1260 2992 et
1292 2936 1567 3007 hospitum
1595 2952 1783 2993 curam
1832 2937 1976 2992 inter

379 3030 566 3084 omnia
593 3028 882 3094 habentes,
907 3029 1033 3099 quia
1062 3028 1116 3083 in
1141 3028 1228 3083 his
1250 3027 1501 3083 Christus
1528 3027 1841 3099 suscipitur,
1867 3029 1975 3084 sie-

380 3130 442 3175 ut
461 3121 575 3191 ipse
585 3121 687 3175 ait:
707 3119 861 3186 Quod
881 3120 973 3174 uni
991 3135 1056 3174 ea:
1078 3119 1308 3174 minimis
1326 3120 1452 3174 meis
1469 3120 1686 3190 fecistis,
1707 3119 1836 3173 milii
1851 3118 1975 3189 feci-

378 3214 475 3271 stis
490 3212 705 3284 (Matth.
737 3211 891 3284 xxv).
906 3211 1066 3267 Foris
1079 3211 1281 3282 aliquid
1297 3212 1448 3275 dare,
1473 3211 1557 3267 vel
1578 3212 1802 3267 cuilibet
1815 3212 1974 3267 mini-

379 3314 577 3369 strare,
608 3302 696 3357 vel
742 3317 771 3356 a
802 3301 936 3358 foris
966 3301 1172 3372 aliquid
1203 3294 1471 3373 accipere,
1522 3302 1831 3358 nullatenus
1856 3303 1976 3359 sine

380 3402 689 3449 commeatu
719 3392 936 3447 abbatis
963 3391 1143 3446 facere
1168 3400 1482 3462 praesumat.
1510 3391 1553 3445 A
1581 3391 1735 3462 signo
1758 3406 1975 3462 vesper-

377 3479 496 3542 tino
522 3500 694 3555 usque
725 3485 792 3540 ad
827 3484 1119 3541 secundam
1155 3485 1432 3555 iiuplctam
1463 3484 1772 3541 nullatenus
1794 3494 1976 3556 porta-

380 3593 505 3633 rum
551 3577 697 3634 fores
728 3577 1063 3648 aperiantur,
1095 3591 1268 3646 neque
1312 3575 1456 3630 ullus
1483 3591 1513 3630 a
1554 3575 1687 3631 foris
1715 3576 1972 3633 introitus

379 3672 625 3739 pateﬁat,
674 3670 767 3725 sed
800 3670 846 3724 si
893 3668 1194 3725 necessitas
1232 3666 1510 3722 advenerit
1549 3683 1649 3738 per
1674 3666 1971 3723 fenestram

379 3772 554 3825 totqu
588 3758 938 3816 deliberetur.

454 3854 560 3922 Qui
596 3855 864 3926 portarius
889 3853 935 3909 si
963 3853 1156 3924 indiget
1199 3851 1414 3919 solatio,
1433 3853 1703 3924 juniorcm
1747 3853 1969 3923 fratrem

378 3948 626 4020 accipiat.
654 3946 793 4002 llinc
821 3954 877 4001 ct
916 3946 1056 4007 alius
1081 3945 1247 4001 Pater
1277 3946 1355 4001 ait
1391 3963 1406 4004 :
1441 3946 1663 4002 Duobus
1705 3945 1970 4001 fratribus

376 4038 512 4097 cella
561 4038 704 4093 intra
750 4036 931 4110 regias
979 4035 1294 4101 monasterii
1343 4037 1727 4102 constituatur,
1774 4037 1865 4108 qui
1911 4043 1969 4089 et

334 4129 347 4145 “
376 4131 633 4190 claudant
687 4127 1078 4187 monasterium
1127 4135 1251 4198 post
1295 4134 1581 4193 exeuntes,
1612 4134 1667 4182 et
1717 4127 1969 4197 aperiunt

376 4223 727 4289 intrantibus,
778 4229 835 4276 et
872 4220 1223 4275 advenientes
1269 4220 1521 4275 nuntient
1570 4219 1774 4274 abbati.
1824 4217 1967 4273 Vasa

376 4314 464 4371 vel
493 4314 702 4386 reliqua
748 4312 1020 4378 utensilia,
1069 4328 1189 4383 quae
1237 4313 1304 4367 ad
1342 4312 1615 4382 bOSpitum
1660 4327 1789 4367 usus
1813 4311 1967 4383 baju-

1999 3172 2045 3238 C

2074 1929 2267 1986 lendis.
2298 1929 2409 1986 Nos
2436 1939 2617 1986 autem
2644 1932 2886 2000 regulam
2909 1939 3149 1988 nostram
3171 1950 3278 1989 non
3303 1935 3477 1990 solum
3499 1937 3666 1990 semel

2074 2021 2129 2076 in
2164 2020 2451 2083 Kalendis,
2493 2022 2578 2077 vel
2609 2022 2662 2075 in
2701 2024 3059 2091 hebdomada,
3100 2024 3196 2079 sed
3228 2025 3392 2080 etiam
3423 2027 3668 2097 quotidie

2073 2115 2131 2169 in
2177 2113 2467 2170 collatione
2509 2114 2762 2186 legimus,
2791 2123 2851 2169 ut
2878 2113 2996 2183 eius
3015 2124 3289 2187 praecepta
3314 2133 3666 2191 cognoscere,

2074 2215 2132 2262 et
2183 2205 2252 2261 ad
2309 2221 2505 2276 purum
2545 2206 2846 2277 intelligere
2891 2208 3171 2264 valeamus
3197 2249 3213 2274 ,
3258 2217 3317 2264 et
3352 2225 3417 2264 ea
3473 2210 3665 2266 intelli-

2075 2306 2265 2370 gentes
2276 2297 2362 2353 vel
2386 2299 2684 2353 secundum
2701 2299 3117 2370 possibilitatem
3143 2302 3406 2356 memoria
3432 2303 3664 2358 retincn~

2072 2397 2178 2455 tes,
2206 2389 2502 2461 adjuvante
2528 2390 2771 2458 Christo,
2792 2391 3021 2463 implere
3046 2392 3302 2464 cperibus
3326 2394 3623 2453 valeamus.

2626 2481 2861 2540 CAPUT
2902 2482 3111 2540 LXVII.

2467 2570 2546 2626 De
2573 2572 2828 2643 fratribus
2850 2574 2906 2628 in
2926 2574 3014 2629 ria
3037 2575 3270 2631 directis.

2115 2645 2119 2655 ’
2142 2663 2419 2734 Dirigendi
2446 2663 2639 2734 fratres
2658 2665 2713 2718 in
2737 2665 2823 2720 uia
2846 2665 3080 2720 omnium
3111 2666 3340 2737 fratrum
3363 2667 3443 2722 uel
3463 2667 3668 2723 abbatis

2075 2757 2303 2811 orationi
2326 2774 2382 2811 se
2407 2756 2787 2812 commendent.
2822 2756 2919 2813 His
2943 2772 3075 2814 vero
3106 2758 3366 2817 fratribus
3391 2762 3444 2815 in
3474 2762 3561 2815 via
3586 2762 3665 2817 die

2075 2848 2316 2920 rigendis
2353 2857 2482 2906 ante
2514 2850 2687 2906 altare
2727 2852 3039 2922 prostratis,
3069 2862 3126 2909 et
3165 2855 3234 2909 ab
3261 2855 3515 2912 omnibus
3537 2872 3665 2912 ora-

2076 2941 2282 2995 tionem
2311 2942 2681 3011 poscentibus,
2713 2942 2863 2998 dicat
2888 2946 3145 3001 sacerdos
3166 2945 3266 3001 hos
3298 2959 3487 3001 versus
3505 2987 3521 3012 ,
3548 2948 3667 3017 ipso

2075 3037 2258 3085 tamen
2305 3030 2621 3101 incipiente,
2666 3040 2724 3086 et
2768 3033 2892 3090 aliis
2931 3036 3434 3105 respondentibus:
3480 3038 3668 3094 Salvos

2076 3120 2163 3191 fac
2206 3137 2383 3176 servos
2411 3133 2549 3188 tuos,
2584 3122 2725 3177 Deus
2761 3141 2929 3192 meus,
2961 3136 3231 3197 sperantes
3258 3126 3311 3180 in
3344 3126 3435 3182 hs
3466 3127 3668 3198 Perfice

2075 3229 2285 3285 gressus
2313 3231 2456 3270 meos
2485 3215 2539 3273 in
2570 3217 2766 3273 semitis
2792 3218 2920 3285 tuis,
2950 3227 3007 3272 ut
3045 3235 3150 3272 non
3175 3199 3483 3275 moveantur
3520 3222 3664 3276 resti-

2072 3313 2160 3383 gia
2189 3328 2326 3366 mea.
2375 3311 2616 3367 Lucerna
2654 3313 2872 3384 pedibus
2910 3315 3040 3369 meis
3082 3315 3291 3369 verbum
3336 3326 3508 3380 tuum,
3552 3317 3667 3372 Do-

2073 3405 2235 3469 mine,
2262 3414 2310 3458 et
2341 3403 2517 3458 lumen
2549 3406 2749 3459 semitis
2782 3407 2932 3459 meis.
2968 3404 3182 3477 Angelis
3202 3408 3312 3461 suis
3341 3406 3483 3461 Deus
3516 3424 3666 3462 man-

2072 3496 2216 3551 davit
2236 3495 2301 3550 de
2323 3503 2393 3560 te,
2421 3505 2478 3548 ut
2506 3498 2805 3549 custodiant
2835 3506 2885 3550 te
2919 3497 2977 3550 in
3003 3497 3246 3551 omnibus
3285 3498 3380 3552 riis
3404 3501 3530 3552 tuis.
3568 3499 3665 3556 llis

2069 3587 2330 3660 peractis,
2384 3588 2526 3641 hanc
2572 3586 2828 3641 sacerdos
2855 3586 3124 3642 orationis
3162 3588 3310 3642 dicat
3336 3588 3619 3645 collectam
3648 3603 3665 3644 :

2069 3677 2301 3750 Angelus
2344 3677 2559 3731 Domini
2598 3676 2763 3731 bonus
2810 3678 3088 3731 comitetur
3116 3676 3408 3743 vobiscum,
3452 3689 3513 3732 nt
3549 3695 3661 3750 per-

2063 3780 2188 3824 acto
2223 3769 2532 3824 obedientim
2561 3776 2721 3824 cursu
2768 3769 2838 3823 ad
2861 3786 2956 3824 nos
2995 3770 3187 3824 iterum
3232 3773 3568 3827 rerertamini
3611 3773 3666 3828 in

2068 3859 2283 3931 gaudio,
2312 3875 2405 3930 per
2448 3858 2755 3925 Dominum,
2785 3868 2893 3915 etc.
2927 3857 3037 3914 Sed
3080 3874 3151 3915 ne
3178 3859 3350 3914 frater
3390 3860 3444 3915 in
3478 3862 3565 3915 via
3592 3861 3659 3916 di-

2071 3951 2279 4022 rigatur
2305 3950 2475 4015 solus,
2503 3951 2773 4007 sententia
2813 3966 2913 4007 nos
2951 3952 3112 4007 docet
3140 3951 3386 4017 Patrum,
3428 3967 3551 4023 quae
3583 3954 3661 4008 di~

2068 4040 2185 4095 cit:
2234 4040 2315 4094 Ad
2348 4041 2660 4095 necessaria
2701 4042 2992 4111 quaerenda
3033 4042 3149 4098 bini
3186 4043 3537 4114 egrediantur
3579 4044 3661 4098 vel

2070 4133 2210 4187 terni
2235 4131 2455 4198 fratres,
2482 4140 2537 4185 et
2568 4131 2727 4198 tales,
2759 4132 2958 4202 quibus
2989 4133 3256 4200 creditur,
3283 4148 3392 4189 non
3416 4134 3509 4204 qui
3551 4149 3671 4190 ver-

2065 4225 2356 4280 bositatem
2386 4232 2481 4279 aut
2519 4225 2699 4297 gulam
2733 4231 3030 4280 sectentur.

2138 4314 2209 4368 Et
2264 4330 2467 4384 semper
2510 4313 2581 4368 ad
2631 4313 2999 4368 adorationent
3043 4312 3288 4368 ultimam
3336 4313 3507 4384 operis
3564 4312 3663 4366 Dei

374 4405 513 4473 lant,
548 4422 612 4461 ac
641 4406 687 4461 si
728 4412 947 4460 sacrata
990 4404 1101 4460 Deo
1130 4405 1460 4467 custodiant,
1495 4420 1563 4459 ne
1591 4420 1690 4475 per
1724 4404 1965 4475 ipsorum
2066 4404 2492 4462 commemoratio
2539 4405 2773 4460 omnium
2811 4404 3106 4459 absentium
3140 4393 3258 4475 ﬁat.
3308 4404 3422 4458 lloc
3447 4403 3503 4457 in
3526 4403 3663 4456 ioco

376 4497 679 4567 neglectum
708 4497 775 4555 ab
802 4495 919 4567 ipso
946 4494 1251 4559 mercedem
1282 4510 1386 4550 non
1417 4494 1684 4565 recipiant
1704 4493 1856 4565 cujus
1875 4511 1964 4551 res
1986 4534 2041 4602 Β
2066 4496 2385 4569 priusquam
2407 4495 2891 4566 quinquagesimus
2915 4495 3160 4564 psalmus
3185 4496 3490 4564 inchoctur,
3514 4510 3545 4547 a
3575 4510 3662 4548 sa-

376 4588 679 4660 diripicndo
708 4605 815 4644 non
844 4595 1084 4646 servant.

450 4679 833 4739 Monasterium
872 4689 1072 4745 autem,
1110 4678 1158 4732 si
1180 4678 1342 4750 possit
1374 4677 1514 4747 fieri,
1559 4678 1633 4731 ita
1663 4677 1811 4732 debet
1840 4693 1964 4730 con-

376 4774 544 4840 strui;
588 4782 646 4827 ut
685 4772 861 4826 omnia
895 4772 1190 4826 necessaria
1230 4811 1246 4835 ,
1283 4768 1337 4823 id
1368 4778 1466 4834 est,
1517 4785 1678 4839 aqua,
1712 4766 1967 4822 molendi-

377 4884 526 4932 num,
562 4866 767 4931 hortus,
792 4865 1095 4937 pistrinum,
1122 4862 1198 4918 vel
1225 4872 1364 4917 artes
1387 4864 1605 4916 diversa:
1624 4860 1763 4914 intra
1787 4875 1969 4913 mona-

362 4958 593 5015 ‘sterium
639 4966 1014 5023 exerceantur;
1058 4964 1116 5008 ut
1160 4970 1265 5008 non
1293 4952 1362 5011 sit
1391 4951 1671 5006 necessitas
1697 4950 1968 5005 monac/iis

376 5050 603 5122 vagandi
647 5049 828 5121 foras;
872 5050 999 5122 quia
1043 5047 1256 5102 omnino
1304 5063 1407 5102 non
1443 5045 1647 5119 expedit
1687 5045 1962 5100 animabus

376 5159 578 5197 eorum.
605 5142 742 5198 Hinc
768 5149 825 5196 et
850 5140 989 5197 alius
1018 5138 1408 5195 monachorum
1437 5139 1601 5193 Pater
1621 5139 1697 5193 ait
1726 5157 1739 5193 :
1767 5137 1961 5195 Omnia

375 5237 684 5294 necessaria
728 5236 876 5293 intus
913 5235 1057 5290 intra
1088 5230 1268 5303 regias
1307 5244 1426 5287 esse
1464 5241 1702 5306 oportet,
1749 5232 1960 5298 idest,

373 5328 585 5393 furnos,
625 5327 926 5392 machinas,
964 5318 1327 5392 refrigerium,
1376 5321 1584 5388 hortos,
1639 5320 1727 5377 vel
1777 5322 1961 5377 omnia

373 5418 704 5483 necessaria,
731 5424 792 5474 ut
817 5431 925 5471 non
975 5413 1048 5469 sit
1092 5427 1229 5483 Opus
1256 5410 1573 5485 frequenter
1608 5413 1755 5469 foras
1778 5412 1960 5484 egredi

374 5506 592 5562 fratres.
630 5507 766 5562 Cum
798 5519 928 5573 ergo
967 5502 1085 5558 haec
1114 5502 1298 5558 omnia
1340 5503 1484 5561 intus
1522 5504 1724 5561 fuerint
1761 5505 1964 5561 consti-

374 5606 513 5666 tuta,
540 5600 724 5657 clausa
754 5598 828 5654 sit
853 5609 1069 5666 semper
1096 5596 1407 5651 monasterii
1437 5597 1606 5668 regia,
1624 5611 1745 5667 qua:
1769 5612 1800 5651 a
1831 5595 1965 5651 foris

377 5690 667 5746 ccrcellum
696 5690 892 5746 habeat
914 5687 1173 5755 ferreum,
1206 5702 1312 5758 quo
1336 5702 1366 5741 a
1396 5687 1652 5743 veniente
1694 5702 1961 5742 concusso

377 5779 665 5848 cujuslibet
703 5781 847 5838 intus
875 5780 1143 5841 indicetur
1180 5782 1461 5835 adventus.
1503 5779 1608 5835 Ais
1652 5787 1833 5837 autem
1882 5779 1962 5849 pi-

2069 4589 2289 4643 ccrdote
2328 4586 2584 4642 dicatur:
2634 4584 2861 4640 Oremus
2907 4602 3002 4655 pro
3038 4585 3299 4655 fratribus
3339 4586 3532 4639 nostris
3576 4585 3662 4638 ab-

2070 4679 2318 4736 sentibus.
2353 4677 2637 4734 Fratribus
2666 4692 2798 4732 vero
2827 4677 3277 4746 respondentibus
3302 4692 3318 4731 :
3364 4674 3554 4732 Salvos
3573 4675 3659 4743 fac

2070 4787 2242 4827 servos
2271 4780 2407 4833 tuos,
2433 4768 2576 4824 Deus
2598 4785 2766 4835 meus,
2792 4778 3061 4839 sperantes
3090 4769 3145 4822 in
3179 4777 3251 4833 te,
3295 4775 3658 4837 prosequatur

2071 4860 2325 4915 sacerdos
2393 4867 2450 4913 et
2508 4858 2653 4914 dicat
2700 4871 2718 4912 :
2787 4855 2937 4912 Mitte
3001 4858 3077 4912 eis
3104 4897 3121 4923 ,
3179 4856 3404 4911 Domine
3429 4897 3449 4921 ,
3511 4856 3662 4911 auxi-

2074 4949 2204 5004 lium
2229 4949 2295 5003 de
2319 4956 2521 5002 sancto.
2552 4946 2883 5019 Fratresque
2909 4947 3275 5017 respondeant
3299 4964 3314 5000 :
3345 4945 3409 4999 Et
3439 4946 3505 5001 de
3529 4944 3660 5001 Sion

2070 5051 2215 5095 tuere
2235 5057 2341 5095 eos.
2370 5040 2503 5096 item
2528 5039 2785 5096 sacerdos
2810 5041 2953 5097 dicat
2979 5055 3014 5094 το
3034 5040 3282 5107 Domine,
3308 5040 3505 5103 exaudi
3535 5056 3659 5095 ora-

2070 5133 2264 5189 tionem
2287 5150 2474 5188 meam.
2503 5133 2887 5204 Respondeant
2912 5132 3111 5188 fratres
3138 5149 3153 5187 :
3192 5132 3262 5187 Et
3286 5132 3488 5186 clamor
3512 5149 3657 5188 meus

2070 5226 2141 5280 ad
2169 5234 2219 5280 te
2258 5227 2449 5282 ueniat.
2494 5226 2561 5281 Et
2590 5233 2717 5282 tunc
2761 5227 3130 5295 subsequatur
3171 5226 3657 5297 quinquagesimus

2070 5317 2313 5393 psalmus
2349 5320 2418 5374 ab
2442 5318 2698 5374 omnibus
2726 5318 3162 5374 decantantibus.

2144 5406 2476 5467 Revertentes
2518 5416 2693 5462 autem
2736 5407 2802 5461 de
2826 5408 2910 5462 ria
2942 5406 3157 5477 fratres,
3182 5408 3296 5479 ipso
3325 5407 3411 5462 die
3436 5424 3541 5479 quo
3576 5424 3657 5462 re-

2070 5501 2252 5567 deunt,
2277 5516 2371 5571 per
2393 5514 2570 5554 omnes
2600 5499 2883 5554 canonicos
2910 5499 3069 5554 horas
3102 5499 3228 5559 dum
3268 5498 3507 5565 expletur
3526 5514 3656 5563 opus

2069 5591 2188 5656 Dei,
2217 5589 2467 5662 prostrati
2489 5588 2602 5643 solo
2629 5590 2849 5645 oratorii
2884 5590 2949 5644 ab
2977 5591 3218 5644 omnibus
3256 5600 3436 5660 petant
3462 5591 3657 5644 oratio-

2071 5701 2183 5738 nem
2212 5690 2425 5754 propter
2447 5696 2708 5748 eatcessus,
2740 5699 2803 5736 ne
2829 5682 2958 5752 quid
2986 5681 3119 5751 forte
3147 5680 3465 5751 subripuerit
3485 5681 3543 5735 in
3568 5698 3653 5737 tua
3704 5670 3711 5677 ’

2066 5774 2206 5828 visus
2236 5782 2327 5827 aut
2355 5770 2568 5827 auditus
2600 5771 2756 5827 mala:
2787 5773 2878 5838 rei,
2915 5780 3009 5826 aut
3039 5770 3191 5826 otiosi
3226 5771 3501 5826 sermonis.
3522 5769 3652 5825 Pru-
