3944 6470
1574 241 1602 255 α

293 398 399 455 9ὶό

1334 394 1689 453 COMMENT.
1726 393 1797 449 1N
1835 393 1998 449 RBG.
2040 391 2100 449 S.
2140 391 2551 457 BENEDICTI.‘

3465 396 3575 453 926

294 522 417 584 pter
445 525 706 565 excessus
737 508 888 574 dicit,
932 508 984 562 id
1019 516 1132 574 cst,
1174 518 1398 579 propter
1440 506 1889 578 transgressionis
1914 511 1961 569 Α
1990 505 2359 576 injunguntur,
2388 508 2641 577 suscipiat
2665 507 2875 579 quidem
2889 508 3124 580 jubentis
3150 511 3423 581 imperium
3453 530 3575 570 cum

295 606 525 674 lapsum.
558 600 667 655 Sed
696 615 795 669 pro
823 600 1018 669 quibus
1052 600 1367 654 excessibus
1389 599 1551 660 dicat,
1582 600 1698 669 ipse
1719 612 1885 666 expo-

296 695 380 749 nit
417 692 605 749 dicens
631 707 643 742 :
678 687 755 743 Ne
778 690 865 743 cui
892 686 1031 743 forte
1054 689 1385 761 subripuerit
1406 689 1459 742 in
1486 688 1571 742 via
1597 687 1764 751 visus,
1790 693 1885 740 aut

296 784 516 840 auditus
544 782 701 837 malae
739 782 855 846 rei,
893 788 985 835 aut
1017 782 1176 836 Otiosi
1219 781 1504 835 sermonis.
1536 778 1703 849 Cujus
1726 777 1884 832 malae

296 877 374 932 :ei
403 876 549 930 dicat
576 873 839 944 propheta
868 872 1122 942 loquente
1144 872 1404 942 iutellige.
1428 870 1519 925 Ait
1560 870 1703 923 enim
1734 890 1747 923 :
1779 868 1884 934 Qui

290 969 490 1024 excutit
525 982 714 1019 manus
738 980 863 1018 suas
889 962 954 1017 ab
992 963 1135 1016 ontni
1164 978 1398 1027 uulnere,
1426 972 1472 1015 et
1499 961 1708 1015 obturat
1728 974 1885 1012 aures

293 1077 440 1125 suas,
472 1075 535 1115 ne
558 1057 742 1111 audiat
765 1055 1111 1124 sanguinem,
1136 1063 1184 1108 et
1214 1052 1412 1107 claudit
1434 1051 1612 1106 oculos
1641 1068 1764 1105 suos
1781 1092 1796 1115 ,
1820 1068 1883 1105 ne

293 1151 465 1207 rideat
494 1148 718 1214 malum,
744 1148 842 1201 iste
863 1148 917 1200 in
946 1145 1162 1200 excelsis
1191 1145 1447 1199 habitabit
1475 1144 1631 1215 (Isai.
1660 1142 1877 1214 χχχιιι).

295 1242 712 1298 Revertentibus
758 1249 938 1298 autem
989 1238 1057 1297 de
1096 1239 1206 1303 via,
1255 1248 1312 1292 et
1348 1237 1572 1292 oratorii
1616 1235 1731 1290 solo
1760 1250 1884 1305 pro-

295 1334 485 1389 stratis
513 1331 928 1399 orationemque
957 1330 1284 1399 petentibus,
1311 1329 1453 1382 hanc
1491 1327 1570 1381 eis
1595 1326 1878 1381 collectam

294 1426 552 1479 sacerdos
588 1422 736 1477 dicat
762 1462 776 1475 .
819 1420 1156 1486 Qutrsumus,
1183 1419 1507 1488 omnipotens
1532 1416 1696 1482 Deus,
1722 1425 1776 1469 ut
1798 1416 1881 1469 his

295 1513 513 1583 faiitulis
543 1513 669 1577 tuis,
701 1528 831 1583 quos
860 1510 930 1564 ad
957 1527 1050 1564 nos
1079 1507 1364 1563 incolumes
1394 1506 1460 1561 de
1484 1507 1569 1560 via
1603 1505 1774 1559 redire
1804 1504 1883 1574 fe-

295 1605 436 1670 cisti,
466 1603 720 1675 quidquid
746 1601 856 1655 illic
881 1599 1189 1671 impediente
1212 1596 1501 1668 fragilitate
1527 1595 1879 1667 deliquerunt,

294 1705 352 1748 tu
378 1694 694 1766 propitiatus
736 1692 996 1756 dimittas,
1041 1706 1135 1760 per
1162 1687 1468 1751 Dominum,
1499 1694 1607 1741 etc.
1660 1685 1797 1740 Hinc
1824 1692 1884 1738 et

293 1786 533 1842 Isidorus
562 1786 637 1840 ait
683 1803 697 1839 :
731 1784 957 1851 Quan‘io
991 1780 1189 1838 fratres
1232 1777 1380 1833 foras
1425 1776 1876 1850 proﬁciscuntur,

1988 598 2130 651 omni
2155 601 2557 654 ntansuetudine
2578 610 2626 654 ct
2663 601 2977 656 obedientia.
3015 601 3169 668 Quod
3189 604 3236 657 si
3258 605 3470 659 munitio
3492 606 3573 661 ui-

1988 691 2127 743 rium
2153 707 2373 747 suarum
2397 708 2696 746 mensuram
2724 694 2908 748 viderit
2939 696 3144 765 pondus
3169 697 3437 763 excedere,
3469 700 3575 754 im-

1985 782 2345 853 possibilitatis
2374 800 2486 838 sua:
2514 801 2704 839 causas
2742 786 2790 840 ei
2832 788 2922 855 qui
2949 787 3049 841 sibi
3078 798 3286 858 prwest,
3317 791 3576 860 patienter
3612 774 3621 791 ³

1986 882 2037 928 ct
2068 885 2362 945 opportune
2395 886 2661 947 suggerat.
2687 877 2823 933 Cum
2847 881 2995 935 omni
3036 884 3450 938 mansuetudine
3492 884 3576 940 di-

1985 967 2082 1032 cit,
2124 967 2178 1023 id
2206 978 2312 1034 est,
2345 985 2470 1025 cum
2499 969 2649 1026 omni
2677 972 2942 1026 modestia
2969 982 3024 1026 et
3050 973 3293 1030 lenitate.
3325 975 3574 1031 Mansue-

1987 1066 2073 1113 tus
2099 1066 2184 1114 est
2211 1059 2378 1124 enim,
2411 1059 2503 1129 qui
2533 1060 2665 1115 nulli
2694 1061 2953 1132 iniuriam
2982 1063 3191 1133 irrogat
3221 1082 3234 1117 :
3267 1065 3446 1120 dictus
3469 1081 3569 1120 au-

1984 1154 2094 1201 tem
2139 1156 2477 1214 mansuetus,
2521 1150 2680 1219 quasi
2727 1166 2893 1206 manu
2937 1162 3207 1209 assuetus.
3244 1153 3391 1209 Talis
3417 1156 3564 1211 enim

1984 1238 2145 1292 debet
2164 1252 2287 1293 esse
2320 1241 2640 1306 monachus,
2670 1256 2778 1296 non
2806 1250 3099 1297 contumax
3141 1253 3238 1298 aut
3281 1246 3567 1315 superbus.

1987 1327 2141 1383 Unde
2172 1336 2227 1383 et
2253 1330 2502 1397 sequitur
2530 1348 2544 1383 :

2057 1417 2181 1472 Non
2203 1418 2565 1488 superbiendo,
2581 1428 2674 1474 aut
2695 1420 3004 1485 resistendo,
3030 1420 3111 1476 vel
3129 1423 3559 1480 contradicendo.

1985 1505 2359 1577 Superbiendo
2397 1508 2541 1565 enim
2580 1509 2843 1577 magistro
2869 1511 3095 1577 resistit,
3126 1512 3221 1581 qui
3251 1513 3433 1573 verbis
3464 1514 3569 1569 itu-

1981 1596 2254 1666 periisque
2298 1595 2416 1665 eius
2459 1597 2806 1667 despiciendo
2847 1601 3192 1657 contradicit.
3246 1601 3569 1661 Resisteudo

1982 1686 2284 1751 contendit,
2314 1686 2410 1757 qui
2435 1701 2501 1742 ea
2525 1702 2648 1758 qum
2676 1687 2903 1757 implere
2923 1689 3166 1759 iubetur,
3200 1691 3257 1746 in
3289 1693 3429 1750 facie
3473 1710 3558 1749 re-

1982 1779 2120 1834 nuit.
2155 1778 2590 1836 Contradieondo
2619 1790 2906 1852 repugnat,
2956 1783 3051 1851 qui
3094 1797 3156 1838 se
3187 1799 3250 1839 ea
3281 1800 3403 1854 quae
3448 1786 3568 1843 ﬁeri

295 1886 392 1932 aut
416 1878 644 1933 redeunt
663 1916 679 1939 ,
708 1872 1048 1946 congregatis
1072 1870 1325 1926 omnibus
1350 1869 1402 1923 iu
1429 1882 1595 1923 unum
1622 1867 1675 1921 in
1705 1866 1882 1923 eccle-
1906 1868 1956 1926 B
1976 1866 2253 1937 jubentur,
2289 1884 2398 1922 non
2440 1868 2557 1923 ﬁeri
2586 1877 2774 1939 aperta
2811 1886 2945 1926 voce
2975 1871 3256 1927 reclamat.
3293 1872 3447 1940 Quod
3484 1875 3567 1929 fa-

294 1971 377 2025 sia
404 1967 839 2027 benedictionem
865 1964 1156 2032 accipiant.

372 2060 485 2115 Nec
528 2065 813 2130 prrrsumat
859 2056 1136 2126 quisquam
1180 2049 1300 2105 aliis
1328 2048 1528 2118 referre
1552 2063 1881 2118 quaecunque

293 2151 426 2222 foris
458 2148 833 2204 monasterium
878 2143 1061 2199 viderit
1091 2153 1183 2197 aut
1220 2142 1471 2208 audierit,
1497 2142 1622 2213 quia
1651 2139 1880 2211 plurima

293 2243 576 2300 destructio
596 2252 693 2295 εδδ.
720 2237 874 2304 Quod
899 2237 943 2291 si
967 2236 1082 2307 quis
1104 2234 1517 2307 prwsumpserit,
1539 2233 1782 2288 vindicta:
1804 2249 1881 2286 re-

291 2331 465 2404 gulari
489 2330 778 2401 subjaceat.
805 2324 943 2381 Hinc
960 2326 1153 2381 beatus
1177 2322 1497 2379 Pachomius
1515 2322 1592 2377 ait
1615 2337 1629 2376 :
1655 2321 1881 2389 Quando

292 2422 499 2479 reversi
524 2420 723 2476 fuerint
753 2417 952 2473 fratres
983 2416 1049 2472 de
1085 2415 1432 2479 monasterio,
1465 2428 1573 2468 non
1604 2413 1880 2467 audebunt

293 2516 415 2572 aliis
441 2513 663 2571 omnino
711 2509 971 2581 quidquid
1015 2508 1149 2563 foris
1177 2506 1446 2580 gesserint
1472 2512 1566 2559 aut
1607 2504 1879 2559 audierint

293 2621 540 2663 narrare.
574 2604 713 2658 lline
743 2609 801 2657 et
824 2600 964 2657 alius
1008 2601 1173 2656 Pater
1209 2597 1342 2654 dicit
1370 2612 1386 2651 :
1417 2595 1637 2651 Fabulis
1664 2611 1801 2666 quas
1841 2610 1873 2650 ι

298 2697 654 2755 saecularibus
678 2693 762 2748 vel
792 2709 823 2748 a
844 2690 1174 2763 quibuslibet
1196 2688 1467 2745 audierint
1492 2687 1577 2742 vel
1600 2686 1879 2742 intellexe-

294 2788 424 2853 rint,
475 2785 783 2841 nullatenus
812 2779 1190 2838 consodalibus
1233 2779 1345 2835 suis
1373 2775 1676 2833 conferant.
1719 2775 1876 2842 Quod

292 2881 338 2936 si
369 2880 563 2935 horum
598 2876 823 2947 aliquid,
856 2889 977 2946 qua:
1006 2873 1261 2938 diximus,
1289 2869 1613 2941 transgressi
1650 2868 1875 2934 fuerint,

296 2969 529 3043 regulari
556 2967 873 3040 paenitentia
902 2966 1255 3036 castigentur.
1288 2961 1442 3029 Quod
1478 2962 1523 3017 si
1558 2960 1748 3015 humili
1787 2976 1878 3015 sa-

293 3062 597 3120 tisfactione
626 3060 905 3131 pateﬁant,
931 3066 1089 3128 prout
1117 3053 1392 3112 humilitas
1413 3052 1724 3110 conﬁtentis
1754 3065 1874 3107 cer-

291 3157 459 3222 nitur,
496 3155 569 3209 ita
597 3150 959 3223 delinquentis
989 3148 1143 3220 culpa
1165 3144 1461 3216 judicetur.
1496 3142 1555 3200 Si
1584 3158 1716 3198 vero
1737 3157 1870 3198 con-

1980 1972 2108 2012 cere
2146 1959 2413 2013 monacho
2443 1959 2784 2028 prohibetur,
2813 1975 2937 2015 cum
2966 1961 3235 2018 subditur.

2053 2049 2206 2114 Quod
2250 2051 2300 2104 si
2343 2060 2457 2119 post
2483 2051 2864 2120 suggestionem
2909 2068 3061 2106 suam
3095 2053 3150 2106 in
3183 2070 3281 2106 sua
3307 2054 3566 2108 sententia

1978 2143 2171 2214 prioris
2206 2144 2482 2213 imperium
2515 2143 2841 2213 perduravit,
2871 2145 3004 2198 sciat
3036 2144 3215 2212 iunior
3241 2146 3313 2198 ita
3338 2144 3440 2199 sibi
3473 2162 3565 2200 ex-

1977 2234 2176 2305 pedire,
2207 2245 2255 2287 et
2280 2250 2345 2287 ea:
2366 2234 2625 2289 cltaritate
2651 2233 2919 2303 conﬁdens
2949 2236 3014 2289 de
3037 2235 3305 2305 adjutorio
3336 2235 3431 2290 Dei
3454 2237 3568 2291 obe-

1979 2327 2110 2380 diat.
2145 2326 2283 2381 [line
2322 2326 2555 2382 Basilius
2598 2328 2719 2382 ait:
2749 2327 2924 2384 Omne
2961 2328 3105 2398 quod
3135 2327 3233 2382 tibi
3261 2327 3562 2398 iniunctum

1979 2415 2140 2471 fuerit
2171 2417 2452 2489 religionis
2482 2418 2656 2487 gratia
2693 2418 2925 2474 libenter
2965 2418 3301 2488 obtempera,
3347 2418 3564 2473 etiamsi

1978 2524 2142 2579 supra
2165 2509 2308 2564 vires
2331 2518 2451 2563 tuas
2478 2508 2685 2575 fuerit;
2712 2524 2780 2564 ne
2804 2525 3032 2580 spernas
3053 2508 3201 2573 illud,
3227 2509 3321 2565 sed
3340 2524 3564 2566 causam

1979 2599 2427 2669 itnpossibilitatis
2480 2609 2585 2656 tua:
2632 2601 2683 2656 ei
2731 2602 2824 2670 qui
2871 2601 2969 2656 tibi
3015 2600 3274 2671 injungit,
3329 2600 3563 2653 ﬁdeliter

1977 2705 2195 2756 enarra,
2245 2699 2305 2744 ut
2342 2689 2461 2758 ejus
2509 2691 2899 2755 moderamine,
2942 2675 3087 2762 quod
3137 2692 3234 2746 tibi
3272 2706 3567 2747 onerosum

1978 2779 2161 2845 fuerit,
2211 2783 2543 2847 sublevetur,
2598 2791 2660 2836 ut
2706 2783 3153 2838 contradictiouis
3197 2784 3331 2838 vitio
3373 2797 3565 2838 carere

1975 2870 2172 2941 possis.
2205 2870 2306 2937 Qui
2352 2872 2498 2927 enim
2536 2872 2786 2938 ﬁdeliter,
2815 2880 2871 2926 et
2898 2887 3034 2941 pure
3079 2872 3250 2927 Deum
3279 2872 3476 2944 diligit,
3504 2880 3564 2927 et

1977 2969 2159 3016 certus
2189 2970 2273 3016 est
2298 2962 2362 3015 de
2393 2962 2748 3016 retributione
2772 2961 3008 3027 Domini,
3037 2978 3138 3017 nec
3167 2962 3416 3018 sufﬁcere
3450 2964 3565 3019 sibi

1974 3064 2220 3126 putatca
2269 3073 2389 3126 qua:
2439 3055 2817 3129 iujungnntur,
2867 3060 2961 3114 sed
3011 3073 3228 3128 semper
3268 3067 3559 3131 augmenta

1978 3147 2159 3215 operis
2186 3147 2398 3216 quazrit,
2430 3155 2485 3202 et
2511 3146 2713 3217 majora
2742 3164 2906 3218 quam
2954 3148 3308 3220 iniunguntur
3352 3151 3565 3205 deside-

291 3245 541 3301 t'nnaciae
574 3244 779 3298 crimen
813 3239 1063 3311 incurrit,
1091 3246 1147 3294 et
1176 3237 1394 3292 modum
1422 3232 1758 3308 posuitentite
1779 3247 1877 3287 au—
1902 3210 1947 3274 (ἶ
1980 3245 2083 3300 rat,
2123 3245 2175 3293 et
2202 3247 2353 3308 optat
2384 3246 2443 3294 ut
2468 3254 2632 3309 supra
2659 3239 2807 3295 vires
2830 3210 3078 3295 videatur
3103 3210 3222 3297 esse
3246 3242 3387 3310 quod
3408 3240 3565 3297 facit.

290 3334 461 3407 gebit.

363 3423 619 3481 Similiter
661 3432 710 3478 et
735 3421 826 3495 qui
865 3418 1256 3492 pra'sumpserit
1288 3415 1524 3471 claustra
1569 3413 1877 3469 monasterii

288 3514 484 3585 egredi,
515 3512 593 3568 vel
618 3527 922 3584 quocunque
949 3510 1045 3574 ire,
1073 3507 1153 3563 vel
1176 3506 1465 3580 quidpiam,
1490 3504 1729 3575 quamvis
1747 3518 1877 3575 par-

289 3623 430 3671 cum,
459 3606 571 3660 sine
616 3605 819 3660 abbatis
856 3604 1097 3673 jussione
1141 3600 1333 3672 facere.
1381 3597 1522 3654 llinc
1547 3597 1744 3653 beatus
1773 3594 1878 3650 Pa-

287 3697 537 3751 chomius
564 3695 640 3749 ait
669 3713 681 3748 :
711 3694 903 3748 Nullus
926 3709 1100 3763 neque
1128 3690 1359 3747 exeundi
1387 3690 1441 3745 in
1461 3704 1673 3761 agrum,
1700 3703 1876 3758 neque

288 3785 602 3842 ambulandi
636 3784 690 3838 in
721 3783 1075 3845 monasterio,
1104 3795 1280 3848 neque
1311 3791 1465 3833 extra
1510 3794 1725 3834 murum
1759 3793 1879 3833 mo-

288 3876 512 3935 nasterii
543 3871 865 3946 procedendi
892 3871 1038 3926 foras
1067 3870 1269 3924 habent
1294 3867 1629 3933 facultatem,
1660 3868 1767 3921 nisi
1791 3868 1876 3921 in-

289 3965 651 4038 terrogaverit
676 3960 1022 4034 praepositum
1053 3958 1267 4024 domus,
1298 3964 1354 4011 et
1391 3955 1482 4010 ille
1517 3954 1870 4010 concesserit.

291 4060 429 4115 llinc
458 4066 515 4112 et
543 4054 837 4112 Cassianus
860 4052 937 4107 ait
964 4068 976 4105 :
1013 4050 1185 4106 Tanta
1210 4045 1516 4103 obedientia
1547 4042 1748 4115 regula:
1778 4040 1875 4097 de-

288 4152 383 4208 bet
426 4148 613 4220 junior
642 4144 835 4210 imbui,
864 4152 925 4199 ut
966 4143 1169 4212 absque
1197 4138 1428 4195 senioris
1469 4138 1551 4193 sui
1601 4133 1873 4207 permissu

288 4256 395 4297 non
422 4238 597 4296 solum
625 4237 691 4294 de
718 4236 853 4292 cella
880 4234 1052 4299 exire,
1099 4231 1193 4289 sed
1221 4247 1322 4287 nec
1350 4229 1584 4285 naturali
1628 4229 1871 4284 necessi-

290 4333 387 4389 tati
416 4328 732 4386 satisfacere
764 4342 859 4383 sua
904 4326 1227 4381 auctoritate
1270 4331 1584 4394 praesumat.
1627 4319 1740 4377 Nec
1779 4320 1870 4375 illa

288 4425 449 4480 etiam
479 4440 599 4494 quae
627 4421 779 4476 utilia
809 4426 954 4484 sunt,
988 4417 1043 4472 id
1070 4423 1174 4483 est,
1214 4424 1308 4470 aut
1348 4413 1537 4471 cellam
1569 4414 1832 4470 mundare
1852 4456 1869 4482 ,

292 4524 389 4571 aut
433 4532 630 4587 aquam
680 4513 910 4576 deferre,
945 4518 1037 4566 aut
1068 4510 1111 4565 si
1140 4508 1270 4580 quid
1316 4506 1461 4562 aliud
1504 4514 1868 4576 opportunum

286 4614 391 4672 est,
409 4605 526 4661 sine
543 4602 876 4660 conscientia
901 4610 955 4658 et
980 4600 1320 4657 ordinatione
1342 4597 1427 4654 sui
1452 4597 1687 4653 senioris
1709 4613 1868 4653 usur-

285 4707 399 4769 pet.
432 4696 811 4752 Meditantibus
834 4694 1001 4751 etiam
1046 4691 1308 4747 fratribus
1332 4688 1464 4745 nulli
1500 4688 1664 4746 liceat
1704 4688 1870 4747 rebus

287 4804 345 4845 se
370 4788 491 4845 aliis
513 4786 801 4859 implicari,
828 4800 928 4841 nec
955 4785 1188 4840 liberum
1215 4782 1424 4853 iudicet
1449 4781 1519 4837 ab
1544 4781 1730 4838 schola
1759 4781 1872 4839 dis-

287 4880 499 4936 cedere.
531 4878 633 4947 Qui
662 4894 792 4933 vero
828 4878 885 4932 in
934 4876 1039 4932 hac
1080 4875 1502 4947 praesumptione
1526 4873 1866 4944 proruperit,

287 4969 833 5027 excommunicationi
880 4977 941 5023 ut
965 4967 1160 5038 dignus
1183 4975 1268 5021 est
1297 4962 1618 5033 subiacebit.
1650 4965 1707 5019 Si
1736 4979 1867 5019 vero

284 5077 387 5135 pro
409 5061 735 5117 utilitatibus
766 5056 1086 5114 monasterii
1134 5056 1331 5111 missus
1368 5055 1451 5109 ire
1488 5054 1743 5120 noluerit,
1779 5060 1875 5107 aut

283 5156 433 5208 certe
458 5149 740 5207 ambulans
765 5146 1211 5212 murmuraverit,
1246 5144 1331 5200 vel
1358 5159 1483 5199 cum
1526 5145 1707 5213 aliqua
1757 5151 1871 5199 tar-

285 5243 455 5300 ditate
498 5244 651 5300 exire
693 5242 949 5307 voluerit,
995 5239 1040 5295 si
1070 5236 1337 5310 placuerit
1372 5233 1576 5301 abbati,
1616 5235 1731 5305 jam
1761 5248 1871 5289 non

283 5335 551 5402 mittatur,
586 5345 636 5392 et
667 5334 851 5392 statim
878 5329 1458 5390 excommunicationis
1485 5343 1703 5399 poenam
1744 5342 1869 5383 sus-

284 5428 468 5499 cipiat,
499 5436 555 5483 et
582 5428 719 5484 sciat
742 5443 801 5483 se
825 5428 1077 5497 adeptum
1101 5419 1410 5493 superbiam
1435 5427 1491 5475 et
1513 5417 1869 5489 praeceptioni

283 5535 587 5593 repugnare
616 5520 833 5577 divinas.

830 5605 1060 5666 CAPUT
1098 5603 1308 5660 LXVIII
1316 5645 1329 5658 .

572 5703 637 5762 Si
662 5702 820 5775 fratri
850 5695 1197 5770 impossibilia
1222 5694 1591 5765 injungantur.

359 5793 421 5853 Si
450 5795 537 5851 cui
581 5793 740 5868 fratri
770 5792 952 5862 aliqua
982 5789 1117 5860 forte
1157 5786 1337 5858 gravia
1386 5793 1479 5839 aut
1529 5779 1873 5858 impossibilia

1940 4380 1945 4385 ’
1974 4372 2041 4432 Ut
2085 4374 2143 4432 in
2167 4373 2484 4429 monasterio
2528 4388 2632 4429 non

1979 3328 2124 3385 Hinc
2151 3330 2454 3387 Cassianus
2477 3332 2611 3387 dicit
2640 3350 2653 3387 :
2686 3331 2777 3387 Illa
2800 3342 2884 3387 est
2907 3348 3033 3389 vera
3068 3333 3393 3397 obedientia,
3418 3348 3565 3403 quae,

1977 3422 2227 3491 quamvis
2253 3422 2457 3493 aliquid
2484 3421 2702 3480 dillicile
2724 3423 2774 3479 ei
2809 3424 3124 3494 imperetur,
3151 3424 3222 3477 nil
3248 3433 3428 3479 tamen
3451 3424 3555 3479 dis-

1978 3513 2212 3601 cutiens,
2262 3513 2383 3570 sine
2427 3514 2607 3583 aliqua
2654 3514 2996 3571 haesitatione
3033 3513 3297 3586 perlicere
3346 3512 3565 3573 nititur.

1976 3603 2122 3659 Nihil
2142 3597 2218 3662 de
2243 3606 2680 3677 impossibilitate
2724 3622 3096 3673 murmurans,
3126 3607 3221 3665 sed
3248 3597 3409 3678 plena
3454 3607 3564 3667 ﬁde

1975 3713 2042 3758 ac
2085 3701 2372 3757 devotione
2412 3698 2675 3771 quidquid
2704 3698 2908 3755 dictum
2944 3696 3128 3761 fuerit,
3160 3713 3266 3753 non
3299 3706 3560 3768 tanquam

1974 3796 2044 3850 ab
2068 3794 2310 3858 homine,
2339 3791 2435 3847 sed
2462 3800 2719 3862 tanquam
2747 3805 2778 3844 ι
2803 3789 2916 3846 Deo
2946 3790 3174 3859 suscipit
3210 3789 3558 3858 lmperatum.

1972 3883 2051 3938 lta
2081 3882 2226 3937 enim
2254 3880 2508 3934 omnibus
2532 3878 2828 3934 virtutibus
2852 3877 3095 3948 praiferri
3121 3877 3282 3934 debet
3307 3877 3561 3933 obedien-

1973 3972 2072 4037 tia,
2104 3978 2168 4025 ut
2194 3970 2320 4024 huic
2341 3969 2525 4023 omnis
2550 3976 2966 4038 postponautur,
2989 3976 3046 4025 et
3065 3968 3321 4025 universa
3346 3969 3563 4037 dispen-

1973 4062 2060 4116 dia
2103 4060 2401 4116 monachus
2442 4058 2626 4113 subire
2676 4065 2969 4115 contentus
3017 4056 3113 4124 sit,
3162 4057 3456 4113 dummodo
3502 4059 3562 4121 in

1972 4152 2121 4208 nullo
2150 4150 2355 4206 violare
2381 4149 2652 4205 videatur.

2527 4256 2757 4315 CAPUT
2793 4255 2982 4312 LXIX.

2707 4380 2964 4497 gemmat
3009 4371 3145 4429 alter
3191 4371 3417 4429 alterum
3465 4370 3561 4431 dea

2779 4459 2884 4497 ere.

2676 4459 2884 4497 enuere.

2041 4580 2384 4651 Summopere
2423 4576 2820 4649 pra'cavendum
2849 4587 2926 4636 est
2960 4593 3024 4633 ne
3058 4578 3239 4650 quavis
3284 4579 3560 4641 occasione

1973 4680 2257 4746 pra’sumat
2290 4670 2427 4726 alter
2467 4669 2691 4725 alterum
2720 4667 2998 4740 defendere
3024 4670 3339 4725 monachum
3365 4671 3419 4726 in
3444 4688 3557 4725 ina-

1974 4763 2226 4828 nasterio,
2246 4772 2338 4816 aut
2351 4760 2504 4834 quasi
2522 4760 2680 4817 tueri.
2701 4758 2862 4819 Tueri
2875 4759 3019 4819 enim
3044 4758 3556 4827 dicitursustinere,

1974 4869 2131 4924 opem
2156 4851 2321 4916 ferre,
2348 4848 2433 4905 vel
2474 4849 2726 4921 praesidio
2771 4864 2914 4906 esse.
2958 4848 3097 4905 Hinc
3144 4848 3458 4903 terribiliter
3502 4858 3559 4906 et

1975 4945 2206 5001 Basilius
2236 4943 2312 4997 ait
2339 4960 2352 4997 :
2382 4941 2484 5009 Qui
2514 4940 2787 4996 consentit
2827 4941 3181 5011 peccantibus
3223 4948 3280 4998 et
3316 4940 3558 5000 defendit

1971 5039 2139 5099 alium
2165 5034 2591 5107 delinquentem,
2623 5031 2945 5089 maledictus
2968 5032 3075 5088 erit
3100 5030 3240 5103 apud
3267 5031 3559 5091 Dominum

1968 5136 2026 5185 et
2048 5127 2318 5192 homines,
2344 5133 2401 5180 et
2424 5123 2754 5194 corripietur
2776 5124 3146 5193 increpatione
3186 5123 3553 5179 severissima.

1968 5218 2111 5274 llino
2135 5223 2193 5273 et
2215 5217 2413 5272 beatus
2440 5230 2581 5289 papa
2614 5212 2910 5287 Gregorius
2945 5215 3076 5269 dicit
3102 5234 3115 5266 :
3144 5213 3466 5269 Peecatores
3498 5213 3557 5269 in

1965 5324 2076 5380 quo
2099 5315 2228 5365 sunt
2252 5306 2355 5363 sibi
2384 5304 2611 5369 conscii,
2645 5305 2701 5361 in
2735 5320 2801 5359 eo
2828 5313 2884 5360 et
2927 5305 3090 5359 alium
3123 5313 3437 5374 peccantem
3464 5302 3555 5359 tle-

1975 5400 2221 5457 ieudunt.
2247 5397 2364 5453 Sibi
2386 5395 2531 5452 enim
2559 5396 2788 5467 quisque
2816 5397 2997 5464 timet,
3035 5413 3160 5453 cum
3200 5396 3363 5451 alium
3409 5395 3557 5453 videt

1976 5490 2196 5561 corripi.
2223 5489 2348 5545 Ideo
2373 5497 2562 5545 contra
2583 5490 2748 5546 verba
2770 5489 3181 5560 corripientium
3226 5486 3555 5544 unanimiter

1977 5593 2225 5657 surgunt.
2254 5583 2391 5640 llinc
2416 5583 2670 5641 Salomon
2695 5582 2805 5640 ait:
2829 5582 3029 5655 Stuppa
3051 5581 3269 5638 collecta
3289 5597 3560 5654 synagoga

1976 5680 2301 5753 peccantium
2325 5678 2516 5750 (Eccli.
2542 5677 2682 5750 χχι).
2709 5677 2969 5750 Sequitur
2993 5695 3006 5733 :

2053 5774 2277 5829 Etiamsi
2298 5772 2524 5844 qualibet
2545 5754 3012 5844 consanguinitatis
3031 5786 3156 5842 prop
3166 5771 3418 5841 inquuatc
3430 5770 3558 5840 jun-
