3944 6414
377 350 480 409 927

1639 331 1990 391 SllARACDI
2030 330 2322 388 ABBA'I‘IS

3523 320 3629 375 928

377 473 588 538 gantur.
617 459 726 513 Nec
746 457 970 529 quolibet
991 456 1145 512 modo
1163 454 1219 508 id
1239 472 1270 508 a
1292 452 1562 529 monachis
1578 456 1949 521 pra’suntatur,
1981 449 2033 507 Α
2128 443 2271 499 Νῆα
2292 443 2350 497 in
2369 441 2578 511 fortiori
2602 447 2754 494 a’tate
2775 438 2865 538 qui
2885 433 3270 537 prrrsumpsetit
3299 431 3632 538 aliquatenus

375 557 502 627 quia
543 551 727 607 exinde
785 549 1091 619 gravissima
1137 545 1341 606 occasio
1397 540 1769 597 scandalorum
1822 538 1955 593 oriri

375 652 560 714 potest.
603 640 760 706 Quod
791 640 836 694 si
868 639 983 710 quis
1023 638 1135 690 lure
1167 645 1525 706 transgressus
1565 631 1745 703 fuerit,
1777 630 1954 685 acrius

376 740 693 797 coercentur.
722 729 861 784 Hinc
884 735 942 784 et
974 727 1112 781 alius
1140 726 1301 779 Pater
1328 741 1342 777 :
1373 722 1431 777 Si
1465 723 1594 792 quis
1613 719 1783 776 errori
1817 717 1955 773 alte-

377 826 491 880 rius
517 822 881 887 consenserit,
910 830 965 875 et
996 820 1072 872 illi
1100 817 1386 872 consilium
1425 813 1635 870 dederit
1662 820 1722 867 ut
1759 826 1818 866 se
1846 818 1956 864 tar-

375 916 499 972 dius
523 915 791 976 bnmiliet,
823 913 963 968 sciat
1000 926 1059 966 se
1097 925 1220 965 cum
1262 908 1355 962 illo
1380 906 1546 964 simili
1578 903 1742 961 modo
1772 900 1955 970 culpa-

376 1007 541 1062 bilem
564 1006 937 1075 judicandum.
975 1002 1112 1057 Hinc
1139 1011 1194 1054 et
1218 1000 1408 1055 heaws
1435 996 1802 1052 Columbanus
1843 991 1949 1046 ait:

376 1098 678 1153 Defenderc
704 1095 1030 1166 proximum,
1064 1092 1146 1146 vel
1173 1089 1633 1158 consanguineum
1674 1086 1728 1140 in
1766 1099 1960 1139 mona-

375 1187 545 1242 sterio
575 1186 721 1240 nullo
748 1185 913 1239 modo
940 1183 1322 1253 permittimus.
1365 1179 1566 1249 thuid
1604 1178 1750 1233 enim
1787 1176 1956 1232 alium

375 1278 637 1344 defendit,
674 1277 764 1348 qui
796 1277 908 1348 jam
945 1275 1047 1332 sibi
1078 1291 1183 1330 non
1209 1273 1372 1337 vivit,
1403 1271 1497 1327 sed
1523 1269 1764 1334 Christo,
1791 1282 1953 1336 quem

372 1369 638 1435 imitatur,
668 1376 850 1423 manet
884 1365 1211 1422 cruciﬁxus?
1246 1363 1350 1431 Qui
1383 1377 1515 1432 ergo
1556 1358 1806 1431 proprias
1829 1370 1952 1427 per-

373 1462 513 1517 didit
556 1460 888 1525 voluntates,
933 1466 995 1515 ut
1021 1457 1223 1515 Christi
1282 1458 1336 1512 in
1385 1470 1445 1511 se
1478 1452 1812 1509 voluntatem
1850 1452 1953 1505 im-

373 1553 568 1627 pleret,
604 1568 703 1608 cur
743 1551 972 1605 aliorum
1016 1548 1211 1604 delicta
1258 1544 1546 1602 defendat?
1598 1542 1683 1597 Sit
1724 1556 1854 1612 ergo
1898 1540 1949 1593 ei

375 1660 567 1715 aequus
594 1659 749 1699 amor
777 1652 884 1697 tam
934 1642 991 1695 in
1032 1637 1436 1709 consanguineo
1460 1649 1629 1704 quam
1672 1632 1725 1687 in
1756 1640 1952 1687 caetero

375 1735 547 1790 ﬁ'atre
593 1735 686 1804 qui
729 1733 778 1788 ei
822 1731 1099 1802 sanguinis
1130 1728 1388 1783 afﬁnitate
1427 1740 1536 1780 non
1559 1723 1821 1794 jungitur,
1849 1737 1949 1777 nec

2052 535 2163 590 siue
2207 541 2469 602 prmepto
2507 529 2753 594 abbatis,
2792 526 2865 583 rel
2911 528 2965 581 in
3011 525 3137 596 ipsis
3186 522 3478 594 infantibus
3519 523 3633 579 sine

2051 624 2362 680 discretione
2402 623 2680 687 exarserit,
2716 618 3008 691 disciplina:
3057 616 3287 688 regulari
3335 616 3628 686 subjaceat.

2054 715 2193 771 llinc
2220 714 2508 772 Ferreolus
2536 714 2614 767 ait
2661 730 2679 767 ι
2726 711 3022 767 Monachus
3068 710 3125 765 in
3173 706 3498 764 monachum
3550 708 3623 763 iu-

2053 803 2380 868 llammatus,
2420 803 2563 873 quod
2603 810 2688 857 est
2735 801 3129 871 turpissimum,
3173 815 3364 855 manus
3409 796 3629 868 injicere

2053 908 2159 947 non
2186 901 2500 964 prmsumat,
2525 900 2724 964 praeter
2759 891 2878 946 illos
2921 890 2990 945 ad
3016 906 3153 962 quos
3180 890 3417 961 pertinet
3445 905 3629 946 corre-

2053 982 2248 1038 ctionis
2285 982 2370 1037 vel
2409 997 2570 1038 nosse
2608 980 2845 1047 modum,
2888 980 2972 1034 vel
3023 988 3206 1035 tenere
3240 978 3528 1048 judicium,
3566 984 3634 1036 ne

2052 1088 2159 1125 uno
2185 1080 2445 1145 peccante
2478 1072 2693 1130 exteris
2732 1070 3094 1143 praesumendi
3128 1077 3341 1128 crescat
3383 1069 3629 1126 audacia.

2054 1159 2347 1230 Sequitur:

2123 1250 2261 1316 Quia
2298 1251 2549 1322 scriptum
2585 1260 2659 1307 est
2683 1269 2701 1307 :
2727 1248 2880 1317 Quod
2914 1251 3008 1305 tibi
3038 1266 3141 1304 non
3166 1240 3242 1304 vis
3280 1249 3417 1318 ﬁeri,
3447 1248 3542 1303 alii
3573 1267 3634 1303 ne

1996 1357 2002 1361 '
2053 1344 2237 1413 feceris
2275 1342 2429 1414 (Tob.
2464 1359 2549 1409 tv;
2584 1342 2936 1414 Matt/um).
2978 1341 3149 1400 Nemo
3188 1342 3333 1397 enim
3374 1341 3488 1394 vult
3529 1341 3631 1396 sibi

2051 1450 2081 1488 a
2117 1450 2388 1505 quoquam
2424 1435 2647 1499 noceri,
2689 1450 2788 1490 nec
2828 1435 2943 1504 ipse
2981 1433 3148 1505 igitur
3185 1432 3436 1501 cuiquam
3477 1431 3634 1487 debet

2052 1543 2287 1592 nocere,
2325 1526 2421 1582 sed
2463 1526 2649 1597 potius
2690 1525 2833 1580 inter
2879 1532 3140 1594 utrosque
3185 1524 3346 1577 debet
3391 1522 3632 1576 fraterna

2050 1620 2299 1681 ebaritas
2322 1634 2601 1684 crescere,
2636 1625 2693 1673 ct
2724 1617 2793 1672 ad
2827 1632 2920 1673 eos
2954 1632 3091 1688 quos
3130 1615 3326 1686 aliquis
3367 1615 3632 1684 increpat,

2052 1711 2212 1768 talem
2250 1711 2413 1767 debet
2459 1709 2712 1766 allectum
2760 1723 2996 1772 servare,
3040 1708 3252 1780 qualem
3289 1717 3446 1778 pater
3477 1707 3544 1761 ad
3574 1707 3637 1760 li-

373 1839 698 1896 qucmquam
720 1823 824 1877 sub
839 1800 1136 1892 disciplina:
1157 1816 1525 1873 moderamine
1545 1814 1779 1885 positum
1810 1812 1952 1868 tueri

2068 1801 2205 1866 ium,
2230 1810 2325 1855 aut
2353 1801 2593 1856 medicus
2620 1800 2689 1854 ad
2715 1808 2998 1869 aegrotum.

374 1914 615 1980 studeat,
644 1929 712 1969 ne
736 1914 927 1968 vitium
969 1910 1288 1967 defendendi
1322 1909 1379 1963 in
1405 1907 1526 1962 aliis
1557 1905 1815 1960 dimittat.
1848 1905 1951 1972 Qui

375 2005 519 2060 enim
567 2003 1056 2066 timet.Dominum,
1086 2001 1133 2055 si
1168 1999 1364 2053 viderit
1396 1997 1624 2050 fratrem
1665 2010 1821 2050 suum
1867 2008 1955 2050 er-

378 2110 508 2151 rare
526 2136 539 2158 ,
582 2110 703 2165 qua:
731 2102 916 2148 sancta
947 2099 1074 2147 sunt
1097 2089 1258 2145 debet
1284 2088 1333 2142 ei
1358 2087 1756 2150 demonstrare,
1785 2092 1840 2138 et
1869 2098 1955 2139 re-

374 2198 525 2245 ctum
580 2188 685 2241 iter
720 2185 1039 2249 ostendere,
1089 2192 1150 2237 ut
1183 2195 1309 2236 cum
1353 2180 1547 2234 timore
1572 2177 1668 2232 Dei
1700 2177 1957 2232 incedens

376 2279 528 2334 illam
553 2277 857 2333 Salomonis
904 2274 1125 2345 impleat
1147 2272 1493 2336 sententiam,
1526 2285 1645 2339 quae
1675 2270 1843 2325 dicit:
1866 2268 1956 2322 Li-

377 2370 502 2423 bera
530 2385 640 2434 eos,
659 2368 749 2439 qui
769 2367 1033 2420 ducuntur
1057 2367 1128 2419 ad
1150 2372 1394 2427 mortem,
1424 2370 1472 2416 et
1507 2361 1572 2415 de
1594 2361 1807 2415 interitu
1829 2359 1956 2414 libe-

379 2476 501 2515 rare
526 2476 629 2514 non
655 2475 841 2514 cesses.
1098 2458 1105 2464 '

479 2542 493 2551 “
942 2550 1172 2607 CAPUT
1220 2550 1385 2604 Lxx.

384 2639 453 2696 Ut
491 2657 595 2696 non
637 2651 920 2713 pnesumat
956 2643 1231 2713 quisquam
1265 2640 1491 2723 aliquem
1527 2639 1721 2710 passim
1760 2639 1963 2693 ccedere

874 2722 965 2766 aut
1006 2722 1477 2768 “communicare.

451 2824 661 2878 Passim
701 2824 900 2879 dicitur
940 2822 1266 2888 inordinate,
1298 2821 1591 2893 incognite,
1629 2828 1685 2875 et
1723 2820 1841 2875 sine
1871 2835 1960 2874 ra-

381 2914 546 2969 tionis
575 2915 755 2968 modo.

454 3001 521 3056 Ut
541 3004 731 3057 vitetur
753 3003 811 3057 in
833 3004 1149 3057 monasterio
1173 3004 1343 3057 omnis
1362 3002 1781 3073 pra'sumptionis
1809 3016 1960 3055 occa-

376 3099 477 3163 sio,
492 3097 798 3151 ordinamus
822 3105 977 3167 atque
995 3095 1358 3151 constituimus
1384 3104 1438 3147 ut
1466 3093 1596 3148 nulli
1618 3093 1961 3163 liceatquem-

2616 1890 2845 1946 CAPUT
2880 1889 3070 1945 LXXI.

2268 1979 2335 2037 Ut
2367 1982 2659 2037 obedientes
2690 1981 2793 2037 sint
2827 1982 2925 2039 sibi
2952 1981 3167 2037 invicem
3202 1980 3415 2051 fratres.

2127 2072 2446 2128 Obedientia:
2491 2072 2683 2126 bonum
2719 2088 2825 2126 non
2862 2070 3032 2126 solum
3072 2069 3247 2125 abbati
3289 2069 3635 2125 exhibendum

2053 2176 2129 2220 est
2166 2165 2231 2220 ab
2264 2165 2528 2231 omnibus,
2568 2164 2659 2219 sed
2700 2165 2859 2218 etiam
2896 2164 2995 2218 sibi
3030 2163 3248 2217 invicem
3285 2163 3360 2216 ita
3394 2162 3636 2215 obediant

2054 2256 2271 2327 fratres,
2294 2257 2511 2312 scientes
2533 2272 2587 2310 se
2608 2272 2698 2326 per
2716 2255 2852 2309 hanc
2876 2253 3178 2308 obedientia:
3206 2253 3343 2306 viam
3369 2252 3532 2305 ἕξω-οδ
3566 2249 3635 2303 ad

2053 2345 2244 2400 Deum.
2274 2345 2411 2403 Hinc
2437 2352 2494 2400 et
2516 2343 2606 2398 alii
2631 2343 2822 2398 Patres
2852 2342 3138 2398 dixerunt:
3166 2340 3349 2395 Virtus
3379 2340 3480 2394 obc
3503 2339 3633 2393 licu—

2055 2440 2145 2494 tim
2187 2438 2488 2508 expetenda
2512 2444 2616 2500 est,
2646 2447 2700 2491 et
2728 2435 3020 2491 secundum
3049 2434 3191 2488 vires
3220 2431 3636 2501 uniuscujusque

2055 2529 2359 2587 exercenda
2385 2536 2492 2594 est,
2518 2536 2572 2583 et
2596 2528 2663 2582 ad
2689 2527 2925 2597 primum
2949 2526 3172 2581 verbum
3197 2525 3426 2580 senioris
3450 2541 3639 2579 omnes

2056 2621 2147 2691 qui
2196 2620 2467 2676 audierint
2516 2635 2585 2674 ex
2639 2617 2899 2674 fratribus
2948 2633 3232 2688 assurgere
3276 2625 3508 2687 oportet.
3572 2616 3634 2669 Et

2056 2714 2145 2784 qui
2178 2729 2283 2769 non
2313 2712 2630 2773 surrexerit,
2664 2710 2876 2766 veniam
2900 2718 3068 2779 petat,
3099 2719 3154 2764 et
3183 2707 3444 2779 poeniteat
3469 2723 3636 2775 quan-

2058 2813 2171 2860 tum
2196 2803 2520 2873 iudicaverit
2561 2802 2763 2867 senior,
2791 2810 2847 2856 et
2873 2800 3093 2871 impleat
3116 2799 3259 2868 quod
3282 2799 3494 2870 jussum
3533 2805 3633 2852 cst.

2130 2894 2413 2949 Pra'misso
2436 2909 2556 2963 ergo
2589 2893 2790 2948 abbatis
2822 2901 2913 2946 aut
2942 2890 3341 2964 pra‘positorum
3362 2891 3451 2962 qui
3482 2890 3546 2944 ab
3580 2907 3641 2944 eo

2058 2984 2448 3039 constituuntur
2484 2983 2723 3052 imperio.
2775 2981 3064 3037 Prmutisso
3113 2980 3265 3047 dicit,
3317 2981 3638 3051 anteposito,

2059 3084 2186 3131 ante
2220 3076 2504 3146 imperato,
2537 3074 2804 3137 ordinato,
2832 3072 2919 3129 vel
2944 3073 3215 3128 mandato.

376 3206 535 3262 quam
576 3189 805 3259 fratrum
856 3205 1070 3244 suorum
1113 3188 1565 3242 eacommunicare
1610 3194 1700 3239 aut
1733 3185 1955 3248 caedere,

2128 3166 2228 3221 Cui
2280 3185 2384 3221 non
2443 3166 2790 3237 permittimus
2841 3167 3046 3236 privata
3110 3165 3330 3238 imperia
3385 3168 3637 3237 pra’poni.

380 3280 485 3334 nisi
525 3281 611 3334 cui
651 3289 876 3351 potestas
919 3279 984 3333 ab
1041 3278 1224 3333 abbate
1262 3278 1389 3331 data
1428 3276 1603 3346 fuerit.
1648 3275 1766 3331 Non
1812 3275 1956 3329 enim

376 3373 672 3429 secundum
707 3373 1209 3436 commonitionem,
1238 3370 1323 3424 vel
1353 3370 1752 3424 animositatem
1779 3367 1959 3422 cordis

378 3464 544 3517 debet
567 3461 738 3525 frater
771 3464 825 3517 in
854 3462 1077 3517 fratrem
1103 3462 1170 3515 ad
1195 3459 1604 3531 percutiendum
1645 3472 1838 3524 manus
1866 3472 1959 3510 ex-

380 3554 625 3619 tendere,
653 3552 748 3609 sed
775 3553 955 3608 studio
982 3551 1267 3607 charitatis
1295 3549 1561 3619 castigare
1586 3562 1709 3602 eum
1740 3546 1959 3602 humili-

380 3655 469 3700 ter
491 3645 650 3699 debet
680 3652 843 3713 atque
869 3643 1163 3713 wrrigere.
1196 3640 1334 3695 Hinc
1357 3640 1551 3694 beatus
1577 3637 1826 3693 Aurelius
1850 3637 1955 3691 ait:

380 3734 580 3790 Frater
618 3734 671 3787 in
714 3731 939 3788 fratrem
980 3733 1025 3787 si
1066 3747 1230 3787 ausus
1267 3729 1429 3786 fuerit
1467 3744 1686 3785 utanum
1720 3729 1958 3795 mittere,

381 3825 683 3896 legitimam
716 3824 1053 3894 disciplinam
1080 3823 1329 3894 accipiat.

460 3913 746 3970 Peccantes
792 3924 968 3969 autem
1019 3931 1199 3970 coram
1247 3913 1486 3969 omnibus
1535 3922 1847 3984 arguantur,
1904 3921 1962 3965 ut

383 4009 562 4063 ca'teri
595 4018 788 4062 metum
821 4008 1063 4061 habeant.
1105 4006 1174 4061 Et
1209 4006 1264 4060 in
1293 4005 1533 4060 Levitieo
1567 4004 1823 4073 scriptum
1850 4012 1960 4056 est:

388 4096 473 4153 Ne
494 4097 667 4152 oderis
701 4098 918 4168 fratrem
946 4106 1095 4152 tuum
1125 4097 1182 4151 in
1207 4096 1364 4150 corde
1391 4105 1505 4160 tuo,
1532 4095 1622 4149 sed
1647 4094 1847 4164 publice
1876 4109 1966 4145 ar-

380 4204 483 4259 gue
504 4204 641 4254 eum,
678 4204 742 4242 ne
770 4188 962 4242 habeas
983 4204 1143 4259 super
1175 4187 1270 4243 illo
1302 4195 1571 4258 peccatum
1611 4185 1797 4257 (Levit.
1824 4180 1960 4251 xxx).

385 4278 758 4343 llincbeatus
799 4277 1132 4350 Augustinus
1184 4279 1261 4332 ait
1304 4296 1317 4332 :
1363 4277 1479 4333 Non
1525 4283 1608 4333 est
1658 4273 2002 4340 contrarius.

383 4370 674 4440 Apostolus
696 4370 943 4437 Domino,
972 4370 1065 4441 qui
1092 4369 1263 4425 dicit:
1288 4367 1572 4423 Peccantes
1598 4382 1773 4421 coram
1799 4364 1969 4419 omni-
2038 4414 2043 4419 .

385 4464 491 4519 bus.
506 4480 688 4534 argue,
710 4471 765 4517 ut
792 4464 965 4517 cateri
992 4463 1229 4516 timorem
1250 4461 1493 4523 habeant,
1525 4474 1647 4514 cum
1678 4457 1766 4511 ille
1788 4456 1961 4511 dicat:

386 4555 602 4626 Corripe
632 4571 749 4609 eum
774 4555 911 4609 inter
928 4563 977 4609 te
997 4563 1045 4609 et
1067 4555 1237 4624 ipsum
1263 4550 1434 4606 solum
1460 4569 1479 4608 :
1503 4558 1795 4617 utrumque
1816 4547 1962 4601 enim

2059 3257 2276 3312 Privata
2312 3259 2445 3314 dicit
2483 3256 2773 3328 singillata,
2818 3258 2899 3312 vel
2941 3259 3180 3328 propria,
3215 3267 3268 3312 et
3312 3258 3639 3323 communia,

2061 3351 2505 3422 singulorumque
2551 3352 2808 3422 imperia;
2847 3352 3056 3423 privata
3091 3351 3426 3422 singulorum
3465 3351 3645 3405 dimit-

2063 3444 2225 3497 tenda
2258 3450 2387 3498 sunt
2419 3452 2639 3513 propter
2666 3442 2879 3498 abbatis
2917 3442 3000 3496 vel
3030 3443 3437 3512 prmpositorum
3477 3444 3644 3514 impc-

2062 3535 2164 3599 ria,
2191 3550 2299 3590 non
2326 3550 2488 3604 super
2514 3534 2724 3588 illorum
2753 3533 3037 3603 imperium
3064 3534 3293 3605 agenda.
3328 3533 3617 3604 Sequitur:

2143 3622 2222 3677 De
2270 3632 2455 3677 ca'tero
2499 3639 2676 3677 omnes
2717 3622 2993 3692 juniores,
3041 3623 3304 3693 prioribus
3348 3624 3460 3678 suis
3505 3641 3643 3677 0mm

2062 3712 2313 3767 clutritate
2342 3723 2389 3767 et
2410 3712 2764 3768 sollicitudine
2802 3712 3066 3768 obediant.
3108 3713 3261 3779 Quod
3290 3715 3335 3768 si
3361 3715 3478 3785 quis
3519 3732 3642 3768 ron-

2062 3803 2314 3858 tenliosus
2347 3805 2622 3873 reperitur,
2656 3804 2993 3874 corripiatur.
3040 3804 3194 3860 Licet
3222 3805 3413 3859 durum
3457 3806 3643 3859 videao

2066 3902 2172 3960 tur,
2204 3895 2506 3949 obcdientia
2537 3909 2706 3965 usque
2750 3894 2818 3949 ad
2846 3904 3075 3952 mortem
3124 3895 3369 3951 facienda
3413 3906 3517 3963 est,
3561 3914 3644 3952 se-

2064 3987 2301 4041 cundum
2344 3985 2650 4056 exemplum
2684 3986 2893 4040 Domini
2938 3986 3239 4042 obedientis
3292 3987 3439 4042 Patri
3472 4005 3643 4058 usque

2065 4080 2133 4134 ad
2179 4087 2444 4143 mortem,
2493 4086 2550 4132 et
2595 4093 3035 4151 unumquemque
3088 4085 3303 4147 oportet
3345 4076 3501 4131 fratri
3549 4094 3647 4132 suo

2065 4168 2297 4233 servire,
2329 4168 2467 4222 sicut
2499 4166 2681 4225 abbati
2708 4167 2927 4237 pr0prio
2956 4166 3035 4220 vel
3058 4167 3222 4237 patri,
3251 4167 3391 4223 sicut
3418 4166 3645 4237 Aposto-

2066 4262 2150 4319 lus
2181 4262 2346 4319 dicit:
2374 4261 2573 4323 Sert'ite
2597 4261 2814 4315 invicem
2842 4260 2895 4313 in
2917 4261 3102 4317 timore
3124 4259 3316 4315 Christi
3348 4258 3545 4330 (Colat.
3567 4259 3645 4331 v).

2137 4350 2197 4407 Si
2227 4353 2344 4423 quis
2373 4360 2548 4408 autem
2575 4349 2741 4420 frater
2765 4367 2860 4422 pro
2885 4350 3066 4421 quavis
3104 4349 3320 4405 minima
3362 4367 3543 4416 causa,
3581 4350 3647 4404 ab

2068 4443 2272 4508 abbate,
2304 4441 2381 4498 vel
2411 4459 2443 4495 a
2472 4458 2778 4513 quocunque
2800 4442 2973 4512 priore
3004 4458 3100 4496 suo
3134 4441 3452 4510 corripiatur
3477 4440 3650 4496 auoli-
3686 4456 3695 4463 '

2068 4534 2148 4589 bet
2185 4533 2363 4596 modo,
2402 4531 2479 4587 vel
2514 4531 2561 4587 si
2594 4532 2770 4586 leviter
2807 4532 3026 4586 senserit
3063 4533 3293 4586 animum
3329 4532 3518 4603 prioris
3558 4548 3651 4587 cu-

389 4621 698 4702 faciendum
730 4653 833 4701 est.
884 4643 1040 4700 Sicut
1075 4621 1409 4698 infirmitatis
1436 4638 1725 4695 diversitas
1753 4651 1960 4701 eorum,

2068 4625 2352 4695 pascuaque
2389 4634 2573 4678 contra
2601 4639 2656 4677 se
2691 4622 2908 4688 iratum,
2947 4621 3384 4689 rel-commotum,
3414 4624 3648 4695 quamvis

386 4756 525 4810 quos
553 4740 740 4809 utique
774 4753 882 4793 non
908 4735 1234 4808 perdendos,
1262 4733 1357 4789 sed
1394 4729 1748 4801 corrigendos
1774 4742 1971 4782 curan-

387 4831 594 4899 dosque
629 4828 983 4898 suscepimus,
1014 4832 1070 4879 et
1096 4823 1232 4878 alius
1259 4822 1359 4888 sic,
1390 4820 1530 4876 alius
1559 4825 1741 4873 autem
1770 4817 1851 4873 sic
1884 4832 1972 4872 sa.

389 4922 599 4976 naudus
627 4926 730 4976 est.

462 5012 762 5083 Infantibus
786 5027 905 5064 vero
937 5020 1099 5079 usque
1124 5003 1194 5057 ad
1211 5003 1452 5074 quintum
1483 5000 1743 5056 decimum
1773 5016 1970 5054 annum

390 5106 584 5171 a'tatis,
611 5101 903 5174 disciplina:
923 5096 1194 5168 diligentia
1217 5096 1305 5161 sit,
1328 5104 1376 5150 et
1396 5094 1638 5150 custodia
1659 5094 1974 5149 adhibeatur

391 5195 458 5251 ab
485 5193 744 5250 omnibus.
783 5191 887 5247 Sed
910 5200 957 5245 et
980 5190 1078 5243 hoc
1103 5202 1221 5240 cum
1244 5185 1384 5240 omni
1408 5201 1654 5239 mensura
1676 5196 1723 5239 et
1747 5185 1970 5239 ratione.

393 5286 531 5344 Hinc
564 5294 621 5342 et
653 5284 873 5357 quidam
915 5279 1302 5338 monachorum
1347 5277 1606 5350 magister
1645 5278 1758 5331 ait:
1795 5274 1975 5330 Infau-

395 5378 538 5435 tulos
558 5393 692 5434 vero
720 5388 892 5445 usque
928 5373 996 5429 ad
1025 5371 1290 5427 decimum
1330 5371 1576 5442 quintum
1620 5382 1819 5423 annum
1865 5381 1970 5421 non

335 5522 343 5531 ,
394 5467 874 5532 cxcommunicari,
900 5464 993 5521 sed
1018 5463 1359 5535 prmeipimus
1376 5462 1631 5534 vapulare
1652 5475 1750 5530 pro
1775 5459 1969 5530 culpis.

397 5557 525 5615 Post
567 5557 877 5631 quindecim
908 5570 1035 5612 vero
1065 5569 1235 5610 annos
1258 5553 1371 5624 jam
1402 5569 1531 5610 \non
1556 5551 1836 5620 vapulare,
1875 5551 1974 5606 sed

398 5648 859 5707 excommunicari
891 5649 1172 5712 condecet,
1205 5648 1330 5717 quia
1365 5645 1480 5715 jam
1511 5641 1816 5712 intelligunt
1844 5653 1951 5709 quo

400 5744 558 5797 modo
582 5738 850 5812 paenitere
880 5748 936 5796 et
963 5737 1251 5795 emendare
1276 5737 1528 5793 debeant.

2082 4723 2301 4785 nodice,
2343 4735 2465 4774 mox
2505 4719 2616 4773 sine
2654 4735 2801 4772 mora
2847 4719 3033 4772 tandiu
3078 4727 3372 4789 prostratus
3410 4718 3464 4771 in
3508 4727 3648 4772 terra

2067 4823 2186 4868 ante
2214 4813 2367 4882 pedes
2399 4812 2519 4881 ejus
2548 4811 2731 4881 jaceat
2762 4808 3116 4878 satisfaciens,
3149 4825 3311 4880 usque
3345 4809 3469 4862 dum
3502 4807 3651 4861 bene-

2068 4903 2294 4958 dictione
2329 4911 2544 4957 sanetur
2581 4899 2676 4954 illa
2709 4900 3006 4953 commotio.
3039 4896 3179 4963 Hinc
3203 4900 3395 4959 beatus
3420 4897 3650 4953 Basilius

2070 4994 2189 5049 ait:
2217 4994 2295 5049 Eo
2329 4992 2527 5047 affectu
2564 4991 2770 5049 obediri
2816 4998 3030 5063 oportet
3068 4991 3120 5047 ei
3156 4989 3247 5060 qui
3296 5005 3398 5047 nos
3423 4988 3490 5044 ad
3516 5004 3651 5065 Opus

2074 5084 2313 5141 mandati
2352 5084 2692 5149 cohortatur,
2732 5096 2841 5156 quo
2880 5082 3125 5139 esuriens
3162 5078 3419 5151 parvulus
3455 5077 3649 5133 nutriri

2054 5164 2414 5248 ‘obtemperat
2457 5177 2524 5235 ad
2569 5176 2732 5231 verba
2777 5175 3064 5245 imperanti
3090 5215 3107 5238 ,
3157 5173 3243 5231 vel
3296 5187 3402 5242 quo
3457 5169 3649 5225 affectu

2073 5270 2252 5326 omnis
2285 5271 2447 5325 homo
2484 5267 2715 5337 suscipit
2756 5267 2826 5323 ab
2871 5266 3052 5335 aliquo
3094 5281 3157 5323 ea
3205 5282 3326 5336 qua:
3368 5264 3435 5319 ad
3483 5263 3648 5316 vitam

2069 5358 2375 5429 pertinent;
2448 5356 2558 5412 imo
2602 5363 2654 5409 et
2698 5355 2743 5409 si
2791 5354 2922 5424 quid
2969 5353 3200 5424 amplius
3248 5367 3347 5423 pro
3386 5358 3460 5407 eo
3509 5348 3651 5420 quod
3690 5388 3693 5391 ‹

2074 5450 2242 5505 multo
2263 5457 2347 5504 cst
2372 5446 2658 5518 pretiosior
2681 5444 2861 5499 futura
2890 5446 2997 5500 vita
3029 5460 3192 5515 quam
3223 5458 3489 5515 praesens,
3512 5442 3653 5496 sicut

2073 5548 2129 5595 et
2158 5538 2416 5605 Dominus
2451 5535 2588 5591 dixit
2628 5551 2641 5590 :
2686 5533 2826 5600 Quia
2866 5535 3119 5590 mandata
3149 5551 3267 5589 mea
3306 5533 3410 5588 vita
3457 5541 3649 5588 wterna

2076 5640 2193 5685 sunt
2230 5628 2280 5699 (.l
2292 5645 2413 5681 oan.
2446 5627 2566 5697 Ill).

2147 5721 2301 5804 Quod
2345 5719 2388 5774 si
2431 5722 2545 5790 quis
2585 5720 2943 5789 contempserit
2988 5718 3199 5789 facere.
3246 5724 3338 5770 aut
3392 5712 3655 5784 corporali
