  <div class='ocr_page' id='page_1' title='image "/cluster/home/n/w/nwhite01/storage/ocr_20150623/102/umn.31951002477395f/472.png"; bbox 0 0 3944 6420; ppageno 0'>
   <div class='ocr_carea' id='block_1_1' title="bbox 272 296 373 356">
    <p class='ocr_par' dir='ltr' id='par_1_1' title="bbox 272 296 373 356">
     <span class='ocr_line' id='line_1_1' title="bbox 272 296 373 356; baseline 0.02 -5"><span class='ocrx_word' id='word_1_1' title='bbox 272 296 373 356; x_wconf 70' lang='lat'><strong>929</strong></span> 
     </span>
    </p>
   </div>
   <div class='ocr_carea' id='block_1_2' title="bbox 1338 307 2521 372">
    <p class='ocr_par' dir='ltr' id='par_1_2' title="bbox 1338 307 2521 372">
     <span class='ocr_line' id='line_1_2' title="bbox 1338 307 2521 372; baseline 0.006 -7"><span class='ocrx_word' id='word_1_2' title='bbox 1338 307 1693 366; x_wconf 69' lang='lat' dir='ltr'><strong>COMMENT.</strong></span> <span class='ocrx_word' id='word_1_3' title='bbox 1735 310 1803 367; x_wconf 69' lang='lat' dir='ltr'><strong>IN</strong></span> <span class='ocrx_word' id='word_1_4' title='bbox 1844 309 2002 367; x_wconf 66' lang='grc' dir='ltr'><strong>ΠΕΟ.</strong></span> <span class='ocrx_word' id='word_1_5' title='bbox 2046 313 2105 367; x_wconf 83' lang='lat' dir='ltr'><strong>S.</strong></span> <span class='ocrx_word' id='word_1_6' title='bbox 2140 314 2521 372; x_wconf 78' lang='lat' dir='ltr'><strong>BENEDICTI.</strong></span> 
     </span>
    </p>
   </div>
   <div class='ocr_carea' id='block_1_3' title="bbox 3433 327 3536 385">
    <p class='ocr_par' dir='ltr' id='par_1_3' title="bbox 3433 327 3536 385">
     <span class='ocr_line' id='line_1_3' title="bbox 3433 327 3536 385; baseline 0.029 -3"><span class='ocrx_word' id='word_1_7' title='bbox 3433 327 3536 385; x_wconf 82' lang='lat'><strong>950</strong></span> 
     </span>
    </p>
   </div>
   <div class='ocr_carea' id='block_1_4' title="bbox 271 401 3542 508">
    <p class='ocr_par' dir='ltr' id='par_1_4' title="bbox 271 401 3542 508">
     <span class='ocr_line' id='line_1_4' title="bbox 271 401 3542 508; baseline 0.009 -43"><span class='ocrx_word' id='word_1_8' title='bbox 271 414 516 467; x_wconf 62' lang='lat' dir='ltr'><strong>rindicta&#39;e</strong></span> <span class='ocrx_word' id='word_1_9' title='bbox 535 413 825 484; x_wconf 83' lang='lat' dir='ltr'><strong>snbjaceat,</strong></span> <span class='ocrx_word' id='word_1_10' title='bbox 843 426 935 471; x_wconf 82' lang='lat' dir='ltr'><strong>aut</strong></span> <span class='ocrx_word' id='word_1_11' title='bbox 957 418 1003 473; x_wconf 92' lang='lat' dir='ltr'><strong>si</strong></span> <span class='ocrx_word' id='word_1_12' title='bbox 1026 401 1308 475; x_wconf 77' lang='lat' dir='ltr'><strong>contumax</strong></span> <span class='ocrx_word' id='word_1_13' title='bbox 1320 422 1859 492; x_wconf 82' lang='lat' dir='ltr'><strong>fuent,demonaste-</strong></span> <span class='ocrx_word' id='word_1_14' title='bbox 1889 427 1940 489; x_wconf 87' lang='grc' dir='ltr'><strong>Λ</strong></span> <span class='ocrx_word' id='word_1_15' title='bbox 1966 421 2212 481; x_wconf 79' lang='lat' dir='ltr'><strong>Charitas</strong></span> <span class='ocrx_word' id='word_1_16' title='bbox 2246 429 2448 497; x_wconf 86' lang='lat' dir='ltr'><strong>patiens</strong></span> <span class='ocrx_word' id='word_1_17' title='bbox 2478 439 2550 482; x_wconf 85' lang='lat' dir='ltr'><strong>est</strong></span> <span class='ocrx_word' id='word_1_18' title='bbox 2587 429 2636 501; x_wconf 86' lang='lat' dir='ltr'><strong>(l</strong></span> <span class='ocrx_word' id='word_1_19' title='bbox 2662 430 2783 484; x_wconf 86' lang='lat' dir='ltr'><strong>Cor.</strong></span> <span class='ocrx_word' id='word_1_20' title='bbox 2811 431 2950 505; x_wconf 70' lang='lat' dir='ltr'><strong>vita).</strong></span> <span class='ocrx_word' id='word_1_21' title='bbox 2999 433 3132 488; x_wconf 81' lang='lat' dir='ltr'><strong>liinc</strong></span> <span class='ocrx_word' id='word_1_22' title='bbox 3169 442 3224 489; x_wconf 86' lang='lat' dir='ltr'><strong>et</strong></span> <span class='ocrx_word' id='word_1_23' title='bbox 3254 436 3542 508; x_wconf 64' lang='lat' dir='ltr'><strong>Apostolus</strong></span> 
     </span>
    </p>
   </div>
   <div class='ocr_carea' id='block_1_5' title="bbox 268 503 1855 585">
    <p class='ocr_par' dir='ltr' id='par_1_5' title="bbox 268 503 1855 585">
     <span class='ocr_line' id='line_1_5' title="bbox 268 503 1855 585; baseline 0.008 -28"><span class='ocrx_word' id='word_1_24' title='bbox 268 505 349 557; x_wconf 81' lang='lat' dir='ltr'><strong>rio</strong></span> <span class='ocrx_word' id='word_1_25' title='bbox 378 503 690 575; x_wconf 73' lang='lat' dir='ltr'><strong>expellatur.</strong></span> <span class='ocrx_word' id='word_1_26' title='bbox 724 504 861 562; x_wconf 81' lang='lat' dir='ltr'><strong>Hinc</strong></span> <span class='ocrx_word' id='word_1_27' title='bbox 885 508 1010 563; x_wconf 80' lang='lat' dir='ltr'><strong>alibi</strong></span> <span class='ocrx_word' id='word_1_28' title='bbox 1041 511 1304 582; x_wconf 82' lang='lat' dir='ltr'><strong>scriptum</strong></span> <span class='ocrx_word' id='word_1_29' title='bbox 1345 522 1430 570; x_wconf 89' lang='lat' dir='ltr'><strong>est</strong></span> <span class='ocrx_word' id='word_1_30' title='bbox 1461 533 1476 569; x_wconf 90' lang='lat'><strong>:</strong></span> <span class='ocrx_word' id='word_1_31' title='bbox 1511 514 1592 570; x_wconf 83' lang='lat' dir='ltr'><strong>Ad</strong></span> <span class='ocrx_word' id='word_1_32' title='bbox 1621 516 1855 585; x_wconf 91' lang='lat' dir='ltr'><strong>primum</strong></span> 
     </span>
    </p>
   </div>
   <div class='ocr_carea' id='block_1_6' title="bbox 266 600 1856 683">
    <p class='ocr_par' dir='ltr' id='par_1_6' title="bbox 266 600 1856 683">
     <span class='ocr_line' id='line_1_6' title="bbox 266 600 1856 683; baseline 0.008 -28"><span class='ocrx_word' id='word_1_33' title='bbox 266 600 623 656; x_wconf 85' lang='lat' dir='ltr'><strong>discussionis</strong></span> <span class='ocrx_word' id='word_1_34' title='bbox 666 603 897 659; x_wconf 88' lang='lat' dir='ltr'><strong>senioris</strong></span> <span class='ocrx_word' id='word_1_35' title='bbox 947 604 1064 662; x_wconf 91' lang='lat' dir='ltr'><strong>sive</strong></span> <span class='ocrx_word' id='word_1_36' title='bbox 1100 609 1420 678; x_wconf 72' lang='lat' dir='ltr'><strong>:rquinomi,</strong></span> <span class='ocrx_word' id='word_1_37' title='bbox 1478 612 1593 667; x_wconf 88' lang='lat' dir='ltr'><strong>sive</strong></span> <span class='ocrx_word' id='word_1_38' title='bbox 1625 610 1856 683; x_wconf 76' lang='lat' dir='ltr'><strong>alicujus</strong></span> 
     </span>
    </p>
   </div>
   <div class='ocr_carea' id='block_1_7' title="bbox 267 690 1855 772">
    <p class='ocr_par' dir='ltr' id='par_1_7' title="bbox 267 690 1855 772">
     <span class='ocr_line' id='line_1_7' title="bbox 267 690 1855 772; baseline 0.008 -27"><span class='ocrx_word' id='word_1_39' title='bbox 267 690 457 746; x_wconf 90' lang='lat' dir='ltr'><strong>fratris</strong></span> <span class='ocrx_word' id='word_1_40' title='bbox 471 692 627 746; x_wconf 87' lang='lat' dir='ltr'><strong>venia</strong></span> <span class='ocrx_word' id='word_1_41' title='bbox 649 694 877 763; x_wconf 88' lang='lat' dir='ltr'><strong>petenda</strong></span> <span class='ocrx_word' id='word_1_42' title='bbox 893 703 998 761; x_wconf 88' lang='lat' dir='ltr'><strong>est,</strong></span> <span class='ocrx_word' id='word_1_43' title='bbox 1016 705 1073 752; x_wconf 88' lang='lat' dir='ltr'><strong>et</strong></span> <span class='ocrx_word' id='word_1_44' title='bbox 1100 698 1285 753; x_wconf 88' lang='lat' dir='ltr'><strong>tandiu</strong></span> <span class='ocrx_word' id='word_1_45' title='bbox 1309 699 1362 754; x_wconf 90' lang='lat' dir='ltr'><strong>in</strong></span> <span class='ocrx_word' id='word_1_46' title='bbox 1384 708 1529 756; x_wconf 89' lang='lat' dir='ltr'><strong>terra</strong></span> <span class='ocrx_word' id='word_1_47' title='bbox 1550 710 1855 772; x_wconf 89' lang='lat' dir='ltr'><strong>prostratus</strong></span> 
     </span>
    </p>
   </div>
   <div class='ocr_carea' id='block_1_8' title="bbox 264 780 1849 851">
    <p class='ocr_par' dir='ltr' id='par_1_8' title="bbox 264 780 1849 851">
     <span class='ocr_line' id='line_1_8' title="bbox 264 780 1849 851; baseline 0.008 -15"><span class='ocrx_word' id='word_1_48' title='bbox 264 780 463 851; x_wconf 81' lang='lat' dir='ltr'><strong>iaceat,</strong></span> <span class='ocrx_word' id='word_1_49' title='bbox 504 781 678 838; x_wconf 91' lang='lat' dir='ltr'><strong>donec</strong></span> <span class='ocrx_word' id='word_1_50' title='bbox 722 784 905 840; x_wconf 85' lang='lat' dir='ltr'><strong>senior</strong></span> <span class='ocrx_word' id='word_1_51' title='bbox 939 787 1332 845; x_wconf 88' lang='lat' dir='ltr'><strong>discussionem</strong></span> <span class='ocrx_word' id='word_1_52' title='bbox 1375 794 1849 849; x_wconf 82' lang='lat' dir='ltr'><strong>consummaverit.</strong></span> 
     </span>
    </p>
   </div>
   <div class='ocr_carea' id='block_1_9' title="bbox 266 870 1854 957">
    <p class='ocr_par' dir='ltr' id='par_1_9' title="bbox 266 870 1854 957">
     <span class='ocr_line' id='line_1_9' title="bbox 266 870 1854 957; baseline 0.01 -31"><span class='ocrx_word' id='word_1_53' title='bbox 266 870 328 926; x_wconf 98' lang='lat' dir='ltr'><strong>Si</strong></span> <span class='ocrx_word' id='word_1_54' title='bbox 376 883 560 926; x_wconf 86' lang='lat' dir='ltr'><strong>autem</strong></span> <span class='ocrx_word' id='word_1_55' title='bbox 602 873 788 929; x_wconf 86' lang='lat' dir='ltr'><strong>senior</strong></span> <span class='ocrx_word' id='word_1_56' title='bbox 833 875 1231 935; x_wconf 88' lang='lat' dir='ltr'><strong>discussionem</strong></span> <span class='ocrx_word' id='word_1_57' title='bbox 1280 881 1561 940; x_wconf 78' lang='lat' dir='ltr'><strong>iteraverit</strong></span> <span class='ocrx_word' id='word_1_58' title='bbox 1580 924 1596 950; x_wconf 89' lang='lat'><strong>,</strong></span> <span class='ocrx_word' id='word_1_59' title='bbox 1642 892 1698 940; x_wconf 91' lang='lat' dir='ltr'><strong>et</strong></span> <span class='ocrx_word' id='word_1_60' title='bbox 1738 885 1854 957; x_wconf 88' lang='lat' dir='ltr'><strong>ipse</strong></span> 
     </span>
    </p>
   </div>
   <div class='ocr_carea' id='block_1_10' title="bbox 265 960 1849 1038">
    <p class='ocr_par' dir='ltr' id='par_1_10' title="bbox 265 960 1849 1038">
     <span class='ocr_line' id='line_1_10' title="bbox 265 960 1849 1038; baseline 0.013 -26"><span class='ocrx_word' id='word_1_61' title='bbox 265 960 480 1016; x_wconf 83' lang='lat' dir='ltr'><strong>veniam</strong></span> <span class='ocrx_word' id='word_1_62' title='bbox 524 960 726 1018; x_wconf 80' lang='lat' dir='ltr'><strong>iterare</strong></span> <span class='ocrx_word' id='word_1_63' title='bbox 770 963 952 1019; x_wconf 81' lang='lat' dir='ltr'><strong>debet.</strong></span> <span class='ocrx_word' id='word_1_64' title='bbox 1006 966 1064 1021; x_wconf 91' lang='lat' dir='ltr'><strong>Si</strong></span> <span class='ocrx_word' id='word_1_65' title='bbox 1116 969 1239 1038; x_wconf 86' lang='lat' dir='ltr'><strong>quis</strong></span> <span class='ocrx_word' id='word_1_66' title='bbox 1274 971 1483 1027; x_wconf 87' lang='lat' dir='ltr'><strong>tardior</strong></span> <span class='ocrx_word' id='word_1_67' title='bbox 1524 974 1593 1029; x_wconf 90' lang='lat' dir='ltr'><strong>ad</strong></span> <span class='ocrx_word' id='word_1_68' title='bbox 1635 976 1849 1032; x_wconf 86' lang='lat' dir='ltr'><strong>veniam</strong></span> 
     </span>
    </p>
   </div>
   <div class='ocr_carea' id='block_1_11' title="bbox 267 1049 1848 1134">
    <p class='ocr_par' dir='ltr' id='par_1_11' title="bbox 267 1049 1848 1134">
     <span class='ocr_line' id='line_1_11' title="bbox 267 1049 1848 1134; baseline 0.011 -30"><span class='ocrx_word' id='word_1_69' title='bbox 267 1049 519 1106; x_wconf 87' lang='lat' dir='ltr'><strong>inventus</strong></span> <span class='ocrx_word' id='word_1_70' title='bbox 542 1050 705 1107; x_wconf 87' lang='lat' dir='ltr'><strong>fuerit</strong></span> <span class='ocrx_word' id='word_1_71' title='bbox 733 1054 848 1110; x_wconf 87' lang='lat' dir='ltr'><strong>sive</strong></span> <span class='ocrx_word' id='word_1_72' title='bbox 875 1055 1054 1127; x_wconf 90' lang='lat' dir='ltr'><strong>aliqua</strong></span> <span class='ocrx_word' id='word_1_73' title='bbox 1080 1060 1244 1114; x_wconf 85' lang='lat' dir='ltr'><strong>verba</strong></span> <span class='ocrx_word' id='word_1_74' title='bbox 1272 1061 1519 1133; x_wconf 79' lang='lat' dir='ltr'><strong>religioni</strong></span> <span class='ocrx_word' id='word_1_75' title='bbox 1549 1066 1848 1134; x_wconf 87' lang='lat' dir='ltr'><strong>contraria,</strong></span> 
     </span>
    </p>
   </div>
   <div class='ocr_carea' id='block_1_12' title="bbox 264 1141 1852 1221">
    <p class='ocr_par' dir='ltr' id='par_1_12' title="bbox 264 1141 1852 1221">
     <span class='ocr_line' id='line_1_12' title="bbox 264 1141 1852 1221; baseline 0.01 -25"><span class='ocrx_word' id='word_1_76' title='bbox 264 1141 381 1196; x_wconf 85' lang='lat' dir='ltr'><strong>sive</strong></span> <span class='ocrx_word' id='word_1_77' title='bbox 410 1157 517 1212; x_wconf 82' lang='lat' dir='ltr'><strong>pro</strong></span> <span class='ocrx_word' id='word_1_78' title='bbox 554 1144 910 1200; x_wconf 79' lang='lat' dir='ltr'><strong>excusatione</strong></span> <span class='ocrx_word' id='word_1_79' title='bbox 945 1147 1028 1201; x_wconf 89' lang='lat' dir='ltr'><strong>sui</strong></span> <span class='ocrx_word' id='word_1_80' title='bbox 1064 1148 1246 1205; x_wconf 87' lang='lat' dir='ltr'><strong>delicti</strong></span> <span class='ocrx_word' id='word_1_81' title='bbox 1284 1152 1591 1221; x_wconf 89' lang='lat' dir='ltr'><strong>protulerit,</strong></span> <span class='ocrx_word' id='word_1_82' title='bbox 1634 1157 1852 1211; x_wconf 81' lang='lat' dir='ltr'><strong>mitten-</strong></span> 
     </span>
    </p>
   </div>
   <div class='ocr_carea' id='block_1_13' title="bbox 264 1232 1851 1317">
    <p class='ocr_par' dir='ltr' id='par_1_13' title="bbox 264 1232 1851 1317">
     <span class='ocr_line' id='line_1_13' title="bbox 264 1232 1851 1317; baseline 0.01 -31"><span class='ocrx_word' id='word_1_83' title='bbox 264 1232 367 1287; x_wconf 87' lang='lat' dir='ltr'><strong>dus</strong></span> <span class='ocrx_word' id='word_1_84' title='bbox 408 1241 494 1288; x_wconf 83' lang='lat' dir='ltr'><strong>est</strong></span> <span class='ocrx_word' id='word_1_85' title='bbox 535 1232 592 1287; x_wconf 90' lang='lat' dir='ltr'><strong>in</strong></span> <span class='ocrx_word' id='word_1_86' title='bbox 642 1247 943 1299; x_wconf 89' lang='lat' dir='ltr'><strong>carcerem,</strong></span> <span class='ocrx_word' id='word_1_87' title='bbox 984 1246 1039 1291; x_wconf 89' lang='lat' dir='ltr'><strong>et</strong></span> <span class='ocrx_word' id='word_1_88' title='bbox 1075 1241 1339 1309; x_wconf 70' lang='lat' dir='ltr'><strong>paeniteat</strong></span> <span class='ocrx_word' id='word_1_89' title='bbox 1378 1244 1676 1299; x_wconf 86' lang='lat' dir='ltr'><strong>secundum</strong></span> <span class='ocrx_word' id='word_1_90' title='bbox 1706 1247 1851 1317; x_wconf 90' lang='lat' dir='ltr'><strong>quod</strong></span> 
     </span>
    </p>
   </div>
   <div class='ocr_carea' id='block_1_14' title="bbox 261 1320 1844 1402">
    <p class='ocr_par' dir='ltr' id='par_1_14' title="bbox 261 1320 1844 1402">
     <span class='ocr_line' id='line_1_14' title="bbox 261 1320 1844 1402; baseline 0.011 -27"><span class='ocrx_word' id='word_1_91' title='bbox 261 1320 592 1390; x_wconf 77' lang='lat' dir='ltr'><strong>iudicaverit</strong></span> <span class='ocrx_word' id='word_1_92' title='bbox 629 1323 830 1390; x_wconf 87' lang='lat' dir='ltr'><strong>senior,</strong></span> <span class='ocrx_word' id='word_1_93' title='bbox 869 1341 1149 1397; x_wconf 88' lang='lat' dir='ltr'><strong>usquequo</strong></span> <span class='ocrx_word' id='word_1_94' title='bbox 1189 1332 1511 1402; x_wconf 70' lang='lat' dir='ltr'><strong>corrigatur.</strong></span> <span class='ocrx_word' id='word_1_95' title='bbox 1558 1333 1617 1389; x_wconf 91' lang='lat' dir='ltr'><strong>Si</strong></span> <span class='ocrx_word' id='word_1_96' title='bbox 1661 1345 1844 1393; x_wconf 87' lang='lat' dir='ltr'><strong>autem</strong></span> 
     </span>
    </p>
   </div>
   <div class='ocr_carea' id='block_1_15' title="bbox 262 1413 1844 1490">
    <p class='ocr_par' dir='ltr' id='par_1_15' title="bbox 262 1413 1844 1490">
     <span class='ocr_line' id='line_1_15' title="bbox 262 1413 1844 1490; baseline 0.012 -23"><span class='ocrx_word' id='word_1_97' title='bbox 262 1413 567 1470; x_wconf 83' lang='lat' dir='ltr'><strong>obstinatus</strong></span> <span class='ocrx_word' id='word_1_98' title='bbox 625 1415 919 1482; x_wconf 84' lang='lat' dir='ltr'><strong>invenitur,</strong></span> <span class='ocrx_word' id='word_1_99' title='bbox 967 1423 1300 1490; x_wconf 82' lang='lat' dir='ltr'><strong>separandos</strong></span> <span class='ocrx_word' id='word_1_100' title='bbox 1351 1433 1437 1480; x_wconf 89' lang='lat' dir='ltr'><strong>est</strong></span> <span class='ocrx_word' id='word_1_101' title='bbox 1468 1440 1504 1481; x_wconf 23' lang='lat' dir='ltr'><strong>ra</strong></span> <span class='ocrx_word' id='word_1_102' title='bbox 1562 1427 1844 1486; x_wconf 77' lang='lat' dir='ltr'><strong>fratribus.</strong></span> 
     </span>
    </p>
   </div>
   <div class='ocr_carea' id='block_1_16' title="bbox 815 1511 1293 1572">
    <p class='ocr_par' dir='ltr' id='par_1_16' title="bbox 815 1511 1293 1572">
     <span class='ocr_line' id='line_1_16' title="bbox 815 1511 1293 1572; baseline 0.008 -4"><span class='ocrx_word' id='word_1_103' title='bbox 815 1511 1045 1570; x_wconf 83' lang='lat' dir='ltr'><strong>CAPUT</strong></span> <span class='ocrx_word' id='word_1_104' title='bbox 1082 1516 1293 1572; x_wconf 76' lang='lat' dir='ltr'><strong>LXXII.</strong></span> 
     </span>
    </p>
   </div>
   <div class='ocr_carea' id='block_1_17' title="bbox 425 1599 1684 1675">
    <p class='ocr_par' dir='ltr' id='par_1_17' title="bbox 425 1599 1684 1675">
     <span class='ocr_line' id='line_1_17' title="bbox 425 1599 1684 1675; baseline 0.013 -22"><span class='ocrx_word' id='word_1_105' title='bbox 425 1599 501 1654; x_wconf 86' lang='lat' dir='ltr'><strong>De</strong></span> <span class='ocrx_word' id='word_1_106' title='bbox 523 1601 634 1655; x_wconf 82' lang='lat' dir='ltr'><strong>zelo</strong></span> <span class='ocrx_word' id='word_1_107' title='bbox 654 1601 808 1669; x_wconf 82' lang='lat' dir='ltr'><strong>bona,</strong></span> <span class='ocrx_word' id='word_1_108' title='bbox 831 1621 983 1675; x_wconf 78' lang='lat' dir='ltr'><strong>quem</strong></span> <span class='ocrx_word' id='word_1_109' title='bbox 1003 1606 1187 1662; x_wconf 84' lang='lat' dir='ltr'><strong>debent</strong></span> <span class='ocrx_word' id='word_1_110' title='bbox 1209 1610 1399 1666; x_wconf 82' lang='lat' dir='ltr'><strong>habere</strong></span> <span class='ocrx_word' id='word_1_111' title='bbox 1421 1615 1684 1669; x_wconf 87' lang='lat' dir='ltr'><strong>monachi.</strong></span> 
     </span>
    </p>
   </div>
   <div class='ocr_carea' id='block_1_18' title="bbox 1958 511 3536 598">
    <p class='ocr_par' dir='ltr' id='par_1_18' title="bbox 1958 511 3536 598">
     <span class='ocr_line' id='line_1_18' title="bbox 1958 511 3536 598; baseline 0.012 -32"><span class='ocrx_word' id='word_1_112' title='bbox 1958 511 2037 566; x_wconf 86' lang='lat' dir='ltr'><strong>ait</strong></span> <span class='ocrx_word' id='word_1_113' title='bbox 2072 529 2085 564; x_wconf 90' lang='lat'><strong>:</strong></span> <span class='ocrx_word' id='word_1_114' title='bbox 2124 513 2350 569; x_wconf 83' lang='lat' dir='ltr'><strong>Invicem</strong></span> <span class='ocrx_word' id='word_1_115' title='bbox 2401 533 2560 571; x_wconf 82' lang='lat' dir='ltr'><strong>onera</strong></span> <span class='ocrx_word' id='word_1_116' title='bbox 2597 529 2765 573; x_wconf 84' lang='lat' dir='ltr'><strong>vestra</strong></span> <span class='ocrx_word' id='word_1_117' title='bbox 2789 531 3011 590; x_wconf 85' lang='lat' dir='ltr'><strong>portate,</strong></span> <span class='ocrx_word' id='word_1_118' title='bbox 3042 533 3089 575; x_wconf 89' lang='lat' dir='ltr'><strong>et</strong></span> <span class='ocrx_word' id='word_1_119' title='bbox 3119 524 3193 577; x_wconf 84' lang='lat' dir='ltr'><strong>sic</strong></span> <span class='ocrx_word' id='word_1_120' title='bbox 3223 528 3536 598; x_wconf 81' lang='lat' dir='ltr'><strong>adimplebi-</strong></span> 
     </span>
    </p>
   </div>
   <div class='ocr_carea' id='block_1_19' title="bbox 1955 602 3334 682">
    <p class='ocr_par' dir='ltr' id='par_1_19' title="bbox 1955 602 3334 682">
     <span class='ocr_line' id='line_1_19' title="bbox 1955 602 3334 682; baseline 0.012 -27"><span class='ocrx_word' id='word_1_121' title='bbox 1955 602 2022 657; x_wconf 89' lang='lat' dir='ltr'><strong>tis</strong></span> <span class='ocrx_word' id='word_1_122' title='bbox 2045 602 2207 674; x_wconf 82' lang='lat' dir='ltr'><strong>legem</strong></span> <span class='ocrx_word' id='word_1_123' title='bbox 2228 604 2422 660; x_wconf 76' lang='lat' dir='ltr'><strong>Christi</strong></span> <span class='ocrx_word' id='word_1_124' title='bbox 2447 606 2645 680; x_wconf 85' lang='lat' dir='ltr'><strong>(Galat.</strong></span> <span class='ocrx_word' id='word_1_125' title='bbox 2678 611 2777 682; x_wconf 77' lang='lat' dir='ltr'><strong>vi),</strong></span> <span class='ocrx_word' id='word_1_126' title='bbox 2806 612 2859 666; x_wconf 88' lang='lat' dir='ltr'><strong>id</strong></span> <span class='ocrx_word' id='word_1_127' title='bbox 2883 622 2987 678; x_wconf 87' lang='lat' dir='ltr'><strong>est,</strong></span> <span class='ocrx_word' id='word_1_128' title='bbox 3013 615 3334 672; x_wconf 87' lang='lat' dir='ltr'><strong>eharitatcm</strong></span> 
     </span>
    </p>
   </div>
   <div class='ocr_carea' id='block_1_20' title="bbox 2027 693 3542 777">
    <p class='ocr_par' dir='ltr' id='par_1_20' title="bbox 2027 693 3542 777">
     <span class='ocr_line' id='line_1_20' title="bbox 2027 693 3542 777; baseline 0.013 -30"><span class='ocrx_word' id='word_1_129' title='bbox 2027 693 2388 750; x_wconf 83' lang='lat' dir='ltr'><strong>Obedientiam</strong></span> <span class='ocrx_word' id='word_1_130' title='bbox 2412 698 2513 752; x_wconf 89' lang='lat' dir='ltr'><strong>sibi</strong></span> <span class='ocrx_word' id='word_1_131' title='bbox 2532 701 2770 754; x_wconf 81' lang='lat' dir='ltr'><strong>certatim</strong></span> <span class='ocrx_word' id='word_1_132' title='bbox 2802 703 3124 773; x_wconf 84' lang='lat' dir='ltr'><strong>impendant.</strong></span> <span class='ocrx_word' id='word_1_133' title='bbox 3157 705 3429 777; x_wconf 78' lang='lat' dir='ltr'><strong>Scriptum</strong></span> <span class='ocrx_word' id='word_1_134' title='bbox 3453 720 3542 767; x_wconf 84' lang='lat' dir='ltr'><strong>est</strong></span> 
     </span>
    </p>
   </div>
   <div class='ocr_carea' id='block_1_21' title="bbox 1953 786 3540 875">
    <p class='ocr_par' dir='ltr' id='par_1_21' title="bbox 1953 786 3540 875">
     <span class='ocr_line' id='line_1_21' title="bbox 1953 786 3540 875; baseline 0.013 -36"><span class='ocrx_word' id='word_1_135' title='bbox 1953 786 2099 840; x_wconf 86' lang='lat' dir='ltr'><strong>enim</strong></span> <span class='ocrx_word' id='word_1_136' title='bbox 2132 804 2145 840; x_wconf 92' lang='lat'><strong>:</strong></span> <span class='ocrx_word' id='word_1_137' title='bbox 2172 786 2364 843; x_wconf 75' lang='lat' dir='ltr'><strong>Melior</strong></span> <span class='ocrx_word' id='word_1_138' title='bbox 2395 800 2471 844; x_wconf 85' lang='lat' dir='ltr'><strong>est</strong></span> <span class='ocrx_word' id='word_1_139' title='bbox 2501 791 2815 859; x_wconf 85' lang='lat' dir='ltr'><strong>obedientia,</strong></span> <span class='ocrx_word' id='word_1_140' title='bbox 2846 813 3002 867; x_wconf 88' lang='lat' dir='ltr'><strong>quam</strong></span> <span class='ocrx_word' id='word_1_141' title='bbox 3035 799 3260 854; x_wconf 81' lang='lat' dir='ltr'><strong>uictima.</strong></span> <span class='ocrx_word' id='word_1_142' title='bbox 3304 802 3370 857; x_wconf 83' lang='lat' dir='ltr'><strong>Et</strong></span> <span class='ocrx_word' id='word_1_143' title='bbox 3391 803 3540 875; x_wconf 81' lang='lat' dir='ltr'><strong>Apo-</strong></span> 
     </span>
    </p>
   </div>
   <div class='ocr_carea' id='block_1_22' title="bbox 1953 876 3539 967">
    <p class='ocr_par' dir='ltr' id='par_1_22' title="bbox 1953 876 3539 967">
     <span class='ocr_line' id='line_1_22' title="bbox 1953 876 3539 967; baseline 0.014 -37"><span class='ocrx_word' id='word_1_144' title='bbox 1953 876 2125 932; x_wconf 87' lang='lat' dir='ltr'><strong>stolus</strong></span> <span class='ocrx_word' id='word_1_145' title='bbox 2192 879 2269 934; x_wconf 90' lang='lat' dir='ltr'><strong>ait</strong></span> <span class='ocrx_word' id='word_1_146' title='bbox 2315 896 2329 934; x_wconf 87' lang='lat'><strong>:</strong></span> <span class='ocrx_word' id='word_1_147' title='bbox 2380 879 2689 939; x_wconf 85' lang='lat' dir='ltr'><strong>Obcdientes</strong></span> <span class='ocrx_word' id='word_1_148' title='bbox 2742 885 2959 941; x_wconf 77' lang='lat' dir='ltr'><strong>inuicem</strong></span> <span class='ocrx_word' id='word_1_149' title='bbox 3022 890 3077 944; x_wconf 89' lang='lat' dir='ltr'><strong>in</strong></span> <span class='ocrx_word' id='word_1_150' title='bbox 3131 892 3337 948; x_wconf 81' lang='lat' dir='ltr'><strong>uinculo</strong></span> <span class='ocrx_word' id='word_1_151' title='bbox 3389 898 3539 967; x_wconf 84' lang='lat' dir='ltr'><strong>pacis</strong></span> 
     </span>
    </p>
   </div>
   <div class='ocr_carea' id='block_1_23' title="bbox 1952 964 2301 1040">
    <p class='ocr_par' dir='ltr' id='par_1_23' title="bbox 1952 964 2301 1040">
     <span class='ocr_line' id='line_1_23' title="bbox 1952 964 2301 1040; baseline 0.009 -21"><span class='ocrx_word' id='word_1_152' title='bbox 1952 964 2169 1038; x_wconf 77' lang='lat' dir='ltr'><strong>(Ephes.</strong></span> <span class='ocrx_word' id='word_1_153' title='bbox 2203 972 2301 1040; x_wconf 81' lang='lat' dir='ltr'><strong>tv).</strong></span> 
     </span>
    </p>
   </div>
   <div class='ocr_carea' id='block_1_24' title="bbox 2025 1057 3536 1149">
    <p class='ocr_par' dir='ltr' id='par_1_24' title="bbox 2025 1057 3536 1149">
     <span class='ocr_line' id='line_1_24' title="bbox 2025 1057 3536 1149; baseline 0.015 -39"><span class='ocrx_word' id='word_1_154' title='bbox 2025 1057 2223 1113; x_wconf 87' lang='lat' dir='ltr'><strong>Nullus</strong></span> <span class='ocrx_word' id='word_1_155' title='bbox 2248 1062 2389 1131; x_wconf 86' lang='lat' dir='ltr'><strong>quod</strong></span> <span class='ocrx_word' id='word_1_156' title='bbox 2425 1063 2525 1117; x_wconf 85' lang='lat' dir='ltr'><strong>sibi</strong></span> <span class='ocrx_word' id='word_1_157' title='bbox 2563 1064 2691 1119; x_wconf 81' lang='lat' dir='ltr'><strong>utile</strong></span> <span class='ocrx_word' id='word_1_158' title='bbox 2724 1065 2933 1135; x_wconf 79' lang='lat' dir='ltr'><strong>judicat</strong></span> <span class='ocrx_word' id='word_1_159' title='bbox 2970 1081 3239 1140; x_wconf 85' lang='lat' dir='ltr'><strong>sequatur,</strong></span> <span class='ocrx_word' id='word_1_160' title='bbox 3275 1076 3367 1129; x_wconf 83' lang='lat' dir='ltr'><strong>sed</strong></span> <span class='ocrx_word' id='word_1_161' title='bbox 3396 1080 3536 1149; x_wconf 80' lang='lat' dir='ltr'><strong>quod</strong></span> 
     </span>
    </p>
   </div>
   <div class='ocr_carea' id='block_1_25' title="bbox 1952 1150 3537 1237">
    <p class='ocr_par' dir='ltr' id='par_1_25' title="bbox 1952 1150 3537 1237">
     <span class='ocr_line' id='line_1_25' title="bbox 1952 1150 3537 1237; baseline 0.015 -36"><span class='ocrx_word' id='word_1_162' title='bbox 1952 1150 2123 1219; x_wconf 83' lang='lat' dir='ltr'><strong>magis</strong></span> <span class='ocrx_word' id='word_1_163' title='bbox 2146 1151 2258 1204; x_wconf 83' lang='lat' dir='ltr'><strong>alii.</strong></span> <span class='ocrx_word' id='word_1_164' title='bbox 2296 1150 2434 1208; x_wconf 84' lang='lat' dir='ltr'><strong>llinc</strong></span> <span class='ocrx_word' id='word_1_165' title='bbox 2458 1154 2748 1224; x_wconf 82' lang='lat' dir='ltr'><strong>Apostolus</strong></span> <span class='ocrx_word' id='word_1_166' title='bbox 2775 1158 2854 1212; x_wconf 90' lang='lat' dir='ltr'><strong>ait</strong></span> <span class='ocrx_word' id='word_1_167' title='bbox 2881 1177 2896 1212; x_wconf 88' lang='lat'><strong>:</strong></span> <span class='ocrx_word' id='word_1_168' title='bbox 2922 1158 3170 1216; x_wconf 77' lang='lat' dir='ltr'><strong>Charitas</strong></span> <span class='ocrx_word' id='word_1_169' title='bbox 3211 1182 3316 1219; x_wconf 83' lang='lat' dir='ltr'><strong>non</strong></span> <span class='ocrx_word' id='word_1_170' title='bbox 3348 1171 3537 1237; x_wconf 63' lang='lat' dir='ltr'><strong>qua&#39;rit</strong></span> 
     </span>
    </p>
   </div>
   <div class='ocr_carea' id='block_1_26' title="bbox 1947 1242 3536 1324">
    <p class='ocr_par' dir='ltr' id='par_1_26' title="bbox 1947 1242 3536 1324">
     <span class='ocr_line' id='line_1_26' title="bbox 1947 1242 3536 1324; baseline 0.014 -34"><span class='ocrx_word' id='word_1_171' title='bbox 1947 1253 2066 1307; x_wconf 66' lang='lat' dir='ltr'><strong>quae</strong></span> <span class='ocrx_word' id='word_1_172' title='bbox 2100 1256 2199 1294; x_wconf 88' lang='lat' dir='ltr'><strong>sua</strong></span> <span class='ocrx_word' id='word_1_173' title='bbox 2233 1252 2354 1295; x_wconf 86' lang='lat' dir='ltr'><strong>sunt</strong></span> <span class='ocrx_word' id='word_1_174' title='bbox 2386 1242 2437 1314; x_wconf 90' lang='grc'><strong>(1</strong></span> <span class='ocrx_word' id='word_1_175' title='bbox 2471 1243 2594 1298; x_wconf 86' lang='lat' dir='ltr'><strong>Cor.</strong></span> <span class='ocrx_word' id='word_1_176' title='bbox 2620 1246 2774 1316; x_wconf 75' lang='lat' dir='ltr'><strong>xm);</strong></span> <span class='ocrx_word' id='word_1_177' title='bbox 2813 1248 2865 1302; x_wconf 91' lang='lat' dir='ltr'><strong>id</strong></span> <span class='ocrx_word' id='word_1_178' title='bbox 2897 1258 2999 1314; x_wconf 88' lang='lat' dir='ltr'><strong>est,</strong></span> <span class='ocrx_word' id='word_1_179' title='bbox 3034 1267 3139 1305; x_wconf 87' lang='lat' dir='ltr'><strong>non</strong></span> <span class='ocrx_word' id='word_1_180' title='bbox 3178 1255 3383 1324; x_wconf 82' lang='lat' dir='ltr'><strong>cogitat</strong></span> <span class='ocrx_word' id='word_1_181' title='bbox 3416 1266 3536 1313; x_wconf 69' lang='grc' dir='ltr'>ιειιι-</span> 
     </span>
    </p>
   </div>
   <div class='ocr_carea' id='block_1_27' title="bbox 1950 1331 3537 1408">
    <p class='ocr_par' dir='ltr' id='par_1_27' title="bbox 1950 1331 3537 1408">
     <span class='ocr_line' id='line_1_27' title="bbox 1950 1331 3537 1408; baseline 0.014 -27"><span class='ocrx_word' id='word_1_182' title='bbox 1950 1337 2063 1383; x_wconf 89' lang='lat' dir='ltr'><strong>tum</strong></span> <span class='ocrx_word' id='word_1_183' title='bbox 2094 1331 2239 1398; x_wconf 88' lang='lat' dir='ltr'><strong>quod</strong></span> <span class='ocrx_word' id='word_1_184' title='bbox 2267 1332 2368 1386; x_wconf 75' lang='lat' dir='ltr'><strong>sibi</strong></span> <span class='ocrx_word' id='word_1_185' title='bbox 2408 1334 2535 1389; x_wconf 88' lang='lat' dir='ltr'><strong>utile</strong></span> <span class='ocrx_word' id='word_1_186' title='bbox 2572 1344 2677 1402; x_wconf 87' lang='lat' dir='ltr'><strong>est,</strong></span> <span class='ocrx_word' id='word_1_187' title='bbox 2710 1337 2806 1392; x_wconf 87' lang='lat' dir='ltr'><strong>sed</strong></span> <span class='ocrx_word' id='word_1_188' title='bbox 2840 1340 2984 1408; x_wconf 87' lang='lat' dir='ltr'><strong>quod</strong></span> <span class='ocrx_word' id='word_1_189' title='bbox 3021 1341 3143 1396; x_wconf 87' lang='lat' dir='ltr'><strong>aliis</strong></span> <span class='ocrx_word' id='word_1_190' title='bbox 3180 1345 3384 1401; x_wconf 86' lang='lat' dir='ltr'><strong>utiliter</strong></span> <span class='ocrx_word' id='word_1_191' title='bbox 3421 1364 3537 1404; x_wconf 83' lang='lat' dir='ltr'><strong>scr-</strong></span> 
     </span>
    </p>
   </div>
   <div class='ocr_carea' id='block_1_28' title="bbox 1949 1416 2501 1476">
    <p class='ocr_par' dir='ltr' id='par_1_28' title="bbox 1949 1416 2501 1476">
     <span class='ocr_line' id='line_1_28' title="bbox 1949 1416 2501 1476; baseline 0.014 -8"><span class='ocrx_word' id='word_1_192' title='bbox 1949 1416 2146 1473; x_wconf 87' lang='lat' dir='ltr'><strong>viendo</strong></span> <span class='ocrx_word' id='word_1_193' title='bbox 2174 1420 2470 1476; x_wconf 83' lang='lat' dir='ltr'><strong>ministret.</strong></span> <span class='ocrx_word' id='word_1_194' title='bbox 2494 1455 2501 1461; x_wconf 82' lang='lat'><strong><em>~</em></strong></span> 
     </span>
    </p>
   </div>
   <div class='ocr_carea' id='block_1_29' title="bbox 2037 1506 3533 1590">
    <p class='ocr_par' dir='ltr' id='par_1_29' title="bbox 2037 1506 3533 1590">
     <span class='ocr_line' id='line_1_29' title="bbox 2037 1506 3533 1590; baseline 0.013 -29"><span class='ocrx_word' id='word_1_195' title='bbox 2037 1506 2359 1564; x_wconf 85' lang='lat' dir='ltr'><strong>Charitatem</strong></span> <span class='ocrx_word' id='word_1_196' title='bbox 2406 1512 2757 1582; x_wconf 79' lang='lat' dir='ltr'><strong>fraternitatis</strong></span> <span class='ocrx_word' id='word_1_197' title='bbox 2808 1526 2953 1572; x_wconf 89' lang='lat' dir='ltr'><strong>casto</strong></span> <span class='ocrx_word' id='word_1_198' title='bbox 2993 1519 3294 1590; x_wconf 81' lang='lat' dir='ltr'><strong>impendant</strong></span> <span class='ocrx_word' id='word_1_199' title='bbox 3335 1542 3533 1581; x_wconf 74' lang='lat' dir='ltr'><strong>artiore.</strong></span> 
     </span>
    </p>
   </div>
   <div class='ocr_carea' id='block_1_30' title="bbox 1946 1594 3534 1679">
    <p class='ocr_par' dir='ltr' id='par_1_30' title="bbox 1946 1594 3534 1679">
     <span class='ocr_line' id='line_1_30' title="bbox 1946 1594 3534 1679; baseline 0.014 -31"><span class='ocrx_word' id='word_1_200' title='bbox 1946 1594 2199 1651; x_wconf 88' lang='lat' dir='ltr'><strong>Charitas</strong></span> <span class='ocrx_word' id='word_1_201' title='bbox 2241 1599 2385 1653; x_wconf 91' lang='lat' dir='ltr'><strong>enim</strong></span> <span class='ocrx_word' id='word_1_202' title='bbox 2427 1616 2532 1654; x_wconf 90' lang='lat' dir='ltr'><strong>non</strong></span> <span class='ocrx_word' id='word_1_203' title='bbox 2573 1610 2657 1656; x_wconf 87' lang='lat' dir='ltr'><strong>est</strong></span> <span class='ocrx_word' id='word_1_204' title='bbox 2694 1604 2909 1674; x_wconf 75' lang='lat' dir='ltr'><strong>duplex,</strong></span> <span class='ocrx_word' id='word_1_205' title='bbox 2950 1622 3051 1662; x_wconf 87' lang='lat' dir='ltr'><strong>nec</strong></span> <span class='ocrx_word' id='word_1_206' title='bbox 3095 1609 3252 1665; x_wconf 87' lang='lat' dir='ltr'><strong>alicui</strong></span> <span class='ocrx_word' id='word_1_207' title='bbox 3304 1613 3534 1679; x_wconf 84' lang='lat' dir='ltr'><strong>invidet,</strong></span> 
     </span>
    </p>
   </div>
   <div class='ocr_carea' id='block_1_31' title="bbox 333 1685 3536 1777">
    <p class='ocr_par' dir='ltr' id='par_1_31' title="bbox 333 1685 3536 1777">
     <span class='ocr_line' id='line_1_31' title="bbox 333 1685 3536 1777; baseline 0.012 -56"><span class='ocrx_word' id='word_1_208' title='bbox 333 1687 483 1742; x_wconf 54' lang='lat' dir='ltr'><strong>Si“,</strong></span> <span class='ocrx_word' id='word_1_209' title='bbox 534 1699 611 1743; x_wconf 66' lang='grc' dir='ltr'><strong>αι</strong></span> <span class='ocrx_word' id='word_1_210' title='bbox 642 1689 787 1745; x_wconf 56' lang='grc' dir='ltr'>χειν,</span> <span class='ocrx_word' id='word_1_211' title='bbox 831 1695 1205 1751; x_wconf 57' lang='lat' dir='ltr'><strong>“man-“dini,</strong></span> <span class='ocrx_word' id='word_1_212' title='bbox 1255 1698 1461 1767; x_wconf 60' lang='lat' dir='ltr'><strong>mam,</strong></span> <span class='ocrx_word' id='word_1_213' title='bbox 1507 1703 1598 1773; x_wconf 68' lang='lat' dir='ltr'><strong>qu,-</strong></span> <span class='ocrx_word' id='word_1_214' title='bbox 1634 1715 1844 1775; x_wconf 54' lang='grc' dir='ltr'><strong>σφαγαί</strong></span> <span class='ocrx_word' id='word_1_215' title='bbox 1946 1685 2089 1741; x_wconf 87' lang='lat' dir='ltr'><strong>sicut</strong></span> <span class='ocrx_word' id='word_1_216' title='bbox 2115 1689 2376 1758; x_wconf 87' lang='lat' dir='ltr'><strong>scriptum</strong></span> <span class='ocrx_word' id='word_1_217' title='bbox 2406 1700 2527 1745; x_wconf 89' lang='lat' dir='ltr'><strong>est:</strong></span> <span class='ocrx_word' id='word_1_218' title='bbox 2556 1692 2802 1750; x_wconf 82' lang='lat' dir='ltr'><strong>Charitas</strong></span> <span class='ocrx_word' id='word_1_219' title='bbox 2833 1713 2935 1750; x_wconf 88' lang='lat' dir='ltr'><strong>non</strong></span> <span class='ocrx_word' id='word_1_220' title='bbox 2969 1699 3272 1770; x_wconf 70' lang='lat' dir='ltr'><strong>tumulatur,</strong></span> <span class='ocrx_word' id='word_1_221' title='bbox 3300 1721 3405 1760; x_wconf 87' lang='lat' dir='ltr'><strong>non</strong></span> <span class='ocrx_word' id='word_1_222' title='bbox 3427 1709 3536 1777; x_wconf 83' lang='lat' dir='ltr'><strong>agit</strong></span> 
     </span>
    </p>
   </div>
   <div class='ocr_carea' id='block_1_32' title="bbox 261 1775 1840 1865">
    <p class='ocr_par' dir='ltr' id='par_1_32' title="bbox 261 1775 1840 1865">
     <span class='ocr_line' id='line_1_32' title="bbox 261 1775 1840 1865; baseline 0.014 -38"><span class='ocrx_word' id='word_1_223' title='bbox 261 1792 292 1828; x_wconf 80' lang='grc' dir='ltr'><strong>ιι</strong></span> <span class='ocrx_word' id='word_1_224' title='bbox 321 1775 428 1829; x_wconf 88' lang='lat' dir='ltr'><strong>Deo</strong></span> <span class='ocrx_word' id='word_1_225' title='bbox 455 1785 505 1830; x_wconf 83' lang='lat' dir='ltr'><strong>et</strong></span> <span class='ocrx_word' id='word_1_226' title='bbox 527 1779 671 1832; x_wconf 84' lang='lat' dir='ltr'><strong>ducit</strong></span> <span class='ocrx_word' id='word_1_227' title='bbox 699 1779 770 1833; x_wconf 84' lang='lat' dir='ltr'><strong>ad</strong></span> <span class='ocrx_word' id='word_1_228' title='bbox 806 1780 1095 1850; x_wconf 82' lang='lat' dir='ltr'><strong>infernum,</strong></span> <span class='ocrx_word' id='word_1_229' title='bbox 1129 1785 1204 1839; x_wconf 87' lang='lat' dir='ltr'><strong>ita</strong></span> <span class='ocrx_word' id='word_1_230' title='bbox 1224 1795 1299 1841; x_wconf 89' lang='lat' dir='ltr'><strong>est</strong></span> <span class='ocrx_word' id='word_1_231' title='bbox 1341 1789 1483 1844; x_wconf 80' lang='lat' dir='ltr'><strong>zelus</strong></span> <span class='ocrx_word' id='word_1_232' title='bbox 1526 1791 1711 1859; x_wconf 85' lang='lat' dir='ltr'><strong>bonus,</strong></span> <span class='ocrx_word' id='word_1_233' title='bbox 1753 1796 1840 1865; x_wconf 76' lang='lat' dir='ltr'><strong>qui</strong></span> 
     </span>
    </p>
   </div>
   <div class='ocr_carea' id='block_1_33' title="bbox 1952 1775 3530 1865">
    <p class='ocr_par' dir='ltr' id='par_1_33' title="bbox 1952 1775 3530 1861">
     <span class='ocr_line' id='line_1_33' title="bbox 1952 1775 3530 1861; baseline 0.015 -33"><span class='ocrx_word' id='word_1_234' title='bbox 1952 1793 2220 1847; x_wconf 87' lang='lat' dir='ltr'><strong>perperam</strong></span> <span class='ocrx_word' id='word_1_235' title='bbox 2261 1778 2314 1850; x_wconf 87' lang='grc' dir='ltr'><strong>(Ι</strong></span> <span class='ocrx_word' id='word_1_236' title='bbox 2336 1778 2457 1834; x_wconf 87' lang='lat' dir='ltr'><strong>Cor.</strong></span> <span class='ocrx_word' id='word_1_237' title='bbox 2485 1780 2623 1853; x_wconf 79' lang='lat' dir='ltr'><strong>xm),</strong></span> <span class='ocrx_word' id='word_1_238' title='bbox 2660 1783 2715 1838; x_wconf 87' lang='lat' dir='ltr'><strong>id</strong></span> <span class='ocrx_word' id='word_1_239' title='bbox 2743 1795 2850 1852; x_wconf 88' lang='lat' dir='ltr'><strong>est,</strong></span> <span class='ocrx_word' id='word_1_240' title='bbox 2876 1794 3155 1857; x_wconf 87' lang='lat' dir='ltr'><strong>perversa,</strong></span> <span class='ocrx_word' id='word_1_241' title='bbox 3183 1793 3309 1861; x_wconf 93' lang='lat' dir='ltr'><strong>quia</strong></span> <span class='ocrx_word' id='word_1_242' title='bbox 3344 1775 3530 1851; x_wconf 78' lang='lat' dir='ltr'><strong>omnia</strong></span> 
     </span>
    </p>
   </div>
   <div class='ocr_carea' id='block_1_34' title="bbox 260 1869 1842 1939">
    <p class='ocr_par' dir='ltr' id='par_1_34' title="bbox 260 1869 1842 1939">
     <span class='ocr_line' id='line_1_34' title="bbox 260 1869 1842 1939; baseline 0.013 -21"><span class='ocrx_word' id='word_1_243' title='bbox 260 1875 471 1935; x_wconf 85' lang='lat' dir='ltr'><strong>separat</strong></span> <span class='ocrx_word' id='word_1_244' title='bbox 496 1884 529 1921; x_wconf 91' lang='lat' dir='ltr'><strong>a</strong></span> <span class='ocrx_word' id='word_1_245' title='bbox 548 1869 689 1923; x_wconf 81' lang='lat' dir='ltr'><strong>uitiis</strong></span> <span class='ocrx_word' id='word_1_246' title='bbox 711 1878 759 1924; x_wconf 88' lang='lat' dir='ltr'><strong>et</strong></span> <span class='ocrx_word' id='word_1_247' title='bbox 782 1870 928 1926; x_wconf 80' lang='lat' dir='ltr'><strong>ducit</strong></span> <span class='ocrx_word' id='word_1_248' title='bbox 944 1872 1015 1926; x_wconf 82' lang='lat' dir='ltr'><strong>ad</strong></span> <span class='ocrx_word' id='word_1_249' title='bbox 1031 1873 1202 1929; x_wconf 80' lang='lat' dir='ltr'><strong>Deum</strong></span> <span class='ocrx_word' id='word_1_250' title='bbox 1225 1886 1273 1931; x_wconf 90' lang='lat' dir='ltr'><strong>et</strong></span> <span class='ocrx_word' id='word_1_251' title='bbox 1297 1878 1369 1932; x_wconf 88' lang='lat' dir='ltr'><strong>ad</strong></span> <span class='ocrx_word' id='word_1_252' title='bbox 1388 1881 1548 1934; x_wconf 78' lang='lat' dir='ltr'><strong>vitam</strong></span> <span class='ocrx_word' id='word_1_253' title='bbox 1571 1892 1842 1939; x_wconf 70' lang='lat' dir='ltr'><strong>(sternant.</strong></span> 
     </span>
    </p>
   </div>
   <div class='ocr_carea' id='block_1_35' title="bbox 180 1958 1845 2041">
    <p class='ocr_par' dir='ltr' id='par_1_35' title="bbox 180 1958 1845 2041">
     <span class='ocr_line' id='line_1_35' title="bbox 180 1958 1845 2041; baseline 0.013 -31"><span class='ocrx_word' id='word_1_254' title='bbox 180 2018 193 2027; x_wconf 35' lang='grc' dir='ltr'><strong>ι</strong></span> <span class='ocrx_word' id='word_1_255' title='bbox 259 1958 425 2013; x_wconf 89' lang='lat' dir='ltr'><strong>Zelus</strong></span> <span class='ocrx_word' id='word_1_256' title='bbox 447 1961 1057 2033; x_wconf 50' lang='lat' dir='ltr'><strong>amaritudinis’malus,</strong></span> <span class='ocrx_word' id='word_1_257' title='bbox 1089 1968 1181 2037; x_wconf 88' lang='lat' dir='ltr'><strong>qui</strong></span> <span class='ocrx_word' id='word_1_258' title='bbox 1216 1981 1435 2041; x_wconf 84' lang='lat' dir='ltr'><strong>separat</strong></span> <span class='ocrx_word' id='word_1_259' title='bbox 1474 1989 1505 2028; x_wconf 91' lang='lat' dir='ltr'><strong>a</strong></span> <span class='ocrx_word' id='word_1_260' title='bbox 1533 1973 1645 2030; x_wconf 86' lang='lat' dir='ltr'><strong>Deo</strong></span> <span class='ocrx_word' id='word_1_261' title='bbox 1668 1983 1723 2029; x_wconf 90' lang='lat' dir='ltr'><strong>et</strong></span> <span class='ocrx_word' id='word_1_262' title='bbox 1747 1976 1845 2031; x_wconf 92' lang='lat' dir='ltr'><strong>du-</strong></span> 
     </span>
    </p>
   </div>
   <div class='ocr_carea' id='block_1_36' title="bbox 259 2050 1845 2140">
    <p class='ocr_par' dir='ltr' id='par_1_36' title="bbox 259 2050 1845 2140">
     <span class='ocr_line' id='line_1_36' title="bbox 259 2050 1845 2140; baseline 0.014 -37"><span class='ocrx_word' id='word_1_263' title='bbox 259 2052 336 2104; x_wconf 89' lang='lat' dir='ltr'><strong>cit</strong></span> <span class='ocrx_word' id='word_1_264' title='bbox 372 2050 439 2105; x_wconf 91' lang='lat' dir='ltr'><strong>ad</strong></span> <span class='ocrx_word' id='word_1_265' title='bbox 468 2051 761 2121; x_wconf 84' lang='lat' dir='ltr'><strong>infernum,</strong></span> <span class='ocrx_word' id='word_1_266' title='bbox 797 2056 917 2113; x_wconf 89' lang='lat' dir='ltr'><strong>sine</strong></span> <span class='ocrx_word' id='word_1_267' title='bbox 946 2060 1110 2117; x_wconf 90' lang='lat' dir='ltr'><strong>dubio</strong></span> <span class='ocrx_word' id='word_1_268' title='bbox 1146 2063 1215 2118; x_wconf 90' lang='lat' dir='ltr'><strong>de</strong></span> <span class='ocrx_word' id='word_1_269' title='bbox 1255 2063 1456 2120; x_wconf 88' lang='lat' dir='ltr'><strong>invidia</strong></span> <span class='ocrx_word' id='word_1_270' title='bbox 1484 2074 1541 2122; x_wconf 89' lang='lat' dir='ltr'><strong>et</strong></span> <span class='ocrx_word' id='word_1_271' title='bbox 1573 2068 1699 2125; x_wconf 93' lang='lat' dir='ltr'><strong>odio</strong></span> <span class='ocrx_word' id='word_1_272' title='bbox 1722 2085 1845 2140; x_wconf 89' lang='lat' dir='ltr'><strong>pro-</strong></span> 
     </span>
    </p>
   </div>
   <div class='ocr_carea' id='block_1_37' title="bbox 259 2143 1838 2232">
    <p class='ocr_par' dir='ltr' id='par_1_37' title="bbox 259 2143 1838 2232">
     <span class='ocr_line' id='line_1_37' title="bbox 259 2143 1838 2232; baseline 0.013 -33"><span class='ocrx_word' id='word_1_273' title='bbox 259 2144 405 2200; x_wconf 78' lang='lat' dir='ltr'><strong>cedit</strong></span> <span class='ocrx_word' id='word_1_274' title='bbox 427 2143 691 2202; x_wconf 88' lang='lat' dir='ltr'><strong>fraterno.</strong></span> <span class='ocrx_word' id='word_1_275' title='bbox 742 2149 818 2204; x_wconf 82' lang='lat' dir='ltr'><strong>De</strong></span> <span class='ocrx_word' id='word_1_276' title='bbox 848 2151 951 2207; x_wconf 88' lang='lat' dir='ltr'><strong>hoc</strong></span> <span class='ocrx_word' id='word_1_277' title='bbox 980 2154 1127 2210; x_wconf 92' lang='lat' dir='ltr'><strong>enim</strong></span> <span class='ocrx_word' id='word_1_278' title='bbox 1155 2156 1276 2213; x_wconf 86' lang='lat' dir='ltr'><strong>zelo</strong></span> <span class='ocrx_word' id='word_1_279' title='bbox 1308 2167 1364 2214; x_wconf 92' lang='lat' dir='ltr'><strong>et</strong></span> <span class='ocrx_word' id='word_1_280' title='bbox 1392 2161 1585 2216; x_wconf 87' lang='lat' dir='ltr'><strong>beatus</strong></span> <span class='ocrx_word' id='word_1_281' title='bbox 1611 2160 1838 2232; x_wconf 79' lang='lat' dir='ltr'><strong>Cypria-</strong></span> 
     </span>
    </p>
   </div>
   <div class='ocr_carea' id='block_1_38' title="bbox 258 2237 1846 2310">
    <p class='ocr_par' dir='ltr' id='par_1_38' title="bbox 258 2237 1846 2310">
     <span class='ocr_line' id='line_1_38' title="bbox 258 2237 1846 2310; baseline 0.013 -20"><span class='ocrx_word' id='word_1_282' title='bbox 258 2251 362 2292; x_wconf 85' lang='lat' dir='ltr'><strong>nus</strong></span> <span class='ocrx_word' id='word_1_283' title='bbox 401 2237 480 2291; x_wconf 86' lang='lat' dir='ltr'><strong>ait</strong></span> <span class='ocrx_word' id='word_1_284' title='bbox 511 2256 525 2292; x_wconf 89' lang='lat'><strong>:</strong></span> <span class='ocrx_word' id='word_1_285' title='bbox 559 2240 748 2297; x_wconf 87' lang='lat' dir='ltr'><strong>Zelare</strong></span> <span class='ocrx_word' id='word_1_286' title='bbox 794 2251 848 2299; x_wconf 89' lang='lat' dir='ltr'><strong>et</strong></span> <span class='ocrx_word' id='word_1_287' title='bbox 883 2244 1126 2303; x_wconf 77' lang='lat' dir='ltr'><strong>invidere</strong></span> <span class='ocrx_word' id='word_1_288' title='bbox 1166 2248 1392 2306; x_wconf 85' lang='lat' dir='ltr'><strong>alterius</strong></span> <span class='ocrx_word' id='word_1_289' title='bbox 1441 2252 1585 2308; x_wconf 87' lang='lat' dir='ltr'><strong>bono</strong></span> <span class='ocrx_word' id='word_1_290' title='bbox 1623 2270 1730 2309; x_wconf 91' lang='lat' dir='ltr'><strong>non</strong></span> <span class='ocrx_word' id='word_1_291' title='bbox 1760 2262 1846 2310; x_wconf 86' lang='lat' dir='ltr'><strong>est</strong></span> 
     </span>
    </p>
   </div>
   <div class='ocr_carea' id='block_1_39' title="bbox 258 2332 1842 2411">
    <p class='ocr_par' dir='ltr' id='par_1_39' title="bbox 258 2332 1842 2411">
     <span class='ocr_line' id='line_1_39' title="bbox 258 2332 1842 2411; baseline 0.013 -29"><span class='ocrx_word' id='word_1_292' title='bbox 258 2343 509 2399; x_wconf 85' lang='lat' dir='ltr'><strong>parvum,</strong></span> <span class='ocrx_word' id='word_1_293' title='bbox 547 2332 642 2387; x_wconf 89' lang='lat' dir='ltr'><strong>sed</strong></span> <span class='ocrx_word' id='word_1_294' title='bbox 683 2335 888 2404; x_wconf 84' lang='lat' dir='ltr'><strong>grande</strong></span> <span class='ocrx_word' id='word_1_295' title='bbox 926 2345 983 2392; x_wconf 88' lang='lat' dir='ltr'><strong>et</strong></span> <span class='ocrx_word' id='word_1_296' title='bbox 1014 2354 1269 2411; x_wconf 88' lang='lat' dir='ltr'><strong>magnum</strong></span> <span class='ocrx_word' id='word_1_297' title='bbox 1314 2343 1536 2398; x_wconf 84' lang='lat' dir='ltr'><strong>malmn.</strong></span> <span class='ocrx_word' id='word_1_298' title='bbox 1584 2343 1842 2402; x_wconf 80' lang='lat' dir='ltr'><strong>Salomon</strong></span> 
     </span>
    </p>
   </div>
   <div class='ocr_carea' id='block_1_40' title="bbox 257 2422 1842 2506">
    <p class='ocr_par' dir='ltr' id='par_1_40' title="bbox 257 2422 1842 2506">
     <span class='ocr_line' id='line_1_40' title="bbox 257 2422 1842 2506; baseline 0.009 -33"><span class='ocrx_word' id='word_1_299' title='bbox 257 2434 472 2489; x_wconf 75' lang='lat' dir='ltr'><strong>quoque</strong></span> <span class='ocrx_word' id='word_1_300' title='bbox 506 2422 584 2476; x_wconf 85' lang='lat' dir='ltr'><strong>ait</strong></span> <span class='ocrx_word' id='word_1_301' title='bbox 613 2439 627 2476; x_wconf 89' lang='lat'><strong>:</strong></span> <span class='ocrx_word' id='word_1_302' title='bbox 653 2422 813 2479; x_wconf 86' lang='lat' dir='ltr'><strong>Zelus</strong></span> <span class='ocrx_word' id='word_1_303' title='bbox 851 2436 900 2481; x_wconf 88' lang='lat' dir='ltr'><strong>et</strong></span> <span class='ocrx_word' id='word_1_304' title='bbox 932 2428 1211 2484; x_wconf 83' lang='lat' dir='ltr'><strong>iracundia</strong></span> <span class='ocrx_word' id='word_1_305' title='bbox 1244 2431 1485 2486; x_wconf 87' lang='lat' dir='ltr'><strong>minuunt</strong></span> <span class='ocrx_word' id='word_1_306' title='bbox 1507 2433 1618 2488; x_wconf 89' lang='lat' dir='ltr'><strong>dies</strong></span> <span class='ocrx_word' id='word_1_307' title='bbox 1640 2433 1842 2506; x_wconf 83' lang='lat' dir='ltr'><strong>(Eccli.</strong></span> 
     </span>
    </p>
   </div>
   <div class='ocr_carea' id='block_1_41' title="bbox 259 2512 1843 2597">
    <p class='ocr_par' dir='ltr' id='par_1_41' title="bbox 259 2512 1843 2597">
     <span class='ocr_line' id='line_1_41' title="bbox 259 2512 1843 2597; baseline 0.011 -32"><span class='ocrx_word' id='word_1_308' title='bbox 259 2512 409 2583; x_wconf 74' lang='lat' dir='ltr'><strong>xxx).</strong></span> <span class='ocrx_word' id='word_1_309' title='bbox 460 2512 591 2570; x_wconf 91' lang='lat' dir='ltr'><strong>Sine</strong></span> <span class='ocrx_word' id='word_1_310' title='bbox 627 2516 791 2572; x_wconf 89' lang='lat' dir='ltr'><strong>dubio</strong></span> <span class='ocrx_word' id='word_1_311' title='bbox 821 2519 967 2574; x_wconf 90' lang='lat' dir='ltr'><strong>enim</strong></span> <span class='ocrx_word' id='word_1_312' title='bbox 998 2536 1104 2576; x_wconf 92' lang='lat' dir='ltr'><strong>non</strong></span> <span class='ocrx_word' id='word_1_313' title='bbox 1130 2537 1381 2592; x_wconf 87' lang='lat' dir='ltr'><strong>parvum,</strong></span> <span class='ocrx_word' id='word_1_314' title='bbox 1412 2526 1506 2580; x_wconf 89' lang='lat' dir='ltr'><strong>sed</strong></span> <span class='ocrx_word' id='word_1_315' title='bbox 1532 2512 1737 2597; x_wconf 82' lang='lat' dir='ltr'><strong>grande</strong></span> <span class='ocrx_word' id='word_1_316' title='bbox 1758 2534 1843 2582; x_wconf 90' lang='lat' dir='ltr'><strong>est</strong></span> 
     </span>
    </p>
   </div>
   <div class='ocr_carea' id='block_1_42' title="bbox 258 2604 1841 2683">
    <p class='ocr_par' dir='ltr' id='par_1_42' title="bbox 258 2604 1841 2683">
     <span class='ocr_line' id='line_1_42' title="bbox 258 2604 1841 2683; baseline 0.009 -25"><span class='ocrx_word' id='word_1_317' title='bbox 258 2604 480 2669; x_wconf 89' lang='lat' dir='ltr'><strong>malum,</strong></span> <span class='ocrx_word' id='word_1_318' title='bbox 507 2607 649 2676; x_wconf 90' lang='lat' dir='ltr'><strong>quod</strong></span> <span class='ocrx_word' id='word_1_319' title='bbox 690 2609 938 2666; x_wconf 84' lang='lat' dir='ltr'><strong>homines</strong></span> <span class='ocrx_word' id='word_1_320' title='bbox 983 2622 1201 2683; x_wconf 88' lang='lat' dir='ltr'><strong>separat</strong></span> <span class='ocrx_word' id='word_1_321' title='bbox 1237 2629 1267 2668; x_wconf 90' lang='lat' dir='ltr'><strong>a</strong></span> <span class='ocrx_word' id='word_1_322' title='bbox 1301 2614 1411 2670; x_wconf 89' lang='lat' dir='ltr'><strong>Deo</strong></span> <span class='ocrx_word' id='word_1_323' title='bbox 1435 2623 1492 2671; x_wconf 87' lang='lat' dir='ltr'><strong>et</strong></span> <span class='ocrx_word' id='word_1_324' title='bbox 1516 2617 1701 2672; x_wconf 85' lang='lat' dir='ltr'><strong>subdit</strong></span> <span class='ocrx_word' id='word_1_325' title='bbox 1725 2618 1841 2673; x_wconf 86' lang='lat' dir='ltr'><strong>dia-</strong></span> 
     </span>
    </p>
   </div>
   <div class='ocr_carea' id='block_1_43' title="bbox 257 2694 1842 2775">
    <p class='ocr_par' dir='ltr' id='par_1_43' title="bbox 257 2694 1842 2775">
     <span class='ocr_line' id='line_1_43' title="bbox 257 2694 1842 2775; baseline 0.011 -28"><span class='ocrx_word' id='word_1_326' title='bbox 257 2694 398 2749; x_wconf 82' lang='lat' dir='ltr'><strong>bolo.</strong></span> <span class='ocrx_word' id='word_1_327' title='bbox 433 2696 658 2766; x_wconf 87' lang='lat' dir='ltr'><strong>Separat</strong></span> <span class='ocrx_word' id='word_1_328' title='bbox 695 2714 725 2754; x_wconf 91' lang='lat' dir='ltr'><strong>a</strong></span> <span class='ocrx_word' id='word_1_329' title='bbox 756 2709 936 2770; x_wconf 87' lang='lat' dir='ltr'><strong>patre,</strong></span> <span class='ocrx_word' id='word_1_330' title='bbox 966 2711 1024 2759; x_wconf 89' lang='lat' dir='ltr'><strong>et</strong></span> <span class='ocrx_word' id='word_1_331' title='bbox 1046 2696 1205 2760; x_wconf 85' lang='lat' dir='ltr'><strong>ducit</strong></span> <span class='ocrx_word' id='word_1_332' title='bbox 1231 2705 1299 2760; x_wconf 90' lang='lat' dir='ltr'><strong>ad</strong></span> <span class='ocrx_word' id='word_1_333' title='bbox 1339 2706 1716 2775; x_wconf 88' lang='lat' dir='ltr'><strong>deceptorem;</strong></span> <span class='ocrx_word' id='word_1_334' title='bbox 1754 2722 1842 2764; x_wconf 89' lang='lat' dir='ltr'><strong>se-</strong></span> 
     </span>
    </p>
   </div>
   <div class='ocr_carea' id='block_1_44' title="bbox 260 2789 1838 2871">
    <p class='ocr_par' dir='ltr' id='par_1_44' title="bbox 260 2789 1838 2871">
     <span class='ocr_line' id='line_1_44' title="bbox 260 2789 1838 2871; baseline 0.011 -33"><span class='ocrx_word' id='word_1_335' title='bbox 260 2795 418 2854; x_wconf 82' lang='lat' dir='ltr'><strong>parat</strong></span> <span class='ocrx_word' id='word_1_336' title='bbox 447 2802 478 2842; x_wconf 92' lang='lat' dir='ltr'><strong>a</strong></span> <span class='ocrx_word' id='word_1_337' title='bbox 505 2789 637 2855; x_wconf 89' lang='lat' dir='ltr'><strong>vita,</strong></span> <span class='ocrx_word' id='word_1_338' title='bbox 665 2799 721 2845; x_wconf 91' lang='lat' dir='ltr'><strong>et</strong></span> <span class='ocrx_word' id='word_1_339' title='bbox 745 2793 895 2848; x_wconf 89' lang='lat' dir='ltr'><strong>ducit</strong></span> <span class='ocrx_word' id='word_1_340' title='bbox 932 2795 1002 2851; x_wconf 86' lang='lat' dir='ltr'><strong>ad</strong></span> <span class='ocrx_word' id='word_1_341' title='bbox 1034 2804 1296 2863; x_wconf 86' lang='lat' dir='ltr'><strong>mortem;</strong></span> <span class='ocrx_word' id='word_1_342' title='bbox 1340 2806 1559 2869; x_wconf 83' lang='lat' dir='ltr'><strong>separat</strong></span> <span class='ocrx_word' id='word_1_343' title='bbox 1586 2814 1617 2854; x_wconf 88' lang='lat' dir='ltr'><strong>a</strong></span> <span class='ocrx_word' id='word_1_344' title='bbox 1646 2799 1838 2871; x_wconf 79' lang='lat' dir='ltr'><strong>gloria,</strong></span> 
     </span>
    </p>
   </div>
   <div class='ocr_carea' id='block_1_45' title="bbox 253 2879 1841 2962">
    <p class='ocr_par' dir='ltr' id='par_1_45' title="bbox 253 2879 1841 2962">
     <span class='ocr_line' id='line_1_45' title="bbox 253 2879 1841 2962; baseline 0.009 -31"><span class='ocrx_word' id='word_1_345' title='bbox 253 2887 311 2932; x_wconf 89' lang='lat' dir='ltr'><strong>et</strong></span> <span class='ocrx_word' id='word_1_346' title='bbox 329 2879 478 2934; x_wconf 88' lang='lat' dir='ltr'><strong>ducit</strong></span> <span class='ocrx_word' id='word_1_347' title='bbox 500 2880 568 2936; x_wconf 89' lang='lat' dir='ltr'><strong>ad</strong></span> <span class='ocrx_word' id='word_1_348' title='bbox 595 2896 830 2952; x_wconf 67' lang='lat' dir='ltr'><strong>penam.</strong></span> <span class='ocrx_word' id='word_1_349' title='bbox 856 2884 971 2942; x_wconf 85' lang='lat' dir='ltr'><strong>Hoc</strong></span> <span class='ocrx_word' id='word_1_350' title='bbox 996 2888 1142 2942; x_wconf 91' lang='lat' dir='ltr'><strong>enim</strong></span> <span class='ocrx_word' id='word_1_351' title='bbox 1168 2888 1385 2945; x_wconf 69' lang='lat' dir='ltr'><strong>invidia:</strong></span> <span class='ocrx_word' id='word_1_352' title='bbox 1413 2890 1529 2946; x_wconf 89' lang='lat' dir='ltr'><strong>zelo</strong></span> <span class='ocrx_word' id='word_1_353' title='bbox 1552 2905 1841 2962; x_wconf 87' lang='lat' dir='ltr'><strong>percussus</strong></span> 
     </span>
    </p>
   </div>
   <div class='ocr_carea' id='block_1_46' title="bbox 1946 1868 3536 1956">
    <p class='ocr_par' dir='ltr' id='par_1_46' title="bbox 1946 1868 3536 1956">
     <span class='ocr_line' id='line_1_46' title="bbox 1946 1868 3536 1956; baseline 0.013 -35"><span class='ocrx_word' id='word_1_354' title='bbox 1946 1868 2243 1922; x_wconf 88' lang='lat' dir='ltr'><strong>secundum</strong></span> <span class='ocrx_word' id='word_1_355' title='bbox 2286 1870 2532 1926; x_wconf 89' lang='lat' dir='ltr'><strong>ordinem</strong></span> <span class='ocrx_word' id='word_1_356' title='bbox 2574 1872 2727 1940; x_wconf 79' lang='lat' dir='ltr'><strong>facit,</strong></span> <span class='ocrx_word' id='word_1_357' title='bbox 2766 1884 2823 1930; x_wconf 89' lang='lat' dir='ltr'><strong>et</strong></span> <span class='ocrx_word' id='word_1_358' title='bbox 2864 1880 3045 1932; x_wconf 87' lang='lat' dir='ltr'><strong>omnia</strong></span> <span class='ocrx_word' id='word_1_359' title='bbox 3084 1882 3212 1936; x_wconf 89' lang='lat' dir='ltr'><strong>vitia</strong></span> <span class='ocrx_word' id='word_1_360' title='bbox 3256 1883 3401 1941; x_wconf 66' lang='grc' dir='ltr'><strong>ἴοι-εις</strong></span> <span class='ocrx_word' id='word_1_361' title='bbox 3440 1903 3536 1956; x_wconf 87' lang='lat' dir='ltr'><strong>pe-</strong></span> 
     </span>
    </p>
   </div>
   <div class='ocr_carea' id='block_1_47' title="bbox 1945 1956 3533 2045">
    <p class='ocr_par' dir='ltr' id='par_1_47' title="bbox 1945 1956 3533 2045">
     <span class='ocr_line' id='line_1_47' title="bbox 1945 1956 3533 2045; baseline 0.016 -36"><span class='ocrx_word' id='word_1_362' title='bbox 1945 1956 2095 2011; x_wconf 91' lang='lat' dir='ltr'><strong>nitus</strong></span> <span class='ocrx_word' id='word_1_363' title='bbox 2141 1959 2400 2025; x_wconf 83' lang='lat' dir='ltr'><strong>excludit,</strong></span> <span class='ocrx_word' id='word_1_364' title='bbox 2453 1970 2510 2016; x_wconf 88' lang='lat' dir='ltr'><strong>et</strong></span> <span class='ocrx_word' id='word_1_365' title='bbox 2554 1962 2780 2021; x_wconf 87' lang='lat' dir='ltr'><strong>alterius</strong></span> <span class='ocrx_word' id='word_1_366' title='bbox 2822 1966 3138 2027; x_wconf 80' lang='lat' dir='ltr'><strong>felicitatem</strong></span> <span class='ocrx_word' id='word_1_367' title='bbox 3177 1977 3334 2045; x_wconf 89' lang='lat' dir='ltr'><strong>quasi</strong></span> <span class='ocrx_word' id='word_1_368' title='bbox 3378 1993 3533 2036; x_wconf 83' lang='lat' dir='ltr'><strong>suam</strong></span> 
     </span>
    </p>
   </div>
   <div class='ocr_carea' id='block_1_48' title="bbox 1945 2051 3418 2138">
    <p class='ocr_par' dir='ltr' id='par_1_48' title="bbox 1945 2051 3418 2138">
     <span class='ocr_line' id='line_1_48' title="bbox 1945 2051 3418 2138; baseline 0.015 -33"><span class='ocrx_word' id='word_1_369' title='bbox 1945 2051 2184 2108; x_wconf 85' lang='lat' dir='ltr'><strong>libenter</strong></span> <span class='ocrx_word' id='word_1_370' title='bbox 2212 2054 2577 2126; x_wconf 87' lang='lat' dir='ltr'><strong>amplectitur.</strong></span> <span class='ocrx_word' id='word_1_371' title='bbox 2612 2057 2769 2114; x_wconf 79' lang='lat' dir='ltr'><strong>Unde</strong></span> <span class='ocrx_word' id='word_1_372' title='bbox 2800 2069 2857 2117; x_wconf 91' lang='lat' dir='ltr'><strong>et</strong></span> <span class='ocrx_word' id='word_1_373' title='bbox 2877 2062 2993 2132; x_wconf 87' lang='lat' dir='ltr'><strong>ipse</strong></span> <span class='ocrx_word' id='word_1_374' title='bbox 3018 2065 3109 2123; x_wconf 86' lang='lat' dir='ltr'><strong>hic</strong></span> <span class='ocrx_word' id='word_1_375' title='bbox 3138 2070 3418 2138; x_wconf 88' lang='lat' dir='ltr'><strong>sequitur:</strong></span> 
     </span>
    </p>
   </div>
   <div class='ocr_carea' id='block_1_49' title="bbox 2015 2144 3535 2220">
    <p class='ocr_par' dir='ltr' id='par_1_49' title="bbox 2015 2144 3535 2220">
     <span class='ocr_line' id='line_1_49' title="bbox 2015 2144 3535 2220; baseline 0.015 -23"><span class='ocrx_word' id='word_1_376' title='bbox 2015 2144 2187 2199; x_wconf 85' lang='lat' dir='ltr'><strong>Deum</strong></span> <span class='ocrx_word' id='word_1_377' title='bbox 2232 2147 2492 2214; x_wconf 78' lang='lat' dir='ltr'><strong>timeant,</strong></span> <span class='ocrx_word' id='word_1_378' title='bbox 2539 2150 2780 2206; x_wconf 80' lang='lat' dir='ltr'><strong>abbatem</strong></span> <span class='ocrx_word' id='word_1_379' title='bbox 2822 2170 2978 2209; x_wconf 87' lang='lat' dir='ltr'><strong>suunt</strong></span> <span class='ocrx_word' id='word_1_380' title='bbox 3015 2158 3221 2214; x_wconf 88' lang='lat' dir='ltr'><strong>sincera</strong></span> <span class='ocrx_word' id='word_1_381' title='bbox 3257 2172 3305 2216; x_wconf 89' lang='lat' dir='ltr'><strong>et</strong></span> <span class='ocrx_word' id='word_1_382' title='bbox 3346 2164 3535 2220; x_wconf 78' lang='lat' dir='ltr'><strong>humili</strong></span> 
     </span>
    </p>
   </div>
   <div class='ocr_carea' id='block_1_50' title="bbox 1943 2236 3534 2316">
    <p class='ocr_par' dir='ltr' id='par_1_50' title="bbox 1943 2236 3534 2316">
     <span class='ocr_line' id='line_1_50' title="bbox 1943 2236 3534 2316; baseline 0.012 -27"><span class='ocrx_word' id='word_1_383' title='bbox 1943 2236 2201 2291; x_wconf 82' lang='lat' dir='ltr'><strong>charitate</strong></span> <span class='ocrx_word' id='word_1_384' title='bbox 2241 2237 2487 2309; x_wconf 82' lang='lat' dir='ltr'><strong>diligant.</strong></span> <span class='ocrx_word' id='word_1_385' title='bbox 2535 2239 2806 2312; x_wconf 85' lang='lat' dir='ltr'><strong>Scriptum</strong></span> <span class='ocrx_word' id='word_1_386' title='bbox 2846 2254 2930 2301; x_wconf 87' lang='lat' dir='ltr'><strong>est</strong></span> <span class='ocrx_word' id='word_1_387' title='bbox 2972 2248 3116 2301; x_wconf 88' lang='lat' dir='ltr'><strong>enim</strong></span> <span class='ocrx_word' id='word_1_388' title='bbox 3164 2266 3177 2302; x_wconf 90' lang='lat'><strong>:</strong></span> <span class='ocrx_word' id='word_1_389' title='bbox 3226 2251 3330 2316; x_wconf 80' lang='lat' dir='ltr'><strong>Qui</strong></span> <span class='ocrx_word' id='word_1_390' title='bbox 3364 2253 3534 2309; x_wconf 87' lang='lat' dir='ltr'><strong>Deum</strong></span> 
     </span>
    </p>
   </div>
   <div class='ocr_carea' id='block_1_51' title="bbox 1943 2323 3532 2411">
    <p class='ocr_par' dir='ltr' id='par_1_51' title="bbox 1943 2323 3532 2411">
     <span class='ocr_line' id='line_1_51' title="bbox 1943 2323 3532 2411; baseline 0.013 -35"><span class='ocrx_word' id='word_1_391' title='bbox 1943 2323 2110 2390; x_wconf 86' lang='lat' dir='ltr'><strong>timet,</strong></span> <span class='ocrx_word' id='word_1_392' title='bbox 2152 2326 2283 2381; x_wconf 84' lang='lat' dir='ltr'><strong>nihil</strong></span> <span class='ocrx_word' id='word_1_393' title='bbox 2318 2327 2529 2399; x_wconf 79' lang='lat' dir='ltr'><strong>negligit</strong></span> <span class='ocrx_word' id='word_1_394' title='bbox 2562 2329 2791 2401; x_wconf 83' lang='lat' dir='ltr'><strong>(Eccles.</strong></span> <span class='ocrx_word' id='word_1_395' title='bbox 2823 2333 2942 2405; x_wconf 82' lang='lat' dir='ltr'><strong>vn).</strong></span> <span class='ocrx_word' id='word_1_396' title='bbox 2980 2334 3049 2389; x_wconf 88' lang='lat' dir='ltr'><strong>Et</strong></span> <span class='ocrx_word' id='word_1_397' title='bbox 3075 2338 3165 2406; x_wconf 89' lang='lat' dir='ltr'><strong>qui</strong></span> <span class='ocrx_word' id='word_1_398' title='bbox 3186 2355 3328 2411; x_wconf 30' lang='lat' dir='ltr'><strong>‘vere</strong></span> <span class='ocrx_word' id='word_1_399' title='bbox 3363 2341 3532 2397; x_wconf 84' lang='lat' dir='ltr'><strong>Deum</strong></span> 
     </span>
    </p>
   </div>
   <div class='ocr_carea' id='block_1_52' title="bbox 1943 2410 3531 2485">
    <p class='ocr_par' dir='ltr' id='par_1_52' title="bbox 1943 2410 3531 2485">
     <span class='ocr_line' id='line_1_52' title="bbox 1943 2410 3531 2485; baseline 0.014 -22"><span class='ocrx_word' id='word_1_400' title='bbox 1943 2410 2119 2478; x_wconf 87' lang='lat' dir='ltr'><strong>timet,</strong></span> <span class='ocrx_word' id='word_1_401' title='bbox 2174 2412 2293 2468; x_wconf 90' lang='lat' dir='ltr'><strong>ideo</strong></span> <span class='ocrx_word' id='word_1_402' title='bbox 2334 2416 2584 2472; x_wconf 69' lang='lat' dir='ltr'><strong>abbatem</strong></span> <span class='ocrx_word' id='word_1_403' title='bbox 2627 2433 2781 2473; x_wconf 90' lang='lat' dir='ltr'><strong>suum</strong></span> <span class='ocrx_word' id='word_1_404' title='bbox 2820 2422 3033 2479; x_wconf 90' lang='lat' dir='ltr'><strong>sincera</strong></span> <span class='ocrx_word' id='word_1_405' title='bbox 3071 2434 3126 2478; x_wconf 90' lang='lat' dir='ltr'><strong>et</strong></span> <span class='ocrx_word' id='word_1_406' title='bbox 3174 2410 3362 2483; x_wconf 87' lang='lat' dir='ltr'><strong>humili</strong></span> <span class='ocrx_word' id='word_1_407' title='bbox 3397 2432 3531 2485; x_wconf 82' lang='lat' dir='ltr'><strong>eba-</strong></span> 
     </span>
    </p>
   </div>
   <div class='ocr_carea' id='block_1_53' title="bbox 1941 2501 3528 2592">
    <p class='ocr_par' dir='ltr' id='par_1_53' title="bbox 1941 2501 3528 2592">
     <span class='ocr_line' id='line_1_53' title="bbox 1941 2501 3528 2592; baseline 0.016 -38"><span class='ocrx_word' id='word_1_408' title='bbox 1941 2501 2105 2556; x_wconf 87' lang='lat' dir='ltr'><strong>ritate</strong></span> <span class='ocrx_word' id='word_1_409' title='bbox 2135 2503 2327 2576; x_wconf 81' lang='lat' dir='ltr'><strong>diligit.</strong></span> <span class='ocrx_word' id='word_1_410' title='bbox 2373 2504 2595 2561; x_wconf 76' lang='lat' dir='ltr'><strong>Sincera</strong></span> <span class='ocrx_word' id='word_1_411' title='bbox 2633 2518 2689 2563; x_wconf 89' lang='lat' dir='ltr'><strong>et</strong></span> <span class='ocrx_word' id='word_1_412' title='bbox 2715 2510 2932 2567; x_wconf 89' lang='lat' dir='ltr'><strong>humilis</strong></span> <span class='ocrx_word' id='word_1_413' title='bbox 2960 2514 3200 2572; x_wconf 80' lang='lat' dir='ltr'><strong>Charitas</strong></span> <span class='ocrx_word' id='word_1_414' title='bbox 3229 2528 3334 2586; x_wconf 89' lang='lat' dir='ltr'><strong>est,</strong></span> <span class='ocrx_word' id='word_1_415' title='bbox 3363 2538 3528 2592; x_wconf 88' lang='lat' dir='ltr'><strong>quam</strong></span> 
     </span>
    </p>
   </div>
   <div class='ocr_carea' id='block_1_54' title="bbox 1941 2595 3534 2683">
    <p class='ocr_par' dir='ltr' id='par_1_54' title="bbox 1941 2595 3534 2683">
     <span class='ocr_line' id='line_1_54' title="bbox 1941 2595 3534 2683; baseline 0.013 -36"><span class='ocrx_word' id='word_1_416' title='bbox 1941 2609 2041 2649; x_wconf 89' lang='lat' dir='ltr'><strong>nos</strong></span> <span class='ocrx_word' id='word_1_417' title='bbox 2068 2595 2331 2653; x_wconf 89' lang='lat' dir='ltr'><strong>Dominus</strong></span> <span class='ocrx_word' id='word_1_418' title='bbox 2360 2598 2562 2655; x_wconf 86' lang='lat' dir='ltr'><strong>habere</strong></span> <span class='ocrx_word' id='word_1_419' title='bbox 2590 2603 2836 2674; x_wconf 72' lang='lat' dir='ltr'><strong>praecipit</strong></span> <span class='ocrx_word' id='word_1_420' title='bbox 2862 2606 3048 2662; x_wconf 88' lang='lat' dir='ltr'><strong>dicens</strong></span> <span class='ocrx_word' id='word_1_421' title='bbox 3085 2625 3098 2661; x_wconf 93' lang='lat'>:</span> <span class='ocrx_word' id='word_1_422' title='bbox 3140 2607 3257 2668; x_wconf 83' lang='lat' dir='ltr'><strong>Hoc</strong></span> <span class='ocrx_word' id='word_1_423' title='bbox 3293 2620 3366 2664; x_wconf 91' lang='lat' dir='ltr'><strong>est</strong></span> <span class='ocrx_word' id='word_1_424' title='bbox 3395 2629 3534 2683; x_wconf 83' lang='lat' dir='ltr'><strong>pra:-</strong></span> 
     </span>
    </p>
   </div>
   <div class='ocr_carea' id='block_1_55' title="bbox 1940 2691 3533 2763">
    <p class='ocr_par' dir='ltr' id='par_1_55' title="bbox 1940 2691 3533 2763">
     <span class='ocr_line' id='line_1_55' title="bbox 1940 2691 3533 2763; baseline 0.014 -27"><span class='ocrx_word' id='word_1_425' title='bbox 1940 2696 2141 2753; x_wconf 83' lang='lat' dir='ltr'><strong>ceptum</strong></span> <span class='ocrx_word' id='word_1_426' title='bbox 2180 2704 2374 2754; x_wconf 78' lang='lat' dir='ltr'><strong>nteant,</strong></span> <span class='ocrx_word' id='word_1_427' title='bbox 2419 2700 2474 2743; x_wconf 84' lang='lat' dir='ltr'><strong>ut</strong></span> <span class='ocrx_word' id='word_1_428' title='bbox 2514 2691 2749 2762; x_wconf 86' lang='lat' dir='ltr'><strong>diligatis</strong></span> <span class='ocrx_word' id='word_1_429' title='bbox 2789 2695 3025 2763; x_wconf 75' lang='lat' dir='ltr'><strong>invicem,</strong></span> <span class='ocrx_word' id='word_1_430' title='bbox 3065 2700 3197 2753; x_wconf 82' lang='lat' dir='ltr'><strong>sicut</strong></span> <span class='ocrx_word' id='word_1_431' title='bbox 3240 2701 3402 2757; x_wconf 77' lang='lat' dir='ltr'><strong>dilexi</strong></span> <span class='ocrx_word' id='word_1_432' title='bbox 3445 2721 3533 2759; x_wconf 74' lang='lat' dir='ltr'><strong>res</strong></span> 
     </span>
    </p>
   </div>
   <div class='ocr_carea' id='block_1_56' title="bbox 1941 2777 3534 2861">
    <p class='ocr_par' dir='ltr' id='par_1_56' title="bbox 1941 2777 3534 2861">
     <span class='ocr_line' id='line_1_56' title="bbox 1941 2777 3534 2861; baseline 0.013 -30"><span class='ocrx_word' id='word_1_433' title='bbox 1941 2777 2125 2850; x_wconf 75' lang='lat' dir='ltr'><strong>(Joan.</strong></span> <span class='ocrx_word' id='word_1_434' title='bbox 2163 2781 2308 2853; x_wconf 78' lang='lat' dir='ltr'><strong>xm).</strong></span> <span class='ocrx_word' id='word_1_435' title='bbox 2359 2782 2441 2839; x_wconf 85' lang='lat' dir='ltr'><strong>Ad</strong></span> <span class='ocrx_word' id='word_1_436' title='bbox 2467 2784 2571 2840; x_wconf 88' lang='lat' dir='ltr'><strong>hoc</strong></span> <span class='ocrx_word' id='word_1_437' title='bbox 2596 2787 2743 2841; x_wconf 86' lang='lat' dir='ltr'><strong>enim</strong></span> <span class='ocrx_word' id='word_1_438' title='bbox 2772 2803 2873 2843; x_wconf 89' lang='lat' dir='ltr'><strong>nos</strong></span> <span class='ocrx_word' id='word_1_439' title='bbox 2896 2790 3123 2861; x_wconf 78' lang='lat' dir='ltr'><strong>diligere</strong></span> <span class='ocrx_word' id='word_1_440' title='bbox 3157 2794 3436 2860; x_wconf 78' lang='lat' dir='ltr'><strong>debemus,</strong></span> <span class='ocrx_word' id='word_1_441' title='bbox 3472 2807 3534 2853; x_wconf 89' lang='lat' dir='ltr'><strong>ut</strong></span> 
     </span>
    </p>
   </div>
   <div class='ocr_carea' id='block_1_57' title="bbox 1941 2870 3535 2947">
    <p class='ocr_par' dir='ltr' id='par_1_57' title="bbox 1941 2870 3535 2947">
     <span class='ocr_line' id='line_1_57' title="bbox 1941 2870 3535 2947; baseline 0.014 -22"><span class='ocrx_word' id='word_1_442' title='bbox 1941 2870 2237 2930; x_wconf 88' lang='lat' dir='ltr'><strong>habeamus</strong></span> <span class='ocrx_word' id='word_1_443' title='bbox 2266 2875 2572 2941; x_wconf 90' lang='lat' dir='ltr'><strong>Dominum,</strong></span> <span class='ocrx_word' id='word_1_444' title='bbox 2624 2887 2680 2933; x_wconf 87' lang='lat' dir='ltr'><strong>et</strong></span> <span class='ocrx_word' id='word_1_445' title='bbox 2718 2894 3035 2936; x_wconf 88' lang='lat' dir='ltr'><strong>maneamus</strong></span> <span class='ocrx_word' id='word_1_446' title='bbox 3078 2882 3131 2936; x_wconf 93' lang='lat' dir='ltr'><strong>in</strong></span> <span class='ocrx_word' id='word_1_447' title='bbox 3161 2884 3291 2942; x_wconf 89' lang='lat' dir='ltr'><strong>Deo.</strong></span> <span class='ocrx_word' id='word_1_448' title='bbox 3324 2887 3391 2941; x_wconf 88' lang='lat' dir='ltr'><strong>Et</strong></span> <span class='ocrx_word' id='word_1_449' title='bbox 3416 2889 3535 2947; x_wconf 62' lang='lat' dir='ltr'><strong>hinc</strong></span> 
     </span>
    </p>
   </div>
   <div class='ocr_carea' id='block_1_58' title="bbox 254 2964 3532 3052">
    <p class='ocr_par' dir='ltr' id='par_1_58' title="bbox 254 2964 3532 3052">
     <span class='ocr_line' id='line_1_58' title="bbox 254 2964 3532 3052; baseline 0.011 -31"><span class='ocrx_word' id='word_1_450' title='bbox 254 2968 407 3035; x_wconf 84' lang='lat' dir='ltr'><strong>Cain,</strong></span> <span class='ocrx_word' id='word_1_451' title='bbox 437 2968 660 3027; x_wconf 81' lang='lat' dir='ltr'><strong>fratrem</strong></span> <span class='ocrx_word' id='word_1_452' title='bbox 688 2990 846 3030; x_wconf 90' lang='lat' dir='ltr'><strong>suum</strong></span> <span class='ocrx_word' id='word_1_453' title='bbox 883 2978 1084 3034; x_wconf 89' lang='lat' dir='ltr'><strong>occidit</strong></span> <span class='ocrx_word' id='word_1_454' title='bbox 1108 2978 1263 3035; x_wconf 87' lang='lat' dir='ltr'><strong>Abel.</strong></span> <span class='ocrx_word' id='word_1_455' title='bbox 1312 2979 1427 3036; x_wconf 85' lang='lat' dir='ltr'><strong>Hoc</strong></span> <span class='ocrx_word' id='word_1_456' title='bbox 1454 2981 1572 3037; x_wconf 90' lang='lat' dir='ltr'><strong>zelo</strong></span> <span class='ocrx_word' id='word_1_457' title='bbox 1599 2983 1839 3052; x_wconf 86' lang='lat' dir='ltr'><strong>perculsi</strong></span> <span class='ocrx_word' id='word_1_458' title='bbox 1937 2970 2023 3017; x_wconf 69' lang='grc' dir='ltr'><strong>θδί</strong></span> <span class='ocrx_word' id='word_1_459' title='bbox 2045 2964 2284 3031; x_wconf 66' lang='grc' dir='ltr'><strong>δηθθίίον</strong></span> <span class='ocrx_word' id='word_1_460' title='bbox 2323 2980 2430 3034; x_wconf 64' lang='lat' dir='ltr'><strong>qm</strong></span> <span class='ocrx_word' id='word_1_461' title='bbox 2462 2966 2523 3021; x_wconf 51' lang='lat' dir='ltr'><strong>ﬁt</strong></span> <span class='ocrx_word' id='word_1_462' title='bbox 2551 2966 2694 3023; x_wconf 67' lang='lat' dir='ltr'><strong>Deus</strong></span> <span class='ocrx_word' id='word_1_463' title='bbox 2729 2970 2911 3024; x_wconf 63' lang='lat' dir='ltr'><strong>omnia</strong></span> <span class='ocrx_word' id='word_1_464' title='bbox 2948 2970 3003 3026; x_wconf 72' lang='grc' dir='ltr'><strong>ίη</strong></span> <span class='ocrx_word' id='word_1_465' title='bbox 3036 2973 3310 3043; x_wconf 63' lang='lat' dir='ltr'><strong>omnibust</strong></span> <span class='ocrx_word' id='word_1_466' title='bbox 3341 2985 3395 3031; x_wconf 71' lang='grc' dir='ltr'>θί</span> <span class='ocrx_word' id='word_1_467' title='bbox 3423 2992 3532 3047; x_wconf 62' lang='lat' dir='ltr'><strong>qua</strong></span> 
     </span>
    </p>
   </div>
   <div class='ocr_carea' id='block_1_59' title="bbox 257 3056 2947 3141">
    <p class='ocr_par' dir='ltr' id='par_1_59' title="bbox 257 3056 2947 3141">
     <span class='ocr_line' id='line_1_59' title="bbox 257 3056 2947 3141; baseline 0.01 -32"><span class='ocrx_word' id='word_1_468' title='bbox 257 3056 349 3110; x_wconf 87' lang='lat' dir='ltr'><strong>lilii</strong></span> <span class='ocrx_word' id='word_1_469' title='bbox 374 3056 541 3116; x_wconf 84' lang='lat' dir='ltr'><strong>Jacob</strong></span> <span class='ocrx_word' id='word_1_470' title='bbox 579 3060 804 3119; x_wconf 82' lang='lat' dir='ltr'><strong>fratrem</strong></span> <span class='ocrx_word' id='word_1_471' title='bbox 858 3080 1018 3120; x_wconf 91' lang='lat' dir='ltr'><strong>suum</strong></span> <span class='ocrx_word' id='word_1_472' title='bbox 1064 3068 1425 3124; x_wconf 88' lang='lat' dir='ltr'><strong>vendiderunt</strong></span> <span class='ocrx_word' id='word_1_473' title='bbox 1450 3068 1669 3141; x_wconf 88' lang='lat' dir='ltr'><strong>Joseph.</strong></span> <span class='ocrx_word' id='word_1_474' title='bbox 1723 3071 1836 3128; x_wconf 84' lang='lat' dir='ltr'><strong>Hoc</strong></span> <span class='ocrx_word' id='word_1_475' title='bbox 1871 3121 1908 3141; x_wconf 87' lang='lat'><strong>_._</strong></span> <span class='ocrx_word' id='word_1_476' title='bbox 1938 3071 2037 3111; x_wconf 81' lang='lat'><strong>“05</strong></span> <span class='ocrx_word' id='word_1_477' title='bbox 2064 3056 2387 3113; x_wconf 68' lang='lat'><strong>3”°&quot;“&quot;‘““‘</strong></span> <span class='ocrx_word' id='word_1_478' title='bbox 2418 3059 2643 3131; x_wconf 64' lang='lat' dir='ltr'><strong>diligere</strong></span> <span class='ocrx_word' id='word_1_479' title='bbox 2669 3061 2947 3119; x_wconf 68' lang='lat' dir='ltr'><strong>debemus-</strong></span> 
     </span>
    </p>
   </div>
   <div class='ocr_carea' id='block_1_60' title="bbox 239 3132 3531 3229">
    <p class='ocr_par' dir='ltr' id='par_1_60' title="bbox 239 3132 3531 3229">
     <span class='ocr_line' id='line_1_60' title="bbox 239 3132 3531 3229; baseline 0.01 -47"><span class='ocrx_word' id='word_1_480' title='bbox 239 3146 369 3201; x_wconf 68' lang='lat' dir='ltr'><strong>(zelo</strong></span> <span class='ocrx_word' id='word_1_481' title='bbox 413 3150 646 3218; x_wconf 63' lang='grc' dir='ltr'><strong>ρει-ουιεί</strong></span> <span class='ocrx_word' id='word_1_482' title='bbox 687 3152 942 3210; x_wconf 49' lang='lat' dir='ltr'><strong>plurimi</strong></span> <span class='ocrx_word' id='word_1_483' title='bbox 980 3165 1038 3211; x_wconf 64' lang='grc' dir='ltr'>ει</span> <span class='ocrx_word' id='word_1_484' title='bbox 1073 3156 1300 3223; x_wconf 55' lang='lat' dir='ltr'><strong>suum,</strong></span> <span class='ocrx_word' id='word_1_485' title='bbox 1349 3160 1512 3215; x_wconf 67' lang='lat' dir='ltr'><strong>&quot;mm</strong></span> <span class='ocrx_word' id='word_1_486' title='bbox 1543 3132 1833 3217; x_wconf 57' lang='lat' dir='ltr'><strong>D&#39;ominum</strong></span> <span class='ocrx_word' id='word_1_487' title='bbox 1861 3132 1908 3194; x_wconf 67' lang='grc' dir='ltr'><strong><em>(Ζ</em></strong></span> <span class='ocrx_word' id='word_1_488' title='bbox 2008 3146 2216 3201; x_wconf 85' lang='lat' dir='ltr'><strong>Christo</strong></span> <span class='ocrx_word' id='word_1_489' title='bbox 2257 3151 2468 3204; x_wconf 85' lang='lat' dir='ltr'><strong>omnino</strong></span> <span class='ocrx_word' id='word_1_490' title='bbox 2511 3150 2645 3205; x_wconf 85' lang='lat' dir='ltr'><strong>nihil</strong></span> <span class='ocrx_word' id='word_1_491' title='bbox 2689 3163 3021 3223; x_wconf 73' lang='lat' dir='ltr'><strong>prmponant,</strong></span> <span class='ocrx_word' id='word_1_492' title='bbox 3062 3156 3154 3226; x_wconf 87' lang='lat' dir='ltr'><strong>qui</strong></span> <span class='ocrx_word' id='word_1_493' title='bbox 3198 3174 3291 3211; x_wconf 88' lang='lat' dir='ltr'><strong>nos</strong></span> <span class='ocrx_word' id='word_1_494' title='bbox 3332 3160 3531 3229; x_wconf 88' lang='lat' dir='ltr'><strong>pariter</strong></span> 
     </span>
    </p>
   </div>
   <div class='ocr_carea' id='block_1_61' title="bbox 254 3238 1837 3313">
    <p class='ocr_par' dir='ltr' id='par_1_61' title="bbox 254 3238 1837 3313">
     <span class='ocr_line' id='line_1_61' title="bbox 254 3238 1837 3313; baseline 0.012 -22"><span class='ocrx_word' id='word_1_495' title='bbox 254 3238 592 3297; x_wconf 87' lang='lat' dir='ltr'><strong>tradiderunt</strong></span> <span class='ocrx_word' id='word_1_496' title='bbox 619 3258 717 3313; x_wconf 82' lang='lat' dir='ltr'><strong>per</strong></span> <span class='ocrx_word' id='word_1_497' title='bbox 754 3244 1159 3303; x_wconf 84' lang='lat' dir='ltr'><strong>fraudulentum</strong></span> <span class='ocrx_word' id='word_1_498' title='bbox 1188 3251 1435 3306; x_wconf 89' lang='lat' dir='ltr'><strong>osculum</strong></span> <span class='ocrx_word' id='word_1_499' title='bbox 1465 3253 1636 3309; x_wconf 62' lang='lat' dir='ltr'><strong>ludat.</strong></span> <span class='ocrx_word' id='word_1_500' title='bbox 1679 3253 1837 3311; x_wconf 78' lang='lat' dir='ltr'><strong>Hunc</strong></span> 
     </span>
    </p>
   </div>
   <div class='ocr_carea' id='block_1_62' title="bbox 250 3335 1837 3414">
    <p class='ocr_par' dir='ltr' id='par_1_62' title="bbox 250 3335 1837 3414">
     <span class='ocr_line' id='line_1_62' title="bbox 250 3335 1837 3414; baseline 0.012 -30"><span class='ocrx_word' id='word_1_501' title='bbox 250 3344 383 3403; x_wconf 59' lang='lat' dir='ltr'><strong>ergo</strong></span> <span class='ocrx_word' id='word_1_502' title='bbox 415 3335 796 3393; x_wconf 85' lang='lat' dir='ltr'><strong>amaritudinis</strong></span> <span class='ocrx_word' id='word_1_503' title='bbox 840 3339 1036 3405; x_wconf 88' lang='lat' dir='ltr'><strong>zelum,</strong></span> <span class='ocrx_word' id='word_1_504' title='bbox 1086 3341 1181 3397; x_wconf 86' lang='lat' dir='ltr'><strong>Dei</strong></span> <span class='ocrx_word' id='word_1_505' title='bbox 1223 3358 1331 3398; x_wconf 90' lang='lat' dir='ltr'><strong>non</strong></span> <span class='ocrx_word' id='word_1_506' title='bbox 1368 3353 1588 3414; x_wconf 88' lang='lat' dir='ltr'><strong>oportet</strong></span> <span class='ocrx_word' id='word_1_507' title='bbox 1633 3346 1837 3404; x_wconf 88' lang='lat' dir='ltr'><strong>habere</strong></span> 
     </span>
    </p>
   </div>
   <div class='ocr_carea' id='block_1_63' title="bbox 250 3428 1838 3506">
    <p class='ocr_par' dir='ltr' id='par_1_63' title="bbox 250 3428 1838 3506">
     <span class='ocr_line' id='line_1_63' title="bbox 250 3428 1838 3506; baseline 0.01 -27"><span class='ocrx_word' id='word_1_508' title='bbox 250 3436 491 3491; x_wconf 87' lang='lat' dir='ltr'><strong>servum,</strong></span> <span class='ocrx_word' id='word_1_509' title='bbox 537 3428 630 3482; x_wconf 89' lang='lat' dir='ltr'><strong>sed</strong></span> <span class='ocrx_word' id='word_1_510' title='bbox 672 3431 851 3499; x_wconf 85' lang='lat' dir='ltr'><strong>potius</strong></span> <span class='ocrx_word' id='word_1_511' title='bbox 891 3432 1041 3488; x_wconf 89' lang='lat' dir='ltr'><strong>illum</strong></span> <span class='ocrx_word' id='word_1_512' title='bbox 1082 3435 1174 3505; x_wconf 88' lang='lat' dir='ltr'><strong>qui</strong></span> <span class='ocrx_word' id='word_1_513' title='bbox 1213 3446 1436 3506; x_wconf 88' lang='lat' dir='ltr'><strong>separat</strong></span> <span class='ocrx_word' id='word_1_514' title='bbox 1483 3453 1515 3492; x_wconf 89' lang='lat' dir='ltr'><strong>a</strong></span> <span class='ocrx_word' id='word_1_515' title='bbox 1542 3439 1756 3495; x_wconf 88' lang='lat' dir='ltr'><strong>diabolo</strong></span> <span class='ocrx_word' id='word_1_516' title='bbox 1780 3448 1838 3495; x_wconf 92' lang='lat' dir='ltr'><strong>et</strong></span> 
     </span>
    </p>
   </div>
   <div class='ocr_carea' id='block_1_64' title="bbox 251 3512 1836 3594">
    <p class='ocr_par' dir='ltr' id='par_1_64' title="bbox 251 3512 1836 3594">
     <span class='ocr_line' id='line_1_64' title="bbox 251 3512 1836 3594; baseline 0.013 -29"><span class='ocrx_word' id='word_1_517' title='bbox 251 3512 402 3569; x_wconf 91' lang='lat' dir='ltr'><strong>ducit</strong></span> <span class='ocrx_word' id='word_1_518' title='bbox 433 3513 501 3568; x_wconf 92' lang='lat' dir='ltr'><strong>ad</strong></span> <span class='ocrx_word' id='word_1_519' title='bbox 527 3515 838 3587; x_wconf 88' lang='lat' dir='ltr'><strong>Christum;</strong></span> <span class='ocrx_word' id='word_1_520' title='bbox 869 3522 962 3591; x_wconf 89' lang='lat' dir='ltr'><strong>qui</strong></span> <span class='ocrx_word' id='word_1_521' title='bbox 994 3532 1211 3594; x_wconf 88' lang='lat' dir='ltr'><strong>separat</strong></span> <span class='ocrx_word' id='word_1_522' title='bbox 1255 3541 1285 3580; x_wconf 90' lang='lat' dir='ltr'><strong>a</strong></span> <span class='ocrx_word' id='word_1_523' title='bbox 1312 3537 1487 3583; x_wconf 84' lang='lat' dir='ltr'><strong>morte</strong></span> <span class='ocrx_word' id='word_1_524' title='bbox 1513 3536 1570 3584; x_wconf 91' lang='lat' dir='ltr'><strong>et</strong></span> <span class='ocrx_word' id='word_1_525' title='bbox 1595 3529 1744 3585; x_wconf 89' lang='lat' dir='ltr'><strong>ducit</strong></span> <span class='ocrx_word' id='word_1_526' title='bbox 1767 3531 1836 3586; x_wconf 87' lang='lat' dir='ltr'><strong>ad</strong></span> 
     </span>
    </p>
   </div>
   <div class='ocr_carea' id='block_1_65' title="bbox 251 3604 1836 3693">
    <p class='ocr_par' dir='ltr' id='par_1_65' title="bbox 251 3604 1836 3693">
     <span class='ocr_line' id='line_1_65' title="bbox 251 3604 1836 3693; baseline 0.013 -35"><span class='ocrx_word' id='word_1_527' title='bbox 251 3604 451 3671; x_wconf 89' lang='lat' dir='ltr'><strong>vitam;</strong></span> <span class='ocrx_word' id='word_1_528' title='bbox 491 3608 583 3677; x_wconf 88' lang='lat' dir='ltr'><strong>qui</strong></span> <span class='ocrx_word' id='word_1_529' title='bbox 619 3622 839 3680; x_wconf 88' lang='lat' dir='ltr'><strong>separat</strong></span> <span class='ocrx_word' id='word_1_530' title='bbox 868 3630 898 3668; x_wconf 89' lang='lat' dir='ltr'><strong>a</strong></span> <span class='ocrx_word' id='word_1_531' title='bbox 929 3614 1073 3672; x_wconf 86' lang='lat' dir='ltr'><strong>vitiis</strong></span> <span class='ocrx_word' id='word_1_532' title='bbox 1099 3625 1154 3672; x_wconf 92' lang='lat' dir='ltr'><strong>ct</strong></span> <span class='ocrx_word' id='word_1_533' title='bbox 1182 3619 1331 3674; x_wconf 89' lang='lat' dir='ltr'><strong>ducit</strong></span> <span class='ocrx_word' id='word_1_534' title='bbox 1356 3619 1423 3675; x_wconf 90' lang='lat' dir='ltr'><strong>ad</strong></span> <span class='ocrx_word' id='word_1_535' title='bbox 1449 3621 1710 3688; x_wconf 85' lang='lat' dir='ltr'><strong>virtutes;</strong></span> <span class='ocrx_word' id='word_1_536' title='bbox 1742 3623 1836 3693; x_wconf 88' lang='lat' dir='ltr'><strong>qui</strong></span> 
     </span>
    </p>
   </div>
   <div class='ocr_carea' id='block_1_66' title="bbox 251 3706 1832 3783">
    <p class='ocr_par' dir='ltr' id='par_1_66' title="bbox 251 3706 1832 3783">
     <span class='ocr_line' id='line_1_66' title="bbox 251 3706 1832 3783; baseline 0.013 -33"><span class='ocrx_word' id='word_1_537' title='bbox 251 3706 472 3767; x_wconf 87' lang='lat' dir='ltr'><strong>separat</strong></span> <span class='ocrx_word' id='word_1_538' title='bbox 517 3714 548 3752; x_wconf 90' lang='lat' dir='ltr'><strong>a</strong></span> <span class='ocrx_word' id='word_1_539' title='bbox 586 3708 859 3759; x_wconf 88' lang='lat' dir='ltr'><strong>tormento</strong></span> <span class='ocrx_word' id='word_1_540' title='bbox 908 3715 964 3759; x_wconf 91' lang='lat' dir='ltr'><strong>et</strong></span> <span class='ocrx_word' id='word_1_541' title='bbox 992 3709 1140 3763; x_wconf 88' lang='lat' dir='ltr'><strong>ducit</strong></span> <span class='ocrx_word' id='word_1_542' title='bbox 1186 3712 1252 3765; x_wconf 88' lang='lat' dir='ltr'><strong>ad</strong></span> <span class='ocrx_word' id='word_1_543' title='bbox 1292 3727 1519 3783; x_wconf 80' lang='lat' dir='ltr'><strong>regnum</strong></span> <span class='ocrx_word' id='word_1_544' title='bbox 1550 3714 1832 3770; x_wconf 69' lang='lat' dir='ltr'><strong>catlorum.</strong></span> 
     </span>
    </p>
   </div>
   <div class='ocr_carea' id='block_1_67' title="bbox 252 3786 1836 3866">
    <p class='ocr_par' dir='ltr' id='par_1_67' title="bbox 252 3786 1836 3866">
     <span class='ocr_line' id='line_1_67' title="bbox 252 3786 1836 3866; baseline 0.013 -27"><span class='ocrx_word' id='word_1_545' title='bbox 252 3787 361 3841; x_wconf 82' lang='lat' dir='ltr'><strong>Iste</strong></span> <span class='ocrx_word' id='word_1_546' title='bbox 390 3786 534 3841; x_wconf 89' lang='lat' dir='ltr'><strong>enim</strong></span> <span class='ocrx_word' id='word_1_547' title='bbox 564 3788 713 3845; x_wconf 88' lang='lat' dir='ltr'><strong>zelus</strong></span> <span class='ocrx_word' id='word_1_548' title='bbox 741 3792 808 3847; x_wconf 91' lang='lat' dir='ltr'><strong>de</strong></span> <span class='ocrx_word' id='word_1_549' title='bbox 837 3807 1022 3848; x_wconf 89' lang='lat' dir='ltr'><strong>amore</strong></span> <span class='ocrx_word' id='word_1_550' title='bbox 1050 3797 1293 3853; x_wconf 83' lang='lat' dir='ltr'><strong>nascitur</strong></span> <span class='ocrx_word' id='word_1_551' title='bbox 1317 3800 1601 3866; x_wconf 88' lang='lat' dir='ltr'><strong>virtutum,</strong></span> <span class='ocrx_word' id='word_1_552' title='bbox 1632 3819 1743 3858; x_wconf 85' lang='lat' dir='ltr'><strong>non</strong></span> <span class='ocrx_word' id='word_1_553' title='bbox 1768 3805 1836 3860; x_wconf 89' lang='lat' dir='ltr'><strong>de</strong></span> 
     </span>
    </p>
   </div>
   <div class='ocr_carea' id='block_1_68' title="bbox 249 3875 1836 3951">
    <p class='ocr_par' dir='ltr' id='par_1_68' title="bbox 249 3875 1836 3951">
     <span class='ocr_line' id='line_1_68' title="bbox 249 3875 1836 3951; baseline 0.012 -21"><span class='ocrx_word' id='word_1_554' title='bbox 249 3892 286 3930; x_wconf 82' lang='grc' dir='ltr'><strong>ο</strong></span> <span class='ocrx_word' id='word_1_555' title='bbox 307 3876 379 3933; x_wconf 81' lang='lat' dir='ltr'><strong>lio</strong></span> <span class='ocrx_word' id='word_1_556' title='bbox 422 3875 697 3946; x_wconf 88' lang='lat' dir='ltr'><strong>fraterno;</strong></span> <span class='ocrx_word' id='word_1_557' title='bbox 745 3882 814 3938; x_wconf 90' lang='lat' dir='ltr'><strong>de</strong></span> <span class='ocrx_word' id='word_1_558' title='bbox 847 3883 1135 3942; x_wconf 89' lang='lat' dir='ltr'><strong>charitatis</strong></span> <span class='ocrx_word' id='word_1_559' title='bbox 1178 3885 1351 3951; x_wconf 86' lang='lat' dir='ltr'><strong>fonte,</strong></span> <span class='ocrx_word' id='word_1_560' title='bbox 1381 3905 1487 3946; x_wconf 88' lang='lat' dir='ltr'><strong>non</strong></span> <span class='ocrx_word' id='word_1_561' title='bbox 1514 3891 1582 3947; x_wconf 90' lang='lat' dir='ltr'><strong>de</strong></span> <span class='ocrx_word' id='word_1_562' title='bbox 1611 3893 1718 3948; x_wconf 92' lang='lat' dir='ltr'><strong>odii</strong></span> <span class='ocrx_word' id='word_1_563' title='bbox 1754 3892 1836 3950; x_wconf 82' lang='lat' dir='ltr'><strong>fo-</strong></span> 
     </span>
    </p>
   </div>
   <div class='ocr_carea' id='block_1_69' title="bbox 254 3968 1835 4048">
    <p class='ocr_par' dir='ltr' id='par_1_69' title="bbox 254 3968 1835 4048">
     <span class='ocr_line' id='line_1_69' title="bbox 254 3968 1835 4048; baseline 0.013 -26"><span class='ocrx_word' id='word_1_564' title='bbox 254 3970 405 4023; x_wconf 83' lang='lat' dir='ltr'><strong>mite.</strong></span> <span class='ocrx_word' id='word_1_565' title='bbox 453 3968 559 4025; x_wconf 89' lang='lat' dir='ltr'><strong>lste</strong></span> <span class='ocrx_word' id='word_1_566' title='bbox 593 3972 737 4027; x_wconf 90' lang='lat' dir='ltr'><strong>enim</strong></span> <span class='ocrx_word' id='word_1_567' title='bbox 773 3974 923 4031; x_wconf 87' lang='lat' dir='ltr'><strong>zelus</strong></span> <span class='ocrx_word' id='word_1_568' title='bbox 949 3977 1147 4034; x_wconf 69' lang='lat' dir='ltr'><strong>animae</strong></span> <span class='ocrx_word' id='word_1_569' title='bbox 1177 3979 1406 4036; x_wconf 85' lang='lat' dir='ltr'><strong>salutem</strong></span> <span class='ocrx_word' id='word_1_570' title='bbox 1438 3981 1644 4048; x_wconf 88' lang='lat' dir='ltr'><strong>tribuit,</strong></span> <span class='ocrx_word' id='word_1_571' title='bbox 1671 3983 1835 4041; x_wconf 75' lang='lat' dir='ltr'><strong>ﬁdem</strong></span> 
     </span>
    </p>
   </div>
   <div class='ocr_carea' id='block_1_70' title="bbox 242 4060 1834 4143">
    <p class='ocr_par' dir='ltr' id='par_1_70' title="bbox 242 4060 1834 4143">
     <span class='ocr_line' id='line_1_70' title="bbox 242 4060 1834 4143; baseline 0.011 -30"><span class='ocrx_word' id='word_1_572' title='bbox 242 4061 454 4115; x_wconf 78' lang='lat' dir='ltr'><strong>retinet</strong></span> <span class='ocrx_word' id='word_1_573' title='bbox 490 4067 546 4116; x_wconf 88' lang='lat' dir='ltr'><strong>et</strong></span> <span class='ocrx_word' id='word_1_574' title='bbox 569 4076 787 4119; x_wconf 91' lang='lat' dir='ltr'><strong>omnem</strong></span> <span class='ocrx_word' id='word_1_575' title='bbox 817 4067 1200 4126; x_wconf 87' lang='lat' dir='ltr'><strong>rectitudinem</strong></span> <span class='ocrx_word' id='word_1_576' title='bbox 1229 4060 1427 4143; x_wconf 77' lang='lat' dir='ltr'><strong>diligit.</strong></span> <span class='ocrx_word' id='word_1_577' title='bbox 1463 4072 1618 4129; x_wconf 80' lang='lat' dir='ltr'><strong>Hune</strong></span> <span class='ocrx_word' id='word_1_578' title='bbox 1657 4073 1834 4130; x_wconf 82' lang='lat' dir='ltr'><strong>zelum</strong></span> 
     </span>
    </p>
   </div>
   <div class='ocr_carea' id='block_1_71' title="bbox 257 4150 1836 4225">
    <p class='ocr_par' dir='ltr' id='par_1_71' title="bbox 257 4150 1836 4225">
     <span class='ocr_line' id='line_1_71' title="bbox 257 4150 1836 4225; baseline 0.011 -21"><span class='ocrx_word' id='word_1_579' title='bbox 257 4150 517 4206; x_wconf 84' lang='lat' dir='ltr'><strong>Dominus</strong></span> <span class='ocrx_word' id='word_1_580' title='bbox 548 4154 816 4221; x_wconf 78' lang='lat' dir='ltr'><strong>exercuit,</strong></span> <span class='ocrx_word' id='word_1_581' title='bbox 848 4156 1066 4225; x_wconf 85' lang='lat' dir='ltr'><strong>quando</strong></span> <span class='ocrx_word' id='word_1_582' title='bbox 1093 4160 1386 4216; x_wconf 90' lang='lat' dir='ltr'><strong>vendentes</strong></span> <span class='ocrx_word' id='word_1_583' title='bbox 1411 4169 1467 4217; x_wconf 91' lang='lat' dir='ltr'><strong>et</strong></span> <span class='ocrx_word' id='word_1_584' title='bbox 1495 4170 1739 4219; x_wconf 89' lang='lat' dir='ltr'><strong>ementes</strong></span> <span class='ocrx_word' id='word_1_585' title='bbox 1766 4166 1836 4221; x_wconf 85' lang='lat' dir='ltr'><strong>de</strong></span> 
     </span>
    </p>
   </div>
   <div class='ocr_carea' id='block_1_72' title="bbox 256 4241 1835 4326">
    <p class='ocr_par' dir='ltr' id='par_1_72' title="bbox 256 4241 1835 4326">
     <span class='ocr_line' id='line_1_72' title="bbox 256 4241 1835 4326; baseline 0.011 -31"><span class='ocrx_word' id='word_1_586' title='bbox 256 4241 456 4312; x_wconf 87' lang='lat' dir='ltr'><strong>templo</strong></span> <span class='ocrx_word' id='word_1_587' title='bbox 486 4241 782 4314; x_wconf 82' lang='lat' dir='ltr'><strong>ﬂagellatos</strong></span> <span class='ocrx_word' id='word_1_588' title='bbox 823 4246 1144 4304; x_wconf 89' lang='lat' dir='ltr'><strong>eliminavit.</strong></span> <span class='ocrx_word' id='word_1_589' title='bbox 1193 4249 1330 4306; x_wconf 90' lang='lat' dir='ltr'><strong>Nam</strong></span> <span class='ocrx_word' id='word_1_590' title='bbox 1373 4261 1430 4309; x_wconf 89' lang='lat' dir='ltr'><strong>et</strong></span> <span class='ocrx_word' id='word_1_591' title='bbox 1467 4251 1699 4311; x_wconf 85' lang='lat' dir='ltr'><strong>Pbinees</strong></span> <span class='ocrx_word' id='word_1_592' title='bbox 1734 4270 1835 4326; x_wconf 85' lang='lat' dir='ltr'><strong>pro</strong></span> 
     </span>
    </p>
   </div>
   <div class='ocr_carea' id='block_1_73' title="bbox 255 4333 1835 4417">
    <p class='ocr_par' dir='ltr' id='par_1_73' title="bbox 255 4333 1835 4417">
     <span class='ocr_line' id='line_1_73' title="bbox 255 4333 1835 4417; baseline 0.01 -30"><span class='ocrx_word' id='word_1_593' title='bbox 255 4333 371 4388; x_wconf 89' lang='lat' dir='ltr'><strong>zelo</strong></span> <span class='ocrx_word' id='word_1_594' title='bbox 399 4336 737 4393; x_wconf 89' lang='lat' dir='ltr'><strong>rectitudinis</strong></span> <span class='ocrx_word' id='word_1_595' title='bbox 779 4339 1141 4411; x_wconf 88' lang='lat' dir='ltr'><strong>principatum</strong></span> <span class='ocrx_word' id='word_1_596' title='bbox 1185 4350 1241 4398; x_wconf 90' lang='lat' dir='ltr'><strong>et</strong></span> <span class='ocrx_word' id='word_1_597' title='bbox 1281 4335 1546 4401; x_wconf 82' lang='lat' dir='ltr'><strong>honorem</strong></span> <span class='ocrx_word' id='word_1_598' title='bbox 1586 4345 1835 4417; x_wconf 86' lang='lat' dir='ltr'><strong>accipere</strong></span> 
     </span>
    </p>
   </div>
   <div class='ocr_carea' id='block_1_74' title="bbox 240 4431 800 4490">
    <p class='ocr_par' dir='ltr' id='par_1_74' title="bbox 240 4431 800 4490">
     <span class='ocr_line' id='line_1_74' title="bbox 240 4431 800 4490; baseline 0.002 -3"><span class='ocrx_word' id='word_1_599' title='bbox 240 4431 454 4487; x_wconf 89' lang='lat' dir='ltr'><strong>.meruit</strong></span> <span class='ocrx_word' id='word_1_600' title='bbox 477 4434 800 4490; x_wconf 89' lang='lat' dir='ltr'><strong>sacerdotis.</strong></span> 
     </span>
    </p>
   </div>
   <div class='ocr_carea' id='block_1_75' title="bbox 327 4524 1835 4600">
    <p class='ocr_par' dir='ltr' id='par_1_75' title="bbox 327 4524 1835 4600">
     <span class='ocr_line' id='line_1_75' title="bbox 327 4524 1835 4600; baseline 0.01 -22"><span class='ocrx_word' id='word_1_601' title='bbox 327 4524 486 4581; x_wconf 84' lang='lat' dir='ltr'><strong>Ilunc</strong></span> <span class='ocrx_word' id='word_1_602' title='bbox 521 4543 644 4598; x_wconf 79' lang='lat' dir='ltr'><strong>ergo</strong></span> <span class='ocrx_word' id='word_1_603' title='bbox 689 4528 859 4584; x_wconf 76' lang='lat' dir='ltr'><strong>zelum</strong></span> <span class='ocrx_word' id='word_1_604' title='bbox 902 4530 1281 4600; x_wconf 71' lang='lat' dir='ltr'><strong>ferventissimo</strong></span> <span class='ocrx_word' id='word_1_605' title='bbox 1334 4551 1513 4590; x_wconf 85' lang='lat' dir='ltr'><strong>amore</strong></span> <span class='ocrx_word' id='word_1_606' title='bbox 1559 4546 1835 4593; x_wconf 74' lang='lat' dir='ltr'><strong>exerceant</strong></span> 
     </span>
    </p>
   </div>
   <div class='ocr_carea' id='block_1_76' title="bbox 256 4616 1832 4696">
    <p class='ocr_par' dir='ltr' id='par_1_76' title="bbox 256 4616 1832 4696">
     <span class='ocr_line' id='line_1_76' title="bbox 256 4616 1832 4696; baseline 0.008 -28"><span class='ocrx_word' id='word_1_607' title='bbox 256 4616 528 4682; x_wconf 80' lang='lat' dir='ltr'><strong>monachi,</strong></span> <span class='ocrx_word' id='word_1_608' title='bbox 576 4618 634 4672; x_wconf 89' lang='lat' dir='ltr'><strong>id</strong></span> <span class='ocrx_word' id='word_1_609' title='bbox 672 4629 771 4685; x_wconf 87' lang='lat' dir='ltr'><strong>est,</strong></span> <span class='ocrx_word' id='word_1_610' title='bbox 797 4629 856 4673; x_wconf 90' lang='lat' dir='ltr'><strong>ut</strong></span> <span class='ocrx_word' id='word_1_611' title='bbox 901 4621 1097 4676; x_wconf 85' lang='lat' dir='ltr'><strong>honore</strong></span> <span class='ocrx_word' id='word_1_612' title='bbox 1141 4639 1197 4678; x_wconf 90' lang='lat' dir='ltr'><strong>se</strong></span> <span class='ocrx_word' id='word_1_613' title='bbox 1242 4624 1462 4678; x_wconf 86' lang='lat' dir='ltr'><strong>inuicem</strong></span> <span class='ocrx_word' id='word_1_614' title='bbox 1489 4625 1832 4696; x_wconf 77' lang='lat' dir='ltr'><strong>prteveniant.</strong></span> 
     </span>
    </p>
   </div>
   <div class='ocr_carea' id='block_1_77' title="bbox 258 4705 1836 4785">
    <p class='ocr_par' dir='ltr' id='par_1_77' title="bbox 258 4705 1836 4785">
     <span class='ocr_line' id='line_1_77' title="bbox 258 4705 1836 4785; baseline 0.009 -26"><span class='ocrx_word' id='word_1_615' title='bbox 258 4705 394 4761; x_wconf 82' lang='lat' dir='ltr'><strong>Hinc</strong></span> <span class='ocrx_word' id='word_1_616' title='bbox 416 4715 472 4761; x_wconf 89' lang='lat' dir='ltr'><strong>et</strong></span> <span class='ocrx_word' id='word_1_617' title='bbox 494 4705 781 4779; x_wconf 80' lang='lat' dir='ltr'><strong>Apostolus</strong></span> <span class='ocrx_word' id='word_1_618' title='bbox 806 4712 881 4765; x_wconf 86' lang='lat' dir='ltr'><strong>ait</strong></span> <span class='ocrx_word' id='word_1_619' title='bbox 907 4728 919 4764; x_wconf 92' lang='lat'><strong>:</strong></span> <span class='ocrx_word' id='word_1_620' title='bbox 951 4710 1220 4769; x_wconf 84' lang='lat' dir='ltr'><strong>Charitate</strong></span> <span class='ocrx_word' id='word_1_621' title='bbox 1243 4714 1595 4785; x_wconf 82' lang='lat' dir='ltr'><strong>fraternitatis</strong></span> <span class='ocrx_word' id='word_1_622' title='bbox 1619 4717 1836 4773; x_wconf 81' lang='lat' dir='ltr'><strong>invicem</strong></span> 
     </span>
    </p>
   </div>
   <div class='ocr_carea' id='block_1_78' title="bbox 255 4796 1839 4877">
    <p class='ocr_par' dir='ltr' id='par_1_78' title="bbox 255 4796 1839 4877">
     <span class='ocr_line' id='line_1_78' title="bbox 255 4796 1839 4877; baseline 0.008 -28"><span class='ocrx_word' id='word_1_623' title='bbox 255 4796 527 4868; x_wconf 83' lang='lat' dir='ltr'><strong>diligentes</strong></span> <span class='ocrx_word' id='word_1_624' title='bbox 546 4838 563 4865; x_wconf 87' lang='lat'><strong>,</strong></span> <span class='ocrx_word' id='word_1_625' title='bbox 595 4802 790 4854; x_wconf 86' lang='lat' dir='ltr'><strong>honore</strong></span> <span class='ocrx_word' id='word_1_626' title='bbox 823 4802 1040 4857; x_wconf 53' lang='lat' dir='ltr'><strong>invicem</strong></span> <span class='ocrx_word' id='word_1_627' title='bbox 1086 4804 1477 4873; x_wconf 77' lang='lat' dir='ltr'><strong>prcevenientes,</strong></span> <span class='ocrx_word' id='word_1_628' title='bbox 1511 4807 1701 4877; x_wconf 87' lang='lat' dir='ltr'><strong>spiritu</strong></span> <span class='ocrx_word' id='word_1_629' title='bbox 1731 4807 1839 4877; x_wconf 79' lang='lat' dir='ltr'><strong>[er-</strong></span> 
     </span>
    </p>
   </div>
   <div class='ocr_carea' id='block_1_79' title="bbox 256 4891 1836 4971">
    <p class='ocr_par' dir='ltr' id='par_1_79' title="bbox 256 4891 1836 4971">
     <span class='ocr_line' id='line_1_79' title="bbox 256 4891 1836 4971; baseline 0.008 -27"><span class='ocrx_word' id='word_1_630' title='bbox 256 4900 448 4957; x_wconf 79' lang='lat' dir='ltr'><strong>uentcs,</strong></span> <span class='ocrx_word' id='word_1_631' title='bbox 469 4891 695 4947; x_wconf 82' lang='lat' dir='ltr'><strong>Domino</strong></span> <span class='ocrx_word' id='word_1_632' title='bbox 725 4895 1002 4950; x_wconf 74' lang='lat' dir='ltr'><strong>seri-iantes</strong></span> <span class='ocrx_word' id='word_1_633' title='bbox 1038 4894 1217 4969; x_wconf 85' lang='lat' dir='ltr'><strong>(Rom.</strong></span> <span class='ocrx_word' id='word_1_634' title='bbox 1252 4897 1372 4971; x_wconf 78' lang='lat' dir='ltr'><strong>xu).</strong></span> <span class='ocrx_word' id='word_1_635' title='bbox 1407 4899 1560 4955; x_wconf 86' lang='lat' dir='ltr'><strong>&#39;l‘unc</strong></span> <span class='ocrx_word' id='word_1_636' title='bbox 1588 4900 1734 4954; x_wconf 88' lang='lat' dir='ltr'><strong>enim</strong></span> <span class='ocrx_word' id='word_1_637' title='bbox 1781 4900 1836 4956; x_wconf 88' lang='lat' dir='ltr'><strong>in</strong></span> 
     </span>
    </p>
   </div>
   <div class='ocr_carea' id='block_1_80' title="bbox 257 4982 1836 5062">
    <p class='ocr_par' dir='ltr' id='par_1_80' title="bbox 257 4982 1836 5062">
     <span class='ocr_line' id='line_1_80' title="bbox 257 4982 1836 5062; baseline 0.006 -26"><span class='ocrx_word' id='word_1_638' title='bbox 257 4982 447 5053; x_wconf 89' lang='lat' dir='ltr'><strong>spiritu</strong></span> <span class='ocrx_word' id='word_1_639' title='bbox 493 4982 780 5049; x_wconf 87' lang='lat' dir='ltr'><strong>fcrvcmus,</strong></span> <span class='ocrx_word' id='word_1_640' title='bbox 815 4987 862 5041; x_wconf 89' lang='lat' dir='ltr'><strong>si</strong></span> <span class='ocrx_word' id='word_1_641' title='bbox 897 4987 1096 5043; x_wconf 74' lang='lat' dir='ltr'><strong>smculo</strong></span> <span class='ocrx_word' id='word_1_642' title='bbox 1128 4988 1311 5060; x_wconf 87' lang='lat' dir='ltr'><strong>frigidi</strong></span> <span class='ocrx_word' id='word_1_643' title='bbox 1356 5005 1565 5046; x_wconf 87' lang='lat' dir='ltr'><strong>sumus.</strong></span> <span class='ocrx_word' id='word_1_644' title='bbox 1621 4991 1686 5046; x_wconf 86' lang='lat' dir='ltr'><strong>Et</strong></span> <span class='ocrx_word' id='word_1_645' title='bbox 1708 4991 1836 5062; x_wconf 88' lang='lat' dir='ltr'><strong>quia</strong></span> 
     </span>
    </p>
   </div>
   <div class='ocr_carea' id='block_1_81' title="bbox 258 5072 1835 5150">
    <p class='ocr_par' dir='ltr' id='par_1_81' title="bbox 258 5072 1835 5150">
     <span class='ocr_line' id='line_1_81' title="bbox 258 5072 1835 5150; baseline 0.004 -20"><span class='ocrx_word' id='word_1_646' title='bbox 258 5072 483 5146; x_wconf 79' lang='lat' dir='ltr'><strong>frigidos</strong></span> <span class='ocrx_word' id='word_1_647' title='bbox 510 5074 771 5133; x_wconf 89' lang='lat' dir='ltr'><strong>Dominus</strong></span> <span class='ocrx_word' id='word_1_648' title='bbox 803 5094 911 5133; x_wconf 88' lang='lat' dir='ltr'><strong>non</strong></span> <span class='ocrx_word' id='word_1_649' title='bbox 951 5087 1130 5145; x_wconf 87' lang='lat' dir='ltr'><strong>amat,</strong></span> <span class='ocrx_word' id='word_1_650' title='bbox 1171 5088 1228 5135; x_wconf 90' lang='lat' dir='ltr'><strong>et</strong></span> <span class='ocrx_word' id='word_1_651' title='bbox 1268 5081 1322 5134; x_wconf 90' lang='lat' dir='ltr'><strong>in</strong></span> <span class='ocrx_word' id='word_1_652' title='bbox 1363 5081 1555 5150; x_wconf 89' lang='lat' dir='ltr'><strong>tepidis</strong></span> <span class='ocrx_word' id='word_1_653' title='bbox 1588 5089 1835 5150; x_wconf 86' lang='lat' dir='ltr'><strong>nauseat,</strong></span> 
     </span>
    </p>
   </div>
   <div class='ocr_carea' id='block_1_82' title="bbox 258 5161 1838 5238">
    <p class='ocr_par' dir='ltr' id='par_1_82' title="bbox 258 5161 1838 5238">
     <span class='ocr_line' id='line_1_82' title="bbox 258 5161 1838 5238; baseline 0.008 -22"><span class='ocrx_word' id='word_1_654' title='bbox 258 5161 374 5218; x_wconf 86' lang='lat' dir='ltr'><strong>vult</strong></span> <span class='ocrx_word' id='word_1_655' title='bbox 410 5178 511 5220; x_wconf 86' lang='lat' dir='ltr'><strong>nos</strong></span> <span class='ocrx_word' id='word_1_656' title='bbox 537 5165 631 5235; x_wconf 89' lang='lat' dir='ltr'><strong>qui</strong></span> <span class='ocrx_word' id='word_1_657' title='bbox 673 5166 776 5223; x_wconf 86' lang='lat' dir='ltr'><strong>sub</strong></span> <span class='ocrx_word' id='word_1_658' title='bbox 812 5167 929 5238; x_wconf 85' lang='lat' dir='ltr'><strong>lege</strong></span> <span class='ocrx_word' id='word_1_659' title='bbox 957 5168 1154 5238; x_wconf 88' lang='lat' dir='ltr'><strong>spiritu</strong></span> <span class='ocrx_word' id='word_1_660' title='bbox 1188 5169 1444 5236; x_wconf 86' lang='lat' dir='ltr'><strong>vivimus,</strong></span> <span class='ocrx_word' id='word_1_661' title='bbox 1473 5170 1609 5224; x_wconf 86' lang='lat' dir='ltr'><strong>nihil</strong></span> <span class='ocrx_word' id='word_1_662' title='bbox 1646 5172 1838 5229; x_wconf 85' lang='lat' dir='ltr'><strong>remis-</strong></span> 
     </span>
    </p>
   </div>
   <div class='ocr_carea' id='block_1_83' title="bbox 258 5265 1834 5339">
    <p class='ocr_par' dir='ltr' id='par_1_83' title="bbox 258 5265 1834 5339">
     <span class='ocr_line' id='line_1_83' title="bbox 258 5265 1834 5339; baseline 0.004 -21"><span class='ocrx_word' id='word_1_663' title='bbox 258 5280 403 5330; x_wconf 88' lang='lat' dir='ltr'><strong>sum,</strong></span> <span class='ocrx_word' id='word_1_664' title='bbox 430 5265 563 5321; x_wconf 88' lang='lat' dir='ltr'><strong>nihil</strong></span> <span class='ocrx_word' id='word_1_665' title='bbox 605 5266 660 5322; x_wconf 87' lang='lat' dir='ltr'><strong>in</strong></span> <span class='ocrx_word' id='word_1_666' title='bbox 696 5269 852 5324; x_wconf 91' lang='lat' dir='ltr'><strong>nobis</strong></span> <span class='ocrx_word' id='word_1_667' title='bbox 882 5268 1084 5324; x_wconf 87' lang='lat' dir='ltr'><strong>habere</strong></span> <span class='ocrx_word' id='word_1_668' title='bbox 1125 5268 1386 5339; x_wconf 87' lang='lat' dir='ltr'><strong>tepidum,</strong></span> <span class='ocrx_word' id='word_1_669' title='bbox 1428 5268 1521 5324; x_wconf 89' lang='lat' dir='ltr'><strong>sed</strong></span> <span class='ocrx_word' id='word_1_670' title='bbox 1562 5284 1687 5324; x_wconf 90' lang='lat' dir='ltr'><strong>cum</strong></span> <span class='ocrx_word' id='word_1_671' title='bbox 1722 5268 1834 5325; x_wconf 89' lang='lat' dir='ltr'><strong>fer-</strong></span> 
     </span>
    </p>
   </div>
   <div class='ocr_carea' id='block_1_84' title="bbox 256 5359 1836 5430">
    <p class='ocr_par' dir='ltr' id='par_1_84' title="bbox 256 5359 1836 5430">
     <span class='ocr_line' id='line_1_84' title="bbox 256 5359 1836 5430; baseline 0.006 -21"><span class='ocrx_word' id='word_1_672' title='bbox 256 5372 387 5412; x_wconf 85' lang='lat' dir='ltr'><strong>vore</strong></span> <span class='ocrx_word' id='word_1_673' title='bbox 437 5359 681 5430; x_wconf 87' lang='lat' dir='ltr'><strong>spiritus,</strong></span> <span class='ocrx_word' id='word_1_674' title='bbox 729 5369 784 5416; x_wconf 90' lang='lat' dir='ltr'><strong>et</strong></span> <span class='ocrx_word' id='word_1_675' title='bbox 826 5360 1003 5417; x_wconf 87' lang='lat' dir='ltr'><strong>calore</strong></span> <span class='ocrx_word' id='word_1_676' title='bbox 1045 5362 1328 5418; x_wconf 85' lang='lat' dir='ltr'><strong>charitatis</strong></span> <span class='ocrx_word' id='word_1_677' title='bbox 1374 5370 1429 5416; x_wconf 91' lang='lat' dir='ltr'><strong>et</strong></span> <span class='ocrx_word' id='word_1_678' title='bbox 1477 5361 1601 5418; x_wconf 83' lang='lat' dir='ltr'><strong>ﬁdei</strong></span> <span class='ocrx_word' id='word_1_679' title='bbox 1640 5370 1836 5419; x_wconf 89' lang='lat' dir='ltr'><strong>cuncta</strong></span> 
     </span>
    </p>
   </div>
   <div class='ocr_carea' id='block_1_85' title="bbox 259 5452 1250 5524">
    <p class='ocr_par' dir='ltr' id='par_1_85' title="bbox 259 5452 1250 5524">
     <span class='ocr_line' id='line_1_85' title="bbox 259 5452 1250 5524; baseline 0.005 -22"><span class='ocrx_word' id='word_1_680' title='bbox 259 5463 533 5518; x_wconf 84' lang='lat' dir='ltr'><strong>peragere.</strong></span> <span class='ocrx_word' id='word_1_681' title='bbox 565 5452 719 5509; x_wconf 87' lang='lat' dir='ltr'><strong>Unde</strong></span> <span class='ocrx_word' id='word_1_682' title='bbox 745 5463 801 5509; x_wconf 92' lang='lat' dir='ltr'><strong>et</strong></span> <span class='ocrx_word' id='word_1_683' title='bbox 826 5463 952 5524; x_wconf 88' lang='lat' dir='ltr'><strong>apte</strong></span> <span class='ocrx_word' id='word_1_684' title='bbox 979 5454 1250 5524; x_wconf 81' lang='lat' dir='ltr'><strong>sequitur:</strong></span> 
     </span>
    </p>
   </div>
   <div class='ocr_carea' id='block_1_86' title="bbox 331 5540 1839 5615">
    <p class='ocr_par' dir='ltr' id='par_1_86' title="bbox 331 5540 1839 5615">
     <span class='ocr_line' id='line_1_86' title="bbox 331 5540 1839 5615; baseline 0.004 -22"><span class='ocrx_word' id='word_1_685' title='bbox 331 5540 669 5609; x_wconf 80' lang='lat' dir='ltr'><strong>lnﬁrmitates</strong></span> <span class='ocrx_word' id='word_1_686' title='bbox 694 5560 819 5597; x_wconf 87' lang='lat' dir='ltr'><strong>suas</strong></span> <span class='ocrx_word' id='word_1_687' title='bbox 840 5545 945 5597; x_wconf 84' lang='lat' dir='ltr'><strong>sive</strong></span> <span class='ocrx_word' id='word_1_688' title='bbox 967 5560 1263 5615; x_wconf 85' lang='lat' dir='ltr'><strong>corporum,</strong></span> <span class='ocrx_word' id='word_1_689' title='bbox 1278 5546 1384 5599; x_wconf 86' lang='lat' dir='ltr'><strong>sive</strong></span> <span class='ocrx_word' id='word_1_690' title='bbox 1411 5560 1616 5599; x_wconf 78' lang='lat' dir='ltr'><strong>morum</strong></span> <span class='ocrx_word' id='word_1_691' title='bbox 1636 5544 1839 5615; x_wconf 86' lang='lat' dir='ltr'><strong>patien-</strong></span> 
     </span>
    </p>
   </div>
   <div class='ocr_carea' id='block_1_87' title="bbox 261 5628 1837 5706">
    <p class='ocr_par' dir='ltr' id='par_1_87' title="bbox 261 5628 1837 5706">
     <span class='ocr_line' id='line_1_87' title="bbox 261 5628 1837 5706; baseline 0.008 -27"><span class='ocrx_word' id='word_1_692' title='bbox 261 5628 459 5684; x_wconf 70' lang='lat' dir='ltr'><strong>tissime</strong></span> <span class='ocrx_word' id='word_1_693' title='bbox 499 5630 735 5687; x_wconf 87' lang='lat' dir='ltr'><strong>tolerent.</strong></span> <span class='ocrx_word' id='word_1_694' title='bbox 774 5632 899 5688; x_wconf 67' lang='lat' dir='ltr'><strong>“me</strong></span> <span class='ocrx_word' id='word_1_695' title='bbox 936 5631 1025 5688; x_wconf 88' lang='lat' dir='ltr'><strong>ille</strong></span> <span class='ocrx_word' id='word_1_696' title='bbox 1051 5634 1320 5690; x_wconf 86' lang='lat' dir='ltr'><strong>veraciter</strong></span> <span class='ocrx_word' id='word_1_697' title='bbox 1349 5634 1555 5706; x_wconf 87' lang='lat' dir='ltr'><strong>implet,</strong></span> <span class='ocrx_word' id='word_1_698' title='bbox 1583 5636 1675 5706; x_wconf 89' lang='lat' dir='ltr'><strong>qui</strong></span> <span class='ocrx_word' id='word_1_699' title='bbox 1703 5636 1837 5692; x_wconf 87' lang='lat' dir='ltr'><strong>cha-</strong></span> 
     </span>
    </p>
   </div>
   <div class='ocr_carea' id='block_1_88' title="bbox 266 5719 1834 5797">
    <p class='ocr_par' dir='ltr' id='par_1_88' title="bbox 266 5719 1834 5797">
     <span class='ocr_line' id='line_1_88' title="bbox 266 5719 1834 5797; baseline 0.006 -24"><span class='ocrx_word' id='word_1_700' title='bbox 266 5719 480 5775; x_wconf 65' lang='lat' dir='ltr'><strong>ritatvm</strong></span> <span class='ocrx_word' id='word_1_701' title='bbox 520 5721 572 5777; x_wconf 92' lang='lat' dir='ltr'><strong>in</strong></span> <span class='ocrx_word' id='word_1_702' title='bbox 605 5738 665 5780; x_wconf 83' lang='lat' dir='ltr'><strong>se</strong></span> <span class='ocrx_word' id='word_1_703' title='bbox 686 5724 949 5781; x_wconf 85' lang='lat' dir='ltr'><strong>veraciter</strong></span> <span class='ocrx_word' id='word_1_704' title='bbox 972 5724 1154 5791; x_wconf 89' lang='lat' dir='ltr'><strong>habet,</strong></span> <span class='ocrx_word' id='word_1_705' title='bbox 1183 5725 1249 5783; x_wconf 90' lang='lat' dir='ltr'><strong>de</strong></span> <span class='ocrx_word' id='word_1_706' title='bbox 1283 5740 1390 5795; x_wconf 89' lang='lat' dir='ltr'><strong>qua</strong></span> <span class='ocrx_word' id='word_1_707' title='bbox 1429 5727 1690 5797; x_wconf 88' lang='lat' dir='ltr'><strong>scriptum</strong></span> <span class='ocrx_word' id='word_1_708' title='bbox 1719 5737 1834 5785; x_wconf 90' lang='lat' dir='ltr'><strong>est:</strong></span> 
     </span>
    </p>
   </div>
   <div class='ocr_carea' id='block_1_89' title="bbox 1859 4486 1913 4547">
    <p class='ocr_par' dir='ltr' id='par_1_89' title="bbox 1859 4486 1913 4547">
     <span class='ocr_line' id='line_1_89' title="bbox 1859 4486 1913 4547; baseline 0 0"><span class='ocrx_word' id='word_1_709' title='bbox 1859 4486 1913 4547; x_wconf 90' lang='lat' dir='ltr'><strong>D</strong></span> 
     </span>
    </p>
   </div>
   <div class='ocr_carea' id='block_1_90' title="bbox 1935 3236 3527 3320">
    <p class='ocr_par' dir='ltr' id='par_1_90' title="bbox 1935 3236 3527 3320">
     <span class='ocr_line' id='line_1_90' title="bbox 1935 3236 3527 3320; baseline 0.009 -29"><span class='ocrx_word' id='word_1_710' title='bbox 1935 3236 2006 3291; x_wconf 89' lang='lat' dir='ltr'><strong>ad</strong></span> <span class='ocrx_word' id='word_1_711' title='bbox 2035 3238 2195 3292; x_wconf 77' lang='lat' dir='ltr'><strong>vitam</strong></span> <span class='ocrx_word' id='word_1_712' title='bbox 2228 3240 2483 3309; x_wconf 87' lang='lat' dir='ltr'><strong>perducat</strong></span> <span class='ocrx_word' id='word_1_713' title='bbox 2524 3251 2799 3297; x_wconf 79' lang='lat' dir='ltr'><strong>teternum.</strong></span> <span class='ocrx_word' id='word_1_714' title='bbox 2828 3243 3013 3298; x_wconf 84' lang='lat' dir='ltr'><strong>Antea.</strong></span> <span class='ocrx_word' id='word_1_715' title='bbox 3054 3245 3164 3300; x_wconf 88' lang='lat' dir='ltr'><strong>Cur</strong></span> <span class='ocrx_word' id='word_1_716' title='bbox 3201 3262 3333 3320; x_wconf 86' lang='lat' dir='ltr'><strong>ergo</strong></span> <span class='ocrx_word' id='word_1_717' title='bbox 3363 3248 3494 3304; x_wconf 87' lang='lat' dir='ltr'><strong>Chri</strong></span> <span class='ocrx_word' id='word_1_718' title='bbox 3515 3280 3527 3291; x_wconf 93' lang='lat'><strong>-</strong></span> 
     </span>
    </p>
   </div>
   <div class='ocr_carea' id='block_1_91' title="bbox 1935 3328 3527 3409">
    <p class='ocr_par' dir='ltr' id='par_1_91' title="bbox 1935 3328 3527 3409">
     <span class='ocr_line' id='line_1_91' title="bbox 1935 3328 3527 3409; baseline 0.009 -26"><span class='ocrx_word' id='word_1_719' title='bbox 1935 3336 2021 3384; x_wconf 88' lang='lat' dir='ltr'><strong>stu</strong></span> <span class='ocrx_word' id='word_1_720' title='bbox 2048 3328 2182 3384; x_wconf 91' lang='lat' dir='ltr'><strong>nihil</strong></span> <span class='ocrx_word' id='word_1_721' title='bbox 2209 3346 2524 3402; x_wconf 67' lang='lat' dir='ltr'><strong>praeponere</strong></span> <span class='ocrx_word' id='word_1_722' title='bbox 2553 3332 2864 3401; x_wconf 89' lang='lat' dir='ltr'><strong>debeamus,</strong></span> <span class='ocrx_word' id='word_1_723' title='bbox 2896 3352 3018 3405; x_wconf 80' lang='lat' dir='ltr'><strong>qua:</strong></span> <span class='ocrx_word' id='word_1_724' title='bbox 3045 3350 3347 3408; x_wconf 88' lang='lat' dir='ltr'><strong>sequuntur</strong></span> <span class='ocrx_word' id='word_1_725' title='bbox 3370 3343 3527 3409; x_wconf 89' lang='lat' dir='ltr'><strong>dicit,</strong></span> 
     </span>
    </p>
   </div>
   <div class='ocr_carea' id='block_1_92' title="bbox 1936 3423 3551 3501">
    <p class='ocr_par' dir='ltr' id='par_1_92' title="bbox 1936 3423 3551 3501">
     <span class='ocr_line' id='line_1_92' title="bbox 1936 3423 3551 3501; baseline 0.011 -24"><span class='ocrx_word' id='word_1_726' title='bbox 1936 3423 2182 3480; x_wconf 85' lang='lat' dir='ltr'><strong>attonitis</strong></span> <span class='ocrx_word' id='word_1_727' title='bbox 2225 3426 2448 3481; x_wconf 86' lang='lat' dir='ltr'><strong>auribus</strong></span> <span class='ocrx_word' id='word_1_728' title='bbox 2488 3428 2794 3483; x_wconf 90' lang='lat' dir='ltr'><strong>audiamus.</strong></span> <span class='ocrx_word' id='word_1_729' title='bbox 2839 3429 2931 3484; x_wconf 80' lang='lat' dir='ltr'><strong>Ait</strong></span> <span class='ocrx_word' id='word_1_730' title='bbox 2975 3432 3120 3487; x_wconf 87' lang='lat' dir='ltr'><strong>enim</strong></span> <span class='ocrx_word' id='word_1_731' title='bbox 3147 3451 3161 3488; x_wconf 90' lang='lat'><strong>:</strong></span> <span class='ocrx_word' id='word_1_732' title='bbox 3191 3433 3292 3501; x_wconf 88' lang='lat' dir='ltr'><strong>Qui</strong></span> <span class='ocrx_word' id='word_1_733' title='bbox 3326 3453 3421 3493; x_wconf 87' lang='lat' dir='ltr'><strong>vos</strong></span> <span class='ocrx_word' id='word_1_734' title='bbox 3457 3439 3551 3494; x_wconf 31' lang='lat' dir='ltr'><strong>ad‘</strong></span> 
     </span>
    </p>
   </div>
   <div class='ocr_carea' id='block_1_93' title="bbox 1935 3504 3527 3586">
    <p class='ocr_par' dir='ltr' id='par_1_93' title="bbox 1935 3504 3527 3586">
     <span class='ocr_line' id='line_1_93' title="bbox 1935 3504 3527 3586; baseline 0.011 -19"><span class='ocrx_word' id='word_1_735' title='bbox 1935 3513 2105 3568; x_wconf 90' lang='lat' dir='ltr'><strong>vitam</strong></span> <span class='ocrx_word' id='word_1_736' title='bbox 2134 3524 2393 3571; x_wconf 84' lang='lat' dir='ltr'><strong>aeternam</strong></span> <span class='ocrx_word' id='word_1_737' title='bbox 2420 3518 2699 3586; x_wconf 63' lang='lat' dir='ltr'><strong>perducat.</strong></span> <span class='ocrx_word' id='word_1_738' title='bbox 2752 3504 2939 3576; x_wconf 75' lang='lat' dir='ltr'><strong>Nullus</strong></span> <span class='ocrx_word' id='word_1_739' title='bbox 2974 3523 3119 3578; x_wconf 89' lang='lat' dir='ltr'><strong>enim</strong></span> <span class='ocrx_word' id='word_1_740' title='bbox 3151 3541 3252 3581; x_wconf 93' lang='lat' dir='ltr'><strong>nos</strong></span> <span class='ocrx_word' id='word_1_741' title='bbox 3280 3527 3419 3584; x_wconf 90' lang='lat' dir='ltr'><strong>alius</strong></span> <span class='ocrx_word' id='word_1_742' title='bbox 3456 3532 3527 3585; x_wconf 88' lang='lat' dir='ltr'><strong>ad</strong></span> 
     </span>
    </p>
   </div>
   <div class='ocr_carea' id='block_1_94' title="bbox 1936 3610 3528 3691">
    <p class='ocr_par' dir='ltr' id='par_1_94' title="bbox 1936 3610 3528 3691">
     <span class='ocr_line' id='line_1_94' title="bbox 1936 3610 3528 3691; baseline 0.014 -33"><span class='ocrx_word' id='word_1_743' title='bbox 1936 3613 2197 3661; x_wconf 75' lang='lat' dir='ltr'><strong>mtcrnam</strong></span> <span class='ocrx_word' id='word_1_744' title='bbox 2232 3610 2529 3679; x_wconf 87' lang='lat' dir='ltr'><strong>perducere</strong></span> <span class='ocrx_word' id='word_1_745' title='bbox 2560 3614 2745 3680; x_wconf 87' lang='lat' dir='ltr'><strong>vitam,</strong></span> <span class='ocrx_word' id='word_1_746' title='bbox 2785 3616 2963 3672; x_wconf 90' lang='lat' dir='ltr'><strong>nullus</strong></span> <span class='ocrx_word' id='word_1_747' title='bbox 3001 3618 3071 3673; x_wconf 89' lang='lat' dir='ltr'><strong>ad</strong></span> <span class='ocrx_word' id='word_1_748' title='bbox 3108 3629 3392 3691; x_wconf 67' lang='lat' dir='ltr'><strong>aeternum,</strong></span> <span class='ocrx_word' id='word_1_749' title='bbox 3423 3626 3528 3680; x_wconf 89' lang='lat' dir='ltr'><strong>nisi</strong></span> 
     </span>
    </p>
   </div>
   <div class='ocr_carea' id='block_1_95' title="bbox 1938 3696 3523 3786">
    <p class='ocr_par' dir='ltr' id='par_1_95' title="bbox 1938 3696 3523 3786">
     <span class='ocr_line' id='line_1_95' title="bbox 1938 3696 3523 3786; baseline 0.015 -34"><span class='ocrx_word' id='word_1_750' title='bbox 1938 3696 2054 3768; x_wconf 90' lang='lat' dir='ltr'><strong>ipse</strong></span> <span class='ocrx_word' id='word_1_751' title='bbox 2103 3709 2333 3766; x_wconf 87' lang='lat' dir='ltr'><strong>tantum,</strong></span> <span class='ocrx_word' id='word_1_752' title='bbox 2382 3704 2525 3760; x_wconf 88' lang='lat' dir='ltr'><strong>valet</strong></span> <span class='ocrx_word' id='word_1_753' title='bbox 2574 3709 2873 3776; x_wconf 83' lang='lat' dir='ltr'><strong>perducere</strong></span> <span class='ocrx_word' id='word_1_754' title='bbox 2920 3724 3167 3782; x_wconf 89' lang='lat' dir='ltr'><strong>regnum.</strong></span> <span class='ocrx_word' id='word_1_755' title='bbox 3220 3714 3338 3786; x_wconf 84' lang='lat' dir='ltr'><strong>Ipse</strong></span> <span class='ocrx_word' id='word_1_756' title='bbox 3377 3719 3523 3774; x_wconf 89' lang='lat' dir='ltr'><strong>enim</strong></span> 
     </span>
    </p>
   </div>
   <div class='ocr_carea' id='block_1_96' title="bbox 1937 3791 3529 3871">
    <p class='ocr_par' dir='ltr' id='par_1_96' title="bbox 1937 3791 3529 3871">
     <span class='ocr_line' id='line_1_96' title="bbox 1937 3791 3529 3871; baseline 0.014 -28"><span class='ocrx_word' id='word_1_757' title='bbox 1937 3791 2236 3844; x_wconf 67' lang='lat' dir='ltr'><strong>secundum</strong></span> <span class='ocrx_word' id='word_1_758' title='bbox 2265 3792 2608 3852; x_wconf 82' lang='lat' dir='ltr'><strong>Psaltuistam</strong></span> <span class='ocrx_word' id='word_1_759' title='bbox 2662 3800 2741 3854; x_wconf 88' lang='lat' dir='ltr'><strong>ait</strong></span> <span class='ocrx_word' id='word_1_760' title='bbox 2773 3818 2786 3853; x_wconf 90' lang='lat'>:</span> <span class='ocrx_word' id='word_1_761' title='bbox 2821 3800 2944 3871; x_wconf 85' lang='lat' dir='ltr'><strong>Ipse</strong></span> <span class='ocrx_word' id='word_1_762' title='bbox 2985 3813 3061 3858; x_wconf 86' lang='lat' dir='ltr'><strong>est</strong></span> <span class='ocrx_word' id='word_1_763' title='bbox 3101 3804 3358 3862; x_wconf 87' lang='lat' dir='ltr'><strong>Dominus</strong></span> <span class='ocrx_word' id='word_1_764' title='bbox 3383 3809 3529 3865; x_wconf 88' lang='lat' dir='ltr'><strong>Deus</strong></span> 
     </span>
    </p>
   </div>
   <div class='ocr_carea' id='block_1_97' title="bbox 1936 3888 3529 3971">
    <p class='ocr_par' dir='ltr' id='par_1_97' title="bbox 1936 3888 3529 3971">
     <span class='ocr_line' id='line_1_97' title="bbox 1936 3888 3529 3971; baseline 0.018 -42"><span class='ocrx_word' id='word_1_765' title='bbox 1936 3888 2131 3943; x_wconf 89' lang='lat' dir='ltr'><strong>noster,</strong></span> <span class='ocrx_word' id='word_1_766' title='bbox 2175 3896 2268 3935; x_wconf 90' lang='lat' dir='ltr'><strong>nos</strong></span> <span class='ocrx_word' id='word_1_767' title='bbox 2312 3896 2487 3939; x_wconf 89' lang='lat' dir='ltr'><strong>autem</strong></span> <span class='ocrx_word' id='word_1_768' title='bbox 2522 3890 2748 3958; x_wconf 82' lang='lat' dir='ltr'><strong>papulas</strong></span> <span class='ocrx_word' id='word_1_769' title='bbox 2787 3892 2903 3961; x_wconf 87' lang='lat' dir='ltr'><strong>ejus</strong></span> <span class='ocrx_word' id='word_1_770' title='bbox 2933 3902 2984 3947; x_wconf 90' lang='lat' dir='ltr'><strong>et</strong></span> <span class='ocrx_word' id='word_1_771' title='bbox 3015 3910 3131 3949; x_wconf 85' lang='lat' dir='ltr'><strong>oves</strong></span> <span class='ocrx_word' id='word_1_772' title='bbox 3168 3914 3380 3966; x_wconf 77' lang='lat' dir='ltr'><strong>pascua:</strong></span> <span class='ocrx_word' id='word_1_773' title='bbox 3412 3902 3529 3971; x_wconf 84' lang='lat' dir='ltr'><strong>ejus</strong></span> 
     </span>
    </p>
   </div>
   <div class='ocr_carea' id='block_1_98' title="bbox 1936 3964 3525 4054">
    <p class='ocr_par' dir='ltr' id='par_1_98' title="bbox 1936 3964 3525 4054">
     <span class='ocr_line' id='line_1_98' title="bbox 1936 3964 3525 4054; baseline 0.018 -36"><span class='ocrx_word' id='word_1_774' title='bbox 1936 3964 2115 4038; x_wconf 83' lang='lat' dir='ltr'><strong>(Psal.</strong></span> <span class='ocrx_word' id='word_1_775' title='bbox 2161 3970 2331 4042; x_wconf 72' lang='lat' dir='ltr'><strong>sats).</strong></span> <span class='ocrx_word' id='word_1_776' title='bbox 2374 3973 2494 4047; x_wconf 75' lang='lat' dir='ltr'><strong>ipse</strong></span> <span class='ocrx_word' id='word_1_777' title='bbox 2537 3977 2680 4031; x_wconf 88' lang='lat' dir='ltr'><strong>enim</strong></span> <span class='ocrx_word' id='word_1_778' title='bbox 2730 3994 2855 4034; x_wconf 90' lang='lat' dir='ltr'><strong>cum</strong></span> <span class='ocrx_word' id='word_1_779' title='bbox 2895 3981 2967 4036; x_wconf 91' lang='lat' dir='ltr'><strong>sit</strong></span> <span class='ocrx_word' id='word_1_780' title='bbox 3001 3964 3375 4054; x_wconf 86' lang='lat' dir='ltr'><strong>omnipotens,</strong></span> <span class='ocrx_word' id='word_1_781' title='bbox 3416 3964 3525 4046; x_wconf 75' lang='lat' dir='ltr'><strong>non</strong></span> 
     </span>
    </p>
   </div>
   <div class='ocr_carea' id='block_1_99' title="bbox 1937 4058 3523 4148">
    <p class='ocr_par' dir='ltr' id='par_1_99' title="bbox 1937 4058 3523 4148">
     <span class='ocr_line' id='line_1_99' title="bbox 1937 4058 3523 4148; baseline 0.014 -33"><span class='ocrx_word' id='word_1_782' title='bbox 1937 4058 2081 4116; x_wconf 77' lang='lat' dir='ltr'><strong>aliud</strong></span> <span class='ocrx_word' id='word_1_783' title='bbox 2128 4063 2279 4119; x_wconf 86' lang='lat' dir='ltr'><strong>dedit</strong></span> <span class='ocrx_word' id='word_1_784' title='bbox 2321 4068 2594 4136; x_wconf 89' lang='lat' dir='ltr'><strong>pretium,</strong></span> <span class='ocrx_word' id='word_1_785' title='bbox 2641 4072 2736 4125; x_wconf 89' lang='lat' dir='ltr'><strong>sed</strong></span> <span class='ocrx_word' id='word_1_786' title='bbox 2783 4073 2946 4128; x_wconf 91' lang='lat' dir='ltr'><strong>morti</strong></span> <span class='ocrx_word' id='word_1_787' title='bbox 2993 4075 3166 4130; x_wconf 84' lang='lat' dir='ltr'><strong>solum</strong></span> <span class='ocrx_word' id='word_1_788' title='bbox 3216 4094 3316 4148; x_wconf 87' lang='lat' dir='ltr'><strong>pro</strong></span> <span class='ocrx_word' id='word_1_789' title='bbox 3362 4084 3523 4137; x_wconf 81' lang='lat' dir='ltr'><strong>nobis</strong></span> 
     </span>
    </p>
   </div>
   <div class='ocr_carea' id='block_1_100' title="bbox 1936 4152 3526 4231">
    <p class='ocr_par' dir='ltr' id='par_1_100' title="bbox 1936 4152 3526 4231">
     <span class='ocr_line' id='line_1_100' title="bbox 1936 4152 3526 4231; baseline 0.014 -26"><span class='ocrx_word' id='word_1_790' title='bbox 1936 4152 2289 4223; x_wconf 86' lang='lat' dir='ltr'><strong>semetipsum</strong></span> <span class='ocrx_word' id='word_1_791' title='bbox 2318 4158 2557 4213; x_wconf 85' lang='lat' dir='ltr'><strong>tradidit.</strong></span> <span class='ocrx_word' id='word_1_792' title='bbox 2583 4160 2702 4231; x_wconf 86' lang='lat' dir='ltr'><strong>Ipse</strong></span> <span class='ocrx_word' id='word_1_793' title='bbox 2731 4178 2831 4217; x_wconf 89' lang='lat' dir='ltr'><strong>nos</strong></span> <span class='ocrx_word' id='word_1_794' title='bbox 2856 4163 3282 4222; x_wconf 89' lang='lat' dir='ltr'><strong>misericorditer</strong></span> <span class='ocrx_word' id='word_1_795' title='bbox 3307 4171 3362 4224; x_wconf 91' lang='lat' dir='ltr'><strong>in</strong></span> <span class='ocrx_word' id='word_1_796' title='bbox 3384 4173 3526 4229; x_wconf 86' lang='lat' dir='ltr'><strong>lilios</strong></span> 
     </span>
    </p>
   </div>
   <div class='ocr_carea' id='block_1_101' title="bbox 1938 4235 3522 4332">
    <p class='ocr_par' dir='ltr' id='par_1_101' title="bbox 1938 4235 3522 4332">
     <span class='ocr_line' id='line_1_101' title="bbox 1938 4235 3522 4332; baseline 0.014 -33"><span class='ocrx_word' id='word_1_797' title='bbox 1938 4235 2237 4315; x_wconf 67' lang='lat' dir='ltr'><strong>adoptavit,</strong></span> <span class='ocrx_word' id='word_1_798' title='bbox 2264 4257 2319 4302; x_wconf 91' lang='lat' dir='ltr'><strong>et</strong></span> <span class='ocrx_word' id='word_1_799' title='bbox 2346 4257 2405 4304; x_wconf 90' lang='lat' dir='ltr'><strong>ut</strong></span> <span class='ocrx_word' id='word_1_800' title='bbox 2430 4252 2800 4309; x_wconf 63' lang='lat' dir='ltr'><strong>cohaeredibus</strong></span> <span class='ocrx_word' id='word_1_801' title='bbox 2833 4254 3092 4311; x_wconf 82' lang='lat' dir='ltr'><strong>emlorum</strong></span> <span class='ocrx_word' id='word_1_802' title='bbox 3124 4274 3288 4331; x_wconf 81' lang='lat' dir='ltr'><strong>regna</strong></span> <span class='ocrx_word' id='word_1_803' title='bbox 3314 4268 3522 4332; x_wconf 88' lang='lat' dir='ltr'><strong>promi-</strong></span> 
     </span>
    </p>
   </div>
   <div class='ocr_carea' id='block_1_102' title="bbox 1937 4334 3520 4423">
    <p class='ocr_par' dir='ltr' id='par_1_102' title="bbox 1937 4334 3520 4423">
     <span class='ocr_line' id='line_1_102' title="bbox 1937 4334 3520 4423; baseline 0.012 -32"><span class='ocrx_word' id='word_1_804' title='bbox 1937 4334 2026 4391; x_wconf 88' lang='lat' dir='ltr'><strong>sit.</strong></span> <span class='ocrx_word' id='word_1_805' title='bbox 2056 4336 2125 4391; x_wconf 84' lang='lat' dir='ltr'><strong>Et</strong></span> <span class='ocrx_word' id='word_1_806' title='bbox 2155 4337 2276 4393; x_wconf 90' lang='lat' dir='ltr'><strong>ideo</strong></span> <span class='ocrx_word' id='word_1_807' title='bbox 2305 4339 2382 4395; x_wconf 90' lang='lat' dir='ltr'><strong>illi</strong></span> <span class='ocrx_word' id='word_1_808' title='bbox 2414 4349 2474 4396; x_wconf 93' lang='lat' dir='ltr'><strong>ut</strong></span> <span class='ocrx_word' id='word_1_809' title='bbox 2494 4351 2620 4413; x_wconf 90' lang='lat' dir='ltr'><strong>pote</strong></span> <span class='ocrx_word' id='word_1_810' title='bbox 2651 4343 2762 4400; x_wconf 92' lang='lat' dir='ltr'><strong>Deo</strong></span> <span class='ocrx_word' id='word_1_811' title='bbox 2798 4353 2986 4402; x_wconf 89' lang='lat' dir='ltr'><strong>nostro</strong></span> <span class='ocrx_word' id='word_1_812' title='bbox 3011 4348 3143 4402; x_wconf 92' lang='lat' dir='ltr'><strong>nihil</strong></span> <span class='ocrx_word' id='word_1_813' title='bbox 3174 4366 3520 4423; x_wconf 75' lang='lat' dir='ltr'><strong>pnepouere,</strong></span> 
     </span>
    </p>
   </div>
   <div class='ocr_carea' id='block_1_103' title="bbox 1937 4428 3525 4503">
    <p class='ocr_par' dir='ltr' id='par_1_103' title="bbox 1937 4428 3525 4503">
     <span class='ocr_line' id='line_1_103' title="bbox 1937 4428 3525 4503; baseline 0.012 -20"><span class='ocrx_word' id='word_1_814' title='bbox 1937 4442 2040 4484; x_wconf 89' lang='lat' dir='ltr'><strong>nec</strong></span> <span class='ocrx_word' id='word_1_815' title='bbox 2063 4428 2322 4488; x_wconf 89' lang='lat' dir='ltr'><strong>debemus</strong></span> <span class='ocrx_word' id='word_1_816' title='bbox 2349 4433 2404 4488; x_wconf 89' lang='lat' dir='ltr'><strong>in</strong></span> <span class='ocrx_word' id='word_1_817' title='bbox 2431 4450 2613 4491; x_wconf 86' lang='lat' dir='ltr'><strong>rerum</strong></span> <span class='ocrx_word' id='word_1_818' title='bbox 2655 4445 2848 4494; x_wconf 87' lang='lat' dir='ltr'><strong>natura</strong></span> <span class='ocrx_word' id='word_1_819' title='bbox 2884 4454 3065 4495; x_wconf 89' lang='lat' dir='ltr'><strong>rerum</strong></span> <span class='ocrx_word' id='word_1_820' title='bbox 3092 4443 3332 4500; x_wconf 90' lang='lat' dir='ltr'><strong>omnium</strong></span> <span class='ocrx_word' id='word_1_821' title='bbox 3361 4445 3525 4503; x_wconf 85' lang='lat' dir='ltr'><strong>Crea-</strong></span> 
     </span>
    </p>
   </div>
   <div class='ocr_carea' id='block_1_104' title="bbox 1938 4517 2609 4595">
    <p class='ocr_par' dir='ltr' id='par_1_104' title="bbox 1938 4517 2609 4595">
     <span class='ocr_line' id='line_1_104' title="bbox 1938 4517 2609 4595; baseline 0.012 -23"><span class='ocrx_word' id='word_1_822' title='bbox 1938 4517 2044 4573; x_wconf 86' lang='lat' dir='ltr'><strong>tori</strong></span> <span class='ocrx_word' id='word_1_823' title='bbox 2073 4518 2279 4591; x_wconf 87' lang='lat' dir='ltr'><strong>aliquid</strong></span> <span class='ocrx_word' id='word_1_824' title='bbox 2305 4537 2609 4595; x_wconf 65' lang='lat' dir='ltr'><strong>eoatquarc.</strong></span> 
     </span>
    </p>
   </div>
   <div class='ocr_carea' id='block_1_105' title="bbox 2480 4638 2975 4701">
    <p class='ocr_par' dir='ltr' id='par_1_105' title="bbox 2480 4638 2975 4701">
     <span class='ocr_line' id='line_1_105' title="bbox 2480 4638 2975 4701; baseline 0.004 -5"><span class='ocrx_word' id='word_1_825' title='bbox 2480 4638 2712 4698; x_wconf 83' lang='lat' dir='ltr'><strong>CAPUT</strong></span> <span class='ocrx_word' id='word_1_826' title='bbox 2743 4642 2975 4701; x_wconf 80' lang='lat' dir='ltr'><strong>LXXIII.</strong></span> 
     </span>
    </p>
   </div>
   <div class='ocr_carea' id='block_1_106' title="bbox 1938 4719 3522 4805">
    <p class='ocr_par' dir='ltr' id='par_1_106' title="bbox 1938 4719 3522 4805">
     <span class='ocr_line' id='line_1_106' title="bbox 1938 4719 3522 4805; baseline 0.015 -30"><span class='ocrx_word' id='word_1_827' title='bbox 1938 4719 2018 4777; x_wconf 86' lang='lat' dir='ltr'><strong>De</strong></span> <span class='ocrx_word' id='word_1_828' title='bbox 2056 4738 2117 4778; x_wconf 89' lang='lat' dir='ltr'><strong>eo</strong></span> <span class='ocrx_word' id='word_1_829' title='bbox 2152 4726 2293 4796; x_wconf 84' lang='lat' dir='ltr'><strong>quod</strong></span> <span class='ocrx_word' id='word_1_830' title='bbox 2326 4744 2432 4783; x_wconf 89' lang='lat' dir='ltr'><strong>non</strong></span> <span class='ocrx_word' id='word_1_831' title='bbox 2470 4733 2637 4805; x_wconf 62' lang='lat' dir='ltr'><strong>omnis</strong></span> <span class='ocrx_word' id='word_1_832' title='bbox 2679 4734 2967 4790; x_wconf 82' lang='lat' dir='ltr'><strong>observatio</strong></span> <span class='ocrx_word' id='word_1_833' title='bbox 2992 4734 3217 4805; x_wconf 83' lang='lat' dir='ltr'><strong>justitia:</strong></span> <span class='ocrx_word' id='word_1_834' title='bbox 3249 4740 3305 4794; x_wconf 91' lang='lat' dir='ltr'><strong>in</strong></span> <span class='ocrx_word' id='word_1_835' title='bbox 3327 4740 3427 4796; x_wconf 88' lang='lat' dir='ltr'><strong>hac</strong></span> <span class='ocrx_word' id='word_1_836' title='bbox 3454 4743 3522 4801; x_wconf 89' lang='lat' dir='ltr'><strong>sit</strong></span> 
     </span>
    </p>
   </div>
   <div class='ocr_carea' id='block_1_107' title="bbox 2468 4798 2989 4872">
    <p class='ocr_par' dir='ltr' id='par_1_107' title="bbox 2468 4798 2989 4872">
     <span class='ocr_line' id='line_1_107' title="bbox 2468 4798 2989 4872; baseline 0.013 -18"><span class='ocrx_word' id='word_1_837' title='bbox 2468 4798 2666 4872; x_wconf 84' lang='lat' dir='ltr'><strong>Regula</strong></span> <span class='ocrx_word' id='word_1_838' title='bbox 2690 4807 2989 4861; x_wconf 84' lang='lat' dir='ltr'><strong>constituta.</strong></span> 
     </span>
    </p>
   </div>
   <div class='ocr_carea' id='block_1_108' title="bbox 2012 4898 3522 4983">
    <p class='ocr_par' dir='ltr' id='par_1_108' title="bbox 2012 4898 3522 4983">
     <span class='ocr_line' id='line_1_108' title="bbox 2012 4898 3522 4983; baseline 0.015 -30"><span class='ocrx_word' id='word_1_839' title='bbox 2012 4898 2273 4971; x_wconf 85' lang='lat' dir='ltr'><strong>Regulam</strong></span> <span class='ocrx_word' id='word_1_840' title='bbox 2303 4915 2478 4961; x_wconf 84' lang='lat' dir='ltr'><strong>autem</strong></span> <span class='ocrx_word' id='word_1_841' title='bbox 2508 4908 2645 4964; x_wconf 81' lang='lat' dir='ltr'><strong>hanc</strong></span> <span class='ocrx_word' id='word_1_842' title='bbox 2679 4910 3069 4983; x_wconf 86' lang='lat' dir='ltr'><strong>descripsimus,</strong></span> <span class='ocrx_word' id='word_1_843' title='bbox 3104 4924 3163 4969; x_wconf 89' lang='lat' dir='ltr'><strong>ut</strong></span> <span class='ocrx_word' id='word_1_844' title='bbox 3194 4934 3310 4973; x_wconf 89' lang='lat' dir='ltr'><strong>eam</strong></span> <span class='ocrx_word' id='word_1_845' title='bbox 3343 4920 3522 4976; x_wconf 85' lang='lat' dir='ltr'><strong>obser-</strong></span> 
     </span>
    </p>
   </div>
   <div class='ocr_carea' id='block_1_109' title="bbox 1942 4994 3520 5074">
    <p class='ocr_par' dir='ltr' id='par_1_109' title="bbox 1942 4994 3520 5074">
     <span class='ocr_line' id='line_1_109' title="bbox 1942 4994 3520 5074; baseline 0.015 -30"><span class='ocrx_word' id='word_1_846' title='bbox 1942 5002 2119 5047; x_wconf 76' lang='lat' dir='ltr'><strong>vantes</strong></span> <span class='ocrx_word' id='word_1_847' title='bbox 2167 4994 2222 5048; x_wconf 88' lang='lat' dir='ltr'><strong>in</strong></span> <span class='ocrx_word' id='word_1_848' title='bbox 2263 5000 2623 5067; x_wconf 87' lang='lat' dir='ltr'><strong>monasteriis,</strong></span> <span class='ocrx_word' id='word_1_849' title='bbox 2688 5002 3018 5074; x_wconf 78' lang='lat' dir='ltr'><strong>aliquatenus</strong></span> <span class='ocrx_word' id='word_1_850' title='bbox 3070 5006 3149 5063; x_wconf 78' lang='lat' dir='ltr'><strong>uel</strong></span> <span class='ocrx_word' id='word_1_851' title='bbox 3198 5008 3520 5067; x_wconf 84' lang='lat' dir='ltr'><strong>honestatem</strong></span> 
     </span>
    </p>
   </div>
   <div class='ocr_carea' id='block_1_110' title="bbox 1941 5088 3522 5159">
    <p class='ocr_par' dir='ltr' id='par_1_110' title="bbox 1941 5088 3522 5159">
     <span class='ocr_line' id='line_1_110' title="bbox 1941 5088 3522 5159; baseline 0.016 -25"><span class='ocrx_word' id='word_1_852' title='bbox 1941 5096 2168 5151; x_wconf 89' lang='lat' dir='ltr'><strong>morum,</strong></span> <span class='ocrx_word' id='word_1_853' title='bbox 2196 5095 2287 5139; x_wconf 91' lang='lat' dir='ltr'><strong>aut</strong></span> <span class='ocrx_word' id='word_1_854' title='bbox 2317 5088 2527 5144; x_wconf 87' lang='lat' dir='ltr'><strong>initium</strong></span> <span class='ocrx_word' id='word_1_855' title='bbox 2558 5096 2966 5151; x_wconf 78' lang='lat' dir='ltr'><strong>conuersationis</strong></span> <span class='ocrx_word' id='word_1_856' title='bbox 2990 5115 3084 5154; x_wconf 82' lang='lat' dir='ltr'><strong>nos</strong></span> <span class='ocrx_word' id='word_1_857' title='bbox 3109 5099 3522 5159; x_wconf 83' lang='lat' dir='ltr'><strong>demonstremus</strong></span> 
     </span>
    </p>
   </div>
   <div class='ocr_carea' id='block_1_111' title="bbox 1940 5172 3522 5257">
    <p class='ocr_par' dir='ltr' id='par_1_111' title="bbox 1940 5172 3522 5257">
     <span class='ocr_line' id='line_1_111' title="bbox 1940 5172 3522 5257; baseline 0.018 -33"><span class='ocrx_word' id='word_1_858' title='bbox 1940 5172 2150 5228; x_wconf 86' lang='lat' dir='ltr'><strong>habere.</strong></span> <span class='ocrx_word' id='word_1_859' title='bbox 2183 5175 2357 5233; x_wconf 89' lang='lat' dir='ltr'><strong>Tanto</strong></span> <span class='ocrx_word' id='word_1_860' title='bbox 2388 5181 2531 5236; x_wconf 90' lang='lat' dir='ltr'><strong>enim</strong></span> <span class='ocrx_word' id='word_1_861' title='bbox 2563 5182 2724 5252; x_wconf 85' lang='lat' dir='ltr'><strong>hujus</strong></span> <span class='ocrx_word' id='word_1_862' title='bbox 2763 5188 2964 5257; x_wconf 68' lang='lat' dir='ltr'><strong>regula:</strong></span> <span class='ocrx_word' id='word_1_863' title='bbox 2992 5189 3203 5248; x_wconf 82' lang='lat' dir='ltr'><strong>facilius</strong></span> <span class='ocrx_word' id='word_1_864' title='bbox 3231 5195 3522 5252; x_wconf 85' lang='lat' dir='ltr'><strong>observare</strong></span> 
     </span>
    </p>
   </div>
   <div class='ocr_carea' id='block_1_112' title="bbox 1942 5262 3515 5343">
    <p class='ocr_par' dir='ltr' id='par_1_112' title="bbox 1942 5262 3515 5343">
     <span class='ocr_line' id='line_1_112' title="bbox 1942 5262 3515 5343; baseline 0.017 -27"><span class='ocrx_word' id='word_1_865' title='bbox 1942 5262 2201 5320; x_wconf 89' lang='lat' dir='ltr'><strong>debemus</strong></span> <span class='ocrx_word' id='word_1_866' title='bbox 2241 5266 2508 5337; x_wconf 88' lang='lat' dir='ltr'><strong>instituta,</strong></span> <span class='ocrx_word' id='word_1_867' title='bbox 2546 5287 2751 5343; x_wconf 89' lang='lat' dir='ltr'><strong>quanto</strong></span> <span class='ocrx_word' id='word_1_868' title='bbox 2785 5277 2839 5331; x_wconf 90' lang='lat' dir='ltr'><strong>in</strong></span> <span class='ocrx_word' id='word_1_869' title='bbox 2876 5294 2938 5334; x_wconf 89' lang='lat' dir='ltr'><strong>ea</strong></span> <span class='ocrx_word' id='word_1_870' title='bbox 2968 5285 3393 5341; x_wconf 86' lang='lat' dir='ltr'><strong>conversationis</strong></span> <span class='ocrx_word' id='word_1_871' title='bbox 3438 5286 3515 5343; x_wconf 84' lang='lat' dir='ltr'><strong>le-</strong></span> 
     </span>
    </p>
   </div>
   <div class='ocr_carea' id='block_1_113' title="bbox 1943 5355 3518 5436">
    <p class='ocr_par' dir='ltr' id='par_1_113' title="bbox 1943 5355 3518 5436">
     <span class='ocr_line' id='line_1_113' title="bbox 1943 5355 3518 5436; baseline 0.017 -27"><span class='ocrx_word' id='word_1_872' title='bbox 1943 5355 2151 5412; x_wconf 84' lang='lat' dir='ltr'><strong>viorem</strong></span> <span class='ocrx_word' id='word_1_873' title='bbox 2184 5358 2363 5417; x_wconf 87' lang='lat' dir='ltr'><strong>inesse</strong></span> <span class='ocrx_word' id='word_1_874' title='bbox 2401 5363 2724 5436; x_wconf 87' lang='lat' dir='ltr'><strong>descriptam</strong></span> <span class='ocrx_word' id='word_1_875' title='bbox 2771 5372 3044 5430; x_wconf 86' lang='lat' dir='ltr'><strong>cernimus</strong></span> <span class='ocrx_word' id='word_1_876' title='bbox 3092 5375 3340 5432; x_wconf 86' lang='lat' dir='ltr'><strong>formam.</strong></span> <span class='ocrx_word' id='word_1_877' title='bbox 3384 5378 3518 5436; x_wconf 85' lang='lat' dir='ltr'><strong>Nam</strong></span> 
     </span>
    </p>
   </div>
   <div class='ocr_carea' id='block_1_114' title="bbox 1944 5447 3524 5537">
    <p class='ocr_par' dir='ltr' id='par_1_114' title="bbox 1944 5447 3524 5537">
     <span class='ocr_line' id='line_1_114' title="bbox 1944 5447 3524 5537; baseline 0.016 -36"><span class='ocrx_word' id='word_1_878' title='bbox 1944 5447 2036 5516; x_wconf 91' lang='lat' dir='ltr'><strong>qui</strong></span> <span class='ocrx_word' id='word_1_879' title='bbox 2078 5448 2183 5505; x_wconf 87' lang='lat' dir='ltr'><strong>ista</strong></span> <span class='ocrx_word' id='word_1_880' title='bbox 2217 5452 2440 5526; x_wconf 88' lang='lat' dir='ltr'><strong>negligit</strong></span> <span class='ocrx_word' id='word_1_881' title='bbox 2477 5456 2768 5516; x_wconf 81' lang='lat' dir='ltr'><strong>observare</strong></span> <span class='ocrx_word' id='word_1_882' title='bbox 2804 5463 3046 5532; x_wconf 84' lang='lat' dir='ltr'><strong>minima,</strong></span> <span class='ocrx_word' id='word_1_883' title='bbox 3079 5482 3184 5521; x_wconf 84' lang='lat' dir='ltr'><strong>non</strong></span> <span class='ocrx_word' id='word_1_884' title='bbox 3222 5477 3396 5537; x_wconf 78' lang='lat' dir='ltr'><strong>potest</strong></span> <span class='ocrx_word' id='word_1_885' title='bbox 3422 5484 3524 5526; x_wconf 75' lang='lat' dir='ltr'><strong>Te.-</strong></span> 
     </span>
    </p>
   </div>
   <div class='ocr_carea' id='block_1_115' title="bbox 1942 5542 3524 5630">
    <p class='ocr_par' dir='ltr' id='par_1_115' title="bbox 1942 5542 3524 5630">
     <span class='ocr_line' id='line_1_115' title="bbox 1942 5542 3524 5630; baseline 0.016 -38"><span class='ocrx_word' id='word_1_886' title='bbox 1942 5546 2033 5593; x_wconf 89' lang='lat' dir='ltr'><strong>cto</strong></span> <span class='ocrx_word' id='word_1_887' title='bbox 2068 5542 2285 5598; x_wconf 87' lang='lat' dir='ltr'><strong>tramite</strong></span> <span class='ocrx_word' id='word_1_888' title='bbox 2321 5549 2689 5605; x_wconf 86' lang='lat' dir='ltr'><strong>conscendere</strong></span> <span class='ocrx_word' id='word_1_889' title='bbox 2727 5552 2795 5606; x_wconf 89' lang='lat' dir='ltr'><strong>ad</strong></span> <span class='ocrx_word' id='word_1_890' title='bbox 2826 5553 3047 5623; x_wconf 80' lang='lat' dir='ltr'><strong>majora,</strong></span> <span class='ocrx_word' id='word_1_891' title='bbox 3076 5572 3195 5625; x_wconf 70' lang='lat' dir='ltr'><strong>qua:</strong></span> <span class='ocrx_word' id='word_1_892' title='bbox 3237 5558 3307 5612; x_wconf 89' lang='lat' dir='ltr'><strong>illi</strong></span> <span class='ocrx_word' id='word_1_893' title='bbox 3345 5563 3524 5630; x_wconf 70' lang='lat' dir='ltr'><strong>perfe-</strong></span> 
     </span>
    </p>
   </div>
   <div class='ocr_carea' id='block_1_116' title="bbox 1943 5631 3374 5717">
    <p class='ocr_par' dir='ltr' id='par_1_116' title="bbox 1943 5631 3374 5717">
     <span class='ocr_line' id='line_1_116' title="bbox 1943 5631 3374 5717; baseline 0.013 -32"><span class='ocrx_word' id='word_1_894' title='bbox 1943 5639 2090 5685; x_wconf 89' lang='lat' dir='ltr'><strong>ctam</strong></span> <span class='ocrx_word' id='word_1_895' title='bbox 2115 5631 2328 5690; x_wconf 87' lang='lat' dir='ltr'><strong>valeant</strong></span> <span class='ocrx_word' id='word_1_896' title='bbox 2356 5651 2679 5709; x_wconf 88' lang='lat' dir='ltr'><strong>componere</strong></span> <span class='ocrx_word' id='word_1_897' title='bbox 2704 5642 2891 5698; x_wconf 89' lang='lat' dir='ltr'><strong>vitam.</strong></span> <span class='ocrx_word' id='word_1_898' title='bbox 2929 5643 3063 5700; x_wconf 81' lang='lat' dir='ltr'><strong>Nam</strong></span> <span class='ocrx_word' id='word_1_899' title='bbox 3101 5649 3374 5717; x_wconf 87' lang='lat' dir='ltr'><strong>sequitur:</strong></span> 
     </span>
    </p>
   </div>
   <div class='ocr_carea' id='block_1_117' title="bbox 2004 5726 3523 5806">
    <p class='ocr_par' dir='ltr' id='par_1_117' title="bbox 2004 5726 3523 5806">
     <span class='ocr_line' id='line_1_117' title="bbox 2004 5726 3523 5806; baseline 0.01 -21"><span class='ocrx_word' id='word_1_900' title='bbox 2004 5726 2274 5785; x_wconf 63' lang='lat' dir='ltr'><strong>Craterum</strong></span> <span class='ocrx_word' id='word_1_901' title='bbox 2310 5729 2380 5783; x_wconf 87' lang='lat' dir='ltr'><strong>ad</strong></span> <span class='ocrx_word' id='word_1_902' title='bbox 2411 5729 2776 5801; x_wconf 80' lang='lat' dir='ltr'><strong>perfectionem</strong></span> <span class='ocrx_word' id='word_1_903' title='bbox 2798 5737 2888 5806; x_wconf 89' lang='lat' dir='ltr'><strong>qui</strong></span> <span class='ocrx_word' id='word_1_904' title='bbox 2919 5738 3105 5806; x_wconf 87' lang='lat' dir='ltr'><strong>tendit,</strong></span> <span class='ocrx_word' id='word_1_905' title='bbox 3127 5752 3244 5795; x_wconf 84' lang='lat' dir='ltr'><strong>sunt</strong></span> <span class='ocrx_word' id='word_1_906' title='bbox 3268 5743 3523 5800; x_wconf 67' lang='lat' dir='ltr'><strong>doctrina</strong></span> 
     </span>
    </p>
   </div>
  </div>
