3944 6438
206 314 315 371 933

1671 303 1779 359 VIA
1818 300 2046 358 REGE.

3377 306 3485 366 934

204 423 442 483 διώξω-ε
470 430 653 495 potest
677 421 810 493 ηηεη
831 416 1316 495 piumque-unius
1339 413 1581 495 ejusdem
1608 421 1797 495 aucto-
1824 416 1876 475 Λ
1900 411 2076 494 valeo,
2090 412 2208 493 .iste
2232 410 2336 466 fuit
2355 426 2549 495 cursus
2580 426 2858 476 sensuum,
2891 421 2949 468 et
2970 429 3179 470 summa
3210 417 3491 479 conclusio

206 499 284 554 ris
302 511 441 567 opus
463 484 710 567 sit,_cum
734 491 907 563 multa
925 506 995 567 ex
1014 484 1123 567 uno
1140 488 1196 542 in
1218 487 1450 567 alterum
1466 485 1543 567 ‘ad
1569 484 1791 567 verbum

206 553 837 637 transcripta'legantur,
858 569 920 615 ut
946 559 1130 637 videre
1155 566 1238 613 est
1264 556 1318 637 in
1348 554 1661 637 Diademate
1683 553 1795 637 Μοτ

207 625 526 698 nachoruin,
556 625 703 703 tud
729 625 920 703 eadem
942 629 1178 703 capitum
1201 627 1343 682 serie
1374 625 1709 703 praetexitur,
1737 632 1796 703 et

210 707 419 770 iisdem,
444 694 647 759 ut'dixi
673 701 877 765 verbis,
897 694 1119 769 utrique
1156 705 1338 770 tamen
1357 694 1485 750 vitae
1506 694 1689 765 generi
1717 694 1798 770 di-

207 792 364 832 versa
400 764 612 830 ratione
634 764 1086 828 accommodatis:
1112 766 1361 824 conferas
1382 764 1590 821 tantum
1617 764 1793 834 capita

209 847 264 913 6,
291 847 345 910 7,
374 846 408 901 8
433 853 490 900 et
511 844 566 908 0,
591 852 648 898 et
672 858 762 897 res
791 841 857 896 ad
878 836 1346 913 oculum_patebit..
1391 856 1410 913 ε

280 902 568 970 Enimvero
590 928 656 968 ea
678 927 799 982 qua:
811 916 932 965 acta
952 917 1079 982 sunt
1100 902 1285 982 Romae
1298 907 1378 982 _de_
1389 902 1651 982 _Sym_bolo
1670 902 1795 958 lidei

210 986 353 1042 inter
375 986 609 1039 Leonem
630 975 826 1053 papam
856 989 912 1034 et
934 980 1131 1053 missos
1155 976 1333 1053 Caroli
1359 975 1572 1046 Magni,
1602 989 1662 1053 se
1686 989 1795 1029 non

207 1056 493 1137 collegisse
518 1046 840 1137 modo,"
849 1058 910 1137 et
931 1050 1062 1120 ipsis
1090 1046 1533 1137 interfuissenon
1565 1046 1796 1137 obscure

209 1114 389 1194 innuit
414 1114 746 1194 Smaragdus
770 1121 925 1194 initio
952 1114 1427 1194 narrationis,._ubi
1451 1117 1568 1194 haec
1590 1114 1790 1194 verba:

215 1213 236 1248 ι
280 1193 376 1250 liis
404 1195 561 1250 dictis
587 1184 712 1248 n‘ovi
749 1190 895 1263 quod
932 1188 1189 1244 nonnulla
1231 1184 1583 1263 colloquendo
1620 1186 1799 1254 potius

209 1281 376 1336 quam
396 1263 721 1336 disputando
741 1256 1135 1336 prtecesserant
1152 1300 1166 1323 ,
1198 1256 1431 1336 quorum
1474 1256 1644 1336 _ser_ie_s_
1672 1269 1799 1309 sen-

212 1326 370 1390 suum
399 1326 499 1389 seu
529 1326 836 1397 verborum,
862 1330 967 1386 nisi
997 1326 1375 1397 tantum'quod
1401 1327 1526 1382 inde
1551 1326 1670 1390 fuit,
1693 1341 1800 1397 non

212 1408 348 1461 satis
391 1405 667 1463 memoria:
694 1395 954 1466 occurrit,
985 1409 1094 1455 etc.
1135 1399 1194 1453 lu
1233 1395 1496 1468 quantum
1528 1395 1802 1452 recordari

1903 482 2321 537 novissimarum
2344 481 2736 548 definitionum,
2764 505 2783 537 ι
2808 492 2915 540 etc.
2940 485 3185 549 Namque
3209 487 3260 542 in
3289 487 3490 549 Urbem

1902 568 2086 607 secum
2112 551 2841 633 a‘dduserant.Smaragdunr
2864 554 3022 633 legati
3038 551 3124 633 _ili_i
3146 597 3161 621 ,
3196 555 3349 633 Jessc
3372 562 3491 633 epi-

1903 637 2099 692 scopus
2125 620 2505 692 Ambiancnsis
2527 631 2583 677 et
2608 620 3173 682 Adalardus'Corbcia:
3196 628 3383 692 abbas,
3401 620 3491 687 ut-

1902 672 2037 774 pote
2053 692 2231 745 virum
2253 691 2496 774 iurabas
2521 672 2910 774 ecclesiasticis

1906 761 1962 817 ut
1990 761 2108 830 ejus
2135 761 2368 815 eruditio
2394 762 2496 815 sibi
2525 772 2669 816 es~et
2696 761 2976 819 sulisidiof
2995 761 3011 766 ⁷
3219 800 3230 810 ο

1940 831 2146 915 [Porro
2169 830 2365 903 legenti
2393 832 2616 915 patebit,
2644 830 3022 915 Smaragdum,
3054 853 3174 915 eum
3204 840 3315 915 regi
3342 842 3493 915 (tim-

1903 903 2159 985 vitsuum
2188 901 2348 970 opus,
2375 901 2533 985 aetate
2564 901 2678 985 jam
2701 901 3015 985 pr‘mjéctum
3048 907 3239 985 fuisse.
3265 901 3338 966 Et
3366 911 3496 969 licet

1904 974 1957 1027 in
1986 973 2098 1053 hoc
2115 986 2279 1053 opere
2300 971 2489 1053 uuilos_
2501 971 2720 1053 sanctos
2735 973 2926 1030 Patres
2942 977 3122 1053 l_:_mdet
3146 982 3493 1046 nominatim,

1904 1044 2161 1125 continuo
2188 1051 2418 1125 tamen_e
2439 1042 2862 1125 placitiseorum
2884 1046 3137 1125 collectos
3159 1052 3311 1118 quasi
3334 1042 3497 1109 flores

1904 1113 2608 1194 spargitLquemadmodum
2631 1116 2824 1194 doctth
2840 1117 3067 1194 quisque
3091 1113 3496 1194 poteritdijudi-

1905 1182 2052 1264 care.
2109 1182 2349 1264 Denique
2392 1190 2664 1264 quantum
2698 1201 2730 1239 e
2776 1182 3497 1264 smaragdiimonitionibus

1906 1253 2196 1335 profecerit
2222 1251 2545 1335 Ludovicus,
2576 1254 2673 1335 qui
2708 1251 2997 1335 agnomcn'
3015 1257 3094 1335 i’ii
3134 1262 3359 1316 sortitus
3388 1271 3493 1329 est,

1907 1326 1962 1399 in
1995 1323 2225 1399 regendo
2258 1331 2370 1377 tum
2414 1324 2613 1399 seipse,
2662 1323 2774 1380 tum
2814 1327 2977 1399 etiam
3026 1328 3255 1397 imperio
3283 1323 3492 1399 patera-'-

1908 1395 2060 1449 ciunt
2080 1394 2249 1462 ipsius
2274 1394 2475 1464 egregii
2502 1410 2685 1449 mores
2705 1403 2759 1448 et
2782 1406 2899 1451 acta
2925 1394 3172 1452 illustria.

219 1520 1995 1553 .______.__________...._______._.______.

3284 1529 3490 1549 ιι*

1281 1609 1704 1726 eststota
1773 1594 2426 1719 nuncupantis.

1751 1794 2169 1812 ~——-—

287 1877 434 1933 Deus
454 1870 822 1943 omnipotens,
849 1876 925 1935 lc,
956 1882 993 1924 o
1018 1864 1324 1923 clarissime
1346 1882 1466 1933 rex,
1487 1865 1706 1936 quando
1725 1879 1814 1920 νο·
1839 1871 1887 1930 Β
1916 1878 2077 1934 neque
2105 1861 2176 1915 ad
2204 1861 2474 1918 sinistram
2502 1863 2637 1937 (Isa.
2671 1882 2804 1934 xxx,
2830 1868 2944 1942 20).
2981 1868 3117 1927 Nam
3159 1883 3215 1930 et
3240 1873 3502 1936 Israeliti-

216 1975 339 2040 iuit,
366 1978 426 2028 et
451 1968 546 2025 ubi
575 1965 768 2032 voluit,
794 1965 862 2021 de
889 1962 1057 2035 regali
1087 1961 1362 2032 nobilique
1388 1974 1587 2032 genere
1609 1956 1807 2015 nobili-

216 2075 307 2123 ter
323 2058 661 2136 procreavit,
686 2066 743 2114 et
769 2054 1196 2112 misericorditer
1228 2054 1298 2107 ad
1341 2052 1620 2108 lavacrum
1649 2064 1808 2120 rege-

218 2151 521 2213 nerationis
537 2147 819 2223 perduxit:
843 2152 1007 2217 caput
1020 2154 1173 2200 tuum
1195 2142 1316 2199 oleo
1338 2142 1477 2198 sacri
1497 2139 1811 2197 chrismatis

219 2248 417 2313 linivit,
442 2253 501 2302 et
526 2244 814 2314 dignanter
835 2239 889 2294 in
915 2238 1087 2294 lilium
1116 2236 1413 2307 adoptavit.
1441 2234 1736 2291 Constituit
1758 2241 1811 2288 te

222 2355 405 2411 regem
425 2336 606 2410 populi
632 2326 813 2399 terrae,
848 2338 904 2387 et
929 2331 1136 2402 proprii
1164 2329 1288 2384 Filii
1312 2327 1399 2385 sui
1437 2327 1493 2383 in
1528 2327 1671 2384 ctelo
1693 2325 1811 2380 ﬁeri

221 2432 378 2503 iussit
403 2427 698 2485 hau-edem.
725 2423 824 2479 His
849 2423 1047 2479 etenim
1074 2421 1248 2477 sacris
1271 2419 1477 2475 ditatus
1495 2417 1813 2475 muneribus

222 2525 325 2578 rite
345 2527 534 2593 portas
558 2516 869 2575 diademata
898 2513 1068 2583 regis.

295 2612 537 2668 Primum
565 2608 691 2680 quia
724 2607 793 2663 de
814 2604 1023 2661 femore
1048 2602 1195 2674 regis
1223 2599 1499 2672 regalique
1530 2598 1815 2656 descendis

224 2706 498 2781 prosapia,
531 2703 788 2759 decenter
814 2698 912 2754 tibi
937 2697 1212 2761 convenit,
1258 2705 1317 2750 et
1359 2694 1498 2750 bene
1541 2700 1599 2748 et
1641 2692 1813 2748 multa

226 2815 415 2875 regere
452 2811 642 2870 regna.
676 2792 928 2851 Secundo
950 2790 1081 2862 quia
1120 2797 1175 2845 te
1205 2803 1386 2860 regem
1424 2801 1567 2852 esse,
1593 2793 1650 2841 et
1670 2782 1814 2841 sacri

223 2890 541 2950 chrismatis
563 2887 773 2951 unctio,
801 2892 858 2941 et
884 2883 1011 2940 iidei
1045 2880 1315 2938 confessio
1332 2920 1349 2945 ,
1374 2878 1661 2950 operisque
1684 2891 1816 2932 con-

230 2986 410 3039 tinuat
435 2988 493 3038 et
515 2979 680 3037 actio.
706 2977 895 3033 Tertio
920 2982 982 3030 ut
1008 2982 1277 3030 aeternum
1305 2986 1430 3026 cum
1459 2969 1680 3025 Christo
1699 2966 1817 3023 feli-

229 3076 367 3130 citer
402 3071 716 3143 perciperes
758 3081 1021 3138 regnum,
1069 3061 1497 3120 misericorditer
1540 3059 1719 3115 adhuc
1762 3068 1819 3116 te

230 3165 514 3237 parvulum
557 3163 672 3219 Rex
701 3172 890 3232 regum
936 3154 1214 3228 adoptavit
1254 3154 1309 3209 in
1360 3151 1549 3207 illium.
1593 3150 1721 3206 litae
1762 3158 1818 3205 te

1910 1970 2008 2010 cus
2038 1955 2266 2025 pepulus
2284 1972 2431 2022 cum,
2460 1972 2560 2027 per
2600 1959 2774 2015 aliena
2797 1964 3068 2019 transiens
3097 1982 3260 2038 regna
3278 2008 3296 2037 ,
3324 1973 3390 2026 ad
3419 1989 3503 2028 re-

1909 2047 2287 2116 promissionis
2339 2050 2583 2105 teuderet
2635 2052 2866 2123 patriam
2896 2095 2912 2122 ,
2968 2060 3187 2115 mmtios
3235 2063 3384 2118 misit
3432 2069 3501 2122 ad

1911 2140 2093 2197 Sciron
2140 2158 2321 2212 regem
2363 2144 2802 2202 Amorrltzrorum
2827 2188 2843 2214 ,
2895 2150 3125 2207 dicens:
3177 2153 3404 2214 Obsecro
3447 2171 3504 2215 ut

1911 2239 2138 2292 transire
2160 2238 2289 2293 mihi
2310 2238 2465 2293 liceat
2486 2240 2556 2294 ad
2579 2249 2773 2296 terram
2795 2252 2965 2309 tuam,
2992 2262 3096 2300 non
3121 2248 3505 2309 declinabimus

1912 2328 1983 2382 ad
2016 2329 2286 2384 dexteram
2308 2347 2470 2401 neque
2497 2331 2568 2385 ad
2593 2332 2880 2399 sinistram,
2906 2338 2997 2391 sed
3022 2320 3117 2409 ﬁr
3136 2340 3276 2396 riam
3307 2346 3503 2415 regiam

1912 2421 2250 2491 gradientur,
2314 2423 2478 2479 donec
2539 2434 2872 2483 transeamus
2924 2429 3056 2500 ﬁnes
3110 2441 3248 2489 tuos.
3290 2435 3309 2500 ί
3336 2436 3503 2495 Nutu.

1882 2516 2040 2576 'xxt,
2073 2511 2191 2583 21.)

1984 2602 2049 2657 Et
2081 2603 2175 2658 tibi
2208 2620 2372 2677 ergo,
2417 2607 2752 2667 nobilissime
2780 2627 2894 2675 rex,
2937 2614 2982 2669 si
3016 2614 3093 2668 γὴ
3120 2617 3187 2672 sd
3216 2634 3508 2691 supernam

1916 2690 2147 2748 feliciter
2173 2692 2552 2763 promissionis
2582 2700 2803 2755 tendere
2830 2704 3086 2771 patriam,
3118 2690 3407 2777 diligenter
3429 2728 3512 2767 re-

1914 2782 2000 2853 gia
2035 2784 2326 2854 quaerenda
2347 2795 2431 2840 est
2451 2787 2536 2841 via
2565 2828 2579 2854 ,
2620 2789 2747 2862 quia
2774 2805 2896 2845 eum
2926 2794 3002 2849 sis
3033 2811 3125 2850 rex
3153 2798 3206 2851 in
3232 2808 3404 2864 terra,
3438 2802 3509 2857 ad

1915 2869 2174 2927 caelorum
2200 2888 2497 2943 properans
2521 2891 2683 2947 regna
2715 2894 2813 2948 per
2843 2881 3050 2951 regiam
3088 2885 3254 2941 debes
3287 2905 3512 2946 currere

1913 2963 2080 3019 viam.
2112 2964 2261 3020 Trita
2289 2966 2491 3022 etenim
2520 2977 2625 3035 est,
2653 2977 2708 3025 et
2733 2972 3034 3043 antiquitus
3071 2986 3384 3036 sanctorum
3418 2998 3510 3038 re-

1915 3071 2043 3126 gum
2083 3056 2327 3128 vestigiis
2350 3058 2668 3115 confricata.
2699 3060 2807 3117 Per
2836 3063 2983 3119 illam
3010 3063 3172 3122 Iosue
3200 3068 3512 3129 ﬁrmissimo

1914 3161 2215 3218 properans
2242 3149 2436 3220 gradu,
2466 3150 2758 3207 multorum
2791 3169 2980 3226 regum
3003 3158 3137 3213 colla
3167 3160 3510 3233 comminuit,

230 3226 516 3328 ᾖωερῇωα
540 3226 798 3322 claraque
820 3226 1023 3304 indicia
1044 3226 1124 3303 ab
1160 3244 1387 3303 infantia
1412 3259 1596 3315 regem
1631 3242 1819 3299 clami-
1843 3226 1889 3289 C
1920 3238 2276 3294 nefandorum
2307 3240 2601 3312 phalanges
2633 3244 2857 3312 stravit,
2889 3245 3298 3308 Hiericuntinos
3323 3226 3513 3312 muros

235 3355 349 3402 tant
377 3357 667 3416 regemque
690 3338 1017 3398 confirmant
1040 3355 1055 3406 ;
1092 3346 1340 3409 superest
1367 3343 1427 3392 ut
1455 3337 1572 3391 inec
1594 3335 1711 3406 ipsa
1730 3349 1821 3391 re-

233 3439 407 3509 galia,
438 3451 560 3508 qua:
600 3431 889 3506 percepisti
931 3446 964 3485 a
1007 3431 1237 3487 Domino
1282 3442 1545 3493 munera,
1594 3425 1823 3482 sollicite

234 3531 381 3587 salva
419 3526 691 3585 custodias
707 3567 723 3594 ,
749 3532 807 3581 et
830 3523 1088 3595 operibus
1115 3520 1322 3592 pariter
1353 3518 1707 3589 moribusque
1730 3516 1825 3573 de-

235 3621 463 3678 fendas:
493 3617 690 3687 exiguo
721 3615 868 3671 enim
896 3621 1137 3684 tempore
1164 3611 1218 3666 in
1247 3611 1349 3667 hac
1367 3650 1384 3678 ,
1428 3624 1535 3681 qua
1567 3608 1821 3675 vivimus,

235 3709 573 3769 morabimur
595 3706 742 3771 vita;
769 3705 897 3774 quia
919 3704 1005 3761 via
1034 3703 1303 3757 universze
1323 3701 1505 3757 carnis
1524 3699 1823 3770 pergimus,

234 3814 292 3863 et
319 3800 482 3858 celeri
504 3812 665 3854 cursu
685 3795 754 3851 ad
776 3793 1099 3866 promibsam
1133 3790 1377 3861 quotidie
1409 3790 1643 3859 patriam
1676 3788 1825 3844 festic

277 3907 454 3950 amus.

277 3913 454 3950 amus.

238 3913 274 3952 η
310 3986 505 4040 Restat
527 3994 658 4052 ergo
677 3986 740 4033 ut
762 3977 832 4033 de
870 3974 962 4030 illa
1005 3979 1211 4027 tantum
1251 3968 1481 4026 solerter
1524 3966 1829 4036 interroge-

241 4097 364 4139 mus
392 4080 501 4141 via,
527 4091 648 4147 quae
674 4082 776 4129 'n‘os
797 4087 829 4126 a
861 4067 1168 4126 latronibus
1213 4074 1357 4121 tutos
1384 4062 1640 4133 vitiisque
1667 4058 1830 4116 delae-

241 4187 395 4233 catos
421 4170 785 4228 desideratam
810 4164 1043 4222 feliciter
1066 4162 1230 4218 ducat
1259 4159 1325 4214 ad
1356 4156 1611 4229 patriam.
1635 4154 1831 4210 Horta-

244 4276 335 4322 tur
357 4263 556 4321 etenim
588 4275 689 4316 nos
712 4260 781 4315 de
806 4257 911 4313 hac
936 4268 996 4309 re
1012 4253 1305 4323 Pmpheta,
1328 4263 1451 4306 cum
1479 4247 1645 4303 dicit:
1685 4245 1831 4329 βίαια

242 4371 402 4429 super
423 4355 556 4419 vias,
586 4360 636 4407 et
659 4350 846 4413 videte,
868 4356 915 4401 et
936 4346 1253 4414 interrogate
1270 4341 1335 4395 de
1353 4339 1551 4396 semitis
1578 4337 1829 4410 antiquis,

246 4428 361 4523 quae
384 4448 451 4502 sit
481 4446 567 4500 via
596 4440 754 4508 bona;
783 4449 835 4495 et
862 4434 1125 4492 ambulate
1162 4434 1221 4486 in
1247 4445 1309 4487 ea
1330 4448 1353 4498 ;
1377 4439 1426 4484 et
1452 4428 1721 4483 invenietis
1750 4444 1833 4482 rea

132 4536 177 4605 ’,
247 4518 519 4610 Ῑτὶῃετὶιιπι
564 4531 840 4589 animabus
886 4524 1068 4582 vestris
1106 4523 1323 4596 (Jerem.
1351 4520 1559 4591 νι,16).
1590 4518 1832 4574 Sollicita

245 4645 378 4702 ergo
403 4629 522 4684 inec
551 4640 583 4681 a
611 4624 767 4680 nobis
793 4622 1137 4689 discreteque
1156 4613 1449 4686 quaerenda
1477 4619 1564 4667 est.
1580 4611 1689 4702 via,
1712 4626 1832 4680 qua:

250 4694 348 4780 nos
372 4722 554 4778 salvos
593 4716 662 4774 ad
703 4714 948 4786 requiem
989 4709 1253 4781 perducat
1287 4714 1546 4762 aeternam
1570 4694 1678 4770 ;'et
1710 4718 1834 4758 cum

248 4814 479 4872 Domino
504 4810 660 4867 nobis
685 4812 1024 4865 monstrante
1053 4801 1219 4859 fuerit
1239 4802 1492 4863 inventa,
1531 4807 1690 4855 caute
1719 4796 1836 4852 dis-

249 4911 505 4970 cretaque
531 4897 688 4953 nobis
724 4893 1107 4951 ambulandum
1150 4898 1237 4947 est
1280 4904 1377 4962 per
1417 4903 1575 4954 eam,
1619 4902 1727 4943 nou
1767 4884 1838 4941 ad

250 4995 533 5049 dexteram
561 4987 963 5045 ambulantibus
990 4992 1087 5040 aut
1124 4983 1193 5039 ad
1229 4982 1526 5039 sinistram.
1572 4978 1840 5037 Occurrat

250 5084 340 5140 illa
376 5084 447 5140 tle
486 5093 592 5152 qua
631 5078 979 5152 propheticus
1003 5084 1185 5132 sermo
1227 5071 1554 5128 denuntians
1595 5076 1834 5125 ‘ctamat:

250 5173 349 5230 Est
381 5172 465 5229 uia
484 5186 603 5242 qua:
624 5169 829 5226 videtur
857 5166 1154 5223 hominibus
1181 5174 1341 5228 recta,
1369 5162 1522 5231 cujus
1558 5161 1838 5219 novissima

250 5265 561 5333 demergunt
584 5260 655 5315 ad
679 5259 888 5330 inferna
918 5255 1100 5330 (Prov.
1136 5266 1246 5318 xiv,
1278 5252 1388 5323 η).
1417 5250 1523 5306 Sed
1550 5265 1617 5306 ne
1644 5249 1840 5318 aliquis
1896 5258 1899 5261 '

254 5362 498 5411 nostrum
533 5366 632 5424 per
676 5350 1039 5423 ignorantiam
1090 5346 1144 5402 in
1180 5346 1285 5401 hoc
1328 5346 1589 5398 oberrans
1636 5341 1842 5395 incidat

258 5444 493 5507 devium,
520 5444 607 5514 pie
631 5458 730 5499 nos
749 5441 1013 5512 propheta
1046 5439 1304 5493 admonet
1331 5434 1533 5489 Isaias:
1577 5430 1646 5486 Et
1685 5439 1837 5485 erant

258 5536 394 5592 aerii
420 5537 497 5590 tui
523 5533 750 5591 ridentes
771 5541 1139 5604 pra'eeptorem
1162 5538 1310 5583 tuum
1328 5541 1347 5579 :
1368 5535 1416 5580 et
1438 5540 1591 5579 aures
1619 5532 1724 5577 tua:
1743 5537 1844 5574 au-

258 5622 463 5685 dientes
484 5629 690 5685 verbum
733 5635 846 5699 post
881 5636 1082 5696 tergum
1125 5611 1399 5677 tribuentis.
1438 5617 1567 5674 Utro
1609 5627 1685 5673 est
1725 5615 1840 5683 via,

260 5724 520 5779 mnbulatc
547 5722 601 5776 in
630 5737 717 5788 ea,
761 5729 816 5774 ut
860 5733 961 5773 non
997 5713 1261 5770 declinatis
1290 5728 1452 5782 neque
1474 5712 1544 5764 ad
1569 5709 1842 5764 dexteram

1918 3328 2132 3396 evertit,
2177 3337 2234 3384 et
2273 3330 2571 3387 lsraelitico
2598 3334 2795 3404 populo
2833 3342 3036 3392 terram
3077 3342 3516 3410 repromissionis

1920 3419 2155 3480 distento
2181 3418 2308 3475 fune
2342 3421 2547 3478 divisit.
2571 3423 2675 3479 Per
2693 3424 2841 3481 illam
2862 3427 3033 3483 David
3060 3429 3512 3492 indeclinabiliter

1921 3514 2206 3585 gradiens,
2250 3516 2588 3586 persecutori
2637 3515 2786 3574 Sauli
2834 3522 3113 3593 pepercit;
3154 3523 3367 3595 lapideo
3403 3529 3514 3583 ictu

1923 3604 2132 3661 Goliam
2186 3606 2477 3673 exstinxit,
2519 3615 2576 3661 ct
2605 3606 2675 3661 ab
2704 3608 3047 3679 impropcrio
3089 3610 3506 3681 Allotibylurum

1922 3696 2015 3753 Dei
2030 3698 2293 3770 populum
2316 3699 2592 3766 liberavit,
2616 3710 2667 3756 ct
2687 3700 2792 3757 sibi
2816 3717 3045 3774 regnum
3070 3715 3396 3775 perpetuum
3417 3723 3508 3762 so-

1918 3790 2128 3847 lidavit.
2146 3791 2252 3847 Per
2272 3792 2418 3848 illaut
2442 3792 2671 3848 llrtuiter
2683 3794 3057 3852 ambulantem
3079 3796 3371 3853 Ezechiam
3394 3797 3504 3854 mi-

1918 3882 2273 3937 sericorditer
2300 3883 2567 3940 Dominus
2597 3885 2856 3949 visitavit,
2878 3901 2910 3942 a
2943 3888 3137 3943 mortis
3156 3890 3314 3944 thoro
3337 3905 3501 3946 revo-

1915 3977 2083 4041 cavit,
2102 3987 2160 4031 et
2177 3975 2473 4051 quinquies
2498 3985 2686 4033 ternos
2701 3977 2768 4032 ad
2794 3979 2956 4035 vitam
2980 3979 3267 4049 pristinam
3289 3980 3504 4038 addidit

1914 4083 2110 4124 annos.
2151 4067 2255 4125 Per
2279 4067 2428 4123 illam
2456 4068 2646 4126 adhuc
2677 4070 2971 4128 ambulans
3008 4070 3296 4141 Salomon,
3326 4075 3488 4145 quasi

1912 4161 2115 4218 ﬂuvius
2147 4176 2313 4234 aqua,
2347 4161 2706 4234 impletusest
2723 4164 3180 4233 sapietttiaznam
3199 4168 3269 4222 ab
3291 4167 3380 4222 illa
3414 4184 3505 4221 re-

1930 4255 2130 4308 cedens
2153 4250 2536 4322 tnexpiabiiem
2554 4252 2743 4322 gloriae
2760 4266 2874 4310 suae
2894 4251 3081 4308 intulit
3104 4252 3393 4307 maculam.
3418 4253 3514 4309 l’et

1933 4344 2078 4401 illam
2122 4342 2426 4414 intrepidus
2463 4341 2628 4401 Ozias
2655 4357 2754 4400 rex
2774 4341 2956 4416 justus
2993 4340 3279 4398 ambulans
3304 4344 3519 4399 excelsa

1929 4436 2268 4502 comminuit,
2281 4434 2712 4495 abominathnes
2722 4435 2968 4492 diversas
2979 4449 3011 4488 a
3024 4434 3221 4506 populo
3234 4436 3330 4491 Dei
3345 4437 3524 4492 abstu-

1936 4530 2016 4594 lit,
2039 4537 2095 4586 et
2117 4526 2535 4599 justificationes
2561 4543 2592 4584 a
2618 4526 2848 4584 Domino
2885 4524 3211 4595 multiplices
3239 4528 3470 4597 accepit.

2007 4620 2149 4677 Ecce
2174 4619 2447 4690 conspicis
2462 4618 2781 4690 perspicue,
2796 4632 2892 4673 rex
2914 4616 3266 4684 nobilissime,
3291 4619 3521 4688 qualiter

1936 4725 2034 4782 per
2062 4711 2267 4783 regiam
2295 4710 2361 4766 ad
2386 4710 2555 4767 Deum
2579 4725 2735 4780 reges
2766 4709 3045 4766 ambulant
3064 4711 3229 4779 viam,
3256 4722 3312 4769 et
3331 4713 3398 4770 ad
3419 4729 3513 4770 ea}

1939 4804 2114 4858 lorum
2148 4817 2313 4873 regna
2340 4817 2468 4858 cum
2494 4801 2707 4858 caeteris
2732 4802 2937 4859 sanctis
2975 4817 3130 4874 reges
3158 4818 3375 4874 quoque
3402 4803 3527 4861 feli-

1939 4900 2079 4956 citer
2104 4898 2312 4955 volant.
2340 4896 2438 4953 Via
2464 4898 2666 4953 etenim
2694 4897 2841 4969 regia
2883 4906 2968 4954 est
2985 4939 3001 4965 ,
3024 4915 3145 4969 qua:
3173 4914 3269 4969 per
3293 4902 3529 4970 prophe-

1943 5000 2053 5047 tam
2082 4998 2313 5048 vocatur
2353 5000 2539 5045 sancta
2583 4989 2718 5063 (Isa.
2766 5004 2937 5056 xxxv,
2966 4988 3071 5064 8),
3103 5006 3202 5063 per
3228 5006 3391 5063 quam
3421 5009 3528 5048 non

1939 5085 2196 5141 transibit
2219 5083 2475 5154 pollutus,
2500 5083 2578 5138 ait
2603 5084 2743 5140 idem
2769 5085 3032 5155 propheta
3057 5102 3072 5138 :
3095 5100 3196 5140 nec
3225 5086 3531 5140 invenietur

1941 5178 2015 5234 ibi
2039 5178 2140 5242 leo,
2172 5176 2423 5232 diabolus
2451 5177 2678 5243 scilicet,
2705 5178 2797 5247 qui
2819 5177 3043 5249 rugiens
3066 5178 3259 5233 circuit
3282 5192 3539 5248 quaerens,

1939 5283 2103 5340 quem
2132 5268 2387 5332 devoret;
2427 5281 2528 5323 nec
2569 5267 2711 5322 mala
2741 5268 2948 5332 bestia,
2996 5267 3210 5323 dazmon
3250 5268 3528 5334 videlicet,

1942 5357 2187 5415 ascendit
2206 5371 2304 5428 per
2323 5371 2442 5410 eam
2464 5372 2479 5421 ;
2520 5356 2722 5411 sed'est
2745 5356 2947 5413 directa
2973 5357 3083 5423 via,
3106 5364 3161 5413 et
3179 5355 3531 5412 ambulabunt

1943 5450 2037 5519 qui
2064 5447 2329 5517 redempti
2350 5461 2383 5501 a
2421 5445 2651 5502 Domino
2673 5454 2730 5502 et
2753 5446 2965 5503 liberati
2995 5445 3225 5513 fuerint,
3255 5460 3353 5518 per
3376 5461 3527 5503 eam.

1944 5539 2049 5594 Per
2067 5551 2230 5610 quam
2254 5548 2312 5592 et
2338 5546 2392 5592 te
2411 5537 2674 5608 quotidie,
2704 5538 2998 5594 auxiliante
3022 5536 3281 5603 Domino,
3326 5534 3405 5592 ire
3435 5551 3534 5594 co-

1946 5630 2254 5704 gnoscimus
2283 5637 2337 5684 et
2359 5628 2715 5700 gratulamur,
2745 5638 2801 5685 et
2825 5630 2893 5685 ad
2926 5637 3183 5684 aeternam
3210 5628 3437 5699 gloriam
3475 5636 3534 5686 te

1948 5740 2068 5781 esse
2107 5732 2394 5779 venturum
2440 5720 2672 5776 tidcliter
2715 5720 3000 5778 credentes
3046 5736 3153 5776 non
3194 5720 3529 5775 dulitamus.
