3944 6412
398 290 503 349 935

1714 287 2065 346 SMARAGDI
2097 290 2390 347 ABBATIS

3541 289 3648 347 936

397 396 628 453 Tantum
655 405 758 461 est,
790 404 847 450 ut
874 396 1014 465 quod
1042 396 1248 464 cmpisti
1288 396 1486 450 bonum
1513 394 1780 466 perﬁcias,
1803 404 1857 450 et
1882 412 1973 451 us-
2000 406 2050 464 Α
2075 400 2382 455 describere
2402 400 2563 464 viam,
2591 414 2696 468 qua
2722 398 3002 454 ambulans
3037 412 3143 453 non
3174 395 3400 455 habebis
3419 397 3648 455 oﬁ'endi-

397 503 503 557 que
530 488 595 541 ad
629 486 1039 558 perseverantia:
1069 485 1229 541 ﬁnem
1266 488 1564 557 perducas;
1597 487 1723 556 quia
1752 501 1857 541 non
1879 488 1971 557 qui

397 583 749 646 inchoaverit,
775 581 870 635 sed
901 581 992 651 qui
1030 583 1483 652 perseveraverit,
1515 582 1698 637 salvus
1729 580 1853 636 erit.
1891 578 1971 634 En

392 671 504 742 jam
533 670 814 741 aggrediar
838 671 1063 726 Domino
1099 672 1395 727 miserante
1430 671 1563 737 tibi,
1608 686 1735 733 rex,
1768 669 1972 740 regiam

411 808 2638 835 Μ

2075 492 2277 558 culum,
2297 493 2390 547 sed
2413 489 2709 562 perfectum
2732 491 2784 545 in
2807 490 2966 544 linem
2988 498 3504 559 :etcrnumqne'cum
3527 504 3654 560 gan-

2077 585 2167 640 dio
2193 600 2223 639 a
2252 583 2478 638 Domino
2502 580 2738 653 exeipies
2762 597 3007 652 regnum,
3032 581 3087 636 in
3109 597 3213 654 qua
3240 582 3326 637 via
3349 582 3654 640 dilectionis

2078 677 2303 751 gradum
2326 674 2710 731 convenienter
2726 675 2976 743 ponimus
2999 674 3254 744 primum.

1474 906 2012 1025 INCIPIT
2115 901 2569 1016 LIBER.

1832 1088 2167 1109 ψ

910 1158 1138 1215 CAPUT
1173 1153 1465 1212 PRIMUM.

766 1250 841 1303 De
858 1249 1134 1304 dilectione
1166 1249 1261 1303 Dei
1287 1259 1333 1302 et
1362 1246 1609 1319 proximi.

467 1338 636 1409 Dilige
678 1352 826 1408 ergo,
867 1339 1151 1394 mitissime
1192 1352 1308 1402 rex,
1351 1337 1659 1400 Dominum,
1704 1333 1844 1390 sicut
1887 1329 1975 1388 ille

394 1429 669 1498 prmcepit,
714 1426 922 1482 scilicet
956 1443 1020 1482 ex
1055 1435 1168 1481 toto
1194 1426 1388 1490 corde,
1422 1433 1533 1479 tota
1572 1424 1750 1478 anima
1779 1431 1833 1477 et
1865 1430 1974 1476 tota

394 1521 595 1573 virtute
622 1528 710 1573 tua
743 1518 1013 1590 (I)eut.vu,
1038 1518 1113 1591 5).
1131 1517 1301 1589 Dilige
1324 1519 1448 1587 quia
1478 1518 1627 1588 prior
1648 1516 1855 1570 dilexit.
1885 1513 1976 1569 Sic

395 1611 538 1664 enim
554 1610 788 1665 Joannes
805 1611 995 1681 illequi
1022 1610 1499 1680 superdilcctionis
1522 1610 1722 1664 fluitem
1745 1609 1797 1663 in
1820 1620 1974 1664 coena

2079 1130 2386 1201 dilectionis
2408 1140 2705 1207 inculcatis,
2734 1141 2846 1195 ait:
2890 1138 3202 1195 Mandatum
3233 1159 3419 1201 uorum
3457 1143 3527 1199 do
3562 1161 3656 1203 ro—

2079 1236 2200 1301 bis;
2238 1245 2293 1288 ut
2319 1233 2555 1304 diligatis
2579 1233 2796 1287 invicem
2841 1233 2974 1286 sicut
3013 1232 3176 1287 dilexi
3204 1250 3310 1287 eos.
3344 1232 3409 1288 In
3442 1236 3541 1290 hoc
3567 1251 3656 1290 co—

2077 1335 2321 1397 gnoscent
2348 1341 2524 1379 omnes
2551 1324 2675 1395 quia
2700 1322 2946 1393 discipuli
2967 1326 3067 1376 mei
3088 1324 3231 1386 estis,
3254 1325 3302 1377 si
3320 1325 3655 1380 dilectionem

2079 1415 2364 1472 habueritis
2407 1414 2476 1468 ad
2497 1415 2711 1469 invicem
2732 1414 2912 1485 (Joan.
2947 1428 3065 1478 xttt,
3083 1414 3171 1477 54,
3200 1415 3312 1486 55).
3337 1414 3469 1471 Nam
3491 1426 3546 1470 et
3568 1416 3657 1471 ille

2078 1506 2395 1576 discipulus,
2425 1505 2516 1575 qui
2555 1505 2621 1559 de
2651 1511 2868 1574 pectore
2907 1505 3118 1559 Domini
3149 1507 3430 1561 charitatis
3457 1506 3656 1562 ﬂuenta

2074 1595 2313 1666 potabat,
2336 1592 2680 1649 dilectionem
2705 1592 2799 1647 Dei
2826 1602 2882 1647 et
2900 1595 3127 1662 proximi
3155 1610 3422 1663 vaporans
3445 1598 3652 1651 a'cbat:

399 1706 667 1769 recubuit,
704 1706 757 1759 iu
791 1705 1024 1774 Epistula
1052 1720 1145 1758 sua
1176 1705 1289 1758 ait:
1321 1702 1560 1768 Fratres,
1592 1702 1870 1773 diligamus
1893 1701 1974 1754 in-

2078 1686 2408 1752 Charissimi,
2437 1686 2717 1756 diligamus
2740 1702 2832 1739 nos
2852 1687 2924 1739 ad
2949 1686 3188 1751 invicem,
3209 1688 3454 1757 quoniam
3483 1689 3659 1742 chari-

395 1796 575 1859 riccm,
601 1796 846 1865 quoniam
873 1795 961 1848 ille
981 1795 1125 1865 prior
1146 1794 1328 1848 dilexit
1367 1810 1460 1847 nos
1484 1792 1533 1865 (1
1556 1792 1717 1847 Joan.
1749 1809 1801 1846 tv
1821 1832 1835 1857 ,
1863 1792 1971 1863 19).

395 1884 578 1953 Neque
602 1884 744 1938 enim
769 1892 979 1953 poterat
1014 1885 1298 1937 Dominum
1337 1880 1599 1953 fragilitas
1627 1880 1848 1951 dingcre
1875 1882 1977 1934 htt-

395 1993 576 2038 mana,
609 1977 711 2031 nisi
744 1976 832 2031 ille
861 1976 1093 2046 primum
1132 1984 1371 2031 nostram
1416 1974 1664 2045 diligeret
1707 1979 1975 2026 naturam.

392 2068 539 2121 Illius
565 2075 649 2120 est
667 2066 811 2120 enim
841 2081 1001 2120 onme
1025 2066 1166 2135 quod
1188 2081 1475 2135 possumus
1498 2081 1513 2129 ;
1553 2062 1644 2118 illo
1678 2062 1979 2116 viviﬁcante

393 2158 649 2223 vivimus,
676 2156 876 2226 illoque
900 2165 1185 2227 vegetante
1215 2172 1512 2211 movemur.
1540 2154 1683 2209 Nihil
1708 2153 1852 2208 enim
1883 2155 1979 2209 ha-

394 2250 485 2302 bet
518 2248 681 2304 homo
719 2250 1014 2331 quod‘non
1061 2249 1367 2319 acceperit;
1409 2263 1510 2303 nec
1554 2249 1693 2303 bene
1737 2247 1874 2302 velle
1921 2246 1976 2301 in

392 2337 624 2394 arbitrid
660 2348 873 2394 constat
913 2340 1171 2405 humano,
1214 2352 1418 2411 quanto
1465 2340 1634 2411 magis
1675 2340 1980 2410 perlicere?

393 2427 590 2482 Dilexit
629 2429 792 2483 etiam
823 2438 875 2484 te
901 2429 1213 2499 priusquam
1261 2445 1437 2493 esses,
1486 2438 1543 2484 et
1582 2427 1702 2484 ideo
1733 2435 1792 2483 ut
1828 2444 1977 2484 esses

390 2518 615 2570 creavit.
642 2518 720 2571 llli
760 2527 941 2571 autem
980 2517 1191 2573 laudem
1236 2518 1478 2574 referens
1524 2528 1709 2574 saneta
1736 2518 1977 2574 clamitat

392 2612 673 2684 Scriptura
698 2631 712 2667 :
758 2613 944 2675 Diligis
974 2615 1113 2668 enim
1137 2614 1313 2669 omnia
1334 2631 1451 2685 qua:
1477 2624 1619 2681 sunt,
1645 2625 1695 2670 et
1716 2615 1792 2669 nil
1820 2615 1979 2669 odisti

389 2707 575 2759 horum
597 2723 714 2775 qua:
736 2706 923 2775 fecisti,
954 2724 1046 2760 nec
1065 2707 1200 2760 enim
1222 2707 1402 2760 adiens
1428 2706 1629 2777 aliquid
1657 2708 1975 2762 constituistt

391 2795 546 2865 (Sap.
579 2812 655 2859 xt,
688 2796 799 2865 εξ).
827 2795 1066 2867 Diligens
1093 2796 1292 2851 etenim
1321 2796 1611 2861 Dominus,
1634 2812 1668 2851 ο
1690 2796 1975 2852 mitissime

392 2902 505 2947 rex,
534 2888 739 2941 creavit
764 2895 848 2953 te,
890 2895 944 2942 et
986 2887 1297 2953 viviﬁeavit,
1327 2887 1549 2941 nutrivit
1581 2895 1632 2942 et
1665 2886 1973 2952 custodivit,

388 2984 443 3029 ct
465 2976 530 3030 ad
558 2976 830 3031 lavacrum
866 2978 1295 3048 regenerationis
1336 2977 1618 3048 perduxit,
1660 2977 1972 3044 renovavit,

388 3069 731 3137 gubernavit,
758 3075 812 3122 et
837 3068 902 3121 ad
938 3052 1327 3139 intelligibilem
1350 3068 1602 3138 perduxit
1624 3075 1837 3121 mtatem
1861 3085 1876 3134 ;
1917 3076 1972 3123 et
1999 3069 2044 3133 C

388 3159 512 3211 dum
538 3160 715 3213 adlmc
738 3159 992 3229 parvulus
1023 3174 1172 3214 esses
1190 3201 1204 3224 ,
1250 3159 1414 3231 regali
1446 3167 1496 3214 te
1519 3160 1645 3215 sede
1671 3160 1974 3217 sublimiter

386 3250 583 3305 evexit.
616 3249 741 3304 ll:ec
769 3251 949 3305 omnia
975 3251 1070 3304 tibi
1100 3250 1522 3305 misericorditer
1542 3256 1596 3304 et
1620 3265 1719 3320 per
1736 3250 1974 3306 dilectio-

387 3357 510 3396 nem
540 3351 793 3411 operatus
827 3352 912 3397 est
946 3342 1107 3397 Deus.
1150 3341 1311 3412 Aperi
1344 3357 1507 3410 ergo,
1543 3358 1576 3395 ο
1620 3358 1712 3397 rex
1732 3384 1747 3408 ,
1788 3344 1973 3399 oculos

386 3435 585 3500 cordis,
613 3442 669 3487 ct
697 3434 749 3488 in
777 3442 983 3488 tantum
1010 3444 1061 3488 te
1082 3450 1113 3488 a
1135 3432 1261 3488 Jesu
1283 3432 1500 3489 Christo
1522 3432 1751 3489 Domino
1784 3443 1973 3490 nostro
1992 3439 2013 3460 '

389 3535 679 3595 antequam
721 3540 872 3581 esses
908 3540 1175 3596 cognosce
1217 3524 1495 3589 dilectum,
1536 3531 1595 3579 ut
1637 3541 1736 3595 pro
1779 3533 1829 3580 te
1856 3525 1973 3594 ejus

386 3620 707 3689 sanguinem
744 3636 850 3674 non
891 3618 1105 3674 dubites
1133 3618 1331 3674 fusum.
1365 3618 1644 3690 Suspende
1684 3635 1779 3674 cor
1820 3627 1972 3675 tuum

387 3712 454 3765 ad
482 3711 826 3765 dilectionem
855 3709 1130 3765 Creatoris
1156 3709 1232 3764 tui
1259 3726 1274 3777 ;
1316 3718 1371 3765 et
1412 3724 1519 3764 non
1548 3709 1838 3775 modicum,
1879 3718 1971 3765 aut

387 3818 451 3854 ex
477 3800 681 3869 aliquo,
711 3800 803 3855 sed
830 3800 972 3855 sicut
998 3800 1243 3869 superius
1266 3800 1469 3855 dictum
1490 3809 1591 3860 est.
1626 3814 1692 3854 ex
1717 3807 1831 3855 toto
1857 3815 1973 3854 cor-

332 3934 335 3939 λ
388 3892 489 3956 de,
520 3899 576 3945 et
601 3906 669 3945 ex
710 3884 819 3944 tota
867 3890 1079 3956 anima,
1124 3898 1181 3944 et
1220 3906 1285 3947 ex
1317 3898 1426 3946 tota
1463 3890 1662 3945 virtute
1692 3898 1781 3945 tua
1813 3890 1973 3961 dilige

389 3981 676 4035 Dominum
698 3980 866 4036 Deum
890 3989 1062 4045 tuum,
1079 3980 1153 4035 ita
1179 3988 1240 4034 ut
1260 3980 1457 4036 nullius
1480 3979 1819 4036 dilectionem
1842 3995 1973 4051 prte-

386 4086 557 4141 ponas
585 4069 858 4127 dilectioni
893 4071 1105 4126 Domini
1147 4072 1244 4125 tui.
1276 4072 1344 4126 Et
1381 4072 1499 4141 ipso
1530 4080 1582 4127 te
1624 4072 1852 4128 docente
1884 4072 1972 4127 in-

387 4161 569 4233 tellige
592 4178 606 4226 ;
646 4162 722 4215 ait
744 4162 888 4216 enim
915 4180 927 4214 :
968 4159 1075 4227 Qui
1097 4160 1269 4231 diligit
1292 4171 1493 4231 patrem
1518 4172 1565 4216 et
1586 4172 1807 4217 matrem
1827 4162 1975 4232 plus-

385 4268 544 4323 quam
585 4267 702 4317 me,
742 4268 845 4305 non
874 4260 950 4305 cst
982 4268 1063 4305 me
1087 4251 1276 4321 dignus
1321 4250 1535 4323 (Matth.
1582 4270 1638 4316 x,
1679 4252 1791 4325 57).
1833 4254 1974 4308 Vere

386 4342 531 4396 enim
572 4341 616 4403 si
656 4341 823 4394 Deum
866 4351 977 4395 toto
1000 4343 1166 4396 corde
1191 4342 1497 4413 diligimus,
1543 4343 1813 4398 dilectioni
1854 4342 1972 4412 ejus

2078 1783 2158 1829 tas
2181 1791 2245 1829 ea:
2272 1775 2382 1829 Deo
2405 1784 2502 1840 est,
2528 1785 2574 1828 et
2612 1776 2782 1827 omnis
2812 1776 2901 1845 qui
2938 1774 3107 1845 diligit
3146 1776 3361 1844 fratrem
3389 1794 3563 1843 suum,
3591 1794 3658 1832 ea:

2077 1862 2187 1920 Deo
2216 1874 2371 1918 natus
2394 1874 2491 1930 est,
2518 1875 2567 1918 et
2592 1866 2853 1934 cognoscit
2877 1863 3042 1918 Deum
3064 1878 3083 1916 :
3111 1866 3201 1936 qui
3233 1876 3407 1921 autem
3438 1882 3543 1921 non
3574 1868 3658 1922 di-

2077 1953 2190 2024 ligit
2210 1954 2426 2023 fratrem
2448 1969 2623 2018 suum,
2647 1969 2751 2007 non
2773 1953 2924 2007 habet
2951 1954 3283 2020 cltaritatem,
3306 1964 3356 2008 et
3388 1972 3491 2009 non
3517 1957 3657 2010 norit

2076 2045 2264 2099 Deum.
2294 2042 2353 2097 Si
2373 2045 2653 2115 diligamus
2679 2045 2919 2109 invicem,
2952 2042 3096 2098 Deus
3125 2046 3181 2099 in
3203 2045 3351 2100 nobis
3375 2058 3549 2101 manet
3567 2087 3584 2112 ,
3607 2056 3657 2102 et

2076 2134 2307 2189 charitas
2327 2134 2441 2204 ejus
2464 2135 2520 2187 in
2542 2134 2687 2188 nobis
2707 2134 2939 2204 perfecta
2968 2144 3045 2189 est
3074 2134 3127 2206 (I
3141 2135 3303 2189 Joan.
3322 2136 3490 2208 m7).
3521 2136 3659 2191 Nam

2075 2233 2129 2279 et
2144 2223 2338 2280 Petrus
2351 2225 2603 2293 princeps
2617 2224 3001 2294 apostolorum,
3021 2232 3082 2278 ut
3101 2240 3200 2280 nos
3219 2225 3505 2297 diligamus
3526 2226 3657 2281 invi-

2076 2331 2214 2380 cem,
2243 2315 2473 2371 dulciter
2497 2317 2793 2371 exhortans
2817 2316 2894 2369 ait
2910 2333 2929 2370 :
2961 2315 3139 2371 Estote
3163 2317 3338 2387 itaque
3356 2318 3657 2389 prudentes,

2075 2408 2256 2472 sobrii,
2272 2406 2542 2478 vigilantes
2561 2408 2617 2461 in
2638 2408 2961 2463 orationibus
2976 2422 2995 2461 :
3014 2418 3137 2463 ante
3157 2409 3334 2463 omnia
3354 2419 3528 2463 autem
3548 2425 3660 2464 ntu-

2076 2506 2222 2551 tuam
2244 2499 2299 2552 in
2320 2498 2694 2570 nobismetipsis
2720 2501 3027 2555 charitatem
3053 2502 3353 2556 continuam
3379 2501 3656 2565 habentes;

2074 2588 2199 2658 quia
2220 2587 2450 2642 charitas
2470 2590 2632 2660 operit
2658 2589 3045 2645 multitudinem
3072 2600 3403 2661 peccatorum
3424 2589 3476 2661 (I
3511 2589 3655 2644 Petr.

2077 2694 2148 2742 tv,
2172 2679 2249 2747 8).
2268 2678 2667 2736 Attendendum
2688 2690 2774 2737 est
2794 2682 2922 2751 quia
2945 2697 3052 2737 non
3076 2681 3249 2736 dixit:
3281 2680 3658 2750 Temporalem

2075 2768 2272 2824 habete
2296 2770 2637 2838 charitatem,
2651 2787 2771 2842 qua:
2790 2772 3077 2842 aliquando
3092 2772 3163 2827 sit
3178 2772 3545 2837 vobiscum,et
3566 2770 3661 2825 ali-

2075 2859 2294 2927 quando
2313 2860 2557 2921 discedst
2581 2877 2612 2917 a
2644 2864 2825 2929 vobis;
2848 2864 2944 2919 sed
2965 2864 3297 2929 continuam,
3322 2862 3517 2933 inquit,
3537 2879 3661 2934 qua

2075 2948 2355 3005 vobiscum
2395 2965 2754 3021 perseverans
2774 2963 3014 3022 maneat,
3047 2962 3103 3011 et
3129 2971 3160 3010 a
3188 2956 3441 3012 cordibus
3466 2957 3662 3013 vestris

2075 3054 2354 3109 nunquam
2381 3040 2643 3097 discedat.
2687 3043 2852 3097 Beata
2890 3044 3063 3101 virtus
3099 3044 3402 3102 dilectionis
3440 3054 3499 3101 et
3532 3046 3663 3100 eba-

2076 3130 2273 3196 ritatis,
2300 3146 2421 3200 qua:
2443 3133 2523 3187 sic
2561 3134 2738 3203 cperit
2760 3134 3159 3191 multitudinem
3198 3145 3544 3207 peccatorum
3562 3178 3579 3203 ,
3606 3145 3665 3191 et

2073 3219 2224 3276 delet
2265 3236 2297 3276 a
2342 3224 2595 3278 cordibus
2636 3224 2898 3292 ﬁdelium,
2930 3232 2991 3279 ut
3030 3241 3305 3297 nunquam
3342 3238 3569 3299 pereant
3604 3228 3661 3284 in

2075 3322 2359 3369 mternum.

2145 3404 2400 3471 Quaerere
2429 3405 2670 3461 nonnulli
2697 3406 2874 3462 solent
2903 3406 3029 3476 quis
3057 3406 3129 3464 sit
3155 3408 3467 3479 proximus,
3496 3421 3659 3478 quem

2076 3504 2184 3550 tam
2213 3512 2469 3567 germane
2489 3498 2732 3569 pmcipit
2752 3498 2977 3570 diligere
2999 3499 3163 3554 Deus.
3186 3498 3294 3554 Nos
3318 3515 3452 3555 vero
3476 3501 3661 3570 proxi-

2075 3605 2244 3655 mum,
2269 3590 2479 3643 ﬁdelem
2504 3605 2720 3645 omnem
2748 3590 2979 3649 dicimus
3006 3591 3374 3646 Christianum
3397 3631 3413 3657 ,
3436 3593 3532 3663 qui
3550 3608 3660 3650 non

2073 3687 2247 3741 solum
2274 3686 2673 3741 rationabiliter
2694 3687 2998 3756 proximus,
3025 3688 3120 3746 sed
3144 3696 3200 3743 et
3235 3687 3467 3744 ﬁdeliter
3488 3687 3661 3744 frater
3754 3754 3763 3763 ,

2073 3784 2337 3832 vocatur:
2377 3791 2544 3832 unum
2573 3778 2718 3833 enim
2761 3777 2931 3833 Deum
2976 3778 3262 3843 habentes,
3301 3779 3660 3849 eamdemque

2074 3868 2314 3933 Patrem,
2338 3866 2457 3937 ejus
2481 3870 2654 3939 gratia
2681 3870 2876 3935 renati,
2908 3885 3185 3926 vocamus.
3217 3871 3359 3943 Ergo
3396 3872 3663 3943 generali-

2074 3969 2161 4014 ter
2179 3960 2357 4017 omnis
2381 3960 2749 4028 Christianus,
2779 3960 3089 4017 Christiano
3122 3964 3404 4032 proximus
3427 3963 3661 4034 appella-

2075 4060 2201 4106 tur:
2229 4050 2385 4121 cujus
2404 4050 2677 4121 sigillatim
2715 4066 2921 4121 ponens
2948 4052 3180 4121 species,
3207 4051 3499 4122 Apostolus
3523 4070 3662 4123 pra:-

2022 4192 2029 4199 .
2074 4141 2207 4210 cipit
2223 4140 2523 4211 diligendus
2549 4159 2563 4193 :
2602 4139 2732 4204 Viri,
2760 4140 2959 4210 diligite
2982 4157 3172 4195 uxores
3200 4150 3412 4206 vestras,
3432 4151 3481 4196 et
3503 4141 3663 4196 nolite

2075 4233 2246 4286 amari
2274 4248 2384 4287 esse
2404 4232 2473 4286 ad
2501 4231 2623 4287 illas
2653 4231 3092 4303 (Coloss.ttt,l9).
3124 4231 3195 4286 Ut
3222 4231 3317 4286 ﬁlii
3345 4231 3660 4303 diligantur,

2077 4320 2219 4376 idem
2255 4319 2547 4390 Apostolus
2573 4320 3147 4390 admonetparcntes,
3187 4320 3410 4375 dicens:
3452 4320 3661 4387 Patres,

386 4449 493 4488 non
538 4443 820 4503 parentum
842 4473 858 4499 ,
900 4449 1000 4489 nec
1043 4409 1667 4489 ﬁliorum‘dilectionem
1712 4409 1971 4505 pnnferre
1994 4421 2048 4482 Ῑ)
2074 4411 2234 4505 "om?
2259 4412 2330 4465 αδ
2357 4411 2691 4505 incudi?”
2713 4427 3000 4505 ρνοτιτρῖε
3034 4409 3174 4505 βίω
3216 4420 3410 4505 W’o’
3436 4410 3659 4505 iEP’m'

388 4523 673 4578 debemus.

458 4611 565 4666 Sed
591 4612 635 4668 si
659 4612 837 4684 diligis
864 4613 1049 4679 Deum,
1090 4629 1124 4668 o
1150 4614 1390 4685 piissime
1417 4628 1536 4680 rex,
1571 4629 1638 4669 ex
1669 4623 1783 4669 toto
1810 4616 1974 4672 corde

386 4715 441 4758 et
464 4720 532 4758 ex
560 4712 671 4758 tota
694 4705 873 4759 anima
903 4712 1012 4770 tua,
1044 4714 1099 4759 et
1126 4722 1192 4760 ex
1218 4713 1329 4761 tota
1356 4707 1556 4761 virtute
1598 4714 1711 4771 tua,
1754 4722 1975 4762 necesse

387 4803 471 4849 est
497 4804 556 4849 ut
579 4796 770 4867 diligas
809 4797 1115 4866 proximum
1150 4804 1302 4850 tuum
1345 4797 1487 4851 sicut
1524 4801 1789 4866 teipsum:
1831 4797 1970 4863 Quia

387 4885 442 4939 in
485 4884 567 4938 his
597 4884 802 4938 duobus
845 4884 1110 4938 mandatis
1158 4886 1399 4937 universa
1440 4884 1525 4938 lex
1566 4885 1749 4955 pendet
1777 4896 1824 4939 et
1849 4901 1972 4955 pro-

386 4974 553 5045 pheta:
574 4972 791 5046 (Matth.
817 4990 951 5038 χιιι,
979 4973 1091 5040 40).
1118 4973 1260 5042 Ergo
1284 4972 1453 5043 legem
1477 4982 1533 5028 et
1553 4975 1843 5043 prophetas
1863 4991 1970 5029 non

388 5065 595 5135 implet,
623 5065 718 5135 qui
745 5064 916 5119 Deum
945 5063 1359 5134 proximumque
1390 5080 1495 5120 non
1524 5065 1716 5137 diligit.
1750 5065 1816 5120 Et
1842 5082 1971 5120 vera

387 5156 733 5227 perfectaque
781 5156 838 5211 in
887 5157 990 5211 hoc
1033 5155 1284 5210 consistit
1323 5156 1577 5223 dilectio,
1619 5165 1678 5212 ut
1719 5158 1975 5229 diligatur

392 5250 563 5313 Deus,
605 5247 861 5317 diligatur
903 5254 955 5300 et
989 5243 1306 5314 proximus;
1355 5248 1615 5317 scriptum
1663 5257 1748 5302 est
1784 5249 1973 5303 enim:

390 5339 493 5405 Qui
516 5355 621 5394 non
644 5336 817 5407 diligit
837 5335 1054 5405 fratrem
1074 5352 1228 5388 suum
1251 5354 1402 5407 quem
1426 5338 1581 5402 ridet,
1606 5339 1792 5403 Deum,
1815 5357 1968 5410 quem

387 5451 491 5490 non
518 5434 678 5499 videt,
701 5430 960 5504 quomodo
987 5440 1150 5500 potest
1174 5430 1388 5501 diligere
1404 5435 1429 5487 ?
1450 5432 1516 5486 Et
1542 5433 1639 5486 hoc
1660 5433 1964 5487 mandatum

386 5523 633 5578 habemus
658 5542 692 5577 a
722 5522 850 5585 Deo,
866 5530 921 5575 ut
941 5520 1031 5591 qui
1051 5518 1222 5588 diligit
1252 5520 1439 5585 Deum,
1461 5520 1647 5589 diligat
1674 5530 1724 5574 et
1751 5520 1966 5590 fratrem

388 5629 542 5667 suum
572 5612 624 5683 (I
644 5611 805 5667 Joan.
832 5629 908 5679 tv,
932 5610 1044 5683 20).
1072 5610 1188 5681 Ipse
1210 5625 1438 5681 namque
1456 5618 1647 5664 auctor
1667 5610 1968 5665 dilectionis

392 5702 648 5759 Dominus
671 5702 829 5759 Iesus
849 5704 1098 5759 Christus
1126 5702 1395 5757 mentibus
1424 5700 1628 5756 nostris
1657 5700 1966 5757 mandatum

2078 4521 2154 4569 vi,
2185 4503 2264 4577 4).
2297 4505 2369 4573 Ut
2392 4506 2537 4560 servi
2563 4504 2874 4575 diligantur,
2906 4504 3047 4559 idem
3065 4502 3356 4574 Apostolus
3384 4504 3661 4570 admonet,

2077 4598 2293 4653 dicens:
2328 4596 2563 4662 Domini,
2591 4596 2732 4667 quod
2767 4595 2972 4666 justum
3000 4603 3075 4648 est
3105 4603 3153 4648 et
3188 4611 3395 4666 (equum
3417 4604 3663 4665 prwstate

2074 4694 2256 4757 servis,
2284 4693 2502 4747 scientes
2530 4694 2782 4764 quoniam
2808 4702 2855 4747 et
2892 4710 2978 4747 ros
3008 4692 3171 4746 Deum
3209 4692 3411 4747 habetis
3436 4692 3491 4746 in
3519 4693 3660 4748 carlis

2076 4780 2303 4851 (Coloss.
2333 4797 2404 4845 tv,
2436 4782 2457 4835 l
2507 4781 2548 4852 ).
2598 4780 2732 4836 Nam
2759 4788 2815 4836 et
2840 4781 2966 4836 alibi
3001 4782 3069 4837 de
3097 4781 3202 4835 illis
3231 4779 3513 4851 Scriptura
3542 4782 3618 4836 ait
3643 4800 3657 4835 :

2076 4871 2226 4925 Siest
2248 4871 2342 4925 tibi
2364 4888 2562 4936 servus,
2578 4872 2643 4925 sit
2663 4871 2814 4942 quasi
2839 4872 3019 4926 anima
3040 4880 3154 4937 tua,
3173 4871 3324 4942 quasi
3344 4870 3563 4940 fratrem
3585 4873 3660 4925 sic

2072 4981 2191 5019 eum
2214 4974 2387 5019 tracta
2415 4965 2604 5037 (Eccli.
2633 4981 2830 5033 xxxtu,
2847 4967 2960 5038 5t).
2983 4967 3053 5022 Ut
3073 4966 3282 5023 amicus
3309 4966 3517 5037 pariter
3539 4966 3664 5023 dili—

2072 5070 2234 5131 gatur
2256 5068 2312 5117 et
2336 5062 2611 5126 inimicus,
2633 5061 2880 5133 prmeipit
2902 5061 3214 5132 Apostolus,
3236 5062 3328 5117 ubi
3350 5061 3583 5116 amicum
3606 5060 3662 5117 in

2074 5155 2266 5219 Deum,
2299 5162 2356 5209 et
2393 5154 2673 5209 inimicum
2697 5162 2918 5225 propter
2947 5153 3116 5209 Deum
3154 5152 3410 5208 admonet
3439 5151 3663 5221 diligen-

2074 5249 2221 5303 dum.
2248 5247 2383 5302 Nam
2414 5257 2470 5302 et
2499 5247 2760 5302 Dominus
2786 5247 2840 5302 in
2872 5244 3167 5317 Evangelio
3190 5245 3297 5299 ait:
3328 5242 3542 5314 Diligite
3562 5242 3662 5297 ini-

2075 5341 2238 5393 micas
2266 5349 2457 5393 vestros
2478 5379 2491 5402 ,
2520 5338 2805 5408 benefacite
2829 5337 2910 5392 liis
2945 5336 3037 5408 qui
3060 5336 3280 5390 oderunt
3308 5349 3427 5389 eos:
3448 5341 3497 5387 et
3518 5340 3662 5387 orate

2072 5445 2166 5499 pro
2188 5427 2606 5499 persequentibus
2620 5438 2668 5481 et
2683 5426 3124 5482 calumniantibus
3146 5443 3232 5481 ros
3245 5423 3462 5497 (Matth.
3474 5439 3529 5489 v,
3544 5421 3660 5494 44).

2076 5519 2216 5573 Ecce
2237 5517 2440 5586 liquido
2459 5525 2605 5586 patet
2624 5532 2785 5586 quem
2807 5517 3113 5588 proximum
3136 5514 3383 5586 praecipit
3403 5513 3663 5569 Dominus

2075 5611 2426 5682 diligendum,
2458 5596 2682 5665 uxorem
2703 5610 2951 5666 videlicet
2968 5620 3023 5665 et
3047 5609 3204 5675 ﬁlios,
3223 5622 3431 5672 servos,
3455 5605 3659 5661 amicos

2074 5716 2127 5763 et
2156 5705 2422 5772 inimicos,
2453 5706 2507 5760 in
2535 5706 2732 5774 quibus
2767 5706 3075 5761 nominibus
3110 5704 3286 5760 omnis
3316 5701 3659 5759 Christianus
