3944 6420
268 284 370 340 95'!

1704 280 1817 337 VIA
1858 280 2085 339 manu.

3429 288 3531 355 958

264 397 612 468 cognoscitur
639 396 745 453 dici
773 399 1072 469 proximus,
1095 398 1379 467 omnisque
1399 410 1430 450 a
1460 395 1688 451 Domino
1715 410 1853 466 prte-
1880 399 1931 458 Α
1958 394 2243 452 dilectione
2266 397 2478 452 Domini
2502 398 2736 468 repletus
2758 399 2811 454 in
2835 400 3071 470 Epistula
3093 391 3195 456 Sua
3216 402 3327 461 ait;
3353 403 3421 459 In
3440 406 3538 468 hac

264 493 461 563 cipitar
494 490 815 561 diligendus.
857 492 1024 549 Beata
1068 507 1199 564 ergo
1234 491 1411 547 virtus
1444 489 1753 546 dilectionis
1799 497 1856 545 et

265 581 572 647 charitatis,
600 596 720 651 quae
745 596 934 637 omnes
961 583 1317 654 amplectitur,
1353 597 1542 637 omnes
1574 581 1770 653 diligit,
1797 590 1856 637 et

267 672 420 746 quasi
442 672 603 727 unius
635 672 868 741 proximi
898 674 953 728 in
980 673 1176 728 mentis
1202 689 1402 729 arcana
1427 675 1670 729 omnium
1704 688 1856 729 amo—

266 775 385 817 rem
428 762 692 822 recondit.
724 763 864 818 Vere
904 765 1082 828 beata,
1130 780 1251 833 qua:
1284 765 1454 819 nutrit
1495 766 1748 830 virtutes,
1800 774 1855 819 et

265 853 409 909 delet
430 860 676 924 peccata,
700 854 958 923 opprimit
987 854 1123 908 iram
1145 896 1159 919 ,
1190 855 1420 909 recludit
1444 856 1568 911 odia
1587 897 1601 920 ,
1632 857 1855 927 expellit

266 946 585 1011 avaritiam,
618 946 931 1016 cornprimit
976 947 1169 1012 rixam,
1201 946 1403 1018 ell‘ugat
1443 948 1647 1018 pariter
1672 949 1853 1003 omnia

265 1035 416 1100 vitia,
446 1035 630 1090 omnia
658 1034 875 1101 tolerat,
902 1036 1085 1090 omnia
1112 1037 1302 1101 credit,
1334 1037 1519 1092 omnia
1552 1044 1754 1108 sperat,
1778 1037 1855 1091 in-

268 1132 355 1179 ter
376 1123 664 1194 opprobria
692 1138 885 1179 secura
912 1133 1015 1190 est,
1041 1126 1184 1181 inter
1209 1126 1331 1181 odia
1364 1126 1607 1182 benefica
1625 1168 1641 1193 ,
1677 1128 1731 1182 in
1758 1140 1854 1184 ve-

270 1212 429 1267 ritate
458 1211 634 1276 lirma,
664 1227 695 1266 a
720 1213 901 1282 pravis
929 1213 1395 1285 impugnatoribus
1422 1231 1531 1271 non
1565 1216 1848 1288 diripitur,

266 1319 298 1358 a
325 1303 625 1360 latronibus
653 1319 761 1360 non
788 1302 1019 1371 furatur,
1048 1321 1079 1361 a
1107 1307 1451 1376 praedonibus
1480 1322 1586 1363 non
1618 1309 1847 1378 rapitur,

265 1409 297 1447 a
324 1392 546 1448 ﬂumine
574 1409 681 1448 non
705 1394 1021 1461 destruitur,
1047 1396 1116 1451 ab
1136 1397 1388 1453 incendio
1415 1412 1523 1454 non
1553 1408 1844 1463 crematur,

266 1484 335 1537 ab
365 1483 557 1538 Ιητωί
578 1498 686 1538 non
717 1484 1013 1551 dividitur;
1056 1486 1328 1542 individua
1352 1495 1479 1555 stat,
1507 1489 1845 1561 inexpugna—

266 1573 389 1628 bilis
419 1581 619 1637 manet,
650 1573 1041 1644 inexplicabilis
1069 1577 1262 1642 durat,
1306 1578 1627 1636 inconcussa
1665 1587 1853 1650 perse-

265 1672 442 1728 verat,
472 1663 784 1734 inoorrupta
820 1665 1071 1732 laetatur;
1114 1667 1463 1738 ligamentum
1497 1679 1581 1726 est
1603 1672 1844 1727 omnium

1954 486 2148 540 scimus
2174 488 2423 557 quoniam
2450 489 2781 558 cognovimus
2804 506 2943 557 eum,
2967 491 3014 546 si
3036 492 3287 547 mandata
3308 493 3422 564 ejus
3448 498 3539 548 ob-

1954 590 2236 631 servemus.
2281 574 2386 642 Qui
2429 577 2555 631 dicit
2590 594 2644 632 se
2685 595 2835 643 nosse
2865 597 3016 646 eum,
3054 592 3101 635 et
3143 584 3393 640 mandata
3423 585 3539 661 ejus

1955 683 2060 721 non
2096 667 2341 731 custodit,
2388 670 2615 724 mendax
2639 680 2738 735 est,
2778 683 2826 726 et
2861 673 2917 726 in
2950 674 3047 728 hoc
3074 676 3262 730 ueritas
3293 694 3400 738 non
3438 689 3536 739 est.

1955 754 2059 820 Qui
2087 766 2261 817 autem
2287 767 2458 811 servat
2486 758 2693 820 verbum
2723 761 2838 830 ejus
2857 802 2872 827 ,
2919 779 3031 817 vere
3065 765 3120 818 in
3165 766 3262 831 hoc
3305 768 3538 835 cltaritas

1952 844 2051 899 Dei
2084 846 2316 916 perfecta
2347 858 2425 904 est
2466 849 2518 920 (Ι
2544 849 2708 909 Joan.
2757 868 2827 917 ιι,
2865 853 2943 924 5),
2985 855 3149 911 Liber
3180 874 3397 931 quoque
3434 861 3539 926 Job

1951 948 2048 990 ore
2076 934 2291 993 Domini
2317 945 2564 995 sacratus
2589 940 2657 995 de
2697 942 2802 998 hoc
2829 943 2944 1014 ipso
2972 947 3126 1010 testis
3152 956 3270 1016 est,
3303 953 3535 1019 maxime

1951 1024 2019 1079 de
2046 1025 2266 1095 regibus
2296 1024 2513 1083 dicens:
2546 1028 2674 1090 Non
2701 1030 2902 1101 auferet
2915 1051 2943 1085 ιι
2948 1033 3096 1103 justo
3121 1036 3297 1101 oculos
3322 1056 3462 1107 suos,
3486 1051 3535 1107 el

1951 1130 2095 1186 reges
2131 1117 2187 1178 in
2223 1116 2356 1172 solio
2375 1117 2595 1173 collocat
2618 1121 2673 1175 in
2696 1134 3027 1192 perpetuum,
3054 1134 3102 1180 et
3128 1126 3209 1181 illi
3237 1130 3532 1200 eriguntur.

1951 1205 2220 1266 Revelabit
2256 1225 2462 1282 quoque
2489 1229 2671 1275 aurem
2707 1231 2920 1283 eorum,
2960 1226 3017 1271 ut
3056 1221 3311 1291 corripiat
3328 1241 3350 1288 ,-
3378 1231 3429 1289 el
3458 1221 3538 1286 ιφ

1948 1305 2139 1365 quetur
2171 1307 2229 1361 ut
2264 1309 2591 1363 revertantur
2631 1303 2697 1364 ab
2744 1304 3039 1376 iniquitate.
3087 1308 3150 1373 Si
3197 1310 3462 1381 audierint
3488 1323 3537 1368 et

1950 1391 2353 1459 observaverint,
2384 1394 2710 1463 complebunt
2739 1399 2851 1453 dies
2871 1417 2998 1455 suos
3026 1402 3080 1456 in
3109 1403 3265 1471 bono,
3290 1413 3343 1467 et
3368 1422 3535 1466 annos

1947 1497 2072 1535 suos
2096 1481 2154 1536 in
2171 1480 2343 1552 gloria
2364 1497 2383 1536 :
2419 1485 2467 1538 si
2492 1494 2668 1540 autem
2695 1503 2798 1542 non
2819 1489 3105 1558 audierint,
3129 1494 3424 1550 transibunt
3444 1513 3538 1566 per

1947 1568 2183 1640 gladium
2236 1584 2294 1627 ut
2332 1585 2710 1631 consumantur
2742 1578 2797 1631 in
2824 1578 3052 1643 stultitia
3082 1580 3205 1653 (Job
3237 1600 3401 1647 xxxvi
3423 1626 3439 1651 ,
3480 1586 3533 1649 7.

1950 1663 2018 1718 10
2041 1664 2229 1736 seqq.).
2254 1665 2337 1724 De
2372 1681 2434 1723 se
2456 1682 2672 1738 quoque
2702 1669 2816 1739 ipse
2842 1669 2947 1734 Job
2971 1673 3174 1735 bonum
3221 1684 3536 1748 rectumque

264 1754 549 1819 virtutum,
576 1753 758 1825 gluten
784 1764 869 1810 est
896 1756 1219 1822 animarum,
1243 1760 1531 1815 concordia
1554 1762 1844 1829 mentium;
1877 1754 1933 1813 Β·
1951 1754 2084 1811 dans
2116 1757 2502 1825 testimonium.
2539 1760 2655 1819 ait:
2710 1760 2938 1833 νεδιίθία
2972 1764 3074 1833 Dei
3100 1777 3311 1827 secutus
3344 1778 3421 1831 est
3442 1788 3534 1842 res

265 1844 499 1899 societas
527 1844 822 1900 electorum
860 1856 915 1900 et
954 1845 1244 1904 exsultatio
1279 1850 1628 1921 angelorum:
1659 1869 1729 1909 ne
1752 1855 1847 1909 ad-

263 1935 613 1993 versitatibus
635 1935 931 2008 frangatur,
972 1938 1192 1996 fortiter
1227 1949 1460 1998 mentem
1486 1945 1741 2011 roborat;
1780 1960 1849 2001 nc

264 2024 345 2080 ira
398 2035 684 2096 superetur
707 2066 723 2093 ,
779 2028 1171 2084 rationabiliter
1219 2032 1483 2102 reprimit.
1531 2035 1670 2090 Vere
1703 2037 1848 2091 enim

263 2116 404 2182 haec,
433 2123 494 2170 ut
519 2116 698 2182 video,
725 2118 922 2188 regalis
953 2126 1038 2174 est
1064 2120 1261 2186 virtus,
1285 2137 1406 2192 qua:
1438 2124 1648 2179 cunctis
1674 2123 1728 2179 in
1753 2139 1849 2195 pa-

263 2206 395 2263 latio
434 2222 629 2277 panem
672 2207 870 2264 latitia;
907 2209 1129 2281 frangit,
1154 2215 1365 2269 cunctis
1391 2215 1575 2270 vinum
1594 2214 1847 2285 iucundi.

263 2298 390 2351 tatis
412 2297 658 2367 porrigit,
683 2298 857 2353 dulcia
880 2302 1091 2357 cunctis
1111 2303 1294 2358 oscula
1315 2304 1523 2371 tribuit,
1544 2313 1599 2360 et
1616 2306 1845 2378 diligens

261 2403 452 2444 omnes
478 2389 620 2445 ulnis
644 2391 885 2446 extensis
916 2392 1278 2463 amplectitur.
1313 2395 1461 2452 Tene
1495 2413 1625 2477 ergo
1650 2400 1841 2466 istam,

260 2496 296 2535 o
322 2480 628 2537 clarissime
654 2498 771 2548 rex,
803 2491 912 2537 tam
944 2484 1147 2539 claram
1189 2494 1247 2541 et
1277 2487 1493 2543 beatam
1532 2491 1844 2563 regiamquc

260 2571 553 2637 virtutem;
594 2580 773 2629 tecum
803 2574 893 2640 sit,
935 2585 1111 2630 tecum
1145 2586 1392 2643 maneat,
1430 2588 1607 2635 tecum
1635 2592 1840 2654 surgat,

260 2672 438 2718 tecum
476 2671 700 2736 pergat,
737 2672 916 2721 tecum
956 2666 1169 2722 laetetur
1206 2678 1261 2724 et
1298 2670 1614 2725 convivetnr
1635 2689 1652 2738 ;
1688 2673 1843 2728 decet

257 2754 405 2810 enim
428 2754 485 2810 in
511 2757 758 2812 convivio
779 2758 920 2829 regis
948 2766 1056 2813 tam
1083 2760 1285 2835 regiam
1312 2760 1516 2833 iugiter
1533 2763 1711 2821 inesse
1735 2765 1842 2820 vir-

261 2853 452 2906 tutam.

889 2920 1117 2978 CAPUT
1158 2924 1220 2977 ΙΙ.

550 3009 631 3066 De
655 3011 990 3070 observandis
1014 3015 1277 3071 mandatis
1308 3015 1539 3072 Domini.

1949 1861 2116 1913 meus,
2141 1848 2279 1904 viam
2300 1849 2417 1919 ejus
2455 1851 2733 1918 custodiri,
2762 1862 2811 1908 et
2852 1871 2956 1910 non
2995 1855 3253 1918 declinari
3293 1876 3359 1915 ea:
3384 1877 3472 1928 ea,
3502 1881 3535 1916 a

1948 1936 2213 1993 mandatis
2244 1936 2505 1994 labiorum
2532 1941 2649 2012 ejus
2675 1958 2780 1997 non
2824 1946 3045 2012 recessi,
3086 1948 3218 2004 etin
3256 1950 3378 2012 sinu
3419 1968 3535 2017 meo

1947 2026 2197 2083 abscondi
2237 2030 2394 2085 verba
2433 2032 2541 2087 oris
2586 2033 2702 2103 ejus
2744 2032 2866 2105 (Job
2904 2050 3074 2102 κιαι,
3115 2039 3215 2107 11,
3262 2040 3374 2114 12).
3406 2042 3538 2106 Tale

1947 2131 2079 2187 ergo
2104 2118 2170 2174 de
2198 2128 2273 2184 te,
2300 2134 2335 2175 o
2356 2120 2499 2177 bone
2524 2137 2641 2186 rex,
2660 2124 2909 2187 volumus
2931 2142 3147 2199 semper
3169 2131 3360 2199 audire
3384 2133 3538 2201 testi-

1951 2209 2211 2275 monium,
2242 2210 2351 2267 tale
2378 2212 2561 2268 videre
2585 2213 2899 2285 frequenter
2921 2227 2977 2273 et
3001 2236 3160 2291 opus,

2022 2299 2140 2369 Ipse
2189 2316 2406 2374 quoque
2457 2304 2718 2364 Dominus
2769 2309 2837 2365 de
2884 2310 3175 2377 dilectione
3222 2330 3321 2371 sua
3372 2324 3538 2388 atquo

1949 2390 2328 2448 mandatorum
2360 2409 2579 2452 suorum
2604 2398 2950 2457 observantia
2982 2403 3238 2473 populum
3278 2405 3535 2471 Israelitiv

1946 2494 2070 2535 cum
2092 2483 2414 2551 admonens,
2436 2487 2593 2543 dicit:
2618 2487 2689 2542 Et
2712 2506 2871 2558 nunc,
2898 2491 3095 2560 Israel,
3125 2496 3254 2558 audi
3276 2509 3534 2570 prwcepta

1944 2580 1993 2624 et
2012 2572 2246 2642 judicia,
2277 2593 2396 2647 qua
2432 2595 2527 2650 ego
2556 2580 2717 2636 doceo
2757 2592 2840 2651 te,
2866 2594 2922 2640 ut
2949 2585 3148 2655 faciens
3172 2605 3258 2655 ea,
3299 2592 3439 2647 vivas
3479 2593 3533 2649 in

1943 2662 2039 2716 eis.
2066 2659 2296 2720 Observa
2318 2678 2367 2722 et
2390 2685 2516 2725 cave
2541 2688 2605 2726 ne
2616 2674 2828 2743 quando
2848 2676 3171 2734 obliviscaris
3198 2680 3415 2743 Domini
3436 2682 3534 2741 Dei

1943 2753 2041 2806 tui.
2075 2752 2144 2807 Et
2169 2772 2336 2822 nunc,
2368 2750 2571 2826 Israel,
2613 2763 2742 2832 quid
2783 2763 3039 2823 Dominus
3078 2768 3222 2827 Deus
3261 2780 3383 2835 tuus
3409 2775 3533 2843 petit

1943 2858 1978 2898 a
2008 2852 2089 2909 te,
2130 2845 2233 2899 nisi
2266 2855 2321 2900 ut
2353 2848 2538 2904 timeas
2563 2849 2734 2923 Deum
2773 2862 2940 2919 tuum,
2985 2865 3033 2910 et
3074 2858 3308 2915 ambules
3348 2860 3403 2915 in
3437 2863 3531 2918 viis

1943 2932 2080 3003 ejus,
2103 2944 2154 2989 et
2180 2935 2373 3008 diligas
2413 2956 2555 3005 eum,
2600 2958 2664 2996 ac
2705 2945 2903 3000 servias
2931 2944 3156 3003 Domino
3182 2948 3293 3005 Deo
3321 2960 3413 3008 tuo
3431 2993 3447 3019 ,
3475 2954 3530 3009 in

1944 3032 2053 3078 toto
2080 3027 2235 3081 corde
2259 3036 2370 3093 tuo,
2393 3038 2442 3083 et
2460 3034 2646 3087 intota
2667 3034 2869 3102 animo,
2891 3038 3259 3112 custodiasque
3275 3045 3531 3101 mandata

329 3123 464 3199 Quia
490 3124 716 3181 Domino
744 3127 1039 3185 auxiliante
1064 3130 1206 3186 viam
1234 3131 1434 3203 regiam
1465 3132 1702 3192 scribere
1728 3149 1838 3193 cte-

1943 3112 2178 3181 Domini,
2207 3126 2258 3171 et
2285 3120 2626 3175 cteremonias
2646 3121 2782 3192 ejus,
2807 3141 2938 3195 quas
2962 3127 3116 3184 hodie
3135 3107 3388 3203 p'rwsipio
3409 3134 3528 3204 tibi,

260 3212 454 3285 pimus,
479 3229 699 3271 necesse
728 3224 812 3271 est
839 3224 898 3271 ut
928 3216 982 3273 in
1005 3233 1069 3274 ea
1091 3219 1270 3290 operis
1295 3232 1514 3292 gressus
1536 3220 1765 3279 ﬁrmiter
1785 3230 1842 3279 et

258 3303 559 3375 diligenter,
585 3314 638 3361 et
657 3308 903 3365 ordinate
928 3325 1210 3381 ponamus,
1252 3322 1312 3367 ut
1340 3328 1568 3370 currens
1591 3330 1690 3387 per
1719 3332 1839 3371 eam

259 3407 366 3450 non
389 3395 460 3450 ibi
489 3396 809 3453 damnosum
831 3399 1234 3470 offendiculum,
1262 3404 1356 3460 sed
1384 3390 1655 3461 lucrosum
1683 3415 1841 3462 aeter-

259 3499 497 3556 numque
520 3487 761 3544 inveniat
784 3492 1057 3562 gaudium.
1074 3494 1364 3551 Videamus
1386 3498 1529 3575 quod
1550 3496 1705 3553 nobis
1726 3498 1843 3577 ipse

256 3574 560 3633 dilectionis
588 3586 776 3635 auctor
802 3591 924 3652 post
950 3586 1352 3642 exsecutionem
1376 3574 1678 3644 dilectionis
1706 3575 1837 3645 con-

254 3665 582 3719 servandum
610 3668 874 3724 concedat
896 3680 1262 3742 praeceptum;
1303 3677 1380 3732 ait
1412 3678 1592 3733 enim:
1622 3677 1681 3733 Si
1716 3681 1839 3734 dili-

251 3753 377 3823 gitis
393 3754 765 3815 me,mandala
787 3772 905 3811 mea
931 3769 1160 3814 servate:
1184 3772 1235 3815 et
1265 3780 1358 3833 ego
1387 3766 1579 3835 rogabo
1602 3764 1835 3833 Patrem,

252 3849 303 3895 et
344 3840 508 3894 alium
538 3839 873 3898 Paracletum
897 3846 1041 3901 dabit
1069 3848 1227 3914 vobis,
1257 3861 1309 3904 ut
1341 3862 1548 3907 maneat
1577 3856 1838 3910 vobiscum

253 3933 311 3986 in
333 3929 974 4001 lclcrnundloan.x|v,l5,
992 3937 1338 4007 l6).Attende
1361 3958 1511 4023 ergo,
1537 3959 1570 4000 ο
1597 3945 1834 4002 clemen-

257 4020 465 4077 tissime
491 4038 585 4078 rex
610 4037 673 4079 ac
701 4025 1005 4093 mitissime,
1030 4039 1290 4101 quantum
1322 4020 1630 4107 nos'diligat
1656 4036 1838 4099 Domi-

255 4129 360 4170 nus
399 4124 587 4171 noster
614 4114 772 4173 Jesus
794 4116 1061 4188 Christus,
1106 4124 1194 4192 qui
1238 4140 1361 4180 eum
1409 4128 1767 4196 promissione
1802 4146 1833 4184 a

254 4203 411 4257 nobis
434 4219 585 4259 suam
612 4206 778 4278 exigit
803 4209 1175 4278 dilectionem,
1206 4223 1262 4269 et
1295 4202 1555 4286 Spiritum
1586 4228 1831 4276 sanctum

255 4291 385 4346 dicit
412 4295 692 4350 nobiseum
718 4312 838 4353 esse
877 4300 932 4354 in
970 4310 1230 4365 aeternum
1274 4321 1610 4373 mansurum,
1637 4311 1680 4366 si
1710 4319 1832 4380 post

253 4379 595 4437 dilectionem
639 4400 791 4441 suam
830 4390 1084 4446 mandata
1126 4391 1242 4461 ejus
1281 4379 1827 4461 servaverimusrAb

254 4469 371 4539 ipso
410 4473 553 4526 enim
599 4474 689 4545 (ut
728 4475 843 4545 iam
878 4481 1124 4563 superius
1155 4468 1423 4563 diximus)
1452 4489 1608 4544 nobis
1643 4493 1825 4560 omnia

253 4559 395 4615 bona
442 4565 769 4632 creduntur,
809 4578 865 4624 et
900 4558 1036 4651 velle
1077 4573 1274 4640 bonum
1301 4585 1355 4630 et
1383 4558 1597 4659 operari
1640 4581 1707 4637 ab
1737 4558 1827 4647 illo

252 4650 402 4728 prius
443 4655 597 4709 nobis
635 4655 879 4726 largitur.
907 4660 1190 4736 Diligimur
1224 4668 1367 4722 enim
1411 4650 1472 4736 ut
1508 4670 1822 4743 diligamus,

253 4756 501 4805 amamur
526 4755 586 4800 ut
614 4763 883 4817 amemus,
916 4759 1294 4825 cognoscimur
1319 4768 1379 4826 ιιι
1401 4778 1789 4833 cognoscamus
1810 4810 1825 4834 ,

252 4834 572 4903 adiuvamur
599 4848 657 4893 ut
684 4856 968 4911 operemur
997 4856 1053 4902 et
1072 4853 1344 4919 operando
1372 4854 1661 4913 virtutibus
1684 4857 1794 4917 dite
1811 4888 1825 4899 ο

251 4939 392 4985 mur.
437 4926 577 4999 Ergo
612 4932 659 4986 si
692 4940 747 4987 te
777 4934 991 4993 dilectio
1022 4940 1114 4995 Dei
1144 4945 1483 5023 proximique
1521 4948 1821 5020 demulcet,

251 5031 586 5112 consequens
606 5031 771 5091 estut
795 5024 961 5085 facias
982 5032 1123 5109 quod
1163 5033 1249 5095 ille
1286 5040 1576 5108 praecepit,
1615 5043 1739 5112 quia
1770 5044 1822 5099 in

252 5116 461 5164 tantum
491 5111 686 5182 diligis,
715 5116 767 5170 in
799 5127 1055 5186 quantum
1088 5120 1238 5178 facis.
1273 5123 1454 5197 Neque
1480 5111 1824 5203 enim-potest

252 5200 462 5287 sincere
485 5201 653 5287 Deum
676 5205 916 5279 diligere,
940 5210 1031 5278 qui
1053 5213 1301 5269 mandata
1330 5215 1446 5284 eius
1467 5200 1695 5275 fideliter
1713 5239 1819 5287 non

257 5283 467 5355 implet.
482 5286 506 5342 ‘l
514 5302 609 5358 pse
626 5289 923 5348 teDomino
936 5293 1170 5362 docente
1186 5283 1425 5368 intellige
1443 5317 1458 5365 ;
1478 5302 1555 5354 ait
1571 5283 1717 5366 etaim
1740 5319 1752 5357 :
1774 5303 1830 5358 Si

228 5410 241 5415 —
256 5378 372 5445 quis
385 5376 559 5450 diligit
573 5396 672 5443 me,
686 5398 978 5440 sermonem
994 5403 1167 5449 meum
1183 5392 1432 5451 servabit:
1450 5391 1669 5448 etPaler
1687 5411 1829 5455 mea;

255 5470 434 5542 diliget
457 5488 599 5538 eum.
626 5484 676 5529 et
703 5478 774 5531 ad
806 5496 924 5543 eum
946 5484 1225 5548 veniemus,
1256 5495 1306 5539 et
1347 5488 1491 5554 apud
1524 5504 1643 5543 eum
1678 5506 1827 5543 utau-

251 5562 451 5618 sionem
468 5564 743 5634 faciemus.
766 5569 833 5624 Et
856 5575 946 5643 qui
973 5591 1074 5629 non
1096 5577 1273 5649 diligit
1287 5596 1385 5645 nte,
1405 5597 1668 5643 sermones
1688 5600 1827 5638 meos

252 5669 356 5715 non
384 5669 560 5713 servat
592 5661 773 5726 (Ibid,
794 5665 884 5727 25,
903 5666 1016 5735 fit).
1036 5668 1277 5728 Joannes
1299 5689 1515 5746 quoque
1546 5678 1826 5747 apostolus

568 5757 840 5825 ΡᾼΤΒΟΙ..
881 5762 1007 5831 Cll,

1941 3212 1997 3258 ut
2021 3203 2147 3260 bene
2165 3207 2232 3261 sit
2256 3207 2394 3263 tibi?
2428 3207 2489 3264 Si
2518 3225 2692 3267 autem
2718 3216 2952 3272 audieris
2982 3235 3156 3277 vocem
3187 3220 3402 3284 Domini

1939 3294 2039 3360 tui,
2071 3304 2127 3349 ut
2169 3296 2339 3367 facias
2382 3308 2538 3372 algae
2580 3304 2847 3363 custodias
2883 3312 3062 3367 omnia
3089 3316 3344 3373 mandata
3378 3319 3527 3391 ejus,

1937 3399 2056 3454 qua:
2087 3401 2181 3456 ego
2210 3387 2306 3445 tibi
2326 3389 2572 3461 principio
2606 3392 2782 3460 hodie,
2819 3397 2977 3467 faciet
3014 3409 3064 3456 te
3101 3401 3360 3473 Dominus
3385 3387 3528 3466 Deus

1940 3486 2061 3531 tuus
2103 3478 2438 3535 excelsiorem
2489 3487 2690 3541 cunctis
2733 3490 2968 3559 gentibus
3011 3510 3129 3565 quae
3171 3509 3446 3556 versantur
3471 3505 3527 3567 in

1938 3578 2078 3624 terra
2095 3584 2115 3622 :
2145 3573 2447 3645 venientque
2465 3593 2623 3647 super
2642 3588 2693 3634 te
2716 3582 2968 3640 universal
2989 3586 3368 3647 benedictiones
3388 3595 3523 3660 ista',

1939 3672 1989 3716 et
2013 3664 2396 3734 apprehendent
2424 3677 2502 3733 te,
2543 3670 2591 3726 si
2627 3681 2802 3728 tamen
2829 3686 3085 3748 praecepta
3122 3680 3240 3750 ejus
3267 3684 3522 3747 audieris.

1939 3750 2252 3810 Benedictus
2272 3765 2332 3810 tu
2356 3758 2412 3812 in
2437 3760 2664 3826 civitate,
2694 3773 2743 3818 et
2772 3764 3070 3825 benedictus
3097 3771 3155 3825 in
3180 3789 3327 3844 agro.
3356 3774 3526 3831 Bene.-

1937 3843 2108 3900 dictus
2129 3848 2334 3917 fruetus
2354 3855 2544 3908 ventris
2564 3856 2663 3921 tui,
2677 3867 2727 3911 et
2753 3859 2956 3928 fructus
2976 3873 3131 3920 terrm
3150 3843 3277 3935 tum,
3294 3869 3527 3938 fructus-

1935 3950 2034 4004 que
2055 3935 2417 4003 jumentorum
2437 3950 2672 4008 tuorum,
2697 3962 2877 4017 greges
2897 3963 3257 4010 armentorum
3287 3935 3523 4028 tuorum,

1936 4033 1986 4078 et
2010 4024 2179 4080 caulis
2198 4028 2371 4083 ovium
2398 4040 2635 4087 tuarum.
2671 4034 2887 4092 Eminet
2916 4040 3172 4100 Dominus
3207 4024 3524 4107 benedictio;

1936 4132 2053 4171 nem
2075 4134 2233 4189 super
2250 4119 2467 4175 cellaria
2489 4134 2603 4191 tua,
2625 4134 2674 4180 et
2694 4133 3047 4199 superomnia
3083 4150 3240 4204 opera
3266 4155 3519 4197 manuum

1935 4214 2169 4261 tuarum.
2193 4207 2351 4266 Dabit
2375 4210 2633 4269 Dominus
2663 4217 2903 4275 inimicos
2938 4230 3055 4277 tuos
3078 4227 3169 4295 qui
3196 4242 3520 4301 consurgunt

1933 4296 2210 4353 adversam
2235 4310 2304 4364 te,
2328 4306 2711 4361 comentes‘in
2735 4324 3011 4381 conspectu
3038 4326 3129 4370 tuo
3147 4318 3327 4390 (Deut.
3354 4296 3428 4390 ιθ,
3451 4325 3474 4379 1

1938 4400 1994 4455 x,
2036 4390 2103 4447 12
2131 4404 2285 4463 ;vm,
2319 4397 2416 4469 ll;
2470 4412 2659 4465 xxvm,
2695 4399 2936 4473 lseqq.).

1998 4501 2213 4599 Addens
2251 4493 2463 4578 quoque
2503 4509 2761 4595 Dominus
2801 4515 2974 4574 adhuc
3017 4521 3084 4576 ad
3113 4522 3400 4599 lsraclcm,
3429 4532 3513 4587 (ii-.-

1928 4593 2002 4647 cit
2036 4611 2049 4647 :
2079 4591 2139 4649 Si
2166 4594 2222 4649 in
2268 4600 2536 4669 praceptis
2566 4591 2697 4656 meis
2737 4604 3145 4687 ambulaveritis,
3172 4626 3218 4668 et
3260 4591 3512 4681 mandata

1927 4700 2043 4738 mea
2085 4685 2455 4754 custodieritis,
2480 4700 2526 4744 et
2571 4691 2797 4761 feceritis
2839 4713 2919 4761 ea,
2953 4699 3088 4765 dabo
3129 4685 3272 4767 vobis
3307 4707 3510 4779 pluvias

1926 4776 2238 4846 temporibus
2263 4779 2394 4844 suis,
2423 4790 2471 4834 et
2512 4791 2650 4838 terra
2678 4786 2852 4861 gignel
2879 4804 3085 4860 germen
3125 4776 3380 4875 suum,‘et
3416 4819 3512 4877 po-

1927 4866 2024 4931 mis
2050 4867 2263 4926 arbores
2276 4869 2632 4948 .replebuntur.
2660 4874 3017 4948 Apprehendet
3050 4871 3293 4953 messium
3315 4866 3507 4948 tritura

1925 4955 2257 5023 vindemiam,
2299 4969 2347 5014 et
2396 4961 2654 5027 vindemia
2685 4969 2955 5038 occupabit
2991 4986 3266 5038 cernentem
3295 4993 3313 5031 :
3342 4991 3390 5047 et
3422 5000 3507 5037 eo»

1926 5046 2140 5101 medelis
2160 5064 2346 5119 panem
2377 5060 2601 5107 vestrum
2628 5054 2681 5109 in
2709 5058 3005 5129 saturitate,
3032 5072 3080 5117 et
3106 5068 3295 5138 absque
3319 5087 3507 5140 pavore

1923 5141 2223 5203 habitabilis
2248 5143 2301 5203 in
2340 5151 2478 5198 terra
2510 5158 2695 5204 vestra.
2730 5148 2874 5204 Dabo
2897 5170 3078 5226 pacem
3110 5164 3164 5212 tn
3201 5159 3391 5229 ﬁnibus
3422 5180 3500 5218 ve-

1922 5232 2087 5287 stris:
2127 5231 2415 5300 dormietis,
2458 5245 2505 5288 et
2540 5254 2640 5297 non
2676 5240 2770 5293 eri:
2804 5243 2896 5314 qui
2927 5253 3203 5304 exterreat.
3252 5249 3503 5322 Auferat);

1929 5319 2097 5374 malas
2131 5319 2341 5388 bestias,
2377 5332 2426 5376 et
2459 5324 2666 5401 gladius
2704 5345 2807 5383 non
2853 5335 3095 5400 transibit
3136 5319 3380 5396 terminos
3414 5319 3503 5401 vei

1928 5419 2083 5471 stros.
2120 5410 2505 5485 Persequemini
2540 5417 2777 5482 inimicos
2814 5430 3025 5499 vestros,
3056 5438 3104 5482 et
3138 5444 3380 5498 corruant
3419 5452 3505 5501 ρα-

1928 5519 2042 5556 ram
2085 5503 2246 5558 vobis.
2297 5502 2681 5577 Persequentur
2716 5512 2939 5584 quinque
2971 5518 3036 5573 de
3074 5523 3253 5576 vestris
3296 5529 3502 5597 centum

1929 5588 2147 5658 alienos,
2180 5602 2230 5646 et
2268 5603 2470 5648 centum
2508 5596 2571 5650 de
2599 5599 2943 5658 vobisdccem
2967 5606 3151 5672 millia,
3180 5610 3363 5665 cadent
3395 5615 3501 5683 ini,

1930 5682 2051 5745 inici
2094 5683 2246 5737 vestri
2288 5682 2462 5757 gladio
2504 5687 2559 5740 in
2605 5701 2879 5771 conspectu
2923 5705 3109 5751 vestro.
3141 5697 3293 5775 Quod
3319 5702 3365 5755 si
3394 5718 3499 5772 nor

2903 5784 2983 5854 30

3499 4343 3514 4397 i
