3944 6436
423 272 529 328 939

1704 264 2054 323 SMARAGDI
2093 263 2384 321 ABRATIS

3569 273 3677 333 950

422 381 696 438 audieritis
723 393 825 445 me,
863 392 955 434 nec
995 377 1220 448 feceritis
1261 378 1439 432 omnia
1485 377 1737 432 mandata
1765 393 1911 441 mea,
1948 375 1995 430 si
2021 379 2073 439 Α
2094 390 2218 446 gem
2244 391 2434 447 regum
2475 376 2705 446 clamet,
2749 387 2807 435 et
2838 379 2984 438 dicat
3016 398 3031 434 :
3067 380 3297 451 Adjutor
3332 392 3382 437 et
3417 395 3681 455 protector

421 474 711 549 spreveritis
736 471 870 542 leges
900 485 1061 533 meas,
1087 478 1137 522 et
1163 469 1373 539 judicia
1412 485 1529 523 mea
1565 468 1993 540 contempseritis,

421 578 479 623 ut
509 583 612 621 non
655 564 862 632 faciatis
893 576 955 615 ea
1000 577 1117 627 quae
1146 578 1180 615 a
1218 576 1301 614 me
1343 561 1624 615 constituta
1660 568 1809 625 sunt,
1840 568 1891 614 et
1925 559 1995 613 ad

308 700 311 703 Α
419 654 630 708 irritum
662 646 965 719 perducatis
1005 655 1218 716 paetum
1255 661 1460 711 meum,
1506 661 1602 716 ego
1642 661 1845 716 quoque
1883 644 1994 699 hac

416 743 613 814 faciam
640 738 798 795 vobis.
829 736 1065 792 Visitabo
1095 753 1188 790 vos
1210 735 1452 790 velociter
1474 736 1530 790 in
1560 744 1806 806 egestate,
1831 744 1889 790 et
1908 751 1997 789 ar-

416 833 544 886 dore
576 830 667 901 qui
694 827 945 897 conﬁciat,
968 825 1147 881 oculos
1176 836 1395 892 vestros,
1420 836 1472 881 et
1497 834 1766 882 consumat
1787 827 1994 880 animas

416 939 631 984 vestras.
678 926 905 981 Frustra
943 925 1124 982 seretis
1165 934 1461 987 sementem,
1502 938 1619 994 qua:
1655 921 1722 976 ab
1760 921 1993 976 hostibus

415 1018 768 1073 devorabitur.
802 1015 1005 1070 Ponam
1040 1015 1228 1085 faciem
1256 1029 1426 1067 meam
1453 1021 1635 1065 contra
1663 1027 1774 1076 vos,
1799 1020 1849 1065 et
1878 1026 1995 1064 cor-

416 1109 579 1163 ruetis
619 1122 796 1164 coram
829 1106 1059 1160 hostibus
1092 1105 1303 1169 vestris,
1333 1112 1381 1158 et
1408 1100 1755 1172 subjiciemini
1796 1101 1877 1155 his
1899 1101 1992 1171 qui

415 1197 634 1252 oderunt
656 1212 742 1250 vos
756 1208 775 1246 :
801 1194 1011 1264 fugietis
1034 1193 1235 1247 nemine
1251 1197 1584 1263 persequente
1609 1188 1795 1260 (Leuit.
1816 1188 1988 1259 xxvi).

411 1285 520 1339 Per
546 1286 742 1339 Isaiam
762 1298 982 1353 quoque
1010 1281 1267 1337 Dominus
1294 1282 1361 1337 ad
1382 1279 1551 1336 Israel
1578 1279 1800 1347 clamat,
1826 1288 1882 1335 et
1907 1281 1992 1336 di-

411 1377 525 1432 cit:
556 1374 768 1430 Utinam
803 1374 1111 1428 attendisses
1137 1373 1389 1427 mandata
1424 1371 1575 1426 mea!
1607 1369 1779 1425 Foeta
1806 1369 1989 1441 fuisset

409 1468 544 1523 sicut
567 1468 890 1537 ﬂumenpaa:
912 1473 1024 1529 tua,
1051 1473 1100 1518 et
1119 1463 1330 1534 justitia
1357 1471 1449 1516 tuo
1470 1460 1603 1517 sicut
1628 1460 1857 1532 gurgites
1880 1476 1993 1515 mo-

410 1561 520 1625 ris;
545 1569 595 1614 et
624 1559 806 1630 fuisset
833 1557 985 1630 quasi
1008 1573 1169 1611 arena
1193 1571 1367 1610 semen
1389 1562 1558 1619 tuum,
1589 1561 1638 1608 et
1670 1553 1828 1623 stirps
1854 1554 1989 1608 uteri

410 1654 490 1707 tui
512 1662 569 1707 ut
594 1651 761 1723 lapilli
781 1651 895 1721 ejus
919 1665 938 1704 :
964 1665 1068 1703 non
1090 1647 1389 1711 interiisset,
1417 1654 1467 1701 et
1495 1660 1598 1700 non
1623 1644 1806 1715 fuisset
1833 1644 1990 1698 attri-

409 1755 521 1800 tum
546 1754 730 1797 nomen
751 1742 866 1812 ejus
890 1739 1025 1811 (Isa.
1048 1752 1238 1803 xtvm,
1266 1737 1354 1801 18,
1379 1735 1489 1806 l9).

479 1834 686 1890 Bonum
710 1846 843 1902 ergo
881 1830 982 1885 tibi
1010 1836 1128 1893 est,
1163 1841 1199 1883 o
1228 1841 1345 1892 rex,
1385 1833 1449 1881 ut
1476 1825 1669 1896 diligas
1698 1824 1986 1880 Dominum

407 1925 578 1981 Deum
605 1932 778 1989 suum,
806 1929 864 1977 et
887 1921 956 1977 ob
988 1919 1330 1976 dilectionem
1356 1915 1475 1985 ejus
1502 1915 1725 1970 nimiam
1754 1913 1986 1971 sollicite

404 2014 777 2087 et'diligenter
813 2012 1086 2069 custodias
1124 2009 1241 2080 ejus
1276 2015 1567 2079 pracepta.
1612 2006 1813 2062 Sancta
1858 2014 1987 2062 sunt

402 2107 552 2167 enim
582 2106 834 2162 mandata
857 2103 974 2175 ejus
1010 2110 1069 2159 et
1094 2101 1263 2171 iusta,
1299 2108 1354 2156 et
1385 2098 1800 2155 observantibus
1826 2096 1984 2153 valde

403 2197 682 2255 salutaria.
717 2192 1008 2265 Propterea
1034 2193 1193 2248 Pater
1215 2200 1271 2248 et
1293 2190 1465 2247 Filius
1492 2197 1548 2245 et
1575 2187 1813 2259 Spiritus
1852 2203 1982 2244 san-

402 2297 525 2343 ctus
544 2288 612 2344 ad
640 2295 696 2343 te
718 2285 955 2350 venient,
982 2291 1037 2340 et
1061 2282 1200 2353 apud
1225 2290 1277 2337 te
1305 2281 1359 2335 in
1383 2279 1607 2351 proprio
1630 2278 1811 2333 laetam
1835 2293 1982 2333 man-

405 2380 613 2437 sionem
638 2375 863 2441 facient,
888 2382 947 2430 et
979 2373 1174 2429 beatus
1203 2373 1315 2428 eris
1358 2371 1414 2425 in
1457 2376 1722 2441 perpetuo
1764 2367 1859 2424 tali
1885 2368 1981 2423 bo-

401 2469 541 2538 spite
579 2466 848 2522 visitatus.
879 2462 1174 2537 Propterea
1217 2459 1631 2529 complebuntur
1666 2458 1720 2512 in
1761 2457 1981 2512 benedi-

401 2560 674 2615 ctionibus
720 2557 839 2612 dies
880 2556 979 2620 tui,
1010 2562 1066 2610 et
1109 2553 1165 2608 in
1190 2552 1364 2626 gloria
1399 2550 1527 2607 anni
1557 2549 1655 2604 tui.
1686 2547 1978 2619 Propterea

401 2663 508 2718 pax
543 2657 636 2703 tua
669 2646 900 2703 feliciter
947 2643 1408 2714 multiplicabitur,
1451 2649 1509 2698 et
1537 2639 1795 2712 gaudium
1837 2640 1978 2695 sicut

402 2739 600 2797 ﬂumen
630 2738 685 2795 in
709 2745 971 2794 aeternum
992 2732 1374 2803 complebitur.

1008 2843 1238 2901 CAPUT
1267 2842 1352 2899 llI.

1021 2915 1100 2969 De
1134 2916 1338 2970 timore.

469 2956 610 3064 lices
648 3003 759 3076 iam
799 2956 1099 3063 auxiliante
1396 3005 1619 3061 tertium
1662 3004 1766 3060 vim
1811 3005 1973 3077 regie

2096 482 2242 520 meus
2267 465 2544 534 Dominus,
2571 479 2621 523 et
2648 469 2823 538 factus
2855 479 2935 525 est
2968 471 3103 525 mihi
3145 472 3200 526 in
3226 472 3451 529 salutem
3475 475 3677 546 (Exod.

2097 569 2188 621 xv,
2210 554 2287 627 2).
2309 555 2526 613 Necnon
2545 566 2603 615 et
2628 574 2730 615 vox
2756 571 2846 614 tua
2871 576 2997 616 cum
3025 561 3168 632 regis
3192 562 3364 620 David
3392 580 3525 622 voce
3548 582 3676 624 cono

2089 645 2313 719 juncta,
2351 648 2633 721 j-ubiloque
2684 653 3065 709 exsultationis
3118 653 3324 725 repleta
3369 657 3676 717 vociferans

2096 737 2310 804 clamet.
2338 748 2397 796 et
2420 741 2567 796 dicat
2591 759 2605 794 :
2643 741 2900 797 Dominus
2934 744 3097 801 virtus
3120 761 3258 811 mea,
3286 746 3673 814 ﬁﬂnomentum

2093 844 2288 896 meum,
2326 839 2377 884 et
2411 830 2671 902 refugium
2697 848 2900 895 meum,
2931 843 2981 888 et
3019 834 3270 889 liberator
3307 854 3453 893 meus
3481 852 3502 892 .'
3533 839 3672 897 Deus

2094 932 2259 984 meus,
2291 921 2509 992 adjutor
2548 940 2713 988 meus,
2756 934 2804 978 et
2846 925 3065 995 sperabo
3114 927 3171 981 in
3208 944 3351 984 eum.
3405 928 3675 987 Proteetor

2092 1023 2260 1075 meus,
2286 1019 2334 1063 et
2375 1027 2539 1067 cornu
2574 1012 2762 1069 solutis
2786 1029 2938 1080 mea,
2957 1024 3007 1069 et
3032 1026 3301 1086 susceptor
3332 1034 3498 1074 meus.
3533 1019 3672 1079 Lau-

2092 1094 2227 1152 datis
2266 1097 2515 1155 invocabo
2541 1099 2848 1169 Dominum,
2872 1111 2925 1157 et
2965 1103 3031 1157 ab
3072 1104 3298 1160 inimicis
3333 1108 3464 1163 meis
3498 1107 3673 1165 salvus

2092 1204 2182 1242 ero
2205 1186 2380 1259 (Psal.
2398 1207 2534 1265 xvii,
2558 1194 2700 1268 2-4).

2163 1278 2318 1335 Time
2339 1295 2472 1352 ergo
2494 1281 2684 1349 Deum,
2706 1299 2827 1351 rex,
2855 1292 2917 1341 ut
2938 1283 3124 1356 iugem
3162 1286 3260 1342 tibi
3287 1287 3481 1345 animm
3502 1290 3673 1347 virtu-

2092 1377 2201 1427 tem
2225 1372 2578 1444 corporisque
2617 1375 2910 1442 ministret,
2942 1376 3341 1436 lineamentum
3381 1383 3582 1439 mentis
3615 1393 3674 1442 et

2091 1459 2417 1529 adiutorium
2440 1465 2703 1521 concedat
2724 1474 3008 1533 teter-num,
3031 1483 3202 1525 cornu
3232 1472 3380 1541 regni
3408 1473 3485 1527 tui
3508 1472 3674 1531 faciat

2089 1547 2338 1614 sublime,
2366 1561 2424 1608 et
2459 1553 2742 1610 brachium
2772 1554 3105 1614 fortitudinis
3130 1559 3326 1617 robore
3363 1564 3668 1622 confirmet.

2090 1639 2147 1695 la
2171 1640 2383 1699 timoris
2399 1644 2601 1700 etenim
2622 1645 2836 1702 laudem
2860 1640 3240 1705 Salomon'ait:
3265 1649 3445 1707 Timor
3458 1653 3671 1710 Desunt

1924 1797 1929 1801 ἢ
2015 1718 2064 1779 Β
2090 1743 2311 1803 apponet
2338 1733 2451 1790 dies
2477 1733 2663 1809 (Prov.
2687 1752 2751 1801 x,
2791 1736 2907 1810 27).
2938 1738 3092 1794 Time
3114 1754 3244 1812 ergo
3267 1741 3457 1809 Deum,
3486 1759 3523 1800 ο
3551 1760 3666 1811 rex,

2085 1822 2181 1877 sed
2226 1822 2318 1879 illo
2361 1825 2576 1893 timore,
2619 1827 2712 1897 qui
2761 1837 2984 1886 sanctus
3011 1840 3292 1901 permanet
3319 1834 3376 1889 in
3410 1836 3669 1894 stuendum

2084 1910 2296 1978 saeculi;
2332 1913 2425 1969 illo
2453 1923 2605 1971 casto
2647 1916 2861 1982 timore,
2903 1919 2997 1991 qui
3027 1920 3125 1975 tibi
3160 1921 3230 1976 ad
3260 1921 3379 1978 dies
3407 1927 3668 1995 temporis

2082 1998 2242 2068 hujus
2269 2000 2486 2071 adiiciet
2511 2003 2629 2060 dies
2654 2012 2907 2072 aeternos.
2937 2008 3057 2065 dies
3088 2020 3397 2081 perpetuos,
3425 2014 3542 2070 dies
3570 2015 3667 2077 im-

2081 2090 2360 2158 mortales,
2385 2092 2502 2149 dies
2526 2109 2791 2165 perennes
2823 2116 2838 2152 :
2885 2097 2994 2153 imo
3030 2099 3171 2155 diem
3200 2116 3368 2157 unum
3408 2105 3526 2161 sine
3575 2121 3667 2162 ve.

2082 2193 2238 2250 spera
2260 2189 2316 2237 et
2342 2182 2632 2251 inﬁnitum,
2660 2186 2803 2242 diem
2844 2187 2986 2245 felici
3014 2192 3212 2260 gaudio
3236 2192 3478 2263 plenum,
3511 2195 3667 2254 inde-

2083 2269 2295 2328 ﬁciente
2321 2273 2441 2330 luce
2477 2274 2760 2344 refertum,
2786 2280 3031 2351 angelico
3059 2284 3319 2341 comitatu
3360 2285 3661 2355 suffultam,

2080 2360 2224 2415 diem
2250 2376 2409 2432 quem
2451 2378 2558 2419 nox
2592 2380 2700 2421 non
2730 2368 3042 2439 interpolat,
3072 2374 3306 2429 tenebrat
3333 2390 3441 2431 non
3466 2377 3664 2433 obscu-

2078 2458 2224 2515 rant,
2254 2452 2497 2507 nubilum
2522 2470 2628 2508 non
2653 2454 2900 2525 otl‘uscat,
2939 2459 3336 2529 importsbilem
3362 2480 3472 2522 non
3499 2467 3664 2524 edicit

2079 2539 2230 2593 calor
2256 2542 2484 2609 sistatis,
2508 2544 2724 2615 pigrum
2751 2562 2858 2602 non
2888 2549 3063 2606 reddit
3095 2550 3267 2622 frigus
3290 2554 3485 2613 hiemis
3507 2575 3519 2611 :
3545 2558 3664 2615 dies

2077 2629 2170 2701 qui
2220 2630 2430 2688 tibimet
2457 2649 2598 2690 unus
2637 2635 2743 2690 erit
2773 2650 2895 2692 cum
2939 2641 3164 2708 sanctis,
3194 2645 3494 2702 communis
3535 2661 3661 2705 cum

2076 2719 2321 2791 angelis,
2344 2730 2579 2780 internus
2618 2740 2745 2780 cum
2780 2727 3045 2798 utrisque,
3076 2732 3169 2801 qui
3214 2731 3312 2789 tibi
3342 2750 3466 2790 cum
3513 2736 3661 2796 felici

2076 2811 2271 2879 gaudio
2319 2815 2651 2870 consortium
2697 2818 2901 2873 tribuat
2948 2821 3302 2892 angelorum,
3348 2834 3404 2882 et
3449 2830 3659 2886 socium

2074 2900 2239 2959 faciat
2281 2906 2712 2974 patriarcharum
2736 2949 2753 2973 ,
2807 2909 2863 2965 in
2913 2926 3141 2970 numero
3196 2926 3473 2988 computet
3525 2935 3657 2992 pro-

2073 2993 2387 3086 phetarum,
2441 2996 2497 3052 in
2549 3000 2908 3058 exsultatione
2953 3005 3161 3063 socium
3205 3005 3370 3065 faciat
3425 3020 3651 3086 aposto-

398 3065 741 3174 pervenimus
773 3097 1030 3168 gradum,
1081 3097 1133 3150 in
1179 3111 1289 3167 quo
1329 3096 1511 3167 operis
1549 3096 1724 3151 nostri
1765 3065 1976 3153 rectum
2001 3065 2049 3129 δ
2077 3082 2272 3174 loqun-

397 3191 653 3246 debemus
713 3187 879 3260 figere
931 3203 1198 3260 gressum.
1249 3185 1358 3243 Sed
1406 3186 1536 3258 quia
1587 3201 1688 3258 per
1712 3195 1975 3248 uosmet-

397 3284 544 3354 ipsos
584 3297 746 3353 agere
778 3297 885 3336 non
916 3282 1179 3348 valemus,
1216 3280 1544 3351 Prophetam
1582 3279 1821 3350 ejusdem
1864 3282 1975 3336 Do-

394 3374 564 3438 mini,
620 3373 775 3444 cujus
829 3373 975 3427 viam
1037 3373 1345 3444 gradimur,
1391 3371 1683 3446 diligenter
1740 3375 1977 3429 interro-

396 3474 605 3533 gemas.

2145 3171 2264 3244 Ipse
2301 3175 2498 3248 quippe
2548 3176 2803 3237 Salomon
2829 3177 2898 3238 de
2925 3179 3087 3241 laude
3130 3184 3257 3242 boni
3298 3188 3509 3247 timoris
3535 3189 3653 3253 ait:

2078 3261 2258 3318 Timor
2276 3263 2489 3323 Domini
2513 3266 2629 3337 fons
2649 3270 2767 3325 vita
2794 3268 2980 3341 (Ibid.,
3005 3290 3118 3343 xxv,
3143 3276 3257 3348 27).
3285 3278 3446 3352 Ergo,
3468 3281 3520 3338 si
3545 3284 3652 3352 vis,

2072 3369 2188 3421 rex,
2220 3356 2275 3411 in
2298 3367 2559 3415 aeternum
2586 3360 2823 3421 feliciter,
2835 3364 3039 3433 vivere,
3063 3367 3319 3427 alacriter
3344 3373 3415 3428 ad
3443 3372 3652 3433 fontem

2072 3445 2238 3537 debes
2262 3463 2546 3509 recurrere
2581 3451 2727 3510 vitae.
2766 3451 2886 3524 ipse
2925 3456 3068 3515 enim
3096 3466 3183 3517 est
3224 3458 3349 3517 fons
3376 3463 3521 3531 vita,
3556 3467 3655 3537 qui

468 3551 641 3608 Adest
681 3551 839 3607 nobis
883 3551 1170 3608 benevolus
1199 3553 1528 3624 humilisque
1571 3553 1738 3609 David
1766 3552 1974 3624 Spiritu
2063 3531 2192 3608 ίυϐθ
2220 3537 2354 3593 dans
2390 3540 2659 3610 poculum.
2689 3550 2945 3600 mmmam
2979 3546 3190 3605 aliferel
3221 3551 3391 3620 litim,
3434 3563 3491 3615 et
3521 3531 3649 3621 cum

395 3649 587 3698 sancto
633 3643 892 3713 repletus.
920 3651 976 3699 et
1002 3643 1091 3699 ubi
1119 3651 1244 3714 post
1267 3644 1663 3703 observantiam
1693 3647 1975 3703 mandato-

395 3750 520 3791 rum
546 3734 662 3800 Dei,
705 3734 1094 3804 servitiumque
1135 3735 1350 3790 beatum
1377 3736 1565 3806 pedem
1595 3737 1774 3805 operis
1801 3738 1973 3792 nostri

397 3825 565 3896 ﬁgere
586 3825 876 3881 debeamus
897 3826 1155 3892 ostendit,
1182 3826 1370 3882 dicens
1394 3845 1407 3881 :
1438 3825 1638 3882 Sereite
1671 3827 1891 3883 Domino
1916 3829 1971 3884 in

396 3917 582 3969 timore
609 3930 630 3969 :
657 3923 707 3970 et
744 3914 1005 3970 exsultate
1036 3916 1085 3970 ei
1126 3932 1246 3971 eum
1283 3925 1506 3972 tremore
1546 3914 1718 3989 (Psal.
1756 3935 1828 3987 η,
1856 3917 1967 3990 Η).

392 4004 531 4061 Nam
568 4014 624 4060 et
650 4004 937 4076 Apostolus
964 4020 1119 4076 mque
1141 4021 1239 4061 nos
1275 4006 1547 4069 admonet,
1577 4007 1800 4063 dicens:
1833 4006 1970 4062 Cum

395 4097 583 4151 timore
615 4105 837 4151 vestram
881 4095 1102 4152 salutem
1161 4097 1448 4167 operamini
1498 4095 1966 4169 (Philip.lt,12).

389 4184 532 4243 Ecce
557 4186 827 4256 quomodo
864 4187 952 4242 via
986 4187 1135 4258 regia
1168 4193 1345 4258 patet,
1389 4201 1517 4242 ecce
1556 4188 1823 4257 quomodo
1850 4204 1971 4259 per-

391 4275 576 4345 spicua
601 4284 702 4342 est,
733 4289 861 4344 ecce
889 4276 1157 4352 quomodo
1180 4277 1323 4333 ultro
1354 4292 1415 4333 se
1442 4277 1850 4333 occurrentibus
1886 4278 1969 4334 of-

391 4363 534 4420 fert:
566 4364 781 4436 planam
809 4379 868 4420 se
912 4364 1020 4420 iter
1046 4366 1329 4438 agentibus
1372 4367 1589 4432 sternit,
1628 4376 1686 4422 et
1730 4367 1964 4424 lucidam

392 4469 453 4510 se
505 4454 841 4511 calcantibus
888 4457 1109 4527 prebet.
1157 4456 1299 4528 Quid
1361 4457 1505 4514 enim
1548 4456 1789 4513 clarius?
1832 4459 1963 4529 quid

392 4545 658 4603 lucidius?
705 4546 900 4616 quidve
954 4548 1340 4618 congruentius
1391 4561 1513 4602 esse
1552 4553 1757 4617 potest,
1801 4563 1963 4618 quam

390 4643 450 4689 ut
489 4637 581 4707 qui
627 4636 802 4708 diligit
841 4638 1156 4703 Dominum,
1189 4638 1441 4695 mandata
1474 4633 1591 4705 ejus
1625 4638 1878 4691 observet
1910 4645 1966 4692 et

389 4732 643 4795 operetur
670 4725 723 4779 in
772 4726 885 4782 eis?
909 4735 965 4780 et
1003 4727 1095 4796 qui
1134 4734 1406 4796 cperatur,
1437 4739 1546 4778 non
1587 4724 1841 4790 inaniter,
1871 4733 1961 4779 aut

385 4813 670 4883 iactanter,
697 4814 791 4869 sed
820 4830 943 4870 cum
976 4816 1168 4871 timore
1207 4813 1305 4868 Dei
1329 4820 1604 4883 operetur,
1633 4823 1688 4868 et
1726 4828 1832 4869 non
1860 4815 1959 4873 sibi

389 4899 453 4957 de
498 4901 638 4957 bono
666 4917 830 4975 Opere
857 4904 1044 4957 inanes
1068 4910 1122 4957 et
1150 4915 1348 4956 vacuas
1386 4900 1589 4954 tribuat
1631 4901 1835 4965 laudes,
1867 4905 1961 4965 sed

389 4975 616 5071 Domino
647 4990 851 5064 jugitcr
874 4992 1064 5062 dignas
1097 4992 1299 5062 gratias
1340 4989 1557 5054 referat,
1602 4992 1693 5063 qui
1738 5008 1860 5048 eum
1908 5003 1965 5050 ει

390 5054 565 5159 ἧςῖίέειι
771 5054 960 5151 operis
1009 5054 1260 5150 impleat,
1301 5087 1358 5134 et
1404 5079 1459 5135 in
1508 5054 1778 5151 operando
1832 5086 1959 5140 felix

387 5146 1102 5249 bgéjutorium-praabcat.‘
1130 5169 1399 5240 Scriptum
1428 5179 1512 5225 est
1543 5146 1724 5227 enim:
1759 5173 1862 5239 Qui
1895 5175 1962 5229 ti—

2071 3627 2241 3699 gloria
2286 3630 2485 3688 tribuet
2513 3632 2930 3693 immortalitatis
2968 3652 3247 3701 coronam.
3287 3641 3408 3714 Ipso
3452 3646 3647 3705 iterum

2073 3719 2324 3778 Salomon
2359 3724 2474 3784 ait:
2515 3724 2693 3782 Timor
2724 3726 2939 3785 Domini
2965 3730 3058 3787 dat
3102 3732 3266 3789 vitam
3309 3735 3502 3808 (Ibid.,
3527 3757 3646 3810 xix,

2068 3811 2181 3880 25).
2208 3813 2368 3871 Vides
2395 3830 2546 3888 ergo,
2575 3831 2692 3885 rex,
2728 3818 2857 3888 quia
2893 3819 2949 3875 in
2987 3821 3182 3879 timore
3223 3825 3434 3883 Domini
3475 3829 3649 3901 pleni-

2070 3905 2197 3960 tudo
2226 3905 2499 3963 invenitur
2522 3908 2682 3964 vitat:
2712 3910 2861 3966 vides
2888 3911 3016 3981 quia
3046 3914 3209 3970 timor
3240 3916 3451 3975 Domini
3485 3922 3644 3980 nobis

2068 3991 2426 4049 immortalem
2468 4003 2525 4050 et
2567 4004 2827 4057 mternam
2855 4001 3128 4061 ministrat
3172 4006 3357 4067 vitam.
3398 4008 3646 4071 Praesens

2067 4079 2266 4135 etenim
2292 4082 2399 4137 vita
2427 4082 2635 4143 dierum
2663 4086 2993 4156 plenitudine
3017 4104 3127 4149 non
3156 4090 3399 4164 fulcitur,
3437 4100 3531 4156 sed
3560 4101 3645 4156 fu-

2069 4176 2210 4259 tura.
2233 4169 2291 4259 In
2317 4171 2536 4228 dimidio
2555 4189 2788 4247 namque
2808 4177 3019 4234 dierum
3043 4192 3349 4241 nostrorum
3372 4187 3639 4259 tollimur;

2066 4266 2122 4353 et
2162 4258 2255 4353 ab.
2268 4258 2402 4353 ista,
2421 4260 2559 4353 dum
2602 4263 2778 4353 adhuc
2808 4266 2989 4323 vivere
3025 4270 3348 4342 cogitamus,
3399 4258 3644 4353 rapimur

2065 4347 2195 4401 vita.
2224 4347 2315 4404 Sic
2347 4351 2492 4409 enim
2535 4366 2632 4412 rex
2653 4352 2832 4422 justus
2857 4355 3118 4417 Ezechias
3146 4361 3261 4418 ait:
3293 4364 3405 4436 Ego
3442 4347 3555 4422 dici
3583 4370 3641 4425 in

2065 4438 2284 4529 dimidio
2321 4440 2526 4498 dierum
2552 4459 2785 4501 meorum
2806 4460 2825 4498 :
2860 4445 3063 4507 Vadam
3097 4450 3167 4509 ad
3213 4464 3392 4523 portas
3440 4458 3634 4529 inferi,

2064 4539 2171 4585 etc.
2200 4528 2433 4586 Prtecisa
2457 4542 2532 4587 est
2563 4533 2701 4588 velut
2728 4552 2760 4590 a
2782 4545 2982 4603 temnite
3019 4542 3123 4596 vita
3145 4559 3295 4610 mea;
3317 4546 3441 4602 dum
3462 4528 3635 4611 adhuc

2065 4620 2287 4687 ordirer,
2319 4623 2538 4679 succidit
2566 4640 2648 4678 me
2668 4641 2688 4680 :
2719 4626 2783 4680 de
2810 4643 2963 4685 mane
2987 4646 3147 4700 usque
3183 4634 3251 4687 ad
3277 4651 3535 4706 vesperam
3568 4640 3636 4712 ﬁ-

2065 4711 2174 4767 nies
2207 4728 2289 4766 me
2332 4713 2486 4785 (Isai.
2511 4731 2743 4784 xxxvm,
2773 4719 2976 4793 10-12).
3000 4721 3135 4781 Nam
3174 4726 3315 4794 quod
3344 4728 3398 4784 in
3441 4729 3635 4787 timore

2065 4802 2161 4859 Dei
2199 4803 2474 4874 plenitudo
2514 4807 2585 4861 sit
2611 4809 2910 4879 sapientim,
2936 4820 2993 4867 et
3035 4813 3306 4883 plenitudo
3336 4816 3627 4891 fructuum,

2065 4906 2121 4953 et
2164 4898 2438 4968 plenitudo
2464 4904 2843 4971 generationis,
2876 4915 2931 4962 et
2960 4909 3248 4967 thesaurus
3286 4913 3495 4981 salutis,
3525 4932 3630 4973 una

2064 4988 2333 5042 sententia
2356 4991 2757 5062 comprehendit
2782 4995 2987 5063 pariter
3027 4997 3438 5058 Ecclesiasticus
3472 5004 3628 5072 liber,

2063 5085 2117 5132 et
2160 5078 2330 5137 dicit:
2361 5076 2639 5139 Plenitudo
2684 5084 2952 5153 sapientia:
2998 5096 3073 5141 est
3117 5089 3294 5144 timere
3335 5090 3548 5161 Deum;
3577 5111 3628 5154 et

2060 5167 2327 5239 plenitudo
2353 5187 2386 5227 a
2420 5170 2673 5240 fructibus
2709 5172 2845 5242 ejus,
2876 5190 3076 5232 omnem
3114 5178 3325 5234 domum
3365 5180 3508 5239 illius
3532 5184 3630 5240 int-

386 5240 856 5353 dibizi':l‘?gguinum,
885 5270 1216 5329 sperat-erunt
1250 5261 1303 5314 in
1331 5260 1597 5321 Domino.-
1629 5264 1842 5336 adjumr
1871 5282 1960 5321 eo-
2058 5256 2215 5328 plebit
2249 5275 2281 5312 a
2310 5240 2746 5330 generationibus,
2773 5273 2820 5317 et
2864 5267 3189 5336 receptacula
3214 5287 3248 5325 a
3272 5271 3531 5329 thesauris
3563 5274 3631 5328 ει.

276 5400 283 5415 ,
526 5324 867 5429 :e‘tméifot‘ector
890 5364 1067 5403 eorum
1090 5358 1163 5403 est
1187 5348 1356 5422 (Psal.
1380 5367 1532 5418 cxm,
1562 5351 1669 5422 Η).

2042 5347 2177 5404 -ιίιιδ,
2203 5347 2409 5409 Corona
2442 5350 2710 5421 sapientitc
2748 5353 2904 5408 timor
2923 5353 3151 5421 Domini,
3198 5358 3398 5430 replens
3423 5378 3625 5431 pacem,

460 5416 466 5424 .
526 5410 554 5427 ..
606 5410 623 5429 .
711 5412 726 5425 ..
1193 5410 1205 5422 .
1518 5410 1529 5418 .
1631 5410 1642 5422 .
2502 5410 2513 5421 .
3138 5410 3150 5421 .
3200 5410 3395 5430 ηπ----
3423 5410 3625 5431 r---.-.,

809 5455 843 5496 0
868 5439 1149 5495 mitissime
1191 5458 1303 5506 rex,
1334 5442 1523 5508 Deum,
1570 5450 1630 5499 ut
1667 5445 1956 5511 protectio—
2055 5449 2106 5495 et
2149 5441 2336 5496 salutis
2387 5442 2613 5505 fructum
2657 5456 2676 5495 :
2719 5453 2766 5499 et
2804 5445 2963 5512 uidit,
2990 5455 3038 5501 et
3077 5447 3424 5507 dinumeravit
3473 5470 3626 5523 eam,

553 5507 559 5519 Ι

875 5538 929 5587 et
953 5531 1276 5602 adjutorinm
1305 5531 1431 5587 felix
1470 5502 1756 5597 ministret,
1784 5543 1839 5589 et
1864 5544 1955 5589 tua
2054 5541 2276 5603 utraque
2319 5541 2489 5587 autem
2531 5542 2653 5588 sunt
2683 5533 2824 5589 dona
2867 5535 2967 5591 Dei
3010 5537 3200 5610 (Eccli.
3266 5558 3320 5608 ι,
3348 5541 3461 5615 20).
3506 5502 3625 5615 Ipse

1073 5618 1239 5691 Moysi
1264 5631 1319 5676 et
1351 5621 1531 5675 Aaron
1575 5621 1723 5677 unita
1749 5623 1816 5678 ad
1847 5624 1954 5681 Be—
2054 5622 2250 5681 iterum
2279 5630 2331 5680 te
2367 5623 2556 5681 timere
2584 5623 2869 5681 Dominum
2913 5604 3223 5685 salutariter
3246 5604 3623 5695 admonitu-dir
