3944 6410
365 249 468 304 943

1649 242 2003 301 SMARAGDI
2038 244 2331 300 ABBATIS

3523 246 3629 302 9H

362 362 759 436 generositatem
802 360 944 415 illius
989 357 1270 431 gloriﬁcat,
1315 357 1707 414 contubernium
1746 358 1943 415 habens
1973 362 2022 422 Α
2048 359 2205 414 timor
2230 357 2440 413 Domini
2468 358 2581 428 ipsa
2624 366 2701 414 est
2747 357 3026 429 sapientia,
3070 364 3118 410 et
3167 355 3401 411 recedere
3426 374 3458 411 a
3490 360 3632 416 malo

363 458 493 523 Dei;
527 455 614 510 sed
635 464 683 510 et
713 453 944 507 omnium
969 450 1224 506 Dominus
1250 450 1432 505 dilexit
1476 449 1646 504 illam.
1680 448 1945 505 Sobrieta-

363 559 467 605 tem
490 549 626 603 enim
655 557 703 601 et
723 544 1057 617 prudentiam
1101 544 1270 610 docet,
1315 553 1363 599 et
1398 542 1684 614 justitiam,
1713 551 1762 597 et
1784 543 1948 597 virtu-

362 649 485 704 tem,
516 635 701 708 quibus
730 633 911 688 utilius
937 632 1068 687 nihil
1101 642 1175 687 est
1210 632 1267 686 in
1289 632 1393 707 vita
1441 628 1760 685 hominibus.
1811 627 1947 683 Pro-

362 736 474 798 pter
528 725 662 778 hanc
719 723 915 777 habebo
968 720 1416 776 immortalitatem
1445 760 1461 785 ,
1525 729 1573 774 et
1637 720 1946 774 memoriam

360 800 614 881 (sternam
649 814 729 869 his
765 815 855 886 qui
880 823 995 885 post
1022 829 1102 867 me
1129 812 1297 882 futuri
1333 821 1453 867 sunt
1482 810 1812 883 relinquam:
1841 810 1949 863 d.'s-

362 923 553 979 ponam
583 905 824 977 populos,
853 915 899 958 et
928 904 1163 958 nationes
1207 902 1335 956 mihi
1377 911 1527 956 erunt
1572 900 1814 956 subditas.
1862 898 1950 952 Ti-

363 997 573 1052 utebunt
602 1012 682 1051 me
708 994 978 1050 audientes
1008 1009 1151 1063 reges
1176 991 1445 1056 horrendi,
1467 999 1516 1045 et
1536 993 1591 1045 in
1614 987 1949 1044 multitudine

365 1086 576 1141 videbor
609 1086 796 1150 bonus,
827 1093 874 1140 et
910 1084 966 1139 in
995 1080 1126 1137 bello
1148 1081 1298 1151 {ortis
1329 1078 1479 1152 (Sep.
1511 1095 1608 1146 vu,
1642 1079 1801 1143 1-29;
1824 1093 1946 1144 vm,

368 1177 597 1248 ιιτ-ιδ).

436 1265 820 1321 Animadverte
853 1270 908 1320 et
933 1261 1191 1331 intelligo,
1240 1275 1273 1315 ο
1312 1258 1649 1316 nobilissime
1679 1264 1735 1314 et
1758 1257 1951 1314 claris.

367 1360 503 1415 sime
538 1373 656 1421 rex,
686 1357 813 1427 quia
852 1354 1116 1425 sapientia
1145 1353 1318 1408 virtus
1350 1352 1497 1421 regia
1527 1358 1631 1415 est,
1655 1365 1775 1420 qum
1804 1350 1953 1405 inve-

367 1448 686 1520 stigabiliter
732 1461 768 1501 a
806 1445 951 1516 regis
980 1458 1167 1514 regum
1211 1440 1490 1511 praedivite
1526 1438 1771 1511 procedit
1827 1438 1946 1495 lbe-

362 1553 550 1604 sauro,
581 1545 636 1591 et
660 1552 767 1591 non
793 1531 1184 1605 negligentibus
1211 1537 1305 1586 aut
1331 1528 1602 1600 superbis,
1633 1527 1832 1583 invidis
1857 1534 1951 1582 aut

356 1629 649 1687 malevolis
681 1625 988 1693 datur;-sed
1021 1622 1262 1687 mitibus,
1292 1620 1587 1677 humilibus
1614 1628 1670 1676 et
1710 1618 1950 1675 timenti-

2045 449 2385 519 intelligentia
2422 447 2545 519 (Job
2594 465 2788 515 xxvm,
2822 448 2907 514 η,
2942 448 3008 502 15
3060 447 3322 518 et~seqq.).

2115 539 2349 597 Grandis
2367 541 2511 596 enim
2552 541 2662 607 hic,
2686 556 2779 596 rex
2805 539 3129 604 clarissime,
3171 547 3232 594 ut
3257 539 3426 607 vides,
3458 551 3518 596 et
3550 542 3635 597 in-

2046 631 2375 702 vestigabilis
2398 630 2539 686 fama
2560 631 2628 687 de
2652 631 2916 701 sapientia
2941 638 3131 695 sonat;
3161 630 3307 700 regia
3331 631 3451 685 sine
3469 632 3634 686 dubio

2045 721 2222 776 virtus
2240 729 2344 786 est,
2368 720 2453 775 cui
2483 736 2588 775 non
2618 728 2966 789 comparatur
3007 733 3202 772 aurum
3239 718 3521 785 mundum,
3547 721 3635 774 vel

2045 813 2333 884 obryzum,
2377 826 2478 866 nec
2519 810 2895 880 aquuabitur
2933 817 3220 879 argentum
3244 808 3630 876 clarissimum,

2048 920 2149 961 nec
2184 903 2466 960 confertur
2502 903 2702 958 vitrum
2745 899 3104 971 perlucidum.
3144 898 3205 955 In
3232 899 3388 970 cujus
3421 915 3635 972 compa-

2049 997 2259 1054 ratione
2284 996 2423 1066 lapis
2448 994 2659 1050 vilescit
2681 993 3075 1063 sardonycbus,
3098 1006 3199 1061 pro
3227 991 3401 1048 nihilo
3421 993 3635 1049 ducitur

2049 1087 2360 1158 sapphirus,
2381 1084 2790 1155 parvipenditur
2813 1083 3077 1153 topazius.
3095 1081 3275 1137 Aurea
3291 1097 3400 1137 non
3427 1084 3636 1154 magni-

2049 1177 2151 1233 fice
2181 1177 2432 1232 feruntur
2465 1173 2705 1238 vascula,
2731 1172 3100 1228 mundissimae
3128 1187 3236 1227 non
3264 1173 3637 1243 appendentur

2050 1269 2320 1333 tincturus,
2343 1280 2447 1322 nec
2482 1265 2687 1335 aliquid
2720 1264 2942 1333 pretiosi
2978 1270 3034 1317 et
3062 1261 3198 1317 varii
3221 1262 3636 1319 estlmabuntur

2049 1354 2417 1428 lapilli.Vere,
2455 1363 2515 1410 ut
2538 1355 2707 1417 vides,
2751 1354 2900 1425 regia
2920 1353 3093 1409 virtus
3127 1360 3217 1408 est
3253 1353 3538 1422 sapientia,
3579 1362 3637 1412 et

2051 1462 2083 1502 a
2106 1447 2325 1518 regibus
2350 1445 2584 1501 maxime
2611 1443 2900 1515 diligenda.

2053 1578 2057 1581 -
2121 1536 2296 1606 Dilige
2323 1550 2454 1607 ergo
2481 1534 2647 1598 illam,
2674 1550 2709 1590 ο
2734 1533 3037 1590 clarissime
3063 1548 3182 1598 rex,
3215 1540 3276 1588 ut
3295 1533 3540 1605 diligaris
3566 1536 3638 1591 ab

2054 1628 2147 1684 illa
2176 1646 2192 1682 :
2226 1627 2408 1683 taliter
2426 1626 2574 1681 enim
2607 1640 2710 1681 vos
2738 1623 2857 1693 ejus
2883 1625 2939 1680 in
2963 1623 3273 1680 Proverbiis
3300 1632 3489 1681 sonat:
3522 1625 3636 1696 Ego

366 1723 469 1777 bus
503 1721 672 1776 Deum
686 1716 1040 1773 conceditur.
1064 1712 1204 1768 Vere
1232 1711 1377 1767 enim
1400 1700 1525 1766 sine
1558 1709 1720 1766 dubio
1742 1709 1950 1779 sapien-
1977 1716 2025 1779 Β
2051 1718 2324 1790 (augeam
2352 1734 2453 1784 κω,
2478 1717 2671 1787 inquit,
2705 1716 2868 1787 diligo
2899 1729 2919 1768 :
2946 1725 2995 1770 et
3031 1716 3121 1787 qui
3147 1732 3299 1770 mane
3327 1716 3541 1787 vigilant
3566 1729 3636 1773 an

367 1812 442 1867 tia
465 1813 638 1865 virtus
672 1815 759 1865 est
784 1806 956 1878 regia,
985 1805 1053 1861 ad
1092 1818 1229 1874 quos
1272 1800 1598 1874 specialiter,
1641 1808 1703 1855 ut
1739 1800 1950 1856 discant

367 1899 710 1971 sapientiam,
738 1911 917 1953 sermo
943 1892 1292 1965 propheticus
1317 1892 1579 1948 clamitat.
1605 1890 1772 1961 Regia
1800 1905 1951 1945 nam-

359 2006 471 2060 que
498 1990 669 2045 virtus
703 1996 790 2043 est
810 1985 1102 2056 sapientia,
1132 1983 1259 2053 quia
1294 1982 1432 2038 bene
1462 1988 1752 2053 operantes
1792 1994 1951 2051 reges

361 2083 642 2154 justiﬁeat,
678 2089 734 2136 et
773 2080 952 2134 lumen
979 2076 1218 2134 scientiae
1255 2075 1360 2130 illis
1387 2070 1821 2143 inexstinguibile
1864 2086 1952 2125 ra-

367 2175 501 2239 diat,
524 2171 713 2227 oculos
736 2168 917 2225 cordis
943 2166 1230 2231 illuminat,
1247 2179 1447 2220 sensus
1471 2162 1669 2218 mentis
1696 2161 1947 2226 illustrat,

364 2261 623 2320 subtilem
670 2257 1016 2315 intellectum
1070 2255 1378 2320 ministrat,
1431 2252 1657 2310 salutem
1706 2250 1951 2321 corporis

364 2361 611 2426 praestat,
665 2353 1008 2408 honestatem
1056 2346 1302 2405 moribus
1348 2341 1634 2410 concedit,’
1668 2344 1951 2399 thesauros

368 2445 608 2502 inﬁnitos
641 2441 981 2512 multiplicat,
1011 2440 1265 2495 virtutem
1296 2438 1446 2508 regni
1472 2437 1710 2501 roborat,
1735 2444 1791 2491 et
1824 2449 1952 2505 par-

368 2536 587 2606 ticipem
611 2532 707 2588 Dei
739 2530 993 2587 amicitiae
1020 2528 1319 2593 constituit,
1350 2526 1545 2597 spiritu
1582 2524 1858 2598 sapientiae
1894 2533 1949 2581 et

368 2623 694 2687 intellectus,
725 2620 933 2676 consilii
963 2627 1017 2673 et
1048 2617 1397 2680 fortitudinis,
1429 2615 1671 2671 scientia:
1695 2624 1751 2669 et
1782 2614 1952 2683 pieta-

366 2716 456 2780 tis,
486 2721 543 2770 et
581 2711 791 2768 timoris
814 2708 1037 2765 Domini
1076 2706 1269 2778 replet.
1312 2704 1588 2762 Justitiam
1635 2705 1852 2775 regibus
1896 2711 1951 2758 et

364 2805 744 2880 prudentiam,
792 2799 1165 2857 fortitudinem
1200 2806 1254 2855 et
1297 2796 1708 2869 temperantiam
1761 2796 1947 2863 donat,

365 2898 623 2955 virtutem
647 2901 703 2950 et
725 2891 1071 2948 sobrietatem
1116 2889 1407 2953 ministrat,
1454 2886 1675 2943 stabiles
1722 2886 1854 2942 facit
1894 2886 1949 2941 in

365 3002 564 3061 regno,
605 2992 785 3041 certos
825 2983 881 3037 in
922 2980 1114 3047 verbo,
1155 2979 1337 3035 dulces
1378 2979 1431 3032 in
1474 2977 1718 3047 eloquio,
1750 2975 1949 3031 hilares

367 3053 615 3145 imum,
661 3076 716 3131 in
761 3071 1130 3129 miseriwrdia
1158 3072 1442 3134 humanos,
1484 3069 1541 3125 in
1574 3067 1949 3138 respondendo
1976 3053 2020 3115 C

366 3184 592 3235 suaves,
643 3166 700 3221 iu
769 3162 1126 3220 discernendo
1186 3174 1437 3231 sagaces,
1484 3159 1539 3216 in
1590 3157 1949 3230 prosperitate

367 3267 561 3330 mites,
611 3264 667 3320 in
716 3259 1047 3317 advemitate
1098 3270 1361 3321 securos,
1398 3262 1606 3310 acutos
1648 3252 1702 3306 in
1749 3267 1946 3316 sensu,

357 3359 423 3413 in
475 3356 621 3412 facto
670 3350 938 3423 placidos,
987 3348 1249 3404 candidos
1295 3346 1349 3400 in
1392 3344 1542 3400 vultu
1585 3352 1642 3399 et
1686 3342 1855 3399 fortes
1895 3342 1949 3397 in

365 3447 526 3507 bello.
587 3444 864 3516 Sapientia
902 3440 1135 3511 regibus
1178 3438 1423 3494 concedit
1463 3437 1565 3493 sibi
1595 3437 1809 3493 subdita
1839 3435 1952 3490 dis-

367 3547 518 3597 crcte
573 3537 857 3607 disponere
912 3546 1077 3602 regna
1094 3570 1110 3596 ,
1168 3536 1226 3584 et
1286 3528 1523 3587 suaviter
1572 3526 1796 3598 populos
1838 3523 1950 3595 jam

369 3629 490 3698 sibi,
512 3627 642 3684 facit
683 3626 890 3685 servire
926 3636 1239 3694 ,possessos.
1281 3621 1510 3676 Exteras
1548 3619 1724 3675 etiam
1764 3626 1954 3689 gentes

368 3723 586 3782 fortiter
623 3718 755 3775 facit
785 3716 1055 3774 debellare
1095 3714 1354 3779 minaces,
1382 3721 1439 3769 et
1479 3712 1727 3768 nationes
1759 3710 1953 3780 subjici

371 3818 543 3882 diras,
586 3823 645 3871 et
687 3827 844 3885 reges
892 3811 1092 3868 calcari
1114 3809 1344 3876 feroces,
1384 3818 1443 3866 et
1468 3817 1528 3864 ut
1564 3808 1639 3864 ita
1666 3809 1866 3875 dicam,
1898 3808 1953 3863 in

370 3906 635 3979 sapientia
666 3911 880 3962 was-tat
908 3902 1056 3975 regni
1085 3901 1367 3972 dispositio
1401 3908 1617 3958 cuncta.
1642 3900 1955 3958 Tbesaurus

371 4002 572 4060 etenim
611 4013 842 4069 magnus
880 4003 967 4053 est
1000 3995 1293 4066 sapientia,
1329 4009 1494 4063 quam
1534 3993 1627 4064 qui
1663 3982 1952 4056 invenerit,

373 4092 610 4149 inveniet
658 4090 862 4149 vitam.
911 4094 967 4142 et
1008 4087 1101 4156 qui
1144 4085 1479 4157 possederit,
1531 4082 1956 4141 immortalitatis

371 4182 595 4239 habebit
630 4193 912 4235 coronam.
944 4176 1255 4234 Thesaurus
1301 4182 1387 4232 est
1429 4174 1575 4230 enim
1611 4172 1825 4228 Domini
1862 4186 1957 4228 oc-

372 4272 552 4329 cultus
594 4279 650 4328 et
683 4283 800 4327 non
839 4267 1091 4325 omnibus
1136 4263 1533 4322 manifestatus.
1583 4262 1675 4320 Sic
1705 4263 1852 4318 enim
1889 4262 1956 4319 de

373 4363 637 4435 sapientia
658 4362 742 4416 vir
769 4356 1163 4415 famosissimus
1182 4355 1283 4411 Job
1307 4363 1555 4419 testatur,
1583 4353 1772 4409 dicens
1800 4370 1813 4407 :
1849 4352 1953 4409 Sa-

370 4453 571 4526 pientia
615 4468 734 4506 vero
762 4449 849 4504 ubi
893 4446 1191 4502 invenitur.9
1231 4454 1279 4499 et
1304 4445 1424 4516 quis
1454 4452 1529 4498 est
1568 4442 1713 4500 locus
1759 4441 1955 4508 intellig

372 4544 601 4616 gentiw?
641 4542 800 4597 nescit
837 4541 992 4595 homo
1033 4540 1256 4609 pretium
1294 4537 1433 4606 ejus,
1478 4552 1570 4590 nec
1602 4537 1863 4591 invenitur
1897 4534 1954 4589 iu

374 4645 516 4692 terra
543 4634 770 4690 suaviter
810 4632 1110 4688 viventium.
1160 4629 1390 4700 Abyssus
1417 4628 1545 4683 dicit
1576 4641 1595 4680 :
1634 4626 1759 4681 Non
1780 4636 1864 4681 est
1898 4627 1955 4683 in

374 4743 491 4792 me;
520 4734 571 4781 et
606 4740 752 4778 mare
779 4723 1011 4794 loquitur
1037 4734 1056 4773 :
1088 4720 1214 4776 Non
1238 4729 1314 4774 est
1339 4734 1561 4774 mecum.
1595 4715 1717 4771 Non
1744 4718 1958 4771 dabitur

370 4833 569 4875 aurum
614 4816 863 4884 obryzum
903 4830 999 4884 pro
1035 4829 1115 4876 ea,
1163 4827 1255 4865 nec
1307 4809 1629 4879 appendetur
1683 4818 1957 4879 argentum

375 4910 435 4966 in
465 4907 869 4961 commutatione
915 4904 1050 4973 ejus.
1086 4902 1210 4956 Non
1256 4901 1548 4971 a-quabitur
1574 4901 1625 4954 ei
1660 4917 1852 4955 aurum
1880 4900 1958 4956 vel

378 5002 592 5065 uitrum,
612 5011 703 5052 nec
722 4995 1179 5049 commutabuntur
1203 5009 1298 5064 pro
1326 5010 1388 5047 ea
1417 5008 1541 5047 vasa
1571 4994 1693 5047 auri
1714 5006 1733 5045 :
1754 4991 1957 5048 excelsa

379 5102 428 5146 et
463 5088 744 5147 eminentia
774 5103 878 5143 non
917 5085 1344 5141 memorabuntur
1384 5088 1772 5156 comparatione
1797 5087 1911 5157 ejus
1938 5103 1957 5141 :

382 5181 611 5236 trahitur
633 5187 807 5234 autem
835 5177 1096 5248 sapientia
1130 5177 1196 5231 de
1228 5176 1463 5242 occultis,
1495 5186 1600 5232 etc.
1655 5175 1805 5233 Unde
1837 5194 1958 5250 ergo

383 5271 641 5342 sapientia
669 5270 842 5325 venit?
883 5278 931 5323 et
972 5270 1088 5339 quis
1116 5278 1193 5324 est
1221 5269 1366 5324 locus
1408 5270 1803 5341 intelligentiae?
1828 5273 1959 5328 Abs-

387 5363 598 5422 eondita
621 5369 697 5416 est
723 5360 788 5414 ab
825 5360 989 5415 oculis
1013 5361 1245 5415 omnium
1270 5362 1565 5427 viventium,
1595 5364 1824 5419 volucres
1848 5365 1961 5420 steti

2048 1827 2153 1876 me,
2183 1811 2444 1865 invenient
2471 1827 2552 1864 me
2595 1807 2780 1883 (Prov.
2802 1825 2925 1872 vut,
2971 1809 3082 1882 i7).
3127 1809 3256 1864 Tale
3299 1817 3450 1865 tuum
3479 1810 3638 1865 bonis

2049 1900 2260 1956 actibus
2309 1900 2519 1971 regium
2549 1914 2796 1971 prmpara
2837 1909 3046 1969 pectus,
3085 1907 3148 1953 ut
3178 1909 3270 1954 tuo
3304 1914 3520 1970 semper
3554 1902 3638 1955 in-

2048 2006 2170 2048 esse
2196 1990 2423 2047 consilio
2457 1990 2772 2046 delectetur.
2800 1989 3041 2045 [uternis
3059 1999 3112 2045 te
3142 1990 3332 2045 doceat
3352 1991 3639 2058 cogitatio-

2049 2084 2209 2139 nibus
2266 2081 2531 2151 quidquid
2576 2096 2768 2152 gerere
2810 2081 2975 2136 debes
3014 2081 3288 2151 operibus.
3341 2080 3511 2135 Suum
3552 2090 3638 2137 est

2048 2174 2193 2229 enim
2239 2171 2548 2236 consilium,
2596 2180 2653 2226 et
2696 2171 2785 2227 cui
2828 2171 2943 2225 vult
2988 2172 3202 2226 intimat
3227 2171 3388 2237 illud;
3431 2187 3527 2227 sua
3554 2180 3640 2228 est

2048 2261 2354 2333 prudentia,
2392 2268 2449 2316 et
2491 2260 2576 2315 cui
2614 2260 2727 2315 vult
2774 2260 3003 2332 porrigit
3049 2260 3228 2328 illam;
3268 2277 3365 2317 sua
3411 2271 3496 2318 est
3531 2262 3637 2318 for.

2049 2351 2246 2416 titudo,
2276 2360 2333 2406 et
2370 2351 2459 2407 cui
2499 2351 2615 2406 vult
2638 2352 2829 2406 tribuit
2863 2352 3038 2418 illam;
3082 2368 3238 2408 suum
3263 2362 3348 2409 est
3386 2370 3633 2424 regnum,

2048 2453 2106 2499 et
2133 2444 2221 2499 cui
2250 2444 2368 2499 vult
2393 2452 2449 2499 et
2480 2453 2742 2514 quantum
2788 2444 2902 2499 vult
2942 2446 3288 2501 commendat
3334 2446 3487 2500 illud.
3525 2445 3635 2501 Sua

2048 2535 2249 2590 etenim
2274 2549 2377 2589 vox
2406 2549 2506 2605 per
2528 2534 2871 2590 Salomonem
2903 2536 2956 2589 in
2990 2535 3299 2592 Proverbiis
3322 2538 3504 2593 taliter
3526 2538 3637 2593 cla-

2048 2624 2205 2678 mitat
2228 2641 2242 2677 ;
2277 2623 2389 2694 Ego
2415 2626 2670 2695 sapientia
2685 2625 2862 2680 habito
2888 2625 2942 2683 in
2966 2625 3207 2691 consilio,
3234 2634 3282 2680 et
3301 2627 3521 2683 eruditis
3547 2629 3635 2683 inc

2049 2723 2244 2768 tersum
2261 2716 2688 2785 cogitationibus.
2717 2715 2773 2769 Μ
2777 2732 2895 2769 eum
2920 2725 2995 2770 est
3017 2716 3293 2771 consilium
3316 2725 3373 2789 et_
3390 2720 3632 2789 trquitas,

2048 2821 2165 2859 mea
2200 2813 2276 2859 est
2319 2805 2620 2875 prudentia,
2657 2822 2773 2860 mea
2820 2816 2896 2860 est
2942 2805 3216 2875 fortitudo.
3250 2786 3467 2863 Per.me
3492 2825 3635 2880 reges

2049 2904 2289 2966 regnant,
2317 2904 2366 2949 et
2384 2895 2678 2949 conditores
2699 2894 2871 2966 legum
2903 2895 3049 2965 justa
3084 2897 3389 2951 decernunt.
3418 2895 3524 2951 Per
3556 2916 3637 2952 me

2049 2986 2309 3056 principes
2354 2986 2634 3055 imperant,
2675 2993 2725 3038 et
2767 2994 3001 3056 potentes
3038 2986 3318 3040 decernunt
3348 2986 3635 3056 justitiam.

2055 3075 2166 3148 Ego
2184 3076 2457 3149 diligentes
2483 3095 2564 3131 me
2586 3077 2770 3150 diligo,
2810 3088 2859 3132 et
2891 3079 2979 3150 qui
3010 3094 3162 3132 mane
3186 3078 3399 3149 vigilant
3429 3079 3497 3133 ad
3531 3096 3636 3145 me,

2050 3164 2307 3223 invenient
2336 3185 2439 3223 me.
2471 3168 2678 3224 Mecum
2701 3180 2823 3224 sunt
2842 3171 3041 3226 divitia
3078 3180 3129 3225 et
3169 3170 3358 3240 gloria,
3402 3187 3522 3241 opes
3548 3188 3640 3226 su-

2049 3258 2220 3328 perba:
2249 3268 2297 3313 et
2317 3259 2550 3329 justitia.
2583 3259 2774 3315 Melior
2806 3270 2882 3315 est
2923 3263 3063 3315 enim
3101 3262 3303 3331 fructus
3331 3278 3476 3316 meus
3504 3279 3638 3317 auro

2051 3359 2101 3403 et
2128 3349 2303 3422 lapids
2325 3353 2571 3422 pretioso,
2597 3362 2645 3407 et
2674 3353 2937 3424 genimina
2965 3370 3080 3408 mea
3113 3364 3330 3425 argento
3359 3354 3540 3409 electo.
3571 3354 3638 3409 In

2051 3440 2147 3495 viis
2175 3441 2392 3509 iustitia
2429 3443 2737 3510 ambulo,in
2777 3445 2947 3499 medio
2987 3445 3291 3499 semitan
3326 3446 3540 3515 judicii,
3579 3456 3641 3500 ut

2051 3527 2212 3585 ditem
2232 3530 2506 3600 diligentes
2525 3548 2628 3597 me,
2644 3542 2692 3586 et
2712 3533 2985 3587 thesauros
3003 3549 3183 3588 eorum
3205 3534 3431 3604 repleam
3452 3535 3637 3606 (Prov.

2053 3633 2172 3685 vut,
2210 3618 2433 3691 12-21).
2467 3620 2610 3693 Ergo
2643 3635 2760 3688 rex,
2780 3630 2840 3676 ut
2862 3630 3109 3677 terrenos
3134 3623 3418 3679 thesauros
3443 3625 3539 3681 tibi
3562 3639 3641 3680 re-

2051 3709 2197 3779 pleat
2212 3710 2481 3779 Christus,
2511 3721 2568 3768 et
2592 3713 2852 3769 concedat
2891 3720 3146 3779 aeternos,
3185 3714 3367 3771 clama
3391 3717 3641 3774 medullis

2052 3799 2257 3868 cordis,
2272 3803 2445 3873 clama
2458 3812 2571 3859 tota
2590 3803 2888 3860 intentione
2903 3803 3121 3869 mentis,
3134 3814 3191 3859 et
3208 3820 3330 3859 cum
3353 3804 3640 3863 Salomone

2054 3914 2161 3954 non
2191 3909 2372 3952 cesses
2396 3894 2466 3949 ad
2493 3892 2778 3948 Dominum
2804 3891 3031 3948 fundere
3048 3907 3269 3963 preces;
3297 3910 3395 3950 ora
3413 3894 3637 3967 iugiter,

2053 4004 2148 4045 ora
2205 3987 2549 4056 frequenter,
2607 3998 2704 4039 ora
2754 3983 3058 4050 instanter,
3114 3998 3210 4040 ora
3270 3984 3639 4040 indesinenter

2055 4082 2246 4145 Deum,
2286 4086 2342 4133 et
2365 4076 2487 4151 die:
2523 4076 2659 4130 Deus
2698 4086 2906 4146 patrum
2945 4093 3179 4133 meorum
3212 4085 3261 4131 et
3291 4076 3515 4131 Domine
3542 4077 3639 4131 mi-

2053 4167 2377 4232 sericordiae,
2410 4166 2500 4237 qui
2530 4165 2699 4235 fecisti
2736 4167 2911 4220 omnia
2949 4169 3101 4221 verbo
3140 4177 3250 4232 tuo,
3293 4175 3341 4221 et
3381 4166 3639 4221 savientia

2055 4270 2148 4316 tua
2172 4258 2488 4315 constituisti
2509 4257 2773 4311 hominem
2795 4267 2852 4311 ut
2865 4255 3236 4313 dominaretur
3248 4266 3506 4312 creatum:
3524 4272 3640 4328 qui:

2056 4370 2088 4407 a
2110 4362 2161 4406 te
2186 4351 2332 4422 facta
2355 4359 2455 4415 est,
2480 4359 2536 4404 ut
2564 4349 2808 4421 disponat
2831 4351 3002 4404 orbem
3026 4360 3285 4405 terrarum
3314 4349 3370 4404 in
3397 4348 3641 4419 aequitate

2055 4457 2106 4498 et
2128 4444 2365 4514 justitia,
2386 4451 2440 4497 et
2483 4442 2538 4496 in
2573 4442 2857 4497 directione
2884 4438 3074 4496 'cordis
3110 4441 3375 4511 judicium
3399 4440 3639 4510 judieet:

2054 4535 2140 4590 Da
2175 4534 2305 4589 mihi
2333 4534 2535 4590 sodium
2575 4542 2790 4587 tuarum
2837 4533 3154 4587 assistricem
3194 4529 3542 4602 Sapientiam,
3590 4537 3638 4583 et

2057 4628 2164 4684 noli
2188 4622 2270 4683 me
2298 4628 2577 4700 reprobare
2599 4646 2632 4682 a
2658 4631 2835 4700 pueris
2874 4629 2999 4693 tuis,
3044 4628 3290 4698 quoniam
3318 4641 3496 4680 servus
3517 4634 3639 4678 tuus

2056 4737 2148 4793 ego
2169 4737 2307 4788 sum,
2341 4730 2388 4776 et
2416 4722 2558 4791 ﬁlius
2584 4722 2794 4778 ancilla:
2825 4732 2946 4787 tute,
2987 4724 3141 4777 homo
3169 4721 3409 4791 infirmus
3442 4727 3494 4774 et
3530 4719 3638 4773 emi-

2057 4816 2146 4885 gui
2168 4816 2431 4885 temporis,
2463 4826 2510 4870 et
2538 4816 2712 4869 minor
2730 4815 2798 4869 ad
2818 4814 3134 4869 intellectum
3161 4813 3352 4883 judieii
3379 4821 3425 4867 et
3445 4811 3636 4884 legum.

2064 4905 2215 4961 Mitte
2253 4906 2399 4961 illam
2428 4908 2501 4962 de
2526 4907 2666 4962 caelis
2694 4909 2888 4962 sanctis
2925 4908 3052 4971 tuis,
3078 4916 3124 4960 et
3149 4924 3181 4960 a
3209 4906 3327 4960 sede
3372 4905 3640 4975 ninguitu-

2063 4995 2202 5051 dinis
2230 5005 2334 5050 tua:
2378 5007 2433 5051 ut
2469 5012 2670 5051 mecum
2705 4997 2772 5052 sit
2801 5012 2849 5051 et
2886 5012 3087 5050 mecum
3131 4995 3348 5059 laboret,
3380 5002 3438 5047 ut
3476 4992 3638 5047 sciam

2062 5087 2188 5158 quid
2231 5096 2498 5159 acceptum
2540 5088 2606 5142 sit
2638 5088 2777 5158 apud
2805 5097 2873 5140 te.
2920 5084 3031 5140 Scit
3074 5084 3210 5139 enim
3243 5082 3337 5136 illa
3364 5082 3566 5145 omnia,
3591 5078 3639 5134 el

2062 5178 2326 5249 intelligit,
2366 5189 2418 5233 et
2447 5178 2665 5233 deducet
2707 5193 2790 5232 me
2822 5178 2889 5231 (in
2932 5175 3171 5246 operibus
3212 5173 3339 5227 meis
3371 5171 3561 5236 sobrie,
3590 5178 3639 5223 et

2064 5270 2317 5323 custodiet
2338 5270 2397 5322 in
2420 5285 2518 5323 sua
2538 5277 2790 5340 potentia,
2818 5276 2867 5321 et
2895 5276 3048 5320 erunt
3083 5273 3291 5326 accepta
3315 5278 3473 5329 opera
3500 5276 3639 5325 mea,

2064 5371 2114 5416 et
2138 5363 2411 5432 disponam
2447 5360 2695 5431 populum
2740 5369 2885 5412 tuum
2925 5357 3085 5427 juste,
3128 5363 3174 5408 et
3200 5369 3287 5408 ero
3332 5354 3521 5423 dignus
3562 5367 3639 5406 se.

388 5471 590 5527 quoque
617 5454 763 5509 latet.
794 5453 1026 5509 Perditio
1049 5463 1097 5507 et
1125 5470 1264 5508 mors
1293 5453 1536 5508 dixerunt
1571 5470 1589 5507 :
1627 5454 1854 5510 Auribus
1876 5472 1965 5510 no-
2067 5453 2211 5506 dium
2236 5447 2402 5523 pairis
2430 5453 2532 5505 mei
2558 5450 2713 5521 (Sep.
2750 5465 2829 5516 tu,
2859 5450 2932 5521 l).

392 5548 513 5600 stris
544 5546 837 5601 audivimus
863 5545 1059 5613 famam
1080 5547 1214 5616 ejus.
1247 5546 1383 5600 Deus
1404 5544 1645 5614 intelligit
1664 5548 1799 5600 viam
1825 5549 1962 5618 ejus,

2139 5551 2301 5613 Vere,
2355 5564 2470 5616 rex,
2507 5549 2667 5606 beata
2700 5557 2783 5603 est
2805 5549 2977 5604 virtus
3020 5546 3323 5616 sapientiz'c;
3354 5556 3407 5599 ct
3436 5545 3525 5614 qui
3561 5542 3644 5598 in-

397 5645 444 5691 et
469 5636 575 5691 inse
607 5638 742 5691 novit
778 5636 948 5690 locum
976 5635 1142 5701 illius,
1167 5646 1272 5695 etc.
1306 5635 1374 5690 Et
1403 5636 1535 5688 dixit
1557 5636 1756 5691 homini
1783 5651 1801 5690 :
1832 5638 1966 5693 Ecce
2072 5642 2219 5696 venit
2258 5655 2400 5707 eam,
2440 5641 2631 5695 beatus
2673 5638 2898 5695 efﬁcitur
2933 5640 3001 5694 ab
3046 5638 3155 5693 illa.
3198 5636 3475 5707 Sapientia
3519 5634 3643 5691 ﬁliis
