3944 6412
310 385 418 448 9.55

1752 377 1863 433 VIA
1902 374 2129 432 REGIA.

3451 350 3570 436 ets

308 521 421 562 suis
445 503 609 558 vitam
631 508 918 572 praeparat,
945 495 1290 572 diligentibus
1328 512 1389 554 se
1421 492 1689 566 iustitiam
1727 493 1885 549 mini—
1909 496 1961 554 Α
2041 493 2211 564 Dilige
2236 509 2388 564 ergo,
2421 509 2533 559 rex,
2562 495 2706 549 hanc
2729 494 3084 551 clarissimam
3110 497 3421 568 regiamque
3459 500 3571 556 vir-

306 602 466 658 strat,
490 590 797 647 amantibus
821 605 880 645 se
903 589 1244 660 prudentiam
1285 588 1490 644 donat:
1534 587 1625 656 qui
1657 584 1889 640 tenuerit

308 679 470 747 illam,
502 683 671 737 vitam
697 680 1035 736 haereditabit
1061 684 1350 744 aeternam;
1381 676 1554 748 diligit
1581 676 1724 732 enim
1744 674 1888 728 Deus

308 777 461 832 illum
500 775 592 845 qui
651 773 829 844 diligit
874 771 1211 847 sapientiam.
1244 767 1301 825 In
1336 767 1629 824 tentatione
1647 765 1888 821 ambulat

307 880 431 921 cum
454 880 539 930 eo,
562 872 613 920 ot
640 863 695 917 in
730 862 920 933 primis
957 861 1105 934 eligit
1125 872 1272 926 eum,
1292 870 1347 914 et
1373 854 1609 913 ﬁrmabit
1638 856 1810 923 illum,
1832 863 1887 912 et

308 954 413 1011 iter
450 954 681 1010 adducet
725 952 988 1009 directum
1028 950 1097 1008 ad
1138 948 1311 1016 illum,
1356 956 1413 1005 et
1440 947 1734 1004 denudabit
1765 947 1887 1003 abs-

308 1060 472 1101 consa
516 1059 615 1099 sua
662 1043 755 1108 illi,
796 1051 852 1099 et
891 1041 1221 1099 thesaurizat
1244 1055 1408 1111 super
1430 1037 1577 1095 illum
1601 1036 1886 1094 scientiam

308 1145 364 1193 et
385 1134 718 1191 intellectum
742 1133 1061 1206 prudentiae.

929 1217 1156 1279 CAPUT
1193 1218 1259 1278 V.

889 1305 966 1366 De
1002 1306 1301 1382 prudentia.

380 1400 511 1458 Post
543 1395 989 1455 illuminationem
1030 1412 1158 1469 ergo
1191 1396 1467 1467 sapientia:
1494 1397 1886 1465 thesaurosque

311 1494 571 1558 scientiat,
623 1486 840 1563 oportet
886 1491 1034 1546 illum
1085 1489 1176 1561 qui
1214 1491 1362 1561 cupit
1410 1488 1615 1560 regiam
1658 1487 1889 1549 feliciter

311 1599 533 1640 currere
575 1582 763 1649 viam,
789 1580 1016 1636 Domino
1057 1582 1310 1645 donante,
1348 1579 1556 1650 impleri
1579 1578 1882 1648 prudentia.

311 1675 477 1745 Regia
518 1674 719 1729 etenim
752 1673 926 1728 virtus
970 1680 1054 1728 est
1098 1669 1404 1743 prudentia,
1452 1677 1508 1724 et
1540 1685 1572 1724 a
1616 1669 1889 1739 prioribus

313 1764 528 1834 regibus
578 1763 801 1817 nimium
845 1761 1068 1827 dilecta;
1118 1761 1197 1816 sic
1247 1759 1391 1815 enim
1441 1758 1508 1813 de
1554 1758 1721 1812 David
1761 1771 1887 1827 rege

313 1854 572 1923 scriptum
612 1861 734 1908 est:
769 1851 1151 1923 Egrediebatur
1182 1867 1384 1922 quoque
1417 1849 1487 1903 ad
1530 1849 1708 1903 omnia
1748 1864 1892 1920 quaz-
1919 1835 1966 1894 Β

314 1959 517 2014 cunque
563 1942 786 1996 misisset
831 1957 949 1995 eum
996 1939 1144 2005 Saul,
1200 1948 1249 1995 et
1286 1939 1570 2011 prudenter
1615 1955 1670 1993 se
1707 1937 1891 2008 agebat

315 2030 368 2102 (1
395 2029 523 2102 Reg.
549 2046 701 2093 xvut,
727 2028 802 2103 5).
827 2029 1117 2085 Prudentia
1138 2028 1282 2085 ehim
1311 2028 1465 2100 quasi
1496 2027 1893 2100 porrovidentia

315 2120 532 2177 dicitur.
584 2119 752 2177 Porro
790 2129 969 2176 autem
1011 2127 1065 2176 et
1103 2136 1135 2175 a
1179 2119 1337 2192 longe
1378 2120 1661 2190 providere
1683 2127 1895 2190 oportet

316 2229 497 2285 regem
537 2210 666 2283 quid
717 2227 878 2283 agere
919 2212 1131 2279 debeat,
1162 2228 1231 2268 ne
1268 2221 1390 2283 post
1417 2220 1596 2267 actum
1630 2212 1807 2284 egisse
1835 2225 1893 2267 se

315 2304 597 2372 poeniteat.
620 2302 812 2358 Omnia
837 2317 1065 2372 namque
1089 2318 1208 2373 quae
1234 2302 1347 2374 agit
1373 2309 1427 2357 et
1466 2317 1592 2373 erga
1616 2301 1801 2356 ‘Deum
1839 2309 1895 2356 et

316 2408 444 2463 erga
489 2391 734 2449 homines
758 2432 772 2457 ,
823 2393 1116 2462 prudenter
1152 2406 1312 2463 agere
1352 2392 1511 2449 debet
1554 2399 1609 2447 et
1649 2391 1892 2461 provide.

316 2480 505 2539 Omnia
539 2482 706 2553 iuste,
748 2484 927 2538 omnia
957 2491 1122 2549 recte,
1167 2483 1346 2537 omnia
1382 2482 1652 2554 sapienter
1684 2469 1739 2538 et
1769 2498 1892 2537 cum

316 2572 595 2645 prudentia
626 2587 845 2628 necesse
879 2582 963 2628 est
1007 2582 1066 2627 ut
1109 2571 1289 2639 faciat,
1323 2589 1391 2628 ne
1438 2573 1578 2643 regis
1617 2587 1781 2642 opera
1809 2572 1896 2628 vel

317 2663 558 2729 consilia,
580 2672 637 2718 ut
658 2672 973 2719 caeterorum
996 2665 1295 2731 hominum,
1334 2666 1772 2736 reprehensionis
1809 2681 1895 2722 re—

318 2754 519 2824 cipiant
562 2754 821 2827 linguam.
869 2754 971 2822 Qui
1013 2755 1158 2809 enim
1201 2756 1363 2810 multa
1409 2755 1636 2811 Domino
1662 2756 1896 2817 donante

318 2844 598 2915 gubernat,
631 2861 852 2901 necesse
877 2853 959 2901 est
979 2852 1040 2901 ut
1062 2845 1170 2901 alto
1197 2846 1422 2901 consilio
1449 2847 1742 2918 prudenter
1764 2861 1896 2902 cun-

322 2944 409 2990 cta
442 2937 708 3006 disponat.
752 2936 843 2991 Sic
885 2938 1028 2993 enim
1067 2926 1516 3007 prudentissimus
1555 2937 1808 3009 Salomon
1840 2938 1895 2994 in

321 3027 627 3084 Proverbiis
659 3029 734 3084 ait
761 3048 773 3083 :
809 3029 910 3097 Qui
936 3030 1141 3102 sapiens
1167 3040 1262 3096 est,
1296 3029 1461 3084 multa
1492 3030 1741 3100 gubernat
1771 3046 1898 3100 pru-

322 3119 519 3174 dentia.
560 3119 691 3177 item
716 3122 828 3191 ipse
856 3122 933 3175 ait
961 3138 974 3175 :
1006 3119 1276 3191 Sapientia
1314 3107 1664 3189 ludiﬁcabitur
1686 3120 1894 3188 domus,

322 3220 369 3263 et
406 3211 684 3281 prudentia
733 3210 1063 3264 roborabitur
1109 3206 1289 3282 (Prov.
1330 3224 1490 3274 xxxv,
1536 3207 1613 3280 5).
1662 3208 1893 3263 Grandis

324 3302 469 3357 enim
494 3304 669 3358 virtus
691 3310 794 3368 est,
821 3303 1053 3357 maxime
1077 3302 1131 3356 in
1162 3310 1379 3373 pectore
1400 3301 1561 3372 regis,
1588 3301 1892 3370 prudentia,

324 3409 443 3463 quae
471 3402 663 3449 cuncta
707 3395 1000 3464 prudenter
1034 3408 1197 3463 regna
1242 3392 1381 3463 regit
1415 3400 1577 3462 atque
1611 3388 1894 3465 gubernat.

323 3481 612 3539 Prudentia
658 3500 888 3554 namque
926 3492 1301 3540 ornamentum
1345 3492 1427 3540 est
1456 3484 1697 3540 omnium
1725 3485 1898 3540 virtu-

326 3583 463 3639 tum,
489 3575 658 3645 gloria
681 3575 831 3630 verbi
857 3576 1125 3644 decusque
1158 3575 1445 3640 sermonis,
1479 3576 1616 3631 sicut
1640 3575 1903 3646 scriptum

325 3670 458 3718 est:
508 3662 882 3720 Ornamentum
927 3679 1143 3717 aureum
1197 3665 1465 3733 prudentis
1516 3665 1755 3719 doctrina
1782 3706 1796 3730 ,
1855 3673 1904 3720 et

329 3753 483 3824 quasi
527 3750 787 3805 brachiale
832 3752 886 3804 in
935 3751 1144 3804 brachio
1182 3752 1365 3806 dextro
1408 3751 1596 3822 (Eccli.
1632 3769 1746 3821 nt,
1788 3753 1900 3827 24).

326 3841 618 3899 Prudentia
648 3849 829 3895 custos
857 3847 938 3896 est
977 3842 1109 3905 oris,
1149 3840 1466 3910 gubernatio
1491 3843 1740 3908 actionis,
1770 3852 1906 3898 tem-

326 3928 575 4001 perantia
632 3927 851 3994 cordis,
913 3927 1210 3983 moderatio
1264 3928 1495 4000 linguae,
1558 3931 1908 4001 omniumque

330 4025 528 4073 statera
573 4017 959 4081 verborumet
1001 4018 1317 4088 ponderatio
1366 4033 1567 4075 rerum.
1624 4019 1716 4077 Sic
1759 4022 1908 4076 enim

332 4109 592 4179 scriptum
614 4116 733 4164 est:
781 4107 944 4162 Verba
966 4109 1298 4179 prudentium
1341 4109 1396 4164 in
1428 4117 1622 4165 statera
1651 4111 1907 4181 pondera-

335 4203 526 4255 buntur
561 4200 746 4273 (Ibid.,
783 4219 829 4256 υ.
866 4201 979 4275 28).
1008 4201 1204 4257 lterum
1254 4202 1515 4272 scriptum
1552 4211 1635 4257 est
1664 4219 1677 4255 :
1707 4203 1909 4256 Aurum

337 4302 483 4346 tuum
506 4303 553 4346 et
580 4300 852 4362 argentum
889 4293 1252 4365 tuumconﬂa,
1299 4302 1348 4347 et
1383 4292 1547 4347 verbis
1586 4294 1688 4347 tuis
1718 4294 1803 4364 fac
1829 4310 1912 4347 os-

337 4381 488 4446 tiola,
516 4391 563 4435 et
590 4380 763 4451 frenos
792 4381 872 4434 ori
891 4390 979 4434 tuo
1009 4380 1371 4444 rectostEccli.
1402 4394 1590 4449 xxvm,
1619 4381 1733 4451 29;.
1768 4382 1909 4436 Rur-

1993 592 2182 649 tutem,
2233 600 2352 654 quae
2397 584 2493 639 tibi
2537 586 2687 656 regni
2732 588 3175 657 gubernationem
3219 588 3489 662 disponat,
3515 602 3571 649 et

1986 673 2365 731 discretionem
2417 676 2646 731 actionis
2701 676 2980 744 conferat;
3029 694 3150 749 qua:
3199 680 3293 735 tibi
3345 698 3567 752 gressus

1984 766 2165 837 operis
2191 765 2404 836 dirigat,
2452 775 2507 821 et
2550 768 2892 838 cogitationis
2933 779 3086 825 actus
3126 771 3406 840 disponat;
3448 788 3568 842 qua:

1985 852 2082 907 tibi
2106 852 2309 923 regiam
2334 850 2680 922 prolibusque
2704 853 2995 909 fecundam
3014 855 3261 923 aediﬁcet,
3310 866 3368 913 et
3405 859 3573 915 aedi—-

1985 943 2198 999 licatam
2241 945 2489 1012 roboret;
2537 959 2657 1015 qua:
2684 944 2780 1000 tibi
2821 955 3137 1001 ornamenta
3173 949 3434 1004 virtutum
3476 965 3568 1006 co-

1984 1034 2239 1107 piamque
2267 1037 2538 1092 ministret
2571 1044 2627 1092 et
2666 1051 2878 1105 rerum;
2920 1051 3040 1108 qua:
3068 1039 3165 1094 tibi
3210 1042 3364 1113 regni
3400 1058 3567 1113 cornu

1986 1124 2256 1193 sublimet,
2306 1133 2361 1182 et
2398 1126 2620 1183 brachio
2664 1125 3035 1183 fortitudinem
3083 1112 3295 1196 donet;7
3323 1112 3444 1201 qua:
3486 1146 3569 1187 ori

1986 1222 2079 1271 tuo
2101 1214 2272 1286 legem
2294 1216 2538 1272 veritatis
2560 1216 2852 1283 ministret,
2883 1226 2939 1272 et
2958 1218 3109 1273 cordi
3134 1227 3223 1275 tuo
3242 1219 3575 1275 intellectum

1986 1305 2262 1376 sapientia:
2306 1306 2650 1379 multiplicet;
2704 1323 2823 1378 quae
2862 1308 2957 1364 tibi
2997 1309 3285 1364 multarum
3329 1310 3570 1381 gentium

1986 1394 2124 1451 colla
2170 1396 2456 1467 subjiciat,
2510 1404 2566 1452 et
2616 1406 2670 1453 te
2730 1399 2941 1454 cunctis
3004 1399 3287 1455 amabilem
3350 1402 3573 1468 reddat;

1986 1499 2107 1555 quae
2161 1480 2501 1541 sermonibus
2549 1487 2657 1543 tuis
2702 1501 2925 1543 aureum
2971 1497 3351 1544 ornamentum
3401 1490 3574 1560 impo-

1988 1583 2119 1640 nat,
2183 1576 2240 1631 et
2292 1583 2607 1643 argenteum
2660 1591 2855 1632 munus
2907 1576 3068 1633 labiis
3098 1564 3394 1643 conferat;
3454 1594 3574 1649 qua:

1986 1666 2240 1738 operibus
2270 1668 2375 1723 tuis
2394 1665 2580 1741 iugem
2608 1669 2930 1736 custodiam,
2976 1685 3275 1741 congruam
3305 1671 3575 1727 ministret

1989 1767 2045 1815 et
2066 1759 2315 1833 gloriam.

2599 1829 2828 1887 CAPUT
2871 1829 2961 1886 Vl.

2543 1921 2618 1976 De
2666 1921 3019 1993 simplicitate.

2060 2030 2251 2104 Magna
2275 2041 2361 2088 est
2383 2032 2601 2106 quidem
2629 2033 2925 2105 prudentiae
2957 2034 3134 2090 virtus
3173 2052 3187 2088 :
3227 2033 3323 2091 sed
3354 2049 3580 2091 necesse

1982 2118 2157 2179 estut
2185 2122 2549 2193 simplicitatis
2572 2123 2771 2179 virtute
2794 2131 3149 2194 temperetur.
3183 2123 3275 2179 Sic
3299 2124 3444 2179 enim
3471 2126 3578 2181 Do-

1991 2213 2173 2270 minus
2200 2214 2254 2268 in
2283 2213 2574 2285 Evangelio
2610 2213 2725 2282 ait_':
2757 2213 2936 2268 Estote
2971 2213 3249 2285 prudentes
3290 2216 3426 2269 sicut
3468 2231 3578 2269 ser—

1991 2314 2167 2375 pentes
2212 2313 2262 2358 et
2301 2303 2559 2374 simplices
2604 2303 2739 2358 sicut
2787 2303 3039 2358 columbw
3085 2302 3311 2376 (Matth.
3353 2320 3408 2369 ι,
3463 2302 3573 2377 16).

1990 2394 2219 2449 Ambula
2241 2411 2389 2466 ergo,
2416 2394 2748 2450 nobilissime
2773 2410 2888 2460 rex,
2912 2396 2979 2451 de
3000 2396 3200 2452 virtute
3220 2398 3274 2451 in
3298 2397 3574 2464 virtutem,

1993 2492 2048 2538 et
2083 2482 2287 2554 iugiter
2325 2484 2615 2555 proﬁciens
2637 2485 2691 2539 in
2720 2484 2935 2550 melius,
2965 2486 3033 2540 ab
3062 2486 3255 2540 itinere
3280 2502 3393 2559 non
3415 2486 3580 2542 decli-

1994 2589 2091 2629 nes
2115 2575 2292 2645 regio;
2331 2574 2425 2629 sed
2464 2574 2530 2629 de
2563 2575 2849 2646 prudentia
2880 2574 2934 2628 in
2965 2574 3309 2645 simplicitate
3354 2575 3581 2630 ﬁrmiter

1994 2679 2134 2734 pone
2167 2678 2431 2735 gressum.
2470 2661 2569 2717 Via
2617 2665 2761 2720 enim
2792 2666 2939 2735 regia
2968 2672 3051 2719 est
3081 2664 3418 2736 simplicitas,
3462 2673 3518 2719 et
3548 2681 3580 2718 a

1995 2751 2200 2806 sanctis
2226 2752 2444 2822 regibus
2481 2752 2778 2821 antiquitus
2814 2753 3030 2809 dilecta.
3062 2753 3354 2810 Laudabile
3383 2755 3582 2810 ctenim

1996 2843 2063 2899 de
2089 2831 2188 2898 Job
2216 2842 2466 2897 laudabili
2505 2843 2623 2897 viro
2652 2842 2913 2898 Dominus
2951 2845 3041 2897 dat
3075 2846 3465 2912 testimonium,
3493 2845 3580 2901 di-

1995 2947 2126 2990 cens
2164 2932 2419 2988 diabolo:
2462 2933 2717 3004 Nunquid
2778 2934 3121 2988 considerasti
3165 2950 3367 2989 servum
3410 2952 3582 2990 meum

1996 3024 2122 3094 Job,
2148 3026 2287 3099 quod
2318 3043 2417 3081 non
2447 3026 2511 3081 sit
2537 3028 2583 3081 ci
2608 3026 2791 3081 similis
2826 3027 2882 3081 in
2919 3037 3075 3091 terra,
3101 3028 3254 3082 homo
3291 3026 3511 3098 simplex
3535 3039 3583 3081 et

2000 3126 2170 3170 rectus
2193 3132 2255 3169 ac
2274 3116 2458 3169 timens
2486 3114 2673 3181 Deum,
2699 3125 2745 3169 et
2770 3115 3009 3169 recedens
3037 3133 3067 3169 a
3095 3116 3234 3169 malo
3262 3116 3383 3188 (Job
3437 3132 3475 3181 ι,
3501 3115 3582 3187 8).

1998 3207 2075 3261 De
2119 3206 2301 3279 Moyse
2345 3223 2558 3278 quoque
2607 3206 2885 3276 Scriptura
2934 3215 3322 3261 commemorat
3342 3206 3577 3261 dicens:

2000 3296 2133 3351 Erat
2168 3298 2474 3351 mitissimus
2514 3313 2671 3367 super
2714 3313 2888 3351 omnes
2919 3296 3151 3350 homines
3187 3296 3277 3366 qui
3306 3296 3587 3351 moraban-

1999 3395 2087 3441 tur
2108 3387 2161 3440 in
2191 3396 2332 3441 terra
2370 3384 2559 3459 (Num.
2590 3402 2686 3449 xu,
2714 3384 2791 3457 5).
2826 3384 3148 3457 Specialiter
3188 3400 3420 3454 namque
3449 3384 3587 3441 liber

2002 3476 2292 3549 Sapientia:
2335 3477 2552 3548 regibus
2609 3493 2901 3548 regumque
2954 3476 3221 3532 ministris
3275 3477 3472 3532 clamat
3532 3486 3588 3531 et

2001 3569 2131 3624 dicit
2163 3587 2176 3623 :
2214 3567 2432 3643 Diligite
2451 3567 2739 3639 justitiam,
2776 3569 2866 3639 qui
2878 3567 3135 3638 judicatis
3162 3561 3374 3633 terram,
3402 3568 3586 3622 sentite

2002 3658 2066 3713 de
2093 3659 2313 3712 Domino
2333 3659 2387 3712 in
2411 3643 2659 3725 bonitate,
2700 3668 2748 3713 et
2786 3658 2843 3713 in
2869 3657 3200 3729 simplicitate
3235 3657 3407 3711 cordis
3441 3673 3583 3728 qua:-

2004 3752 2101 3804 rite
2128 3749 2293 3813 illum,
2317 3750 2566 3821 quoniam
2603 3750 2893 3804 invenietur
2929 3750 2993 3804 ab
3036 3750 3114 3804 liis
3142 3750 3231 3821 qui
3261 3766 3364 3803 non
3389 3759 3587 3804 tentant

2003 3841 2153 3894 illum
2196 3840 2350 3911 (Sap.
2392 3858 2434 3906 ι,
2464 3840 2538 3913 1).
2569 3840 2907 3898 Generaliter
2937 3850 3116 3896 autem
3146 3850 3202 3898 et
3227 3843 3295 3898 de
3337 3842 3589 3896 omnibus

2006 3930 2210 3985 sanctis
2247 3928 2500 3984 Salomon
2546 3931 2602 3985 in
2642 3930 2953 3986 Proverbiis
2985 3931 3102 3986 ait:
3148 3930 3465 4003 Simplicitas
3499 3933 3588 4003 ju-

2005 4030 2205 4074 storum
2238 4020 2422 4091 diriget
2452 4036 2539 4075 eos
2569 4018 2749 4093 (Prov.
2781 4036 2858 4087 XI,
2882 4022 2959 4093 5)‘.
2995 4022 3100 4088 Qui
3131 4023 3363 4077 ambulat
3387 4022 3587 4095 simpli-

2007 4110 2154 4175 citer,
2184 4109 2356 4164 salvus
2386 4109 2484 4164 erit
2505 4107 2690 4182 (Prov.
2720 4126 2913 4176 xxvm,
2944 4112 3053 4175 18).
3085 4111 3283 4167 Paulus
3308 4126 3438 4167 vero
3465 4114 3542 4169 ait
3572 4135 3588 4169 :
3620 4172 3625 4183 κ

2019 4197 2147 4253 Volo
2189 4216 2276 4254 vos
2317 4200 2574 4271 sapientes
2595 4216 2704 4254 esse
2726 4200 2781 4254 in
2811 4201 2964 4267 bono,
3003 4210 3050 4256 et
3087 4202 3343 4271 simplices
3369 4203 3424 4257 in
3448 4203 3592 4258 malo

2011 4291 2188 4364 (Rom.
2220 4308 2329 4359 xvi,
2360 4292 2469 4365 19).
2505 4292 2672 4348 Debet
2703 4294 2901 4347 etenim
2925 4293 3217 4350 electorum
3261 4294 3422 4350 corda
3453 4311 3587 4365 pru-

2010 4383 2192 4437 dentia
2239 4382 2293 4437 in
2336 4383 2536 4438 bonum
2577 4381 2777 4454 iugiter
2803 4398 3018 4449 acuere,
3058 4392 3112 4439 et
3161 4384 3476 4454 simplicitas
3520 4387 3593 4441 ab

339 4485 457 4524 sum
491 4470 749 4539 scriptum
778 4477 895 4525 est:
935 4468 1090 4540 Aperi
1137 4484 1193 4559 os
1240 4478 1386 4524 tuum
1434 4479 1596 4535 muto,
1640 4479 1689 4524 et
1736 4472 1910 4525 causis
1938 4508 1989 4567 Β
2013 4472 2259 4527 acumine
2289 4472 2589 4543 prudentia:
2619 4473 2929 4543 temperari,
2961 4489 3029 4528 ne
3053 4481 3147 4529 aut
3171 4474 3455 4544 prudentia
3476 4491 3589 4532 mo-

341 4561 571 4617 omnit-n
619 4560 848 4631 ﬁliorum
892 4561 980 4632 qui
1032 4551 1414 4632 pertranseunt,
1460 4562 1606 4631 aperi
1646 4579 1703 4616 os
1742 4570 1910 4629 tuum,

341 4652 557 4707 decerne
580 4653 719 4723 quod
746 4653 953 4723 justum
993 4662 1087 4718 est,
1118 4660 1167 4707 et
1186 4653 1375 4723 judico
1414 4655 1618 4724 inopem
1648 4661 1696 4709 et
1719 4668 1915 4724 paupe-

344 4760 452 4797 rem
479 4740 658 4815 (Prov.
682 4757 832 4808 xxxx,
860 4743 936 4814 8).
978 4742 1116 4808 Quia
1160 4743 1224 4798 de
1261 4740 1436 4813 fructu
1484 4744 1590 4798 oris
1639 4747 1720 4799 sui
1762 4761 1921 4800 unus-

342 4835 557 4905 quisque
577 4826 1048 4902 replebitur'bonis,
1075 4842 1126 4886 et
1140 4832 1300 4903 juxta
1339 4849 1494 4903 opera
1523 4849 1771 4888 manuum
1793 4851 1919 4888 sua-

345 4937 462 4976 rum
498 4921 814 4977 retribuetur
838 4923 887 4976 ei
912 4919 1092 4996 (Prov.
1120 4937 1221 4987 xit,
1253 4922 1361 4988 M).
1392 4921 1678 4979 Malachias
1704 4938 1919 4995 quoque

235 5054 241 5060 .
344 5026 412 5066 ex
441 5025 667 5081 persona
712 5010 922 5066 Domini
957 5027 971 5064 :
1004 5010 1202 5078 Delevi,
1249 5011 1441 5080 inquit,
1471 5023 1679 5083 pactum
1725 5029 1917 5080 meum,

346 5104 485 5175 quod
513 5104 612 5175 fuit
637 5121 755 5159 cum
782 5120 864 5169 eo,
890 5104 1008 5160 vita:
1048 5113 1097 5160 et
1142 5105 1307 5177 pacis,
1347 5113 1395 5158 et
1437 5104 1560 5159 dedi
1586 5106 1634 5159 ei
1660 5108 1917 5171 timorem,

348 5203 396 5247 et
424 5193 595 5246 timuit
623 5210 726 5259 me,
759 5202 806 5248 et
829 5210 862 5247 a
889 5192 1023 5263 facie
1053 5193 1276 5250 nominis
1314 5194 1415 5248 mei
1437 5193 1670 5264 pavebat.
1697 5194 1807 5248 Lex
1832 5211 1919 5249 re-

350 5284 523 5338 ritatis
546 5284 648 5354 fuit
669 5285 725 5338 in
753 5299 840 5338 ore
860 5284 995 5355 ejus,
1024 5293 1071 5339 et
1114 5283 1361 5356 iniquﬂas
1384 5298 1485 5339 non
1513 5293 1589 5337 est
1622 5282 1828 5337 inventa
1866 5283 1921 5335 in

351 5372 503 5428 labiis
530 5373 663 5444 ejus,
698 5375 753 5429 in
773 5391 900 5445 pace
924 5385 972 5430 et
993 5376 1048 5431 in
1077 5376 1339 5447 (equitate,
1378 5372 1659 5429 ambulavit
1696 5391 1917 5438 mecum,

351 5474 400 5518 et
422 5463 610 5519 multos
633 5465 815 5520 avertit
859 5465 924 5520 ab
960 5464 1510 5539 iniquitate'(Malach.
1536 5480 1594 5531 ιι,
1623 5464 1700 5537 5).
1723 5464 1922 5520 Paulus

354 5555 421 5611 ad
445 5555 791 5613 Colossenses
820 5555 915 5630 (tv,
960 5557 1015 5631 6)
1058 5558 1170 5613 ait:
1197 5557 1378 5614 Sermo
1421 5567 1586 5615 vester
1622 5575 1824 5630 semper
1869 5560 1924 5612 in

357 5645 527 5717 gratia
550 5644 660 5701 sale
692 5648 761 5701 sit
784 5647 1042 5715 conditus,
1072 5659 1129 5704 ut
1155 5650 1332 5706 sciatis
1354 5649 1565 5721 quando
1587 5658 1818 5721 oporteat
1839 5666 1925 5705 vos

363 5738 640 5810 unicuique
663 5739 984 5809 respondere.
1758 5748 1763 5755 '

2017 4564 2143 4617 dum
2172 4562 2512 4619 rectitudinis
2544 4564 2787 4631 excedat,
2814 4571 2907 4618 aut
2933 4564 3248 4636 simplicitas
3277 4564 3594 4635 ignorantia:

2017 4649 2227 4704 fallacia
2254 4658 2546 4720 torpescat.

2088 4738 2258 4811 Regia
2284 4740 2482 4796 etenim
2505 4740 2593 4795 via
2623 4749 2707 4797 est
2738 4741 3075 4812 simplicitas,
3102 4758 3223 4815 quae
3252 4758 3438 4815 regum
3464 4743 3596 4799 sim-

2017 4829 2232 4899 pliciter
2268 4828 2450 4901 dirigit
2490 4845 2727 4904 gressus,
2769 4840 2832 4887 ut
2877 4833 2946 4887 ad
2994 4833 3255 4900 coelestia,
3305 4850 3402 4905 per
3445 4836 3593 4908 regia

2018 4921 2321 4990 gradientes
2346 4921 2564 4990 itinera,
2604 4921 2833 4978 feliciter
2862 4925 3180 4993 perveniant
3208 4941 3392 4997 regna.
3424 4924 3593 4981 Curre

2019 5025 2172 5082 ergo,
2221 5023 2339 5079 rex,
2387 5012 2617 5069 ﬁrmiter
2647 5030 2745 5086 per
2791 5015 3148 5088 simplicitatis
3197 5017 3411 5084 itinera,
3442 5024 3497 5071 ut
3525 5018 3603 5072 ad

2021 5112 2311 5176 perennem
2349 5107 2510 5162 citius
2538 5109 2821 5179 pervenias
2847 5110 3033 5175 vitam,
3073 5117 3130 5165 et
3172 5109 3599 5165 immortalitatis

2021 5187 2131 5249 cito
2158 5194 2393 5264 accipias
2414 5198 2656 5266 prannia,
2701 5207 2756 5253 et
2783 5198 2920 5255 stola
2959 5199 3199 5256 induaris
3226 5201 3374 5272 pacis
3401 5211 3456 5256 et
3481 5200 3596 5271 glo-

2022 5302 2137 5342 ΓΕΒ.

2571 5360 2843 5417 CAPUT
2905 5365 3046 5419 VII.

2624 5448 2702 5502 De
2726 5453 3005 5520 patientia.

2099 5560 2293 5615 Transi
2330 5560 2543 5627 iterum,
2576 5576 2690 5627 rex,
2721 5562 2787 5617 de
2827 5564 3025 5620 virtute
3054 5565 3108 5620 in
3138 5565 3417 5630 virtutem,
3441 5574 3500 5620 et
3527 5564 3602 5618 de

2030 5650 2373 5721 simplicitate
2430 5652 2483 5705 in
2538 5652 2850 5721 patientiam
2904 5652 3132 5710 feliciter
3158 5670 3297 5724 pone
3348 5655 3595 5725 gradum.

2033 5740 2251 5797 Posside
2276 5741 2607 5812 patientiam,
2657 5741 2701 5797 si
2747 5743 2828 5798 vis
2877 5751 3023 5798 tuam
3052 5742 3280 5798 dulciter
3323 5736 3600 5815 possidere
