3944 6414
395 332 500 387 947

1428 391 1455 424 υ

1666 302 2018 384 sntit-sciit
2055 317 2345 379 ABBATIS

3547 303 3657 370 948

390 448 646 504 animam.
676 433 767 506 Sic
790 444 932 501 enim
957 424 1098 500 Deus
1125 451 1314 498 auctor
1341 444 1540 498 nostra!
1570 440 1758 497 salutis
1795 446 1851 492 et
1873 452 1968 508 pa-
1993 439 2046 499 Α
2070 433 2288 488 dicens:
2313 431 2577 488 Descende
2602 432 2656 488 in
2684 431 2896 488 domum
2942 430 3076 500 regis
3124 428 3292 493 Juda,
3339 437 3388 481 et
3427 426 3657 499 loqueris

390 541 470 596 cis
493 541 546 594 in
569 537 860 606 Evangelio
883 537 961 591 ait
1005 555 1018 590 :
1062 536 1134 591 In.
1162 535 1415 607 patientia
1439 544 1604 589 vestra
1641 529 1971 607 possidebitis

389 630 592 682 animas
627 638 820 686 vestras
846 626 996 697 (Luc.
1046 641 1159 693 xxx,-
1201 626 1310 697 l9).
1343 625 1596 680 Salomon
1633 637 1848 693 quoque
1883 619 1968 674 di-

387 720 462 775 cit
491 737 504 772 :
535 717 787 781 Doctrina
817 719 911 772 viri
957 735 1050 789 per
1083 713 1389 789 patient'am
1438 712 1686 779 noscitur,
1725 723 1771 768 et
1803 711 1972 783 gloria

389 811 502 882 ejus
543 819 615 864 est
646 811 826 880 iniqua
867 807 1198 879 prwtergredi
1245 806 1426 879 (Prov.
1470 823 1594 870 XIX,
1628 801 1736 873 ll).
1775 789 1974 858 Paulus

389 903 602 972 quoque
632 900 708 961 ait
739 918 753 955 ;
787 899 999 954 Induite
1022 913 1107 954 vos
1147 914 1268 968 ergo
1295 898 1426 951 sicut
1463 894 1610 951 electi
1635 893 1760 957 Dei;
1780 891 1971 954 sancti,-

387 1000 436 1044 et
472 989 649 1045 dilecti
679 991 876 1045 viscera
917 986 1306 1051 misericordite,
1337 985 1723 1057 benignitatem,
1760 978 1974 1034 humili-

388 1089 568 1147 tatem,
595 1081 925 1146 modestiam,
964 1080 1290 1151 patientiam,
1339 1068 1701 1148 supportantes
1734 1070 1968 1133 invicem,

389 1181 438 1224 et
483 1165 737 1224 donantes
785 1169 1156 1238 nobismetipsis
1195 1169 1242 1224 si
1285 1167 1402 1238 quis
1446 1165 1696 1220 adversus
1746 1161 1973 1233 aliquem

391 1265 541 1318 habet
574 1261 880 1333 querelam:
909 1256 1043 1314 sicut
1077 1257 1334 1312 Dominus
1379 1245 1590 1309 donauit
1618 1253 1777 1315 vobis,
1813 1251 1889 1304 ita
1927 1258 1976 1304 et

392 1370 478 1406 vos
507 1348 731 1423 (Coloss.
773 1364 856 1413 nl,
903 1347 970 1402 l2
1010 1357 1058 1402 et
1087 1345 1272 1418 se'qq.).
1297 1344 1434 1402 Nam
1463 1344 1605 1413 quod
1647 1351 1707 1397 et
1739 1342 1844 1396 ista
1871 1340 1976 1395 vir-

393 1452 478 1498 tus
527 1441 832 1511 principum
869 1431 1040 1492 virtus
1069 1437 1156 1501 sit,
1191 1435 1444 1491 Salomon
1473 1435 1526 1488 in
1552 1432 1862 1490 Proverbiis
1897 1438 1973 1484 te-

391 1541 582 1596 statur,
631 1532 854 1587 dicens:
886 1526 1150 1584 Patientia
1193 1526 1387 1582 lenitur
1413 1525 1672 1596 princeps,
1703 1532 1750 1578 et
1794 1521 1977 1591 lingua

391 1623 562 1678 mollis
591 1622 786 1693 frangit
824 1621 1069 1674 duritiem
1118 1618 1301 1690 (.Prov.
1353 1619 1477 1681 xxv,
1531 1615 1637 1686 l5).
1687 1612 1977 1685 Apostolus

390 1713 616 1789 verolad
645 1712 860 1766 eosdem
889 1709 1163 1780 principes
1201 1708 1422 1772 clamat,
1453 1706 1639 1762 dicens
1671 1722 1684 1757 ε
1717 1701 1976 1773 Corripite

2074 529 2148 584 ibi
2175 527 2381 582 verbum
2417 527 2538 593 hoc,
2571 535 2620 582 et
2659 527 2799 580 dices
2831 539 2848 577 :
2879 523 3014 578 Audi
3045 523 3254 576 verbum
3295 519 3531 586 Domini,
3566 538 3658 575 rex

2069 614 2242 687 Iuda,
2275 619 2364 691 qui
2390 618 2544 674 sedes.
2576 634 2731 688 super
2759 615 2952 673 solium.
2998 613 3169 670 David
3193 627 3212 664 :
3242 622 3299 666 tu
3327 622 3376 667 et
3395 613 3529 667 servi
3554 613 3654 677 tui,

2071 719 2120 764 et
2145 708 2370 781 papulus
2395 718 2533 772 tuus,
2561 708 2650 779 qui
2677 704 3008 776 ingredimini
3027 720 3119 773 per
3143 711 3321 772 portas
3349 703 3499 755 istas.
3525 700 3656 755 Herc

2072 800 2196 854 dicit
2221 799 2516 854 Dominus:
2543 796 2726 852 Facite
2746 795 3008 867 judicium
3047 803 3095 849 et
3115 794 3404 864 justitiam,
3445 803 3498 847 et
3532 791 3658 848 libe=

2072 899 2184 944 rate
2212 891 2257 944 vi
2289 896 2587 965 oppressum
2637 889 2701 942 de
2749 895 2908 944 manu
2958 883 3376 950 calumniatoris,
3404 893 3454 938 et
3501 885 3656 938 adre;

2074 981 2216 1045 tiam,
2239 989 2286 1034 et
2313 978 2588 1051 pupillum,
2616 989 2662 1032 et
2700 978 2910 1032 viduam
2941 974 3100 1030 nolite
3139 973 3460 1040 contristari,
3495 987 3656 1044 neque

2074 1073 2380 1143 opprimatis
2405 1073 2619 1143 inique:
2644 1081 2692 1126 et
2713 1071 3019 1140 sanguinem
3053 1069 3381 1122 innocentem
3403 1083 3466 1121 ne
3492 1067 3660 1136 effun-

2073 1163 2211 1216 datis
2237 1163 2294 1216 in
2319 1161 2433 1216 laco
2457 1163 2576 1216 isto.
2606 1160 2664 1214 Si
2703 1160 2841 1215 enim
2887 1160 3135 1229 facientes
3179 1156 3406 1226 feceritis
3448 1155 3659 1210 verbum

2073 1252 2238 1317 istud,
2274 1252 2633 1322 ingredientur
2670 1266 2762 1320 per
2788 1259 2967 1320 portas
2993 1247 3179 1302 domus
3219 1245 3377 1316 hujus
3400 1260 3542 1315 reges
3570 1260 3656 1299 se-

2073 1343 2251 1398 dentes
2273 1342 2335 1396 de
2359 1352 2507 1413 gente
2533 1340 2722 1404 David,
2763 1356 2918 1410 super
2955 1339 3199 1392 thronum
3227 1337 3360 1407 ejus,
3389 1346 3437 1392 et
3476 1339 3657 1391 asce'n'a

2073 1433 2251 1488 dentes
2280 1449 2465 1487 currus
2491 1442 2538 1487 et
2559 1449 2738 1504 equos,
2761 1431 2859 1502 ipsi
2882 1439 2928 1484 et
2959 1430 3113 1494 servi,
3135 1438 3182 1482 et
3206 1428 3428 1500 papulas
3453 1444 3656 1482 eorum.

2078 1525 2231 1593 Quod
2251 1527 2420 1580 sinon
2443 1525 2715 1580 audieritis
2756 1524 2912 1579 verba
2958 1525 3107 1590 haec;
3143 1524 3198 1578 in
3226 1524 3527 1594 memetipso
3563 1523 3661 1592 jus

2077 1617 2207 1681 ratii,
2237 1615 2364 1670 dicit
2393 1614 2670 1680 Dominus,
2706 1615 2832 1685 quia
2880 1614 2936 1668 in
2979 1612 3315 1668 solitudinem
3344 1614 3441 1668 erit
3471 1612 3658 1666 domus

2077 1707 2187 1760 hwc
2210 1704 2427 1776 (Jerem.
2458 1722 2598 1772 xm,
2628 1705 2761 1776 l-S).
2795 1706 2965 1778 Dilige
2997 1721 3126 1776 ergo
3143 1704 3432 1776 justitiam,
3461 1719 3579 1768 rex,
3609 1704 3663 1758 si

391 1786 665 1874 inquietos,
711 1799 1483 1874 consolaminipusillanimes,
1533 1796 1780 1866 suscipite
1825 1793 1975 1862 infir-
2001 1786 2048 1844 B
2077 1796 2159 1850 vis
2199 1804 2456 1865 perpetua
2493 1793 2598 1848 frui
2627 1795 2759 1861 vita,
2802 1796 2847 1851 si
2892 1795 2974 1850 vis
3004 1795 3260 1850 benorari
3307 1795 3360 1848 in
3397 1801 3660 1864 perpetuo

392 1908 524 1958 mos,
553 1893 805 1962 patientes
831 1899 991 1958 estote
1013 1889 1084 1944 ad
1111 1905 1287 1944 omnes
1315 1888 1365 1958 (Ι
1400 1887 1578 1942 Thess;
1603 1901 1654 1950 ν,
1688 1884 1796 1955 14).
1822 1883 1974 1938 Jaco-

392 1971 492 2035 bus
513 1979 787 2052 apostolus
807 1979 914 2033 ait:
940 1977 1206 2032 Patientia
1233 1986 1408 2030 autem
1427 1991 1555 2046 opus
1575 1974 1860 2045 perfectum
1885 1972 1976 2025 ha—'

392 2071 503 2125 bet:
521 2079 574 2123 ut
593 2070 707 2124 sitis
727 2069 943 2139 perfecti
965 2079 1012 2122 et
1039 2068 1248 2138 integri,
1270 2065 1491 2120 inﬁnullo
1513 2064 1808 2132 deﬁcientes
1828 2061 1970 2133 (Iac.

393 2178 434 2226 l,
462 2161 538 2234 4).
570 2160 751 2215 Virtus
769 2174 897 2230 ergo
924 2173 1043 2229 qua:
1067 2157 1199 2212 lenit
1219 2155 1509 2228 principes;
1541 2162 1596 2208 et
1623 2153 1782 2208 docet
1805 2152 1976 2206 ‘corri-

392 2248 522 2321 pere
549 2251 838 2320 inquietos,
867 2256 923 2302 et
941 2263 1076 2318 opus
1096 2260 1279 2316 regum
1297 2245 1362 2300 ad
1383 2242 1678 2316 perfectum
1707 2241 1972 2314 perducit,

393 2342 509 2396 Sine
542 2340 702 2418 dubio
728 2339 906 2394 virtus.
939 2346 1024 2418 est
1067 2337 1232 2408 regia.
1276 2334 1503 2392 Ambula
1549 2348 1677 2405 ergo
1705 2347 1804 2402 per
1830 2346 1972 2396 eam,

392 2417 678 2487 mitissime
717 2445 838 2496 rex,
867 2439 922 2485 ει
960 2429 1121 2500 dilige
1147 2433 1290 2493 eam,
1322 2428 1450 2498 quia
1477 2443 1705 2482 currens
1730 2442 1828 2497 per
1851 2439 1975 2479 eam

393 2537 500 2600 non
524 2521 746 2577 habebis
780 2520 1179 2584 offendiculum,
1225 2519 1320 2574 sed
1358 2518 1572 2588 plenum
1617 2525 1674 2572 et
1709 2526 1975 2572 teternum

394 2613 449 2668 in
472 2611 654 2666 futuro
680 2611 923 2666 invenies
962 2609 1234 2682 gaudium.
1281 2608 1472 2679 Magna
1510 2608 1654 2662 enim
1693 2615 1777 2662 est
1804 2608 1977 2662 virtus

392 2703 673 2772 patientia,
717 2717 835 2771 qua:
876 2700 1158 2756 laedentem
1199 2715 1258 2756 se
1301 2715 1408 2755 non
1438 2699 1603 2765 hedit,
1631 2699 1725 2754 sed
1766 2699 1972 2770 diligit;

393 2803 515 2866 Qua:
556 2794 831 2863 injurianti
876 2793 1100 2865 injurias
1144 2793 1388 2858 remittit,
1429 2806 1535 2846 non
1567 2791 1773 2857 reddit;
1808 2790 1974 2863 [qum]

393 2888 479 2943 cui
508 2902 704 2942 nocere
730 2895 909 2957 potest
951 2900 1056 2940 non
1103 2891 1280 2949 nocet,
1332 2881 1425 2938 sed
1468 2884 1660 2952 parcit.
1708 2881 1977 2937 Patientia

392 2985 623 3047 estquae
666 2992 766 3032 nos
811 2976 922 3032 Deo
969 2975 1330 3040 commendat,
1365 2982 1419 3029 et
1454 2979 1484 3027 a
1533 2973 1689 3028 malis
1727 2973 1980 3030 omnibus

394 3069 628 3124 Custodit
655 3078 709 3124 et
731 3065 928 3124 sel-vat.-
960 3069 1077 3138 lpsa
1106 3075 1190 3123 est
1219 3083 1340 3138 qua:
1381 3068 1514 3122 iram
1544 3073 1836 3136 temperat;
1863 3066 1979 3136 ipsa

2072 1888 2141 1943 ab
2165 1900 2250 1941 ea.
2285 1884 2556 1957 Scriptum
2582 1895 2668 1942 est
2691 1888 2836 1943 enim
2863 1905 2876 1940 :
2910 1885 2967 1942 Si
2989 1886 3216 1958 sequeris
3247 1885 3537 1957 justitiam,
3567 1897 3661 1955 apA

2071 1978 2355 2048 pi‘ehendes
2384 1978 2554 2045 illam,
2583 1988 2631 2033 et
2669 1978 2854 2033 indues
2877 1979 3029 2048 quasi
3067 1975 3310 2048 poderem
3342 1975 3578 2042 honoris,
3609 1984 3660 2032 et

2073 2067 2382 2126 inhabitabis
2423 2084 2543 2121 cum
2586 2085 2667 2133 ea,
2718 2075 2766 2120 et
2811 2076 3036 2137 proteget
3082 2077 3132 2120 te
3179 2066 3233 2119 in
3263 2065 3658 2134 sempiternum,

2073 2170 2123 2214 et
2160 2161 2214 2214 in
2261 2160 2345 2214 die
2385 2160 2668 2231 agnitionis
2713 2159 2940 2216 invenies
2986 2159 3375 2228 [irritamentum
3412 2145 3633 2221 (Eccli.

2073 2248 2354 2326 xxvn,9),'

2146 2342 2226 2398 Tu
2254 2357 2385 2414 ergo
2412 2346 2536 2398 cuiu
2565 2341 2642 2398 sis
2684 2345 2780 2396 rex
2809 2327 2863 2396 in
2895 2340 3064 2405 t'err'a,
3095 2345 3155 2393 ut
3199 2335 3276 2393 sis
3305 2333 3448 2390 filius
3494 2331 3658 2404 Regis

2076 2433 2130 2488 in
2179 2433 2341 2499 ctelo,
2375 2432 2537 2502 dilige
2557 2430 2821 2501 judicium
2858 2437 2914 2486 et
2946 2429 3233 2501 justitiam.
3275 2425 3493 2482 Imitare
3524 2437 3656 2493 ope—

2076 2525 2228 2582 ribus
2255 2531 2416 2596 quEm
2441 2510 2658 2580 Patrem
2688 2523 2892 2580 clamas
2915 2521 3274 2578 sermonibus.
3307 2519 3477 2590 Dilige
3497 2515 3658 2584 justis
3728 2504 3740 2514 ”

2077 2612 2207 2671 tiam
2235 2623 2292 2672 et
2333 2630 2561 2687 operare
2587 2615 2643 2669 in
2672 2630 2766 2681 ea;
2799 2613 2924 2684 quia
2965 2613 3125 2668 Pater
3155 2608 3279 2666 tuus
3307 2608 3548 2667 caelestis
3578 2607 3661 2662 di;

2075 2705 2192 2776 ligit
2218 2712 2273 2760 et
2309 2713 2564 2776 operatur
2591 2704 2649 2759 in
2667 2718 2752 2758 ea.
2780 2700 2900 2774 ipse
2928 2702 3074 2758 enim
3100 2701 3176 2756 ait
3199 2716 3296 2771 per
3323 2696 3615 2776 Ieremiam
3641 2713 3655 2751 :

2078 2771 2192 2864 Ego
2223 2771 2627 2850 suvaominus
2655 2793 2746 2864 qui
2796 2771 2937 2862 facio
2986 2787 3400 2846 misericordiam
3426 2796 3474 2842 et
3510 2771 3662 2858 judié

2078 2886 2218 2938 cium
2247 2893 2295 2940 et
2327 2884 2596 2954 justitiam
2631 2883 2687 2938 in
2729 2891 2872 2937 terra
2903 2898 2922 2936 :
2954 2882 3065 2938 haac
3094 2883 3233 2937 enim
3257 2879 3464 2952 placent.
3510 2878 3658 2942 mihi,

2079 2977 2154 3029 ait
2183 2975 2439 3030 Dominus
2494 2975 2711 3045 (Jerem.
2742 2989 2820 3041 lx,
2855 2973 2970 3046 94).
3011 2973 3160 3030 Totis
3206 2973 3419 3028 viribus.
3444 2971 3552 3026 tuis
3570 2969 3664 3025 de-

2079 3055 2178 3122 bes
2223 3067 2425 3124 imitari
2466 3067 2638 3134 illum;
2683 3082 2805 3124 cum
2850 3083 2956 3136 quo
2987 3081 3174 3136 speras
3197 3065 3380 3120 vivere
3406 3064 3460 3119 in
3505 3071 3664 3117 teter-

392 3165 475 3214 est
522 3174 641 3229 quae
695 3159 928 3229 linguam
979 3157 1243 3224 refrenat;
1289 3157 1404 3228 ipsa
1459 3164 1543 3212 est
1582 3171 1702 3227 qua:
1740 3165 1976 3213 mentem
2003 3155 2047 3217 C
2080 3171 2228 3214 num.
2255 3157 2346 3214 Sic
2383 3160 2526 3214 enim
2557 3159 2818 3214 Dominus
2842 3173 2937 3228 per
2969 3158 3288 3228 prophetam
3324 3145 3662 3210 Ezechielem

391 3251 684 3320 gubernat;
711 3250 824 3320 ipsa
849 3258 932 3314 est
960 3253 1079 3320 qusi
1100 3250 1286 3319 pacem
1311 3248 1577 3312 custodit;
1606 3248 1719 3319 ipsa
1741 3256 1825 3304 est
1863 3262 1983 3316 quas

393 3338 728 3410 disciplinam
777 3339 1054 3396 moderate
1089 3339 1324 3410 peragit;
1368 3338 1484 3408 ipsa
1522 3338 1762 3394 libidinis
1811 3338 1982 3407 impe-

394 3439 509 3486 tum
537 3431 768 3502 frangit;
807 3432 921 3501 ipsa
963 3429 1163 3486 furoris
1205 3432 1515 3486 violentiam
1545 3432 1870 3502 comprimit,
1900 3431 1983 3488 in-

393 3519 646 3574 cendium
703 3519 993 3574 simultatis
1043 3520 1368 3591 exstinguit,
1418 3525 1635 3576 Cocrcet
1683 3522 1979 3592 potentiam

393 3609 642 3675 divitum,
689 3604 896 3665 refovet
939 3610 1174 3680 inOpiam
1224 3626 1538 3680 pauperum,
1579 3609 1712 3666 facit
1748 3611 1981 3666 humiles

395 3697 449 3753 in
472 3701 764 3771 prosperis,
807 3699 975 3755 fortes
1025 3701 1079 3754 in
1126 3701 1392 3767 adversis;
1422 3701 1612 3756 contra
1655 3691 1881 3771 injurias
1923 3710 1981 3758 et

394 3789 749 3844 contumelias
791 3790 970 3856 mites,
1020 3789 1348 3846 tentationes
1389 3801 1678 3864 expugnat,
1729 3808 1982 3862 persecu-

396 3879 571 3934 tiones
616 3878 829 3934 tolerat.
860 3879 976 3950 Ipsa
1003 3889 1085 3936 est
1107 3897 1227 3952 qua:
1253 3880 1374 3936 ﬁdei
1407 3890 1604 3938 nostra:
1633 3880 1979 3937 fundamenta

395 3967 609 4026 fortiter
630 3973 834 4038 munit;
867 3973 981 4044 ipsa
1009 3983 1092 4029 est
1132 3990 1251 4045 qua:
1282 3975 1616 4032 incrementa
1641 3975 1757 4046 spei
1782 3985 1982 4031 nostra:

395 4063 699 4118 Sublimiter
740 4066 1018 4133 provehit;
1069 4066 1182 4135 ipsa
1238 4082 1337 4126 nos
1384 4074 1440 4124 ut
1487 4077 1669 4122 tenere
1711 4068 1983 4136 possimus

395 4152 537 4207 viam
568 4152 792 4220 Christi,
823 4156 1118 4227 gubernat;
1168 4156 1284 4228 ipsa
1326 4167 1386 4216 ut
1417 4157 1511 4215 lilii
1540 4157 1635 4212 Dei
1661 4173 1978 4234 persevere-

399 4252 537 4310 mus,
569 4245 875 4300 confirmat.

468 4333 618 4389 lianc
658 4350 788 4406 ergo
827 4352 968 4401 ama;
1009 4353 1124 4404 rex,
1151 4339 1427 4407 virtutem,
1464 4341 1605 4396 hanc
1633 4339 1813 4410 dilige,
1843 4339 1981 4394 hanc

396 4428 518 4478 cum
559 4425 755 4495 gaudio
782 4435 835 4480 et
864 4428 991 4484 totis
1033 4429 1238 4484 viribus
1285 4429 1536 4500 amplecti
1581 4428 1798 4492 festina.
1841 4429 1982 4485 Vere

2083 3251 2161 3306 ait
2190 3269 2202 3304 :
2246 3247 2335 3304 Vir
2357 3250 2402 3304 si
2433 3249 2593 3319 fuerit
2609 3249 2815 3320 justus,
2841 3258 2888 3303 et
2922 3248 3099 3319 fecerit
3119 3247 3389 3318 judicium
3429 3255 3477 3300 et
3499 3245 3663 3314 justi-

2081 3343 2230 3408 tiam,
2267 3342 2324 3396 in
2357 3341 2618 3396 montibus
2650 3357 2751 3394 non
2780 3339 3083 3404 comederit,
3120 3346 3168 3391 et
3202 3336 3379 3391 oculos
3409 3353 3530 3389 suos
3559 3351 3662 3388 non

2081 3433 2327 3488 levaverit
2355 3435 2424 3487 ad
2448 3417 2599 3490 idola
2641 3431 2827 3486 domus
2857 3429 3027 3484 Israel
3057 3443 3076 3480 :
3104 3439 3152 3483 et
3191 3445 3404 3482 uxorem
3437 3428 3662 3497 proximi

2080 3527 2163 3580 sui
2191 3543 2296 3579 non
2329 3523 2618 3588 violaverit,
2661 3533 2709 3577 et
2735 3522 2805 3575 ad
2847 3519 3114 3574 mulierem
3159 3517 3530 3572 menstrualem
3560 3533 3662 3570 non

2081 3617 2388 3680 accesserit;
2419 3625 2467 3668 et
2496 3614 2759 3668 hominem
2787 3629 2891 3666 non
2917 3611 3332 3675 contristaverit;
3368 3611 3554 3680 pignus
3580 3609 3668 3662 de-

2081 3709 2238 3763 bitori
2266 3706 2585 3770 reddiderit;
2616 3715 2666 3761 et
2695 3705 2895 3760 nudum
2919 3705 3179 3774 Operuerit
3200 3704 3500 3758 vestimento
3526 3716 3544 3753 ε
3572 3716 3668 3770 ραι

2081 3818 2198 3858 nem
2225 3816 2388 3856 suum.
2404 3798 2656 3854 esurienti
2693 3798 2924 3862 dederit;
2968 3813 3062 3866 per
3087 3797 3198 3850 vim.
3227 3794 3356 3850 nihil
3401 3795 3665 3864 rapuerit;

2081 3889 2151 3946 ad
2189 3905 2406 3948 usuram
2445 3895 2550 3944 non
2591 3885 3017 3951 commodaverit,
3067 3896 3115 3940 et
3158 3883 3384 3954 amplius
3433 3894 3538 3936 nan
3575 3899 3666 3936 ac-

2081 3981 2312 4052 ceperit;
2371 3979 2436 4036 ab.
2491 3979 2769 4050 iniquitate
2831 3977 3074 4032 averterit
3135 3977 3326 4046 faciem
3373 3991 3557 4040 suam,
3614 3982 3665 4027 et

2085 4070 2339 4128 iudicium
2369 4085 2549 4126 verum
2571 4069 2751 4138 fecerit
2773 4068 2909 4124 inter
2937 4068 3107 4122 virum
3145 4076 3194 4122 et
3220 4066 3420 4131 virum,
3450 4068 3506 4122 in
3526 4081 3662 4136 pra:-

2081 4162 2240 4232 ceptis
2271 4161 2398 4214 meis
2421 4157 2784 4223 ambulaverit,
2815 4167 2864 4212 et
2895 4157 3109 4227 judicia
3133 4173 3252 4210 mea
3275 4155 3578 4210 custodierit
3605 4164 3662 4208 ut

2081 4252 2245 4321 faciat
2279 4251 2568 4315 veritatem,
2602 4248 2685 4303 hic
2702 4249 2884 4318 justus
2920 4257 3017 4313 est,
3055 4249 3159 4302 vita
3187 4248 3331 4313 vivet,
3365 4249 3439 4302 ait
3479 4235 3666 4300 Domi-

2083 4357 2181 4398 nus
2212 4341 2431 4412 (Esech.
2484 4356 2644 4403 ιιι-ιιι..
2674 4338 2810 4411 5-9).
2846 4339 3018 4410 Dilige
3061 4353 3212 4411 ergo,
3250 4354 3363 4402 rex,
3391 4336 3664 4408 justitiam

2083 4440 2137 4487 et
2159 4429 2448 4500 judicium,
2479 4445 2600 4503 quae
2641 4439 2724 4486 est
2748 4431 2833 4485 via
2863 4430 3029 4500 regia,
3060 4438 3115 4485 et
3147 4445 3178 4484 a
3224 4429 3495 4500 prioribus
3525 4429 3666 4500 regi-

397 4516 539 4570 enim
571 4517 716 4586 regia
757 4518 848 4572 via.
884 4528 988 4586 est,
1018 4531 1072 4574 et
1097 4537 1194 4591 per
1223 4535 1280 4576 se
1305 4521 1614 4589 gradientes
1658 4520 1887 4578 feliciter
1915 4522 1982 4576 ad
2013 4521 2061 4578 D
2086 4522 2187 4578 bus
2239 4519 2536 4591 antiquitus
2582 4520 2730 4575 trita.
2784 4519 2890 4576 Per
2923 4527 3044 4574 eam
3093 4519 3417 4578 desiderium
3463 4519 3663 4575 bonum

400 4609 625 4674 regnum
685 4607 930 4676 perducit
977 4600 1259 4665 aeternum.
1321 4609 1462 4664 Cave
1511 4625 1580 4664 ne
1625 4611 1863 4668 declines
1917 4612 1986 4666 ad

397 4691 681 4748 dexteram
711 4703 803 4750 aut
846 4698 913 4753 ad
933 4698 1232 4756 sinistram.
1264 4698 1414 4756 Scito
1439 4699 1565 4769 quia
1593 4699 1737 4755 sicut
1773 4700 1985 4755 Domini

400 4793 483 4841 est
511 4785 708 4842 bonum
733 4789 1011 4860 patientia,
1040 4792 1113 4845 ita
1137 4791 1334 4848 diaboli
1360 4791 1560 4848 malum
1591 4800 1675 4848 est
1703 4791 1986 4861 impatiens

402 4874 496 4930 liat
531 4875 598 4930 Et
635 4877 768 4933 sicut
801 4879 889 4934 ille
919 4881 971 4935 in
997 4888 1106 4951 quo
1135 4881 1400 4936 inhabitat
1425 4887 1480 4934 et
1503 4887 1687 4936 manet
1714 4881 1982 4944 Christus,

402 4969 612 5040 patiens
643 4971 945 5040 invenitur;
978 4975 1053 5030 ita
1103 4975 1390 5046 impatiens
1421 4983 1630 5044 semper
1676 4975 1765 5030 ille
1803 4976 1988 5031 existit

402 5057 554 5130 Cujus
599 5071 833 5118 mentem
881 5063 1076 5120 diaboli
1123 5064 1364 5134 nequltia
1414 5063 1674 5134 possidet.
1714 5063 1793 5120 Tu
1835 5081 1984 5130 vero,

404 5151 524 5239 rex,
555 5155 758 5224 regiam
789 5155 930 5210 viam
965 5165 1106 5219 tene,
1149 5164 1204 5210 et
1241 5170 1345 5208 non
1377 5153 1614 5209 declines
1662 5156 1730 5209 ab
1757 5171 1842 5220 ea,
1893 5157 1987 5212 scd

406 5249 508 5303 ista
541 5249 681 5304 felici
714 5251 974 5321 beataqne
1001 5252 1221 5314 virtute,
1253 5249 1304 5302 in
1351 5255 1468 5302 eam
1509 5264 1630 5316 qua:
1660 5261 1881 5304 vocatur
1899 5249 1986 5318 jn-

407 5341 577 5407 Stitia,
605 5343 835 5398 actionis
866 5354 968 5409 tum
1000 5342 1228 5397 feliciter
1255 5353 1394 5410 pone
1420 5341 1628 5409 pedem.

937 5451 1206 5508 CAPUT
1267 5450 1441 5504 νιιιι

1028 5523 1104 5577 Dc
1120 5521 1355 5590 justitia.

479 5613 630 5682 Quod
661 5607 839 5686 regale
879 5611 951 5668 sit
977 5611 1220 5668 ollicium.
1246 5611 1421 5670 facere
1460 5596 1727 5682 justitiam
1767 5620 1820 5667 et
1852 5611 1987 5680 judill

414 5704 577 5768 tium,
614 5707 876 5762 Jeremias
913 5714 1159 5771 testatur,
1195 5707 1285 5763 ubi
1314 5727 1324 5762 :
1353 5707 1421 5762 Et
1445 5709 1687 5779 ρνωεερὲι
1713 5704 1990 5774 Dominus,

2080 4611 2244 4682 justis
2281 4611 2528 4677 dabitur;
2560 4627 2659 4681 per
2683 4626 2802 4666 eam
2829 4611 2896 4666 de
2925 4610 3172 4680 angustia
3195 4608 3330 4678 justi
3361 4598 3666 4666 liberabum

2089 4703 2206 4770 tur;
2237 4710 2334 4773 per
2366 4719 2486 4760 eam
2514 4719 2700 4762 semen
2731 4717 2919 4760 eorum
2951 4703 3004 4758 in
3031 4711 3293 4760 aeternum
3319 4701 3660 4767 fundabitur;

2086 4811 2184 4866 per
2204 4796 2350 4852 illam
2379 4796 2573 4851 domus
2597 4811 2791 4850 eorum
2814 4793 3108 4863 plurimam
3132 4794 3363 4864 accipiet
3390 4793 3662 4852 fortitudi-

2087 4902 2229 4942 nem.
2260 4887 2410 4942 lllam
2452 4886 2687 4942 tenendo
2719 4886 2822 4940 erit
2865 4886 3123 4940 memor-ia
3145 4884 3316 4957 justis
3335 4901 3457 4940 cum
3488 4883 3664 4939 laudi-

2088 4977 2217 5039 bus;
2265 4975 2412 5030 illam
2443 4974 2720 5045 sequendo
2749 4975 2930 5030 sancti
2961 4974 3250 5045 diligemur
3277 4982 3310 5028 ιι
3336 4972 3478 5038 Deo;
3515 4972 3663 5028 illam

2087 5067 2438 5124 custodiendo
2478 5066 2861 5123 exaltubunlur
2904 5068 2972 5122 ab
3017 5079 3112 5130 eo;
3145 5065 3298 5124 illam
3324 5065 3663 5121 observando

2088 5157 2589 5214 bauerilicabuntur
2631 5157 2709 5213 ab-
2745 5174 2847 5224 eo;
2891 5159 2945 5212 in
2972 5157 3059 5212 illa
3089 5157 3300 5214 fidendo
3329 5157 3531 5226 absque
3559 5165 3665 5211 ter-

2092 5264 2212 5306 rore
2232 5248 2562 5318 eruntquasi
2592 5247 2694 5304 leo.
2719 5247 3052 5304 Laborantes
3073 5248 3130 5306 in
3153 5263 3214 5303 ea
3235 5247 3663 5304 benedictionem

2089 5347 2488 5406 consequentur
2514 5347 2807 5403 aeternam;
2854 5347 3140 5407 oper-antes
3166 5353 3289 5394 cum
3330 5337 3419 5394 illa
3461 5353 3666 5394 merce.

2089 5433 2506 5502 demaceipient
2521 5431 2907 5503 sempiternam
2930 5429 3103 5496 ;sicnt
3123 5429 3386 5503 scriptum
3405 5435 3492 5482 est
3515 5446 3528 5482 :
3552 5425 3663 5481 Das

2094 5528 2167 5580 lio
2184 5526 2276 5582 Dei
2294 5535 2564 5592 permanet
2575 5525 2603 5593 j
2610 5525 2760 5588 ustis,
2781 5533 2834 5578 et
2846 5523 3137 5578 benedictio
3173 5525 3286 5592 ejus
3305 5522 3360 5574 in
3375 5517 3660 5572 mercedem

2093 5620 2206 5687 ejus
2225 5618 2440 5689 festinat
2461 5616 2652 5688 (Eccli.
2674 5632 2749 5681 xi,
2776 5617 2860 5678 l7,
2876 5617 2990 5685 Ἡ).
3012 5615 3138 5671 liscc
3171 5624 3255 5672 est
3275 5614 3362 5665 via
3379 5611 3546 5679 regia.
3567 5621 3662 5677 per

2095 5726 2275 5780 quam,
2313 5725 2428 5773 rex,
2471 5711 2723 5779 grad‘ens
2776 5711 2886 5762 cito
2923 5708 3205 5777 p-rvonies
3269 5704 3332 5758 ad
3398 5708 3661 5771 perpetua
