3944 6418
372 316 468 380 95f

1645 310 1999 379 SMARAGDI
2034 324 2327 381 ABBATIS

3524 329 3633 386 95!

369 439 471 494 bus
493 435 750 494 debemus
773 434 1143 508 eleein'osyhas
1168 435 1318 501 dare,
1346 436 1564 507 quando
1591 435 1692 507 ipsi
1716 434 1947 494 Domino
1972 440 2023 501 Α
2047 438 2261 509 pliciter
2294 439 2637 509 postmodum
2676 437 2888 507 reddat,
2931 439 2989 495 in
3035 439 3363 511 pauperibus
3394 440 3634 503 eleemo.

371 531 488 585 sine
517 529 682 585 dubio
722 528 900 594 datur,
931 527 1077 597 quod
1111 528 1437 598 pauperibus
1479 526 1725 583 hilariter
1749 542 1948 599 eroga-

372 625 480 674 tnr.
527 617 648 688 ipse
689 631 922 688 namque
957 616 1220 673 Dominus
1275 617 1329 671 in
1371 615 1578 686 judicio
1627 617 1735 686 his,
1787 619 1880 688 qui
1917 632 1951 672 a

370 707 575 764 dextris
608 707 725 778 ejus
759 714 921 761 erunt
949 707 1193 762 dicturus
1247 716 1330 761 est
1379 723 1393 760 :
1461 703 1660 773 Venite,
1698 706 1955 762 benedicti

371 795 552 853 Patris
590 796 715 862 rttei,
741 795 999 867 possidete
1022 804 1267 866 paratum
1292 794 1436 850 vobis
1463 811 1677 865 regnum
1702 811 1735 849 a
1759 795 1953 850 constio

370 890 572 946 tutione‘
589 889 793 953 mundi.
824 887 1038 942 Esuriui
1066 888 1227 951 enini,
1255 895 1305 941 et
1335 886 1553 941 dedistis
1581 887 1707 941 mihi
1729 887 1954 942 mandu-

371 997 532 1048 care;
572 981 734 1047 sitivi,
775 988 824 1035 et
845 978 1063 1033 dedistis
1085 978 1286 1043 bibere;
1327 979 1511 1048 hospes
1538 993 1706 1043 eram,
1727 985 1776 1031 et
1797 975 1953 1032 collea

370 1074 521 1145 gistis
549 1088 667 1138 me;
689 1071 881 1135 nudus,
907 1080 957 1124 et
985 1069 1323 1140 cooperuistis
1343 1082 1458 1130 nte;
1484 1067 1746 1135 inﬁrmus,
1762 1076 1809 1122 et
1829 1067 1951 1122 uisi-

372 1166 523 1221 tastis
545 1166 659 1230 tite;
678 1165 735 1219 in
764 1179 974 1218 carcere
1001 1177 1171 1227 erant,
1208 1169 1258 1215 ct
1278 1160 1486 1215 uenistis
1522 1158 1594 1213 ad
1615 1174 1699 1214 nte
1725 1157 1943 1227 (Matth;

371 1271 500 1321 xxv,
530 1238 599 1311 34
616 1254 762 1326 $56);
791 1252 903 1308 [llis
927 1251 1110 1307 autem
1143 1248 1621 1321 interrogantibus.
1655 1256 1712 1303 et
1734 1248 1952 1319 quando

372 1347 490 1403 haec
517 1345 773 1401 fecissent
800 1344 942 1400 scire
967 1342 1289 1406 volentibus,
1322 1341 1663 1412 respondens
1691 1341 1954 1397 Dominus

374 1436 453 1491 ait
481 1454 496 1491 :
526 1435 753 1503 Quando
774 1435 973 1505 fecistis
1013 1435 1106 1489 uni
1130 1450 1196 1489 ex
1220 1434 1318 1505 liis
1351 1432 1606 1503 fratribus
1644 1432 1775 1487 meis
1796 1430 1953 1485 mini-

372 1529 495 1594 tnis,
524 1528 651 1583 mihi
671 1503 866 1595 (esas.
891 1524 1080 1597 (lbid.,
1110 1503 1241 1580 τοτοῖ
1264 1525 1380 1597 40).

444 1620 605 1692 Ergo,
633 1626 823 1684 rex,ut
848 1619 917 1673 ab
937 1617 1149 1688 origine
1175 1616 1359 1674 mundi
1384 1624 1744 1688 prmparatum
1776 1615 1954 1687 perci-

373 1716 493 1786 pias
545 1725 791 1784 regnum,
840 1710 1004 1765 debes
1045 1708 1372 1780 pauperibus
1427 1706 1800 1778 cleemosynas
1842 1704 1952 1761 fre-

2049 542 2238 598 synam
2267 537 2440 597 rogat.
2472 528 2566 584 Ille
2593 536 2647 584 te
2670 527 2853 585 facere
2875 528 2992 585 vult
3018 530 3074 586 in
3112 539 3377 588 aiternum
3407 534 3633 593 honori-

2049 616 2263 673 ﬁcando
2310 617 2619 685 sublimem,
2660 627 2718 674 et
2760 619 2819 675 in
2858 621 3190 691 pauperibus
3230 637 3262 677 a
3307 630 3360 679 te
3403 638 3633 693 parvum

2048 709 2254 778 expetit
2285 709 2567 766 honorem.

2651 817 2879 881 CAPUT
2928 821 3018 880 XI.

2360 934 2429 989 Ut
2455 936 2697 1006 operibus
2723 935 2982 991 Dominus
3008 937 3316 993 honoreturt

2121 1070 2389 1141 Operihns
2436 1073 2583 1127 enim
2630 1072 3016 1130 misericordiae
3067 1073 3326 1130 honorari
3373 1075 3635 1135 Dominus

2051 1162 2452 1231 comprobatur.
2489 1162 2628 1217 sicut
2658 1162 2920 1232 scriptum
2965 1170 3090 1219 est:
3125 1161 3231 1228 Qui
3274 1163 3635 1221 calumniatur

2049 1259 2303 1319 egentem,
2329 1251 2608 1322 exprobrat
2633 1252 2825 1323 {actori
2847 1252 2964 1323 ejus
2994 1268 3015 1307 :
3047 1254 3272 1309 honorat
3303 1264 3479 1311 autent
3512 1273 3634 1312 eunt

2050 1343 2140 1415 qui
2166 1343 2440 1399 miseretur
2456 1345 2704 1415 pauperis
2727 1341 2911 1416 (Prov.
2942 1360 3054 1411 xxv,
3076 1346 3191 1418 51).
3215 1345 3350 1402 Item
3377 1347 3633 1404 Salomon

2050 1433 2128 1488 ait
2151 1448 2166 1486 :
2190 1431 2319 1500 Fili,
2340 1434 2544 1489 [sonora
2564 1433 2756 1501 Deum,
2777 1444 2828 1489 et
2852 1434 3062 1493 valebis.
3083 1435 3243 1494 Jesus
3270 1437 3413 1493 [ilius
3438 1436 3631 1495 Siracb

2051 1526 2129 1581 ait
2154 1543 2168 1580 :
2196 1524 2416 1582 Honora
2444 1526 2613 1582 Deum
2632 1543 2700 1582 ea:
2734 1536 2847 1585 tota
2873 1527 3054 1583 animo
3094 1537 3210 1595 tua,
3265 1539 3315 1585 et
3339 1530 3631 1600 honoriﬁca

2050 1617 2368 1682 sacerdotes,
2413 1628 2464 1674 st
2508 1633 2775 1690 propurga
2823 1629 2872 1674 te
2917 1636 3038 1674 cum
3084 1619 3333 1677 brachiis.
3388 1620 3478 1676 Da
3523 1620 3632 1679 illis

2051 1717 2275 1780 partem,
2307 1708 2443 1762 sicut
2466 1708 2775 1765 mandatum
2803 1719 2879 1765 est
2904 1711 3025 1776 tibi,
3051 1711 3405 1781 primitiarunt
3430 1721 3479 1767 et
3501 1728 3637 1782 pur-

374 1810 604 1874 Quenter
644 1801 923 1872 porrigere
962 1807 1185 1870 propter
1218 1798 1515 1855 Christum.
1541 1796 1695 1853 Illum
1724 1798 1867 1853 enim
1896 1796 1950 1851 in
1978 1803 2027 1863 Β
2053 1801 2314 1871 gationis;
2341 1808 2391 1855 et
2414 1800 2480 1855 de
2526 1799 2841 1871 negligentia
2871 1810 2963 1859 tua
2989 1818 3158 1873 purga
3195 1810 3246 1859 te
3272 1818 3391 1857 cunt
3425 1803 3631 1873 paucis.

375 1900 634 1948 internum
665 1890 868 1946 senties
895 1890 1295 1954 retributorem,
1324 1888 1370 1943 si
1388 1902 1487 1958 pro
1512 1887 1604 1943 illo
1626 1886 1953 1958 pauperibus

376 1982 625 2041 hilariter
650 1981 962 2054 porrexeris
995 1976 1221 2052 panem;
1267 1978 1449 2035 abillo
1472 1985 1734 2033 cateruam
1756 1990 1950 2032 conse-

375 2074 561 2145 queris
592 2071 1038 2131 misericordiam,
1068 2069 1115 2124 si
1142 2084 1243 2138 pro
1270 2067 1362 2123 illo
1390 2067 1600 2138 plenam
1625 2066 1952 2137 pauperibus

374 2163 684 2236 porrexeris
708 2164 1007 2219 desteram.
1039 2160 1224 2231 Nerine
1259 2160 1405 2215 enim
1433 2159 1630 2215 mereri
1669 2158 1764 2214 Dei
1790 2157 1953 2215 mise-

334 2288 341 2293 -
378 2255 669 2312 t‘icordiam
695 2255 914 2325 poterit,
947 2254 1040 2323 qui
1063 2254 1372 2308 misericors
1389 2260 1445 2306 et
1471 2252 1586 2322 ipse
1612 2266 1718 2306 non
1746 2249 1947 2316 fuerit;

377 2355 470 2404 aut
492 2345 806 2417 impetrabit
826 2345 894 2401 de
916 2345 1094 2401 divina
1118 2345 1317 2415 piezate
1336 2343 1537 2413 aliquid
1557 2342 1830 2413 precibus,
1857 2339 1952 2411 qui

382 2440 449 2496 ad
470 2453 687 2511 precem
725 2436 978 2509 pauperis
1001 2451 1105 2491 non
1138 2435 1301 2491 fuerit
1329 2435 1621 2489 humanus.
1650 2432 1742 2489 Sic
1771 2430 1950 2503 Spiri-

379 2535 468 2585 tus
493 2529 740 2585 veritatis
776 2542 877 2597 per
904 2526 1247 2581 Salomonem
1275 2525 1405 2581 dicit
1435 2543 1449 2578 :
1489 2522 1593 2589 Qui
1621 2524 1828 2578 obturat
1853 2540 1952 2579 au-

380 2632 490 2673 rem
513 2634 667 2672 suam
707 2616 777 2670 ad
802 2616 1082 2670 clamarent
1108 2615 1377 2686 pauperis,
1419 2622 1469 2668 et
1496 2613 1603 2683 ipse
1629 2611 1876 2669 clamabit
1901 2623 1950 2669 et

377 2723 485 2763 non
506 2707 817 2763 exaudiatur
853 2704 1035 2777 (Prov.
1065 2720 1180 2769 ut,
1209 2703 1321 2774 l3).
1353 2702 1592 2773 Raphael
1618 2717 1833 2773 quoque
1859 2719 1952 2761 an—

378 2797 530 2867 gelus
549 2803 611 2851 ut
631 2795 970 2865 eleemosy'na
999 2793 1232 2849 libenter
1250 2805 1317 2848 ac
1337 2793 1556 2865 largiter
1580 2793 1679 2849 llat
1701 2793 1952 2851 hortatur

377 2901 501 2951 nos,
519 2886 743 2942 dicens:
770 2885 920 2940 Bona
947 2894 1023 2940 est
1049 2884 1220 2939 oratio
1249 2901 1366 2939 cunt
1383 2884 1616 2956 jejunio,
1647 2892 1696 2940 et
1724 2883 1949 2941 alterno-

374 2987 507 3046 sgna
530 2976 699 3046 magis
724 2990 884 3047 want
912 2975 1184 3030 thesauros
1215 2975 1337 3029 auri
1366 2975 1665 3040 recondere,
1700 2976 1949 3046 quoniam

375 3068 700 3138 elemosyna
749 3085 783 3121 a
827 3077 993 3123 morte
1017 3066 1227 3134 liberat,
1256 3076 1306 3123 et
1354 3068 1468 3138 ipsa
1492 3076 1570 3123 est
1598 3084 1720 3140 quae
1759 3078 1948 3139 purgat

2055 1891 2253 1948 Desunt
2295 1891 2627 1947 brachiorum
2654 1901 2883 1956 tuorum,
2912 1902 2963 1948 et
2992 1894 3311 1963 sacriﬁcium
3334 1894 3636 1963 sanctiﬁcata

2054 1988 2212 2042 tionis
2237 1986 2425 2056 o/feres
2450 1984 2703 2051 Domino,
2722 1995 2774 2041 et
2796 1986 2951 2041 initia
2974 1995 3298 2051 sanctorum,
3334 1995 3384 2040 et
3415 1987 3635 2057 pauperi

2052 2078 2259 2150 porrige
2276 2092 2494 2133 manum
2517 2086 2687 2143 tum,
2727 2087 2784 2133 stt
2806 2078 3114 2150 perﬁciatur
3133 2078 3435 2150 propitiatio
3462 2087 3511 2132 et
3546 2078 3637 2132 bea

2053 2169 2278 2224 nedictio
2305 2177 2399 2222 tua
2436 2166 2630 2238 (Ecclit
2674 2182 2773 2233 vir,
2804 2168 2899 2233 35,
2925 2166 3039 2240 56).
3064 2167 3223 2234 Nam,
3262 2168 3407 2238 quod
3434 2175 3489 2223 et
3515 2168 3633 2223 haec

2051 2259 2222 2314 virtus
2245 2258 2364 2314 sine
2402 2258 2568 2314 dubio
2609 2258 2783 2315 virtus
2809 2259 2955 2331 regis
2984 2259 3076 2325 sit,
3106 2259 3220 2331 regi
3247 2259 3415 2315 David
3449 2259 3634 2315 Domi-

2051 2363 2157 2404 nus
2181 2348 2398 2412 clamat,
2446 2356 2505 2402 et
2528 2363 2628 2419 per
2653 2362 2776 2403 eum
2821 2348 2890 2404 ad
2914 2347 3379 2406 honoriﬁcandnm
3410 2364 3469 2406 se
3496 2349 3633 2411 alios

2052 2453 2209 2510 1⁵⁸8⁸⁸
2236 2447 2517 2510 Provocat,
2545 2438 2767 2495 dicens:
2796 2437 3132 2508 Sacriﬁcium
3157 2439 3334 2497 laudis
3364 2439 3626 2510 honoriﬁ-

2052 2530 2189 2584 csbit
2216 2544 2297 2583 me
2320 2542 2341 2581 :
2370 2537 2421 2583 et
2460 2527 2570 2583 illic
2617 2528 2740 2595 iter,
2771 2545 2877 2600 quo
2930 2529 3202 2589 ostendant
3262 2530 3343 2585 illi
3396 2529 3632 2589 salutare

2051 2634 2225 2674 meum
2276 2615 2450 2689 (Psal.
2500 2634 2649 2686 suis,
2679 2618 2797 2692 2'5).
2838 2619 2974 2677 Nam
3017 2621 3132 2690 ipse
3160 2621 3333 2677 David
3352 2636 3451 2678 rex
3479 2622 3547 2678 de
3570 2636 3632 2680 se

2052 2709 2170 2779 ipso
2192 2709 2356 2766 tb'cit:
2377 2708 2674 2780 Conﬁtebor
2696 2710 2813 2778 tibi,
2835 2710 3057 2768 Densius
3079 2712 3223 2769 Deus
3250 2731 3420 2782 meus,
3439 2715 3496 2771 in
3516 2724 3631 2771 toto

2049 2802 2207 2856 corde
2254 2817 2390 2869 meo,
2439 2810 2490 2857 et
2517 2801 2824 2873 gloriﬁcabo
2852 2819 3041 2859 nomen
3076 2812 3227 2859 tuum
3266 2806 3324 2858 in
3350 2814 3627 2872 racemum,

2047 2895 2303 2965 quoniam
2323 2894 2516 2949 bonum
2539 2902 2614 2949 est
2632 2892 2807 2966 (Psal.
2835 2909 3038 2961 Lxxxv,
3068 2894 3177 2967 l2).
3212 2896 3446 2967 Dignum
3480 2896 3628 2952 enim

2048 2994 2106 3040 et
2139 2986 2345 3057 justum
2373 2992 2458 3040 est
2490 2992 2554 3039 ut
2577 2994 2678 3054 pro
2720 2984 2972 3040 omnibus
3010 2986 3321 3043 hominibus
3348 3000 3503 3059 reges
3531 2987 3630 3043 bo-

2049 3078 2338 3133 noriticent
2364 3075 2554 3141 Deum,
2573 3074 2703 3146 quin
2722 3091 2822 3146 pro
2852 3076 3105 3133 omnibus
3124 3075 3433 3133 hominibus
3458 3078 3631 3134 hono-

373 3166 608 3227 peccata,
662 3165 712 3211 et
757 3156 884 3227 facit
931 3158 1164 3212 invenire
1225 3158 1639 3212 misericordiam
1681 3167 1731 3213 et
1785 3158 1947 3213 vitam

2052 3166 2338 3222 rilicantur
2365 3164 2436 3221 ab
2461 3181 2548 3222 eo.
2587 3164 2975 3231 Honoriﬁcate,
3000 3182 3034 3221 ο
3062 3180 3237 3237 reges,
3265 3165 3456 3232 Deum,
3499 3167 3629 3238 quia

376 3256 628 3302 cateruam
677 3247 829 3318 (Tob.
865 3265 970 3316 ιιι,
1011 3247 1088 3320 8).
1121 3248 1346 3305 Revelat
1389 3250 1613 3321 angelus
1634 3257 1692 3305 et
1720 3247 1953 3305 allirmat

375 3339 730 3413 eleemosynis
762 3342 1050 3412 petitiones
1099 3350 1316 3397 nostras
1349 3342 1597 3399 eﬂiences
1642 3342 1780 3408 ﬁeri,
1809 3341 1952 3398 elec-

373 3432 618 3502 mosynis
658 3432 827 3489 vitam
869 3433 937 3487 de
981 3433 1236 3502 periculis
1286 3433 1501 3500 redimi,
1534 3432 1888 3504 eleemnsynis
1918 3447 1949 3486 α

374 3531 553 3578 morte
574 3522 786 3578 animas
809 3523 1048 3580 liberari.
1080 3523 1253 3591 Quam
1281 3524 1482 3580 bonum
1508 3524 1606 3580 tibi
1636 3524 1759 3591 erit,
1789 3539 1825 3580 o
1852 3538 1950 3578 no-

374 3611 636 3675 bilissime
675 3625 790 3679 rex,
827 3626 990 3682 quam
1031 3613 1187 3668 dulce
1238 3621 1295 3668 et
1340 3628 1529 3679 suave,
1578 3613 1794 3683 quando
1834 3614 1950 3684 ipse

376 3709 610 3766 creator,
643 3703 952 3772 redemptor
974 3710 1029 3757 et
1055 3703 1382 3774 gubernator
1409 3712 1537 3761 tuus
1562 3718 1747 3761 coram
1769 3705 1948 3761 omni-

372 3792 475 3847 bus
516 3790 723 3862 angelis
753 3800 811 3847 et
847 3792 1205 3864 archangelis,
1256 3795 1604 3866 patriarchis,
1641 3797 1945 3866 prophetis,

372 3887 432 3934 ct
456 3879 735 3949 apostolis,
765 3881 1037 3953 totiusque
1058 3885 1265 3950 mundi,
1289 3884 1537 3942 videlicet
1558 3884 1681 3943 coeli
1709 3894 1765 3942 et
1790 3894 1948 3943 terrae

370 3971 611 4026 exercitu
648 3982 996 4044 congregato,
1024 3974 1121 4030 tibi
1147 3976 1215 4051 ad
1252 3976 1533 4033 dexteram
1553 3993 1707 4034 suam
1732 3978 1945 4034 miser-ir

370 4064 607 4120 corditer
622 4066 919 4121 constituto
952 4066 1134 4123 taliter
1170 4066 1334 4124 fuerit
1358 4076 1482 4124 cum
1498 4069 1723 4127 caeteris
1734 4069 1947 4129 allocu—

373 4161 497 4208 tus:
530 4150 728 4219 Venite,
762 4153 1014 4208 benedicti
1048 4152 1230 4210 Patris
1258 4156 1392 4220 mei,
1420 4158 1676 4226 possidete
1698 4167 1947 4227 paratum

370 4242 513 4297 robis
539 4258 754 4312 regnum
782 4260 816 4297 a
840 4243 1204 4300 constitutione
1229 4245 1409 4301 mundi
1432 4245 1646 4317 (Matth.
1678 4262 1809 4312 xxv,
1827 4246 1943 4319 54).

442 4337 605 4409 Ergo,
646 4338 932 4394 mitissime
956 4346 1119 4408 atque
1160 4338 1460 4395 clarissime
1488 4353 1605 4404 res,
1636 4340 1740 4397 (ide
1764 4339 1943 4410 plena,

372 4437 554 4484 mente
580 4429 793 4494 devota,
820 4431 1132 4502 Operatione
1156 4433 1434 4497 continua,
1460 4432 1691 4489 Domino
1714 4432 1827 4489 Deo
1852 4442 1945 4489 tuo

2053 3258 2144 3315 ille
2164 3258 2314 3328 prior
2333 3256 2713 3314 honoriﬁcavit
2738 3272 2855 3313 vos.
2880 3256 3025 3314 Illius
3050 3259 3251 3315 etenim
3278 3273 3384 3315 vox
3404 3274 3507 3329 per
3529 3259 3632 3315 Sa-

2051 3351 2321 3406 lomonem
2368 3347 2571 3405 clamat
2602 3357 2659 3404 et
2703 3348 2836 3404 dicit
2866 3367 2879 3403 ε
2908 3348 3025 3419 Ego
3061 3350 3321 3417 sapientia
3366 3348 3541 3404 habito
3570 3349 3627 3403 in

2049 3439 2289 3505 consilio,
2315 3448 2365 3493 et
2387 3438 2608 3494 eruditis
2629 3438 2885 3493 intersum
2906 3438 3327 3508 cogitationibus.
3357 3438 3533 3494 Meum
3554 3446 3629 3492 est

2050 3528 2329 3584 consilium
2361 3536 2413 3582 et
2436 3529 2684 3600 mquitas,
2710 3544 2827 3583 mea
2864 3536 2940 3583 est
2957 3527 3254 3599 prudentia,
3281 3544 3399 3585 mea
3424 3538 3499 3583 est
3522 3528 3630 3597 for-

2048 3620 2238 3674 titudo.
2286 3618 2395 3674 Per
2439 3635 2522 3674 nte
2558 3635 2702 3690 reges
2748 3627 2987 3688 regnant,
3042 3626 3090 3673 et
3124 3617 3296 3689 legum
3334 3619 3629 3674 conditura

2039 3709 2193 3780 justo
2216 3709 2524 3765 decernunt.
2548 3705 2655 3764 Per
2675 3724 2759 3764 me
2795 3708 3052 3779 principes
3074 3708 3353 3780 imperant,
3379 3718 3429 3764 et
3447 3718 3630 3779 poten-

2046 3808 2126 3854 tes
2150 3800 2457 3854 decernunt
2468 3798 2757 3868 justitiam.
2790 3798 2904 3869 Ego
2942 3798 3211 3869 diligentes
3237 3814 3318 3853 me
3344 3790 3531 3869 diligit,
3578 3805 3628 3853 et

2046 3891 2141 3961 qui
2165 3890 2233 3943 de
2273 3905 2425 3947 mane
2454 3887 2677 3958 vigilant
2722 3888 2793 3943 ad
2822 3904 2924 3954 me,
2974 3889 3235 3944 invenient
3265 3904 3365 3943 me.
3420 3886 3629 3942 Mecum

2045 3989 2167 4035 sunt
2197 3979 2394 4034 divitia:
2416 3988 2468 4032 et
2498 3976 2667 4048 gloria
2711 3975 2893 4049 (Prov.
2924 3992 3045 4044 Vm,
3079 3979 3171 4046 12,
3195 3978 3278 4043 14,
3308 3978 3418 4051 18).

2119 4069 2491 4126 Honorilicare
2526 4084 2680 4141 ergo,
2710 4083 2828 4135 rex,
2852 4069 3017 4127 debes
3058 4072 3188 4127 totis
3213 4070 3419 4126 viribus
3448 4064 3629 4126 Domi-

2044 4175 2179 4217 num
2213 4158 2384 4216 Deum
2419 4168 2595 4224 tuum,
2628 4159 2723 4229 qui
2748 4158 2955 4215 tantam
2992 4158 3100 4228 iam
3129 4160 3231 4215 tibi
3258 4159 3485 4217 contulit
3514 4159 3628 4214 lau-

2047 4253 2192 4319 dem,
2216 4261 2276 4309 et
2307 4259 2513 4311 tantum
2559 4253 2736 4310 adhuc
2763 4254 3033 4324 promisit.
3066 4255 3353 4311 honorem.
3376 4254 3479 4311 Hic
3509 4253 3625 4323 iam

2046 4344 2145 4401 tibi
2175 4344 2328 4415 regni
2356 4343 2741 4411 eruditionem,
2769 4345 3340 4416 prudentiamrpariter
3357 4347 3628 4403 concessit

2042 4442 2104 4490 et
2145 4432 2548 4498 fortitudinem;
2586 4432 2697 4489 illic
2719 4448 2849 4491 vero
2870 4442 3089 4493 aeterna:
3101 4437 3228 4491 vitm
3251 4436 3503 4506 promisit
3524 4436 3627 4491 im-

371 4519 689 4590 ubsequinm
726 4535 971 4593 praepara
998 4535 1012 4576 :
1044 4523 1112 4578 da
1141 4522 1360 4579 Christo
1391 4522 1447 4577 in
1485 4532 1629 4578 terra
1651 4522 1944 4579 vestimen-
1967 4526 2021 4585 D
2044 4525 2451 4583 mortalitatem.
2501 4524 2602 4580 Hic
2637 4533 2693 4580 te
2739 4533 3015 4590 terrenum
3061 4526 3241 4581 evexit
3268 4526 3330 4581 in
3362 4541 3620 4597 regnum;

374 4618 506 4674 tum,
533 4616 594 4663 ut
613 4609 682 4665 ab
708 4609 797 4665 illo
827 4611 1048 4667 cceleste
1073 4611 1306 4682 recipias
1339 4612 1745 4679 indumentum;
1772 4613 1840 4667 da
1864 4611 1945 4667 ci-

367 4699 498 4753 bum
545 4707 602 4755 et
640 4708 848 4770 potum,
869 4708 931 4758 ut
956 4716 1079 4756 cum
1111 4701 1404 4766 Abraham,
1431 4701 1585 4757 Isaac
1613 4709 1669 4757 et
1684 4701 1855 4759 Iacob
1875 4702 1943 4763 ad

370 4787 675 4844 convivium
704 4790 969 4847 merearis
1021 4791 1307 4861 pervenire
1342 4799 1625 4846 aeternum.
1675 4791 1806 4857 Quae
1850 4792 1943 4848 illa

369 4877 479 4932 erit
518 4878 615 4933 tibi
657 4887 863 4935 aeterna
916 4880 1132 4945 laetitia;
1181 4895 1344 4949 quam
1378 4880 1601 4950 grandis
1632 4888 1941 4938 et~summa

370 4967 556 5035 gloria,
586 4971 802 5038 quando
834 4970 931 5025 tibi
961 4969 1186 5038 cmperit
1214 4969 1475 5025 Dominus
1516 4970 1817 5027 retribuere
1842 4988 1942 5043 pro

372 5057 601 5114 terrenis
634 5059 896 5123 caelestia,
926 5071 1041 5127 pro-
1062 5058 1443 5125 temporalibus
1467 5060 1817 5130 sempiterna,
1840 5074 1943 5131 pro

370 5149 599 5205 modicis
636 5163 849 5218 magna,
880 5160 979 5217 pro
999 5146 1218 5203 caducis
1254 5151 1645 5219 permanentia,
1668 5167 1767 5222 pro
1793 5152 1944 5210 fuca-

372 5236 441 5292 tis
465 5236 859 5307 permanentia,
873 5249 974 5304 pro
997 5234 1280 5305 fragilibus
1302 5237 1628 5305 ﬁrmissima,
1647 5257 1745 5311 pro
1766 5250 1942 5297 trans-

369 5327 624 5381 euntibus
664 5324 1044 5396 permansura!
1092 5325 1247 5397 Ergo.
1297 5343 1413 5391 rex,
1445 5328 1514 5385 de
1548 5330 1812 5386 reditibus
1835 5332 1941 5386 tuis

370 5414 675 5484 portionem
723 5411 808 5467 fac
868 5410 1096 5466 Domino
1143 5421 1256 5481 tuo,
1308 5417 1711 5484 possessionum
1765 5427 1938 5477 terre.

369 5508 564 5563 atrium
593 5505 678 5559 fac
701 5504 796 5559 tibi
831 5501 1145 5574 participem
1170 5505 1465 5571 Christum,
1492 5515 1626 5565 utet
1650 5507 1741 5564 ille
1763 5511 1939 5565 cohae-

372 5600 554 5654 redem
582 5608 634 5653 te
661 5599 821 5655 faciat
845 5606 1135 5665 segnOrum
1163 5601 1481 5659 cmlcstium.
1504 5602 1595 5657 Ille
1618 5603 1819 5661 etenim
1845 5603 1941 5659 tibi

374 5692 553 5746 munia
577 5706 695 5761 qtae
724 5691 895 5748 habes
916 5692 1201 5759 concessit,
1230 5702 1283 5749 et
1309 5710 1339 5748 a
1373 5702 1425 5746 te
1445 5711 1604 5763 quam
1632 5696 1730 5751 tibi
1756 5702 1942 5751 centu~

2042 4614 2157 4669 illic
2175 4614 2274 4670 tibi
2290 4614 2513 4670 cieteste
2528 4614 2780 4684 promisit
2805 4613 3113 4684 imperium.
3130 4613 3233 4672 Hic
3251 4614 3348 4670 tibi
3367 4615 3623 4686 gaudium

2045 4702 2343 4773 temporale
2386 4704 2677 4768 concessit,
2707 4704 2817 4759 illic
2836 4705 3089 4775 gaudium
3113 4712 3378 4767 :eternum
3413 4704 3622 4775 promi-

2045 4795 2135 4859 sit.
2166 4793 2267 4853 llic
2313 4794 2549 4864 amplam
2577 4795 2730 4865 regni
2757 4795 2906 4850 dedit
2947 4795 3342 4862 hmreditatens,
3371 4796 3481 4852 illic
3505 4812 3625 4854 am-

2043 4886 2340 4957 plissimam
2375 4885 2612 4955 paradisi
2644 4886 2907 4956 .promisit
2951 4886 3369 4957 possessionem.
3404 4886 3505 4943 Hic
3542 4887 3622 4943 at-

2046 4976 2324 5031 tluentiam
2350 4975 2406 5031 in
2450 4975 2662 5032 ‘divitiis
2697 4977 3088 5045 subministrat,
3114 4979 3226 5035 illic
3252 4986 3439 5048 postea
3479 4978 3623 5035 acci-

2047 5067 2298 5137 piendam
2321 5074 2608 5137 praeparat.
2627 5065 2726 5123 Hic
2746 5064 2923 5136 tejam
2949 5067 3114 5139 regali
3131 5069 3618 5140 vestivitpurpura,

2044 5156 2155 5211 illic
2193 5156 2388 5212 vestiet
2410 5157 2587 5213 adhuc
2610 5155 3033 5213 immortalitatis
3071 5158 3228 5212 stola.
3262 5157 3363 5214 Hic
3386 5157 3501 5229 jam
3530 5174 3620 5215 ca-

2042 5247 2142 5317 piti
2171 5254 2261 5301 tuo
2293 5246 2471 5315 posuit
2496 5247 2802 5302 diademata
2829 5247 2996 5317 regia,
3020 5248 3115 5303 sed
3141 5248 3252 5303 illic
3272 5249 3450 5304 adhuc
3469 5257 3622 5305 atter-

2043 5337 2230 5392 nitatis
2253 5345 2419 5407 ponet
2464 5352 2740 5408 coronam.
2784 5337 2885 5394 Hic
2927 5337 3042 5409 jam
3081 5339 3351 5395 concessit
3376 5337 3620 5395 ﬂorentia

2042 5442 2228 5498 regna,
2252 5425 2364 5481 illic
2379 5426 2529 5481 dabit
2554 5425 2780 5495 grandia
2803 5433 2860 5481 et
2878 5426 3256 5485 inenarrabilis
3283 5428 3495 5498 gaudia.
3520 5426 3621 5484 llic

2046 5514 2272 5572 contulit
2302 5514 2618 5584 multiplicia
2641 5528 2887 5579 munera,
2913 5514 3022 5570 illic
3041 5516 3290 5586 promisit
3314 5514 3545 5571 candida
3565 5522 3621 5573 ot

2046 5613 2305 5675 perpetua
2346 5619 2531 5675 regna.
2580 5604 2679 5660 llic
2733 5604 2853 5660 sine
2891 5606 3111 5661 tristitia
3162 5606 3310 5662 dedit
3358 5606 3621 5662 deducere

2052 5705 2315 5766 tempora,
2346 5693 2453 5751 illic
2477 5695 2701 5764 perenni
2722 5702 2779 5750 et
2798 5696 2918 5753 sine
2954 5695 3062 5752 ﬁne
3084 5696 3234 5752 dabit
3270 5697 3453 5755 vivere
3484 5695 3616 5754 vita.
