3944 6424
239 373 345 439 953

1647 366 1762 434 VIA
1803 368 2034 432 REGIA.

3388 376 3495 440 θείι

237 496 338 552 llic
358 487 505 549 dedit
527 493 730 549 habere
754 483 1007 547 virtutem
1032 489 1083 545 in
1101 489 1316 556 castris,
1347 489 1456 546 illic
1479 490 1626 544 dabit
1649 490 1817 545 socie-
1843 483 1893 550 Α
1921 489 2036 558 ipse
2063 488 2255 543 iterum
2287 489 2340 544 in
2369 489 2658 562 Ev'angelio
2687 465 2839 546 diviti
2869 493 2946 546 ait
2972 505 2990 548 ι
3021 491 3083 548 Si
3122 491 3197 547 vis
3237 492 3496 562 perfectus

240 586 406 640 tatem
436 583 644 642 felicem
665 596 787 636 cum
816 581 1038 650 angelis.
1067 579 1169 635 Hie
1191 589 1437 635 terrenas
1464 579 1816 648 multiplices-

240 688 344 746 que
393 671 620 729 contulit
665 671 899 734 divitias,
943 669 1052 724 illic
1096 670 1344 725 ctelestes
1396 678 1818 737 communesque

241 777 362 820 cum
393 763 597 820 sanctis
632 763 882 817 omnibus
908 762 1174 832 promisit,
1206 771 1438 816 aeternas
1466 761 1587 817 illas
1631 759 1820 814 videli-

241 863 347 917 cet,
371 855 436 908 de
467 852 660 921 quibus
697 852 774 906 ait
801 850 1088 921 Apostolus
1113 869 1126 903 :
1155 848 1294 915 Quia
1321 849 1504 904 oculus
1527 866 1630 902 non
1667 849 1816 912 vidit,

243 958 333 999 nec
368 945 515 998 auris
545 942 759 1005 audivit,
808 957 898 995 nec
936 942 991 994 in
1016 955 1106 993 cor
1127 939 1350 993 hominis
1398 939 1653 1002 ascendit,
1699 953 1819 1008 qute

241 1032 557 1105 prteparavit
584 1031 726 1086 Deus
766 1031 832 1085 iis
857 1031 946 1101 qui
972 1029 1195 1100 diligunt
1218 1028 1369 1082 illum
1398 1027 1454 1100 (Ι
1484 1027 1608 1083 Cor.
1643 1043 1707 1094 ιι,
1734 1026 1813 1099 9).

838 1127 1064 1194 CAPUT
1101 1135 1214 1190 XII.

682 1209 760 1263 De
789 1209 1001 1262 decimis
1025 1214 1074 1261 et
1101 1206 1368 1278 primitiis.

312 1290 622 1355 Honorilica
651 1311 782 1367 ergo
801 1338 815 1362 ,
847 1312 941 1350 rex
969 1296 1267 1351 clarissime
1284 1336 1298 1360 ,
1331 1294 1572 1350 moribus
1600 1302 1656 1348 et
1683 1292 1817 1348 act'r-

248 1394 350 1448 bus
380 1391 488 1446 tuis
516 1389 798 1444 Dominum
827 1389 990 1442 Deum
1022 1394 1170 1441 tuum
1195 1403 1210 1451 ;
1253 1385 1548 1442 honoriﬁca
1593 1384 1818 1440 decimis

244 1493 298 1538 et
343 1481 636 1553 primitiis,
686 1487 741 1532 et
781 1479 1029 1533 omnibus
1075 1477 1438 1532 oblationibus
1478 1476 1532 1530 in
1573 1477 1684 1530 vita
1729 1483 1817 1528 tua

244 1572 532 1627 Dominum
561 1569 728 1623 Deum
765 1578 944 1631 tuum,
976 1567 1118 1622 sicut
1155 1567 1416 1635 scriptum
1447 1574 1568 1620 est:
1602 1563 1740 1629 Fili,
1770 1567 1817 1619 si

245 1665 424 1729 habes,
453 1662 666 1732 benefac
693 1671 889 1724 tecum,
919 1668 966 1713 et
992 1659 1100 1713 Deo
1127 1659 1314 1728 dignas
1340 1657 1624 1712 oblationes
1651 1657 1816 1725 offer:

245 1770 444 1808 memor
467 1741 574 1806 Esto
599 1751 847 1822 quoniam
867 1765 1006 1802 mors
1031 1765 1134 1802 non
1156 1748 1332 1801 tardat
1355 1747 1542 1818 (Eccli.
1569 1762 1680 1811 xlv,
1705 1745 1813 1816 Η).

244 1842 379 1896 Nam
403 1850 459 1897 et
486 1842 540 1895 in
566 1841 682 1911 lege
707 1839 963 1894 Domintts
985 1838 1302 1908 praecipiens
1329 1837 1452 1892 filiis
1475 1837 1642 1892 Israel
1658 1877 1672 1902 ,
1700 1837 1776 1891 ait
1801 1854 1832 1891 :-

247 1934 471 2000 Quando
497 1931 828 2003 compleveris
854 1931 1108 1984 decimam
1136 1939 1440 1983 cunctarum
1466 1924 1676 1998 frugum
1701 1938 1820 1981 tua-

247 2035 364 2078 rum
387 2064 401 2088 ,
433 2039 571 2076 anno
609 2022 930 2075 decimarum
965 2020 1151 2087 tertio,
1183 2019 1333 2074 dabis
1373 2019 1540 2073 levitte
1578 2027 1626 2072 et
1665 2018 1822 2072 adve-

249 2126 362 2176 ntu,
394 2121 442 2166 et
482 2111 680 2182 pupillo
721 2119 770 2164 et
809 2110 1016 2174 vidua,
1061 2119 1118 2162 ut
1159 2109 1429 2163 comedent
1464 2108 1605 2162 intra
1639 2116 1818 2176 partas

247 2211 367 2255 tuas
387 2241 402 2265 ,
433 2209 481 2254 et
509 2207 812 2253 saturentur
832 2211 851 2250 :
883 2197 1206 2268 loquerisque
1227 2198 1284 2250 in
1307 2206 1584 2266 conspectu
1608 2195 1822 2249 Domini

251 2291 344 2344 Dei
370 2289 466 2344 tui.
498 2289 700 2342 Abstuli
727 2288 868 2358 quod
893 2287 1277 2355 sanctiﬁcatum
1304 2295 1379 2340 est
1403 2287 1467 2339 de
1491 2286 1646 2339 domo
1669 2299 1786 2337 mea
1803 2323 1819 2349 ,

247 2387 294 2432 et
321 2377 441 2430 dedi
479 2376 611 2430 illud
649 2375 816 2429 levius
855 2385 902 2429 et
944 2375 1186 2439 aduente,
1213 2384 1263 2428 et
1300 2374 1497 2444 pupillo
1527 2390 1588 2426 ac
1619 2374 1816 2435 vidum,

248 2470 382 2522 sicut
402 2468 610 2537 jussiin
638 2467 765 2520 mihi
787 2483 806 2520 :
838 2483 941 2520 non
980 2466 1240 2536 praeterivi
1273 2465 1528 2518 mandata
1563 2475 1686 2527 tua,
1729 2481 1820 2517 nec

246 2575 368 2613 sum
389 2558 808 2628 o'blitusimperii
836 2557 933 2610 tui.
972 2553 1095 2609 Non
1122 2554 1322 2608 comedi
1359 2571 1425 2608 ea;
1463 2555 1540 2608 eis
1577 2555 1635 2607 in
1663 2553 1820 2606 luctu

251 2663 392 2709 meo,
442 2663 533 2700 nec
569 2647 807 2716 separavi
853 2663 915 2699 ea
959 2647 1013 2700 in
1057 2645 1296 2716 qualibet.
1322 2644 1686 2708 immunditia,
1727 2659 1820 2697 nec

249 2735 468 2804 cavendi
509 2753 573 2790 ea:
599 2735 679 2789 his
705 2736 988 2806 quidquam
1016 2737 1071 2789 in
1103 2752 1156 2789 re
1186 2734 1396 2804 funebri
1426 2734 1444 2805 (
1473 2733 1626 2787 Deut.
1654 2749 1783 2786 xxvn
1803 2773 1818 2799 ,

253 2828 360 2880 12-
381 2827 446 2880 Η
469 2827 508 2898 ).
540 2827 656 2897 lpse
686 2827 881 2881 iterum
914 2827 1171 2882 Dominus
1206 2842 1303 2897 per
1343 2826 1656 2881 Malacbiam
1695 2840 1822 2894 pro-

250 2919 468 2987 phetam
497 2918 609 2972 ait:
640 2917 838 2987 lnferte
866 2935 1068 2972 omnem
1095 2918 1349 2972 decimam
1374 2918 1430 2970 in
1469 2917 1742 2982 horreum,
1771 2924 1820 2970 et

253 3007 318 3060 sit
346 3006 490 3061 cibus
514 3007 571 3060 in
597 3007 753 3060 domo
779 3023 892 3060 mea
909 3045 925 3070 ,
953 3017 998 3059 et
1023 3007 1237 3077 probate
1263 3023 1341 3060 me
1367 3022 1523 3076 super
1545 3006 1664 3072 hoc,
1693 3006 1820 3059 dicit

255 3097 532 3152 Dominus.
563 3097 624 3153 Si
653 3112 754 3151 non
781 3114 1032 3168 aperuere
1070 3098 1209 3152 vobis
1248 3107 1542 3152 cataractas
1581 3096 1731 3163 Coeli,
1770 3105 1820 3150 et

1919 600 2061 649 esse,
2105 585 2262 650 vade,
2305 586 2464 639 vende
2507 603 2622 657 qute
2661 587 2850 652 habes,
2880 597 2928 640 et
2970 589 3038 641 da
3077 587 3421 657 pauperibus,
3447 598 3498 641 et
3538 640 3541 642 .

1920 673 2130 727 habebis
2179 675 2481 728 thesaurum
2536 678 2591 729 in
2643 677 2810 742 cwlo;
2861 687 2909 730 et
2961 680 3107 743 veni,
3161 695 3370 749 sequere
3416 694 3499 732 me

1921 763 2154 832 (Matth.
2185 780 2310 828 xix,
2337 764 2401 817 2i
2433 765 2472 834 ).
2520 765 2853 820 Thesaurum
2903 783 3033 837 ergo
3076 775 3224 822 tuum
3265 769 3317 821 in
3359 767 3499 823 celo

1918 865 2085 921 pone,
2135 852 2434 908 clarissime
2479 869 2606 916 rex,
2660 855 2749 908 ubi
2794 871 2900 909 non
2944 857 3138 911 timeas
3182 858 3394 912 hostem
3438 865 3495 911 et

1918 953 2374 1014 expugnatorem,
2427 944 2517 998 ubi
2567 960 2672 999 non
2724 946 2916 1001 timeas
2962 947 3230 1001 occultum
3282 947 3489 1012 furem,

1919 1041 2079 1101 atque
2125 1033 2420 1097 latronem,
2464 1049 2624 1102 quem
2669 1050 2860 1103 rapere
2904 1051 3009 1090 non
3047 1037 3221 1104 possit
3244 1038 3490 1105 publicus

1915 1122 2098 1192 pundo
2124 1130 2284 1192 atque
2315 1130 2608 1191 grassator.
2654 1122 2832 1176 Patria
2878 1124 3021 1178 enim
3067 1133 3160 1178 tua
3201 1127 3488 1194 paradisus

1917 1221 2038 1266 est:
2089 1213 2144 1266 in
2191 1213 2366 1282 patria
2414 1213 2557 1267 enim
2607 1220 2697 1267 tua
2745 1215 3090 1283 postmodum
3139 1225 3493 1285 recepturus,

1916 1301 2242 1372 multiplices
2292 1303 2454 1358 debes
2489 1304 2786 1358 recondere
2827 1305 3129 1360 thesauros.
3179 1306 3400 1376 Magnus
3443 1316 3494 1363 te

1917 1389 2025 1446 illic
2067 1391 2354 1445 eharorum
2381 1407 2640 1447 numerus
2665 1400 2981 1460 exspectat;
3026 1403 3309 1461 parentum
3329 1435 3344 1460 ,
3378 1395 3491 1450 fra-

1915 1468 2059 1536 irum
2105 1489 2266 1552 atque
2310 1494 2558 1537 sororum
2605 1483 2823 1553 copiosa
2867 1485 3021 1538 turba
3069 1485 3179 1539 illic
3225 1495 3279 1540 te
3307 1488 3493 1541 videre

1916 1571 2187 1626 desiderat
2227 1571 2293 1625 de
2333 1586 2429 1625 sua
2452 1571 2564 1640 jam
2597 1572 3001 1626 immortalitate
3028 1589 3216 1628 secura
3237 1614 3251 1639 ,
3283 1576 3376 1629 sed
3405 1576 3499 1628 ad-

1915 1660 2022 1715 huc
2048 1659 2116 1715 de
2147 1669 2238 1714 tua
2269 1656 2442 1714 salute
2488 1661 2740 1716 sollicita.
2787 1661 2999 1717 Chorus
3043 1666 3244 1719 etenim
3292 1675 3346 1719 te
3389 1667 3497 1722 illic

1915 1750 2346 1819 patriarcharum
2371 1759 2684 1820 exspectat,
2710 1769 2968 1808 numerus
2993 1755 3381 1824 prophetarum
3406 1759 3498 1812 de-

1920 1840 2155 1904 siderat,
2186 1839 2553 1910 apostolorum
2583 1848 2638 1895 et
2664 1842 2905 1896 omnium
2939 1855 3250 1898 sanctorum
3291 1861 3496 1902 cuneus

1920 1945 2145 1986 eernere
2185 1931 2352 2000 cupit.
2400 1929 2445 1985 0
2488 1947 2647 2000 quam
2686 1933 2906 2003 grandis
2947 1934 3130 1988 laetitia
3160 1945 3243 1991 est
3268 1938 3334 1991 ad
3365 1938 3496 1992 istoa

1921 2037 2040 2076 rum
2081 2022 2322 2077 omnium
2363 2031 2671 2078 sanctorum
2711 2025 2998 2093 pervenire
3026 2029 3392 2094 consortium;
3424 2031 3493 2084 ad

1919 2115 2146 2172 istorum
2166 2117 2415 2171 omnium
2443 2115 2651 2171 felicem
2692 2117 2876 2171 venire
2915 2117 3285 2187 complexum!
3321 2120 3490 2187 Quam

1920 2217 2129 2259 summa
2159 2212 2215 2260 et
2243 2213 2502 2274 perpetua
2547 2205 2776 2260 felicitas
2819 2206 2928 2261 illic
2972 2208 3336 2276 apostolorum
3379 2211 3494 2280 glo-

1921 2297 2093 2351 riosos
2118 2307 2343 2351 eernere
2371 2296 2604 2362 choros;
2641 2295 2750 2350 illic
2785 2297 3171 2366 prophetarum
3216 2301 3492 2356 exsultans

1923 2385 2056 2439 tiUm
2104 2395 2332 2438 numero
2379 2384 2641 2438 interesse
2693 2393 2944 2451 sacrato;
2998 2387 3140 2442 inter
3186 2389 3488 2459 virginum,

1921 2484 2253 2545 martyrum,
2307 2473 2676 2530 confessorum
2723 2483 2778 2530 et
2828 2477 3067 2531 omnium
3112 2493 3214 2547 pro
3266 2481 3493 2538 Domino

1925 2563 2368 2633 triumphantium
2413 2564 2756 2618 candidatum
2795 2580 3027 2620 cuneum
3059 2567 3321 2622 interesse
3361 2584 3488 2623 san-

1921 2654 2167 2710 ctorum!
2215 2654 2358 2723 Ergo
2402 2662 2464 2706 ut
2504 2653 2570 2707 ad
2613 2655 2838 2709 istorum
2879 2657 3168 2721 merearis,
3200 2673 3291 2711 rex
3315 2698 3328 2722 ,
3363 2658 3492 2714 felix

1921 2744 2254 2799 consortium
2275 2743 2616 2814 pertingere,
2639 2745 3090 2812 patrimoniorum
3122 2756 3334 2803 tuorum
3361 2765 3494 2818 quo-

1923 2833 2050 2887 tidie
2073 2831 2126 2886 in
2149 2831 2286 2886 cmlo
2314 2832 2597 2887 thesauros
2616 2848 2817 2900 repone
2843 2835 3034 2898 bonos,
3055 2843 3110 2889 et
3129 2837 3238 2890 noli
3259 2840 3495 2894 condere

1921 2922 2110 2976 malos.
2158 2919 2300 2976 Sunt
2341 2921 2541 2976 etenim
2590 2921 2826 2976 thesauri
2870 2923 3031 2986 mali,
3063 2924 3202 2978 sicut
3240 2935 3296 2980 et
3332 2928 3492 2992 boni,

1922 3012 2063 3066 sicut
2089 3010 2350 3081 scriptum
2382 3018 2466 3064 est
2495 3028 2508 3063 :
2539 3009 2720 3064 Bonus
2758 3013 2912 3063 homo
2949 3011 3015 3065 de
3051 3013 3294 3067 thesauro
3320 3018 3493 3071 cordis

1921 3102 2003 3155 sui
2027 3100 2226 3170 profert
2253 3099 2463 3153 bonum.
2497 3099 2566 3152 Et
2593 3099 2767 3153 malus
2794 3099 2946 3154 homo
2975 3101 3039 3154 de
3065 3101 3204 3156 malo
3241 3104 3489 3160 thesauro

254 3188 486 3256 e/fudero
511 3187 652 3241 vobis
682 3187 1082 3241 benedictionem
1107 3204 1269 3259 usque
1295 3188 1364 3240 ad
1403 3188 1780 3242 abundantiam
1799 3229 1815 3254 ,
1845 3172 1889 3234 (ἶ
1919 3192 2118 3263 profert
2142 3191 2340 3245 malum
2368 3190 2389 3262 (
2411 3190 2540 3244 Luc.
2567 3207 2619 3244 vi
2641 3231 2655 3254 ,
2681 3191 2750 3245 45
2769 3191 2812 3263 ).
2841 3191 3012 3259 Quem
3051 3193 3193 3248 enim
3232 3194 3485 3264 superbia

254 3287 302 3330 et
334 3277 606 3346 increpabo
633 3292 726 3347 pro
753 3276 892 3330 vobis
923 3277 1252 3332 devorantem
1271 3317 1286 3342 ,
1317 3288 1366 3331 et
1400 3295 1502 3332 non
1529 3289 1819 3350 corrumpet

257 3369 458 3437 fructus
487 3378 640 3422 terra:
665 3377 845 3422 vestra:
865 3401 880 3433 ,
904 3376 1002 3421 'nec
1032 3369 1128 3422 erit
1157 3368 1349 3423 sterilis
1379 3371 1527 3424 vinea
1565 3370 1619 3424 in
1657 3387 1784 3441 agro
1807 3409 1823 3436 ,

255 3458 380 3511 dicit
407 3458 660 3512 Dominus
687 3459 1026 3512 exercituum.
1051 3458 1119 3511 Et
1147 3458 1320 3513 beatos
1345 3475 1430 3513 vos
1455 3460 1622 3513 dicent
1649 3477 1824 3514 omnes

257 3558 431 3621 gentes
455 3561 472 3602 :
503 3549 648 3603 eritis
676 3549 812 3602 enim
841 3558 980 3602 terra
1006 3548 1384 3615 desiderabilis,
1416 3550 1542 3603 dicit
1572 3550 1825 3606 Dominus

257 3641 577 3694 exercituum
607 3639 624 3706 (
651 3637 880 3691 Halach.
912 3654 971 3691 ιιι
989 3677 1004 3702 ,
1030 3638 1122 3702 10,
1156 3639 1214 3692 il
1243 3638 1282 3708 ).

335 3727 466 3780 Vide
495 3741 624 3795 ergo
651 3734 706 3778 et
734 3727 1029 3793 prudenter
1053 3727 1322 3796 intellige,
1350 3715 1652 3783 clarissime
1698 3744 1788 3784 rex
1810 3769 1825 3794 ,

257 3819 568 3889 largitorem
597 3819 827 3880 bonum,
858 3817 1229 3885 optimumque
1255 3818 1531 3882 datorem,
1572 3819 1664 3886 qui
1705 3835 1827 3873 cum

241 3911 356 3967 .tibi
387 3908 804 3964 innumerabiles
833 3909 1112 3978 regiasque
1136 3907 1344 3962 dederit
1363 3908 1599 3972 divitias,
1629 3908 1682 3961 in
1710 3909 1831 3962 hor-

261 4015 356 4054 reo
399 3998 600 4053 inferre
630 3997 799 4066 jussit
837 4006 1043 4052 tantum
1071 3998 1306 4053 decimas
1334 4005 1390 4054 et
1430 3998 1715 4067 primitias.
1749 3997 1829 4051 Tu

261 4107 385 4149 eum
431 4091 606 4145 adhuc
649 4090 702 4144 in
748 4099 890 4144 terra
934 4089 1143 4157 positus
1182 4088 1408 4143 decimis
1435 4089 1641 4142 honora
1668 4097 1831 4157 atque

263 4184 547 4254 primitiis,
595 4182 684 4236 ille
724 4195 856 4235 vero
901 4189 955 4234 te
1000 4180 1056 4233 in
1097 4179 1237 4234 caelo
1271 4178 1590 4233 collocatum
1629 4177 1832 4232 divitiis

264 4275 456 4330 ditabit
496 4273 772 4344 angelicis.
817 4271 1146 4336 Considera,
1178 4287 1308 4336 rex,
1333 4285 1495 4340 quam
1537 4269 1708 4324 dulcis
1733 4270 1830 4324 tibi

263 4368 368 4422 erit
397 4365 627 4420 societas
656 4378 838 4434 regum
863 4362 1127 4432 justorum
1148 4402 1162 4425 ,
1194 4377 1354 4430 quam
1395 4361 1576 4415 suavis
1614 4361 1830 4415 collatio

267 4455 724 4526 patriarcharum,
765 4467 936 4521 quam
969 4452 1125 4509 dulce
1169 4451 1499 4508 consortium
1543 4452 1832 4521 propheta-

268 4560 386 4598 rum
411 4583 428 4608 ,
480 4557 642 4613 quam
695 4541 995 4596 clarissima
1047 4542 1378 4611 germanitas
1425 4540 1785 4610 apostolorum
1815 4581 1828 4604 ,

266 4645 428 4703 quam
474 4632 595 4687 laeta
637 4631 880 4701 dignitas
911 4639 1239 4701 martyrum,
1286 4645 1448 4698 quam
1492 4628 1834 4684 excellentis-

270 4727 407 4780 sima
451 4723 621 4792 gloria
663 4723 930 4792 virginum
951 4760 968 4786 ,
997 4735 1166 4790 quam.
1201 4719 1532 4776 delectabilis
1571 4728 1630 4774 et
1665 4720 1835 4774 bono-

272 4814 438 4869 randa
476 4811 756 4882 aequalitas
792 4810 1136 4881 angelorum,
1178 4824 1339 4878 quam
1378 4809 1506 4866 felix
1535 4810 1645 4864 vita
1683 4809 1834 4864 inex-

268 4902 593 4973 stinguibilis
618 4915 842 4956 manens
871 4901 924 4955 in
953 4899 1148 4956 saecula
1175 4899 1511 4954 secuturum.
1542 4897 1695 4953 Hune
1723 4907 1833 4952 tam

269 4993 526 5064 grandem
550 5000 606 5047 et
635 4989 1077 5054 inenarrabilem,
1119 5005 1248 5054 rex,
1287 4989 1518 5058 accipies
1557 4989 1610 5043 in
1652 4989 1834 5044 futuro

271 5086 582 5138 thesaurum
606 5121 621 5145 ,
651 5081 697 5136 si
724 5080 884 5136 modo
905 5079 1131 5136 decimis
1158 5086 1213 5135 et
1246 5080 1501 5149 primitiis
1546 5087 1693 5134 tuum
1737 5079 1835 5134 ho-

271 5174 638 5230 norificaveris
664 5173 850 5228 Deum.

847 5263 1072 5320 CAPUT
1107 5263 1243 5318 Xlll.

581 5354 647 5409 Ut
675 5356 949 5409 thesaurus
979 5354 1032 5408 in
1061 5353 1183 5408 creto
1215 5353 1511 5407 collocetur.

342 5440 411 5501 Et
433 5454 495 5501 ut
518 5447 804 5500 thesaurus
830 5459 1011 5498 rerum
1038 5451 1342 5498 nostrarum
1369 5443 1424 5496 in
1452 5440 1588 5496 coelo
1613 5439 1840 5495 collow

275 5539 386 5597 tur,
427 5535 679 5589 admonet
720 5548 820 5587 nos
860 5531 1116 5587 Dominus
1158 5533 1210 5586 in
1255 5531 1575 5602 Evangelia,
1613 5532 1836 5586 dicens:

278 5620 644 5678 Tltesaurizate
671 5631 843 5675 autem
872 5621 1010 5675 vobis
1037 5622 1305 5676 thesauros
1333 5623 1386 5676 in
1416 5623 1542 5676 caelo
1566 5637 1585 5674 :
1625 5623 1714 5676 ubi
1744 5638 1834 5676 ne-

276 5723 376 5772 que
410 5725 588 5780 «eruas
627 5726 786 5776 neque
831 5710 972 5764 tinea
1009 5709 1289 5765 demolitur
1323 5709 1558 5780 (Matth.
1589 5725 1672 5773 vi,
1701 5710 1830 5778 20).

1852 4501 1908 4562 D

1922 3282 2107 3342 inﬂat,
2153 3281 2436 3335 iracundia
2483 3281 2815 3347 inflammat,
2862 3283 3132 3352 rapacitas
3179 3283 3484 3353 inquietat,

1925 3373 2220 3429 crudelitas
2249 3373 2522 3438 stimulat,
2552 3373 2776 3428 ambitio
2805 3374 3069 3440 delectat,
3102 3374 3265 3428 libido
3304 3377 3490 3445 praeci-

1925 3462 2094 3533 pitat,
2141 3461 2270 3530 quid
2311 3461 2460 3516 aliud
2501 3461 2630 3515 facit
2675 3477 2836 3530 quam
2873 3463 3155 3516 thesauros
3193 3463 3494 3534 iniquitatis
3538 3477 3541 3480 '

1927 3554 2027 3609 sibi
2071 3553 2320 3624 reponit?
2349 3554 2423 3608 De
2454 3553 2653 3608 talibus
2681 3554 2824 3608 enim
2855 3553 3054 3609 Paulus
3079 3556 3352 3623 apostolus
3380 3559 3494 3611 ait:

1930 3645 2173 3698 Tradidit
2198 3644 2320 3698 illos
2347 3643 2490 3698 Deus
2520 3645 2574 3698 in
2607 3644 2878 3713 reprobum
2919 3661 3126 3698 sensum
3148 3685 3161 3708 ,
3207 3655 3263 3698 ut
3302 3645 3500 3713 faciant

1927 3752 1990 3789 ea
2038 3751 2156 3804 quae
2203 3752 2307 3789 non
2348 3737 2692 3800 conveniunt,
2740 3734 2960 3805 repletos
3006 3737 3148 3789 omni
3197 3736 3500 3806 iniquitate,

1900 3861 1903 3863 -
1928 3823 2132 3876 malitia
2150 3861 2163 3888 ,
2185 3824 2534 3891 fornicatione
2551 3864 2566 3887 ,
2598 3826 2820 3878 avaritia
2838 3863 2853 3889 ,
2886 3827 3115 3896 n_equitia
3135 3867 3149 3892 ,
3174 3827 3350 3898 plenos
3374 3828 3504 3882 invi-

1899 3956 1903 3960 .
1929 3910 2020 3964 dia
2037 3951 2054 3975 ,
2081 3911 2364 3964 homicidio
2382 3951 2396 3974 ,
2435 3913 2794 3978 contentione,
2828 3914 2952 3968 dolo
2971 3955 2986 3979 ,
3021 3916 3390 3985 malignitate;
3415 3934 3505 3970 su-

1929 4015 2208 4064 surrones,
2247 3999 2563 4053 detractores
2585 4039 2600 4063 ,
2638 4001 2746 4054 Deo
2783 4002 3028 4068 odibiles,
3070 4005 3502 4073 contumeliosos,

1929 4089 2196 4156 superbos,
2226 4087 2412 4151 elatas,
2442 4089 2736 4143 inventores
2763 4091 3049 4158 malorum,
3077 4094 3376 4163 parentibus
3401 4113 3504 4150 non

1931 4178 2222 4232 obedientes
2239 4219 2256 4243 ,
2285 4178 2585 4248 insipientes
2601 4219 2615 4242 ,
2641 4180 3003 4250 incompositos
3019 4217 3034 4247 ,
3058 4185 3172 4238 sine
3198 4184 3503 4253 affectione,

1930 4267 2122 4338 absque
2155 4267 2378 4336 fcedere,
2418 4269 2530 4320 sine
2562 4269 2924 4324 misericordia
2964 4271 3152 4342 (Rom.
3178 4288 3195 4326 ι
3219 4307 3234 4337 ,
3262 4273 3429 4329 28-51
3458 4275 3501 4346 ).

1930 4356 2008 4411 De
2037 4355 2234 4424 quibus
2261 4363 2317 4410 et
2341 4355 2525 4410 subdit
2547 4374 2562 4409 :
2595 4355 2748 4422 Quod
2774 4360 3059 4414 secundum
3083 4362 3330 4418 duritiem
3355 4373 3502 4418 tuam

1932 4455 1980 4499 et
2007 4445 2329 4516 impmnitens
2357 4460 2448 4498 cor
2479 4445 2803 4501 thesaurisas
2829 4447 2920 4501 tibi
2956 4450 3093 4502 iram
3127 4451 3182 4504 in
3215 4451 3300 4505 die
3335 4454 3430 4508 ira:
3455 4463 3505 4508 et

1935 4537 2258 4593 reuelationis
2275 4536 2411 4606 justi
2427 4536 2623 4606 judicii
2649 4535 2744 4590 Dei
2772 4538 2790 4608 (
2814 4536 2967 4592 Rom.
3001 4555 3073 4605 ιι,
3097 4540 3195 4611 5).

2513 4651 2742 4708 CAPUT
2780 4651 2918 4708 ΧΠ.

1937 4739 2157 4813 Qualem
2177 4750 2225 4796 et
2242 4745 2490 4813 quantum
2514 4745 2815 4797 thesaurum
2835 4745 2890 4797 in
2913 4744 3015 4797 vita
3037 4743 3134 4798 sibi
3153 4746 3306 4799 homo
3329 4762 3508 4802 recon-

2031 4853 2037 4860 .
2075 4812 2212 4866 derit
2232 4811 2427 4878 {talem
2449 4821 2496 4866 et
2521 4822 2724 4866 tantum
2739 4823 2853 4884 post
2880 4824 3098 4868 mortem
3117 4815 3359 4869 inveniet.

2007 4903 2228 4970 Qualem
2247 4903 2563 4958 thesaurum
2587 4910 2642 4956 et
2661 4913 2920 4973 quantum
2944 4905 3313 4974 unusquisque
3331 4907 3508 4961 adhuc

1938 4992 2128 5046 vivens
2169 4992 2332 5046 homo
2369 4990 2423 5045 in
2463 4990 2604 5046 ctelo
2644 4993 2974 5056 reconderit,
3017 4992 3176 5047 talem
3217 5001 3272 5047 et
3301 5002 3506 5048 tantum

1939 5088 2062 5151 post
2088 5087 2321 5136 mortem
2351 5079 2606 5136 inveniet.
2654 5079 2745 5137 Sic
2769 5081 2914 5136 enim
2949 5081 3148 5136 Paulus
3184 5083 3250 5138 ad
3289 5082 3508 5138 Galatas

1939 5169 2019 5224 ait
2046 5187 2060 5222 :
2091 5169 2270 5223 Nolite
2301 5184 2509 5234 errare,
2549 5169 2692 5225 Deus
2728 5187 2831 5225 non
2870 5171 3122 5224 irridetur
3144 5187 3163 5225 :
3200 5171 3331 5236 Quae
3366 5173 3502 5227 enim

1939 5258 2266 5312 seminaverit
2295 5258 2470 5323 homo,
2488 5259 2599 5312 lucc
2623 5267 2672 5312 et
2700 5268 2870 5314 metet.
2891 5259 3151 5324 Quoniam
3173 5260 3262 5330 qui
3288 5262 3505 5315 seminat

1939 5349 1997 5402 in
2030 5361 2185 5402 carne
2217 5363 2348 5410 sua,
2382 5347 2448 5400 de
2483 5361 2640 5401 carne
2677 5358 2726 5402 et
2765 5358 2917 5403 metet
2954 5350 3332 5419 corruptionem
3358 5365 3377 5402 :
3414 5352 3505 5420 qui

1938 5446 2115 5492 autem
2161 5437 2385 5491 seminat
2431 5436 2496 5490 de
2543 5437 2764 5506 spiritu,
2809 5439 2874 5492 de
2916 5439 3106 5508 spiritu
3147 5448 3296 5491 metet
3344 5440 3506 5494 vitam

1938 5537 2206 5582 (sternam.
2244 5523 2453 5578 Bonum
2490 5533 2665 5578 auum
2703 5526 2983 5594 facientes,
3029 5543 3131 5580 non
3157 5525 3506 5594 deﬁciamus;

1937 5626 2162 5686 tempore
2186 5614 2328 5668 enim
2347 5628 2444 5667 suo
2471 5620 2717 5666 metemus
2742 5630 2847 5667 non
2870 5615 3185 5682 deﬁcientes.
3213 5613 3354 5684 Ergo
3378 5615 3506 5670 dum

1934 5717 2134 5779 tempus
2159 5703 2426 5771 habemus,
2452 5719 2722 5774 operemur
2744 5701 2934 5760 bonum
2959 5703 3029 5756 ad
3055 5719 3252 5766 omnes.
3275 5706 3503 5759 W0
