3944 6426
457 361 566 424 955

1755 341 2109 405 SMARAGDI
2148 339 2322 401 Αιιηλ
2332 346 2437 400 TIS

3617 339 3731 399 956

459 480 866 543 “amnicos
886 473 1010 546 ﬁdei
1035 471 1056 545 (
1078 469 1256 526 Galat.
1282 483 1338 524 γι
1355 509 1371 532 .
1399 463 1596 537 ’1-10).
1622 462 1878 519 Salomon
1905 477 2040 532 quo-
2066 464 2114 526 Α
2139 476 2320 531 greges
2341 500 2357 524 ,
2389 459 2532 513 ultra
2563 473 2741 512 omnes
2767 457 2858 528 qui
2885 455 3098 526 fuerunt
3124 464 3246 510 ante
3269 469 3352 510 me
3379 456 3433 510 in
3462 453 3726 509 llierusa»

459 593 565 650 que
597 577 712 631 ait:
743 570 847 638 Qui
879 568 1100 624 seminat
1136 563 1498 650 iniquitatem,
1533 566 1686 650 metet
1725 555 1915 650 mala._
1931 553 2038 620 Qui

460 646 658 742 pronus
706 672 783 719 est
831 661 901 716 ad
953 653 1368 714 misericordiam
1387 692 1401 716 ,
1455 647 1853 742 benediceturl
1876 646 2036 700 Prae.

463 739 576 814 usu
595 798 609 822 ,
636 756 752 811 7-8
776 755 816 824 ).
841 753 994 815 Esto,
1020 763 1139 812 rex,
1168 759 1374 816 pronus
1402 743 1467 797 ad
1496 739 1946 803 misericordiam,
1978 744 2039 792 ut

462 849 726 904 merearis
767 861 797 898 a
845 845 956 898 Deo
1005 841 1249 908 accipere
1296 835 1572 906 gratiam:
1616 831 1820 886 semina
1861 829 2040 884 dando

463 939 792 1011 pauperibus
819 935 876 989 in
903 931 1157 1003 praesenti
1185 927 1413 991 saeculo,
1445 939 1564 994 quae
1593 924 1710 992 ipse
1734 937 1858 976 cum
1896 919 2039 973 mul-

464 1029 633 1099 tiplici
661 1028 848 1082 fenore
877 1021 1121 1079 metiaris
1149 1020 1205 1074 in
1233 1018 1434 1072 futuro.
1483 1011 1633 1072 Mitte
1663 1025 1857 1081 panem
1889 1017 2040 1062 tuum

468 1121 521 1174 in
551 1117 902 1173 esurientium
929 1114 1159 1174 viscera,
1188 1117 1249 1163 ut
1271 1123 1396 1162 cum
1424 1103 1773 1173 multiplicem
1800 1099 2042 1155 invenias

469 1202 523 1263 in
550 1217 749 1262 interna
788 1203 983 1274 patria.
1029 1201 1118 1256 Sic
1159 1199 1303 1254 enim
1335 1195 1590 1252 Salomon
1623 1194 1699 1247 ait
1728 1211 1740 1245 :
1778 1190 1926 1244 Mitte
1949 1207 2042 1255 ραι-

468 1314 585 1352 nem
611 1306 756 1349 tuum
779 1309 933 1363 super
951 1297 1279 1345 transeuntes
1301 1301 1465 1356 aquas
1487 1297 1504 1337 :
1527 1276 1650 1352 quia
1675 1288 1787 1350 post
1811 1287 2043 1342 tempora

466 1387 634 1442 multa
659 1385 888 1440 invenies
915 1382 1065 1435 illum
1095 1381 1114 1451 (
1137 1378 1312 1433 Ecds.
1337 1393 1389 1430 χι
1412 1416 1427 1441 ,
1457 1376 1483 1428 1
1512 1374 1553 1446 ).
1582 1372 1724 1439 Quid
1751 1377 1837 1425 est
1863 1376 2043 1423 autem

469 1495 634 1549 super
660 1482 1003 1530 transeuntes
1032 1487 1204 1541 aquas
1231 1469 1448 1522 mittere
1473 1479 1690 1534 panem,
1716 1461 1816 1516 uisi
1847 1473 2048 1530 paupe-

472 1568 627 1622 ribus
653 1574 709 1620 et
735 1564 1050 1636 egentibus,
1082 1569 1137 1614 et
1165 1559 1234 1613 de
1262 1559 1364 1612 hoc
1400 1554 1600 1610 saeculo
1642 1550 2046 1607 transeuntibus

471 1658 872 1726 cleemosyuam
906 1653 1036 1708 dare
1055 1653 1080 1705 l
1106 1650 1246 1717 Quid
1273 1656 1355 1703 est
1385 1659 1537 1709 vero,
1568 1641 1694 1697 Post
1723 1641 1890 1696 multa
1919 1650 2047 1694 tem-

2139 549 2261 605 lem.
2293 551 2361 604 Et
2393 549 2500 604 vidi
2527 552 2580 604 in
2608 551 2690 605 his
2719 550 2960 608 omnibus
2994 550 3276 605 vanitatem
3307 558 3358 604 et
3392 550 3726 622 omit-tionem

2138 641 2304 695 animi
2322 680 2336 704 ,
2365 650 2413 695 et
2443 640 2576 696 nihil
2602 655 2907 711 permanere
2933 637 3028 692 sub
3059 638 3167 693 sole
3196 640 3213 708 (
3240 637 3419 692 Eccle.
3455 641 3651 705 tt,4-ll
3677 638 3722 709 ).

2211 733 2417 803 Largus
2450 733 2598 786 enim
2631 732 2847 786 divitias
2885 731 3341 802 Psalmographus
3379 730 3583 786 habere
3616 743 3728 784 non

2141 824 2394 889 damnat,
2431 825 2525 879 sed
2556 839 2623 878 ne
2661 839 2756 879 cor
2788 824 2892 878 illis
2927 833 3227 892 apponatur
3261 830 3430 877 vetat.
3469 821 3585 876 Non
3626 820 3723 875 tibi

2142 914 2318 968 oberit
2345 914 2658 968 divitiarum
2689 915 3036 984 congregatio
3057 914 3202 983 justa
3226 953 3240 980 ,
3272 913 3320 968 si
3350 913 3584 967 adfuerit
3601 913 3726 968 .dis—

2144 994 2371 1058 tributis
2409 1005 2580 1072 larga.
2631 1003 2710 1056 Ex
2763 1003 2869 1058 illis
2909 1005 3054 1058 enim
3101 1019 3296 1058 munus
3341 1003 3729 1058 misericordia:

2142 1094 2326 1162 egenis
2355 1093 2690 1163 porrigitur;
2721 1109 2788 1148 ex
2819 1093 2921 1148 illis
2958 1110 3254 1163 pauperum
3291 1095 3506 1149 nudilas
3541 1096 3726 1165 operi-

2145 1190 2267 1243 tur;
2301 1197 2364 1234 ex
2396 1182 2500 1236 illis
2529 1185 2948 1253 peregrinorum
2968 1184 3150 1253 impia
3175 1184 3490 1254 Sppletur;
3523 1198 3590 1238 ex
3622 1185 3729 1239 illis

2144 1271 2468 1340 pupillorum
2519 1275 2734 1328 miseria
2780 1276 3120 1344 detergitur:
3171 1289 3238 1330 ex
3292 1276 3399 1330 illis
3437 1277 3729 1331 viduarum

2145 1363 2338 1418 solatia
2369 1364 2709 1431 tribuuntur;
2739 1381 2806 1420 ex
2839 1365 2944 1420 illis
2969 1366 3322 1422 esurientium
3350 1366 3522 1420 fames
3549 1366 3725 1436 repel-

2146 1455 2312 1521 litur;
2343 1471 2409 1512 ex
2450 1457 2558 1512 illis
2587 1457 2878 1513 sitientium
2912 1459 3030 1513 sitis
3057 1458 3273 1528 fugatur
3299 1475 3313 1523 ;
3346 1474 3411 1513 ex
3441 1458 3550 1512 illis
3577 1459 3728 1512 inlir-

2147 1553 2408 1607 mantium
2439 1554 2704 1608 desideria
2731 1556 3082 1625 supplentur;
3116 1571 3183 1610 ex
3213 1556 3317 1610 illis
3343 1555 3673 1625 accipientes
3699 1570 3730 1609 a

2148 1643 2382 1698 miseriis
2411 1643 2810 1712 liberabuntur,
2843 1655 2900 1700 et
2929 1646 3146 1701 illarum
3179 1647 3354 1702 ﬁdelis
3387 1647 3732 1717 dispensator

471 1763 601 1817 pora
627 1745 854 1799 invenies
878 1743 1027 1798 illum
1045 1783 1059 1806 ,
1089 1741 1187 1794 nisi
1214 1740 1267 1794 in
1300 1739 1481 1792 futuro
1508 1733 1705 1789 saeculo
1731 1732 2045 1788 retributio-
2077 1811 2114 1817 _
2150 1731 2202 1786 lu
2239 1732 2420 1789 futuro
2449 1734 2733 1790 dilabitur.

471 1835 559 1902 nis
586 1851 653 1890 ex
687 1833 777 1888 illo
803 1833 1008 1902 largum
1037 1831 1271 1900 accipies
1304 1826 1630 1898 puerulum?

1065 1935 1291 1992 CAPUT
1339 1933 1453 1987 XV.

905 2006 979 2061 De
1008 2023 1113 2061 non
1139 2005 1352 2074 [Edenda
1380 2004 1596 2057 divitiis.

544 2100 614 2154 Et
650 2097 776 2168 quia
820 2097 917 2151 tibi
953 2095 1215 2150 Dominus
1257 2091 1681 2148 misericorditer
1719 2091 1896 2162 regias
1921 2103 2052 2147 con-

473 2191 640 2246 cessit
666 2190 718 2242 in
747 2186 998 2258 prasenti
1029 2185 1226 2240 saeculo
1251 2192 1307 2238 et
1335 2183 1516 2255 largas
1542 2183 1790 2245 divitias,
1820 2181 2051 2237 solerter

474 2294 636 2351 agere
677 2277 872 2341 debes,
906 2285 966 2332 ut
991 2275 1191 2331 multas
1229 2274 1474 2330 invenias
1511 2287 1578 2327 ex
1620 2272 1727 2327 illis
1768 2272 1822 2328 in
1864 2270 2050 2328 futura

472 2372 648 2446 patria
677 2371 958 2440 repositas.
991 2368 1174 2438 Neque
1198 2367 1344 2423 enim
1370 2366 1488 2420 alim
1509 2365 1777 2420 veraciter
1804 2363 2049 2419 dicendae

473 2471 605 2520 sunt
629 2461 854 2525 divitias,
887 2460 989 2516 nisi
1020 2459 1123 2514 illa
1151 2473 1272 2528 qua:
1296 2457 1351 2512 in
1381 2456 1589 2514 eclesti
1633 2455 1890 2510 thesauro
1927 2451 2052 2508 feli-

473 2551 616 2607 citer
641 2558 768 2605 sunt
808 2547 1114 2604 reconditae.
1156 2545 1294 2600 Audi
1332 2560 1495 2616 ergo,
1539 2559 1664 2609 rex,
1696 2542 2050 2615 Apostolum,

479 2652 535 2701 et
562 2643 668 2698 noli
700 2641 971 2697 conlidere
999 2640 1060 2695 in
1091 2638 1312 2696 caducis
1350 2637 1508 2691 istius
1543 2635 1828 2705 praemis
1866 2632 2050 2688 szeculi

479 2733 712 2796 divitiis,
759 2731 855 2787 sed
897 2729 953 2783 in
993 2728 1102 2783 illis
1128 2727 1194 2784 de
1221 2726 1418 2796 quibus
1444 2725 1771 2796 pauperibus
1814 2723 2052 2792 erogatis

477 2824 755 2880 caelestem
783 2822 1093 2878 thesaurum
1120 2819 1472 2875 aediﬁcaveris
1501 2837 1514 2873 :
1549 2820 1626 2874 ait
1663 2819 1811 2875 enim
1853 2817 2052 2874 Paulus

478 2914 755 2985 apostolus
779 2933 792 2968 :
822 2913 1082 2968 Divitibus
1105 2912 1264 2982 hujus
1287 2911 1468 2967 seculi
1507 2911 1728 2982 principe
1753 2927 1860 2966 non
1881 2911 2052 2966 subii-

479 3022 562 3059 me
581 3021 779 3075 sapere,
804 3020 966 3074 neque
988 3019 1198 3074 sperare
1221 3004 1278 3056 in
1300 3004 1497 3058 incerto
1523 3004 1834 3057 diuitiarum
1849 3041 1868 3070 ,
1886 3003 1978 3058 sed
1998 3005 2054 3057 in

479 3093 587 3148 Deo
612 3094 721 3148 vivo
747 3092 876 3165 (qui
899 3103 1110 3164 prastat
1152 3093 1297 3148 nobis
1341 3095 1520 3148 omnia
1550 3094 1757 3148 abunde
1777 3094 1847 3147 ad
1872 3094 2056 3163 fruen-

1789 1907 1800 1943 l

475 3183 659 3253 dum),
684 3163 808 3239 bene
828 3163 1002 3254 agere,
1023 3184 1206 3238 diuites
1230 3183 1348 3252 ﬁeri
1369 3185 1423 3238 in
1445 3185 1590 3238 bonis
1615 3184 1879 3255 operibus,
1899 3184 2056 3253 facile
2083 3163 2128 3225 (ἶ

477 3273 704 3328 tribuere
727 3313 742 3338 ,
770 3273 1155 3328 communicare
1178 3314 1195 3339 ,
1224 3274 1582 3328 thesaurizare
1606 3274 1704 3328 sibi
1738 3275 2057 3344 fundamen-

477 3372 590 3416 tum
613 3363 802 3417 bonum
825 3363 882 3418 in
905 3363 1143 3432 futurum
1158 3405 1176 3428 ,
1199 3373 1256 3416 ut
1279 3363 1667 3434 apprehendant
1693 3381 1866 3419 ueram
1894 3365 2056 3418 vitam

479 3454 498 3524 (
524 3451 553 3506 Ι
584 3452 717 3508 Tim.
747 3470 830 3518 vt,
861 3453 1024 3509 17-19
1047 3453 1087 3520 ).
1119 3455 1267 3524 Opus
1293 3455 1438 3509 enim
1466 3455 1860 3510 misericordia:
1887 3453 2054 3522 etju-

478 3542 640 3598 stitim
668 3543 1039 3611 patrocinatur
1063 3545 1267 3599 homini
1289 3552 1410 3612 post
1431 3553 1680 3608 mortem,
1698 3560 1804 3598 non
1831 3545 2051 3599 divi-tim.

479 3633 574 3689 Sic
601 3635 744 3689 enim
773 3634 1024 3690 Salomon
1054 3635 1130 3689 ait
1156 3653 1170 3688 :
1203 3635 1328 3689 Non
1349 3635 1634 3705 proderunt
1661 3635 1860 3689 divitia:
1885 3636 1941 3690 in
1967 3636 2054 3690 die

477 3727 693 3781 ultionis
717 3740 736 3778 :
763 3727 976 3796 justitia
1009 3736 1190 3781 autem
1231 3727 1470 3781 liberabit
1507 3744 1543 3780 α
1577 3735 1764 3780 morte.
1793 3726 1932 3793 Quia
1957 3728 2048 3799 qui

477 3815 696 3882 conﬁdit
731 3815 785 3868 in
817 3816 1009 3869 diuitiis
1045 3817 1193 3881 suis,
1233 3827 1479 3870 corruet:
1511 3817 1648 3886 justi
1689 3825 1864 3871 autem
1899 3819 2055 3888 quasi

477 3907 648 3960 uirens
693 3904 877 3975 folium
920 3907 1281 3976 germinabunt
1328 3907 1536 3978 (Eccli.
1563 3922 1616 3972 v,
1655 3907 1760 3973 10;
1801 3905 1958 3964 Prov.
1983 3923 2051 3974 ι,

478 3999 514 4053 2
539 4040 554 4065 ,
589 4011 639 4054 et
666 4017 749 4065 ιι,
779 4001 849 4057 28
872 4000 910 4072 ).
942 4001 1111 4056 David
1139 4017 1356 4072 quoque
1383 4002 1460 4056 ait
1485 4017 1497 4054 :
1533 4001 1712 4055 Nolite
1754 4017 1966 4071 sperare
1995 4001 2051 4054 in

479 4092 759 4162 iniquitate
779 4133 793 4158 ,
823 4103 871 4146 et
901 4095 1112 4163 rupinas
1151 4093 1309 4148 nolite
1347 4094 1729 4163 concupiscere.
1759 4093 1972 4146 Divitior
2005 4108 2053 4146 st

477 4183 724 4254 aﬂuant,
767 4183 926 4238 nolite
967 4201 1058 4238 cor
1097 4201 1356 4255 apponere
1401 4183 1420 4254 (
1449 4183 1596 4238 Psal.
1625 4200 1749 4249 tu,
1781 4185 1841 4238 ll
1872 4185 1914 4254 ).
1959 4183 2054 4240 Ille

477 4273 682 4328 divitiis
714 4287 808 4329 cor
841 4275 1092 4344 apponit,
1130 4275 1222 4343 (ιιιί
1271 4274 1326 4328 in
1373 4274 1506 4343 ipsis
1553 4273 1887 4343 singularem
1931 4287 2054 4328 esse

477 4365 794 4420 telicitatem
828 4366 1020 4420 credit.
1060 4365 1166 4420 Iste
1196 4366 1277 4421 sic
1307 4365 1414 4419 illis
1445 4376 1542 4420 eor
1572 4365 1827 4435 apponit,
1857 4373 1918 4420 ut
1943 4379 2052 4419 non

476 4453 608 4508 velit
638 4468 728 4508 res
751 4452 1080 4523 pauperibus
1103 4467 1351 4524 erogare,
1380 4453 1475 4507 sed
1502 4452 1680 4522 magis
1702 4466 1798 4507 eas
1822 4452 2049 4509 ambire.

481 4543 592 4599 Non
623 4545 738 4599 vult
764 4561 955 4601 aurum
986 4559 1144 4600 suum
1171 4543 1479 4612 expendere
1500 4581 1514 4608 ,
1544 4544 1639 4598 sed
1669 4544 1918 4599 calcare:
1951 4557 2050 4614 pa-

479 4633 730 4687 trimonia
758 4649 854 4688 sua
882 4650 986 4688 non
1019 4633 1132 4689 vult
1157 4633 1344 4702 egenis
1371 4632 1589 4702 largiri,
1623 4633 1717 4688 sed
1747 4633 2052 4688 bairedibus

477 4732 803 4794 congregata
829 4738 1065 4779 servare.
1095 4721 1161 4776 Et
1189 4722 1308 4775 ideo
1333 4730 1458 4791 post
1483 4731 1714 4776 mortem
1741 4722 1880 4776 nihil
1905 4721 2053 4776 inve-

478 4811 666 4876 niunt,
710 4813 836 4881 quia
880 4813 936 4866 iu
979 4812 1087 4866 vita
1131 4812 1456 4881 pauperibus
1498 4811 1633 4867 nihil
1679 4811 1944 4868 tribuunt.
1977 4812 2053 4866 De

478 4900 676 4969 quibus
703 4917 940 4970 congrue
968 4901 1250 4956 Psalmista
1293 4902 1368 4956 ait
1395 4917 1410 4955 :
1439 4902 1780 4958 Dormierunt
1808 4917 2053 4960 somnum

477 5005 665 5052 suum,
705 5000 753 5044 et
795 4990 926 5045 nihil
963 4979 1274 5045 irwenerunt
1310 5008 1486 5047 omnes
1531 4993 1629 5045 uiri
1668 4991 1972 5045 divitiarum
1995 4992 2053 5045 in

479 5080 718 5134 manibus
754 5082 864 5134 suis
893 5081 911 5151 (
936 5079 1082 5135 Psal.
1110 5097 1272 5146 ωηεν,
1298 5083 1330 5136 6
1354 5083 1393 5153 ).
1426 5083 1508 5137 Ad
1537 5085 1683 5138 hunc
1711 5082 1872 5137 linem
1903 5082 2056 5138 Salo-

481 5186 605 5225 mon
652 5171 718 5225 de
758 5172 959 5226 divitiis
997 5174 1108 5228 suis
1147 5183 1508 5243 computatam
1555 5171 1896 5227 sententiam.
1929 5187 2052 5242 pro-

479 5261 664 5324 duxit,
691 5262 779 5316 ubi
807 5263 881 5316 ait
906 5281 919 5315 :
947 5263 1277 5334 Magniﬁcam
1302 5279 1458 5332 opera
1481 5277 1619 5326 mea,
1642 5260 1902 5328 ludiﬁcari
1927 5263 2054 5316 mihi

477 5351 694 5416 domos,
725 5360 774 5405 et
807 5351 1041 5421 plantavi
1078 5355 1252 5406 vineas
1273 5391 1287 5416 ,
1317 5350 1416 5419 feci
1454 5351 1634 5404 hortos
1655 5389 1668 5414 ,
1698 5353 1938 5420 pomaria
1959 5392 1975 5417 ,
2006 5361 2057 5406 et

477 5444 681 5496 conseri
710 5459 772 5496 ea
801 5445 973 5496 cuncti
1008 5445 1204 5513 generis
1243 5441 1535 5504 arboribus,
1569 5450 1616 5495 et
1652 5445 1890 5497 exstruxi
1925 5445 2055 5499 mihi

478 5531 705 5599 piscinas
735 5549 1021 5604 aquarum,
1054 5541 1110 5584 ut
1137 5531 1412 5599 irrigarem
1436 5531 1630 5585 siluam
1649 5529 1912 5603 lignorum
1939 5548 2056 5605 ger-

478 5625 810 5679 minantium.
863 5623 1081 5676 Possedi
1125 5638 1296 5676 servos
1339 5634 1390 5677 et
1431 5623 1688 5689 ancillast,
1733 5626 2053 5697 multamque

479 5708 740 5778 familiam
774 5709 968 5774 habui,
1005 5718 1246 5764 arntenta
1275 5725 1477 5782 quoque
1521 5721 1572 5769 et
1618 5729 1834 5785 magnos
1877 5717 2050 5775 avium

2075 1811 2123 1871 Β

2077 4501 2131 4563 D

2731 1823 2959 1880 CAPUT
2995 1823 3133 1880 XVI.

2254 1912 2333 1968 De
2357 1925 2463 1968 non
2485 1912 2768 1984 gloriando
2787 1915 2844 1970 in
2865 1917 3076 1979 diuitiis,
3106 1917 3196 1971 sed
3225 1917 3279 1972 in
3307 1913 3622 1973 humilitate.

2219 1997 2360 2072 Ergo
2399 2000 2502 2059 illis
2535 2004 2740 2060 divitia:
2777 2015 2897 2075 qua:
2935 2006 2990 2060 in
3030 2007 3239 2061 caelesti
3274 2008 3580 2062 conduntur
3608 2008 3732 2064 the-

2147 2107 2346 2156 sauro,
2372 2104 2698 2164 permanent
2725 2096 2782 2150 in
2809 2105 3110 2160 aeternum;
3152 2108 3208 2152 et
3239 2099 3358 2153 ista:
3389 2115 3512 2168 qua:
3544 2109 3734 2155 tenen-

2152 2192 2240 2237 tur
2286 2183 2340 2240 iu
2388 2184 2586 2240 suaequ
2621 2186 2862 2252 caduco,
2896 2195 3178 2242 transeunt
3220 2197 3278 2244 et
3319 2199 3566 2260 pereunt.
3615 2190 3733 2246 Non

2151 2273 2492 2345 gloriandum
2526 2283 2639 2340 est,
2671 2275 2813 2330 sicut
2849 2291 2950 2332 uec
2981 2277 3360 2334 conﬁdendum
3388 2277 3443 2334 lu
3477 2275 3737 2350 perituris

2153 2364 2392 2431 divitiis,
2424 2365 2520 2419 sed
2557 2366 2738 2434 potius
2775 2365 3066 2422 laetandum
3100 2377 3156 2422 et
3184 2367 3524 2438 gloriandum
3558 2378 3643 2424 est
3679 2371 3735 2425 in

2161 2456 2326 2512 bonis
2349 2459 2668 2527 magnisque
2697 2458 3008 2514 virtutibus.
3040 2459 3174 2514 Nam
3206 2461 3330 2530 quia
3359 2470 3572 2532 oportet
3599 2462 3738 2518 diri-

2155 2548 2239 2600 tes
2264 2560 2372 2600 non
2402 2545 2454 2599 in
2485 2545 2688 2600 divitiis
2717 2547 2934 2616 gloriari
2963 2548 3060 2603 sed
3079 2549 3133 2603 in
3157 2549 3480 2616 humilitate,
3501 2549 3736 2606 Jacobus

2155 2643 2388 2690 testatur
2426 2634 2658 2691 dicens:
2701 2634 2967 2691 Gloriatur
3008 2647 3182 2692 autem
3231 2639 3397 2709 frater
3442 2640 3654 2695 humilis
3677 2640 3736 2695 in

2155 2725 2476 2780 exultatione
2501 2742 2600 2780 sua
2623 2739 2644 2779 :
2673 2727 2814 2782 dices
2844 2737 3018 2782 autem
3043 2730 3098 2782 in
3123 2727 3418 2783 humilitate
3441 2741 3540 2784 sua
3566 2729 3730 2802 (Jac.

2155 2833 2208 2882 ι,
2235 2817 2332 2887 9).
2365 2816 2491 2873 Noli.
2510 2833 2638 2887 ergo
2674 2818 2734 2872 in
2757 2818 2960 2874 divitiis
2985 2818 3200 2890 gloriari
3221 2859 3236 2884 ,
3264 2834 3358 2873 rex
3377 2860 3394 2884 ,
3424 2820 3520 2875 sed
3547 2822 3602 2875 in
3627 2822 3738 2878 bu-

2155 2907 2405 2962 militate.
2437 2907 2569 2962 Esto
2597 2907 2848 2972 humilis,
2877 2915 2995 2962 esto
3023 2907 3078 2962 in
3107 2909 3409 2964 humilitate
3437 2908 3692 2966 lundstrm
3717 2927 3734 2978 ;

2155 2999 2402 3068 quamvis
2437 2999 2514 3056 sis
2543 2999 2817 3060 sublimis.
2847 3015 3074 3070 magnus
3107 3008 3164 3054 et
3199 3015 3474 3067 summus,
3506 3003 3729 3058 humili-

2157 3095 2328 3144 tatem
2356 3096 2498 3142 tene.
2534 3087 2628 3142 Sic
2649 3089 2796 3142 enim
2822 3089 3085 3158 scriptum
3115 3097 3238 3144 est:
3273 3089 3486 3153 Quanto
3512 3107 3740 3162 magnus

2158 3197 2213 3234 es
2231 3216 2247 3245 ,
2278 3180 2501 3233 humilia
2527 3189 2576 3234 te
2603 3181 2658 3234 in
2687 3179 2949 3246 omnibus,
2977 3188 3026 3233 et
3051 3197 3228 3234 coram
3254 3180 3481 3235 Domino
3507 3183 3738 3237 inuenies

2159 3270 2390 3339 gratiam
2418 3283 2430 3294 '
2458 3270 2708 3338 quoniam
2737 3284 2930 3338 magna
2969 3270 3198 3340 potentia
3228 3269 3324 3324 Dei
3354 3270 3547 3336 solius,
3579 3283 3627 3326 et
3670 3273 3738 3325 ab

2157 3360 2440 3416 humilibus
2485 3360 2776 3414 honoratur
2809 3359 2828 3431 (
2855 3359 3021 3414 Eccli.
3055 3377 3148 3425 ιιι,
3176 3361 3247 3416 ω
3273 3361 3313 3433 ).
3354 3362 3517 3418 Vides
3565 3377 3695 3436 ergo
3717 3403 3732 3432 ,

2158 3471 2287 3520 res,
2318 3456 2446 3524 quia
2475 3454 2526 3510 si
2549 3454 2906 3509 humilitatem
2940 3456 3194 3518 tenueris,
3229 3455 3453 3510 habebis
3479 3458 3732 3524 gratiam,

2158 3545 2384 3600 habebis
2413 3553 2468 3598 et
2495 3544 2720 3614 gloriam
2743 3584 2758 3610 ,
2791 3545 3014 3614 insuper
3038 3554 3094 3601 et
3127 3547 3319 3600 animm
3353 3554 3459 3601 tua:
3492 3547 3738 3603 invenies

2157 3637 2420 3707 requiem.
2463 3635 2555 3691 Sic
2591 3637 2740 3691 enim
2773 3637 3029 3693 Dominus
3059 3646 3184 3692 tuus
3211 3639 3520 3708 redemptor
3551 3647 3606 3692 et
3638 3637 3737 3693 do-

2158 3735 2277 3781 ctor
2301 3734 2450 3790 tuus,
2467 3735 2682 3782 creator
2706 3733 2762 3781 et
2788 3727 3119 3798 gubernator
3143 3735 3289 3792 tuus,
3321 3736 3372 3782 te
3395 3742 3558 3796 quem
3583 3729 3740 3798 sequi

2157 3814 2358 3870 debeas
2395 3815 2579 3880 docet,
2619 3823 2676 3870 et
2713 3816 2842 3885 quid
2878 3817 3087 3872 discere
3121 3817 3285 3872 debes
3318 3817 3531 3872 tibimet
3554 3827 3740 3874 osten-

2157 3905 2271 3970 dit,
2303 3905 2490 3960 dieens
2518 3924 2532 3959 :
2571 3904 2770 3960 Discite
2799 3923 2832 3958 a
2858 3922 2940 3960 me
2966 3907 3090 3976 quia
3122 3907 3264 3961 mitis
3293 3923 3412 3961 sum
3439 3916 3490 3962 et
3521 3909 3738 3963 humilis

2156 3995 2347 4057 corde;
2371 4003 2421 4048 et
2446 3995 2720 4049 invenietis
2747 3996 2976 4064 requiem
3002 3995 3281 4050 animabus
3306 3997 3488 4053 vestris
3515 3995 3733 4068 (Matth.

2155 4102 2242 4150 xi,
2270 4087 2340 4141 29
2360 4086 2401 4158 ).
2439 4087 2586 4142 idem
2625 4087 2739 4156 ipse
2771 4087 3033 4142 Dominus
3063 4102 3162 4156 per
3187 4088 3506 4159 prophetam
3537 4089 3739 4144 clamat

2155 4184 2212 4233 et
2239 4178 2374 4233 dicit
2407 4196 2420 4230 :
2454 4179 2536 4232 Ad
2561 4195 2714 4250 quem
2739 4188 2916 4233 autem
2949 4178 3254 4250 respiciam,
3284 4179 3385 4234 nisi
3413 4181 3484 4234 ad
3510 4197 3740 4251 pauper-

2154 4268 2368 4334 culum,
2397 4279 2446 4323 et
2475 4271 2758 4324 contritum
2793 4271 3015 4341 spiritu,
3051 4279 3101 4324 et
3135 4279 3438 4325 trementem
3469 4287 3737 4327 sermones

2154 4375 2296 4413 meos
2323 4360 2341 4429 (
2367 4358 2480 4413 lu.
2512 4375 2672 4424 uvr,
2699 4359 2826 4428 2)?

2229 4447 2289 4506 Si
2324 4451 2409 4506 vis
2435 4466 2574 4522 ergo.
2594 4459 2656 4506 ut
2683 4448 2752 4505 ad
2783 4461 2834 4506 te
2862 4451 3120 4522 respiciat
3143 4451 3312 4514 Deus,
3341 4451 3624 4508 sublimem
3650 4453 3734 4510 fa-

2155 4541 2298 4605 ciat,
2337 4541 2606 4611 gini-ilicet
2638 4548 2696 4595 et
2728 4541 2962 4606 exultet,
2997 4542 3220 4596 humilia
3262 4551 3317 4596 te
3345 4543 3400 4596 in
3439 4551 3734 4612 conspectu

2156 4631 2320 4687 illius.
2354 4631 2446 4687 Sic
2473 4634 2616 4688 enim
2643 4631 2875 4689 Iacobus
2904 4635 3180 4705 apostolus
3209 4632 3287 4690 ait
3311 4653 3325 4689 :
3362 4634 3734 4691 Humiliamini

2155 4723 2212 4776 in
2237 4732 2515 4792 conspectu
2541 4723 2756 4777 Domini
2775 4765 2789 4788 ,
2815 4733 2865 4777 et
2891 4724 3144 4778 exaltabit
3171 4741 3258 4778 uas
3288 4723 3448 4795 (Jac.
3477 4740 3565 4790 Iv,
3595 4725 3666 4779 i0
3687 4724 3729 4795 ).

2157 4812 2262 4869 Per
2289 4816 2429 4869 hanc
2461 4815 2614 4869 enim
2645 4817 2844 4886 regiam
2883 4817 3202 4872 humilitatis
3226 4817 3368 4870 viam
3403 4825 3733 4887 purpuratus

2157 4913 2215 4958 et
2261 4903 2520 4959 infulatus
2565 4903 2891 4961 fortissimus
2928 4922 3024 4962 rex
3058 4905 3232 4962 David
3259 4915 3318 4962 et
3350 4909 3605 4964 sacerdos
3638 4908 3734 4963 lir-

2154 4993 2319 5048 miter
2342 5008 2567 5050 currens
2592 4995 2862 5052 clamabat
2885 5013 2898 5050 :
2929 4996 3178 5060 Domine,
3210 5013 3314 5051 non
3338 5008 3411 5052 est
3438 4997 3727 5054 exaltatum

2154 5098 2244 5139 cor
2272 5099 2468 5150 meum,
2519 5101 2682 5157 neque
2709 5086 2834 5140 elati
2861 5098 2983 5140 sunt
3013 5088 3154 5141 oculi
3181 5088 3284 5141 mei
3306 5105 3325 5153 ;
3357 5103 3519 5158 neque
3545 5089 3728 5142 amba-

2153 5174 2257 5230 lavi
2301 5177 2358 5230 in
2393 5179 2628 5247 magnis,
2661 5195 2822 5249 neque
2856 5179 2912 5232 in
2949 5179 3278 5233 mirabilibus
3311 5195 3469 5249 super
3512 5196 3610 5232 me.
3663 5180 3726 5234 Si

2157 5280 2260 5320 non
2289 5267 2555 5321 humiliter
2579 5267 2859 5321 sentiebam
2879 5309 2892 5327 ,
2923 5267 3014 5322 sed
3041 5267 3268 5322 exaltari
3294 5269 3526 5322 animam
3556 5283 3724 5322 meam

2158 5356 2176 5426 (
2201 5355 2347 5409 Psal.
2377 5372 2515 5410 cxx:
2535 5396 2550 5421 ,
2583 5358 2641 5418 l,
2669 5357 2704 5410 9
2724 5357 2762 5428 ).
2799 5355 2986 5425 Magna
3015 5359 3158 5411 enim
3189 5365 3272 5413 est
3299 5357 3472 5412 virtus
3510 5358 3726 5412 humili-

2155 5453 2270 5510 tas,
2301 5453 2353 5503 et
2385 5447 2650 5501 mirabilis
2680 5449 2908 5517 genitrix
2938 5449 3178 5501 omnium
3214 5458 3271 5503 et
3302 5447 3580 5502 educatrix
3619 5449 3725 5502 vir-

2153 5541 2346 5588 tutum.
2400 5534 2505 5589 Sed
2552 5547 2660 5588 uon
2704 5537 2817 5591 hinc
2864 5538 3037 5590 virtus
3081 5538 3318 5592 humana
3367 5537 3642 5592 voluntate
3690 5552 3720 5590 a

2151 5639 2423 5695 quoquam
2457 5625 2705 5688 sumitur,
2739 5629 2834 5682 sed
2869 5629 3294 5683 misericorditer
3321 5643 3351 5681 a
3379 5629 3608 5683 beluino
3635 5627 3720 5682 cui

2151 5716 2382 5772 voluerit
2417 5715 2688 5788 largitur:
2727 5734 2850 5790 quae
2879 5721 3000 5775 ideo
3043 5721 3186 5776 inter
3224 5721 3456 5777 virtutes
3494 5722 3720 5776 eximias
