3944 6416
483 361 589 426 959

1780 349 1916 412 SMA
1926 346 2060 408 RAG
2069 343 2133 408 Di
2170 343 2462 406 ABBATIS

3647 332 3765 389 960

484 484 627 556 regis
648 482 796 553 larga
821 481 959 538 dona
987 472 1333 550 multiplicat;
1350 478 1467 550 ipsa
1494 484 1579 532 est
1590 486 1712 545 qua:
1733 470 1987 543 parvulos
2004 475 2058 522 et
2086 466 2137 529 Α
2159 464 2347 535 pulum
2385 462 2478 517 Dei
2501 461 2647 556 iuste
2693 458 2947 556 judicans
2974 453 3315 556 gubemasit.
3348 452 3454 508 Per
3474 450 3619 556 hanc
3635 451 3764 556 ’γίν-

479 576 705 645 juvenes
732 588 996 644 senesque
1021 571 1290 638 laetificat;
1334 570 1451 640 ipsa
1475 576 1559 625 est
1580 581 1699 636 qua:
1721 578 1820 634 per
1840 569 2065 617 cunctos

482 666 669 737 palatii
698 656 921 737 angulos
957 664 1107 721 laetos
1137 665 1266 719 facit
1288 663 1596 718 discurrere
1631 666 1820 721 natos;
1854 654 1967 723 ipsa
1983 658 2066 706 est

485 772 605 827 quae
628 756 898 812 nonnullis
925 756 1132 819 oscula,
1158 754 1431 824 plerisque
1458 750 1734 805 ministrat
1762 743 2061 815 amplexus.

484 844 620 901 Volo
644 861 794 917 ergo,
821 846 1244 901 clementissime
1288 856 1405 906 rex,
1439 848 1505 895 ut
1545 848 1599 895 et
1638 839 1691 892 in
1739 846 1831 891 tuo
1865 832 2068 903 iugiter

485 937 636 989 vultu
669 937 1011 1005 resplendeat
1035 934 1337 990 clementia!
1380 932 1567 993 virtus,
1599 940 1717 1000 qua:
1746 926 1955 984 cunctis
1979 924 2069 980 lte-

486 1028 662 1082 titiam
690 1029 1008 1097 cunctisque
1031 1026 1300 1081 ministret
1320 1034 1581 1078 amorem.

1087 1110 1315 1172 CAPUT
1351 1106 1473 1168 XX.

1095 1206 1174 1260 De
1225 1204 1463 1259 consilio.

558 1293 626 1353 Et
650 1302 708 1352 ut
749 1292 861 1353 lucc
890 1296 1067 1351 omnia
1099 1310 1221 1349 cum
1254 1290 1481 1348 consilio
1529 1300 1678 1360 agas,
1709 1282 1986 1357 Scriptum
2019 1292 2072 1341 te

2162 567 2337 613 intem
2366 556 2577 613 consilii
2600 555 2769 610 David
2788 553 3007 609 'Goliam
3037 549 3334 615 interfecit,
3358 562 3481 603 cum
3504 547 3764 601 leonibus

2164 646 2314 709 lusit,
2339 654 2396 700 et
2418 659 2644 713 regnum
2667 651 2952 712 acceptum
2990 641 3289 711 prudenter
3312 638 3368 693 et
3396 635 3609 691 fortiter
3660 648 3765 703 gu-

2166 737 2436 793 bernavit.
2492 735 2595 790 Per
2623 734 2766 788 hanc
2788 733 3045 787 virtutem
3073 727 3288 785 consilii
3344 725 3602 781 Salomon
3631 737 3764 777 cum

2165 836 2300 897 pace
2321 826 2574 897 gentibus
2609 822 2921 893 imperavit,
2945 829 3000 876 et
3031 820 3263 876 sublime
3287 817 3519 872 Domino
3546 815 3605 868 in
3630 811 3763 868 Ilie-

2170 916 2403 971 rusalem
2469 914 2725 984 templum
2775 911 3083 969 aediﬁcavit.
3148 909 3252 965 Per
3306 910 3449 964 hanc
3494 907 3764 961 virtutem

2167 1006 2376 1062 consilii
2402 1005 2548 1061 Elias
2567 1005 2655 1060 bis
2677 1004 3087 1074 quinquagenos
3102 999 3227 1055 οωιὶ
3244 1000 3373 1069 igne
3398 988 3762 1064 consumpsit,

2169 1112 2409 1174 congruo
2432 1109 2676 1171 tempore
2724 1098 2848 1154 ραιιί
2881 1096 3119 1167 pluviam
3162 1088 3409 1157 distulit,
3469 1100 3525 1146 et
3559 1091 3761 1144 iterum

2162 1207 2443 1264 'congruo,
2498 1189 2729 1245 Domino
2778 1188 3108 1259 cpitulante,
3166 1184 3403 1242 reduxit.
3454 1178 3561 1236 Per
3620 1180 3767 1234 banc

2169 1285 2428 1338 virtutem
2454 1280 2668 1337 consilii
2689 1289 2976 1350 martyres,
2999 1285 3061 1332 ut
3084 1285 3343 1332 aeternam
3365 1288 3396 1329 a
3417 1273 3650 1327 Domino
3673 1284 3765 1324 ac—

488 1386 670 1443 divina
711 1402 809 1458 per
846 1385 1192 1441 Salomoncm
1238 1382 1495 1437 admonet
1524 1420 1539 1444 ,
1570 1358 1820 1433 “dicens:
1856 1376 2072 1429 Astutus
2172 1374 2416 1443 ciperem
2441 1372 2635 1436 vitam,
2667 1369 2833 1424 morti
2861 1366 3145 1437 temporali
3168 1380 3227 1421 se
3269 1362 3633 1458 tradiderunt.
3658 1358 3767 1412 Per

489 1474 667 1534 omnia
696 1453 801 1549 agit
855 1490 971 1532 cum
1023 1474 1242 1530 consilio
1296 1472 1477 1546 (Prov.
1510 1486 1631 1534 xm,
1670 1468 1790 1540 l6);
1836 1475 1892 1522 et
1918 1467 2075 1522 Iesus
2173 1466 2315 1520 hanc
2341 1465 2596 1519 virtutem
2619 1460 2833 1517 consilii
2861 1460 3100 1530 virgines
3123 1465 3179 1513 et
3194 1455 3537 1512 confessores
3558 1453 3621 1507 in
3647 1466 3767 1508 ser-

490 1568 635 1623 tilius
661 1567 850 1623 Siracb
876 1562 951 1621 ait
976 1584 990 1620 :
1018 1563 1145 1629 Fili,
1168 1564 1279 1618 sine
1300 1560 1521 1616 consilio
1543 1558 1674 1614 nihil
1692 1558 1861 1628 facias
1879 1554 2071 1628 (Eccli.
2174 1554 2309 1609 vitio
2338 1552 2552 1608 Domini
2574 1565 2748 1621 usque
2776 1550 2830 1604 in
2854 1549 3016 1604 linem
3039 1552 3547 1618 perseveravenmt.

488 1668 663 1723 xxx",
691 1657 803 1728 24).
834 1657 901 1711 Et
924 1664 982 1709 ut
1009 1654 1285 1724 sapienter
1312 1660 1369 1708 et
1392 1666 1515 1706 cum
1544 1649 1829 1719 disciplina
1861 1655 1916 1702 ct
1942 1660 2071 1700 cum
2244 1639 2313 1699 Et
2343 1650 2402 1697 tu
2429 1657 2580 1714 ergo,
2614 1655 2732 1706 rex,
2770 1639 2952 1694 omnia
3009 1653 3129 1708 qua:
3158 1637 3275 1707 agis
3296 1677 3311 1701 ,
3354 1651 3484 1728 cum
3512 1631 3763 1728 consilio

489 1750 716 1807 consilio
742 1726 956 1819 seinper
1001 1748 1173 1811 vivas,
1214 1746 1355 1800 idem
1390 1750 1442 1798 te
1480 1740 1734 1797 Salomon
1788 1740 2072 1802 admonet,
2103 1810 2144 1819 _
2176 1744 2299 1805 age,
2329 1732 2456 1802 qnia
2482 1731 2743 1800 scriptum
2765 1736 2889 1784 est:
2920 1728 2989 1782 Et
3019 1729 3075 1781 in
3115 1728 3199 1782 his
3221 1727 3459 1819 omnibus
3484 1726 3770 1819 deprecare

488 1841 716 1895 dicens:
758 1810 893 1892 Audi
919 1810 1214 1900 consilium,
1250 1842 1297 1888 et
1321 1832 1524 1902 suscipe
1550 1829 1902 1900 disciplinam,
1925 1834 1987 1881 ut
2002 1828 2073 1882 sis
2103 1810 2149 1869 Β
2175 1824 2500 1879 Altissimum
2544 1834 2603 1875 ut
2652 1821 2846 1890 dirigat
2885 1819 2943 1873 in
2978 1819 3197 1873 veritate
3245 1818 3381 1873 viam
3408 1826 3577 1871 tuam.
3635 1817 3771 1870 Ante

489 1933 698 2002 sapiens
725 1932 780 1985 in
803 1928 1099 1984 novissimis
1148 1926 1250 1981 tuis
1274 1923 1459 1996 (Prov.
1485 1939 1602 1987 xIx,
1631 1922 1745 1992 20).
1778 1920 1884 1987 Qui
1913 1928 2077 1997 agunt
2175 1913 2352 1969 omnia
2373 1928 2529 1983 opera
2573 1910 2783 2002 verbum
2812 1925 2974 2002 veras
3303 1916 3353 1962 te
3375 1919 3395 1959 :
3421 1916 3471 1962 et
3513 1916 3638 2002 ante

491 1997 681 2075 cuncta
726 2036 845 2074 cuin
904 2017 1143 2082 consilio,
1172 2025 1425 2086 reguntur
1463 2012 1718 2084 sapientia
1744 2009 1927 2083 (Prov.
1957 2022 2074 2075 xm,
2129 2081 2140 2092 ι
2175 2021 2294 2059 nem
2320 2013 2496 2057 actum
2548 2000 2824 2056 consilium
2870 1997 3277 2092 stabilelEc-cti.
3308 2013 3519 2092 xxxvi,
3543 1998 3763 2092 ἥξω).

492 2106 604 2175 10).
637 2106 971 2175 Dissipantur
1004 2101 1343 2172 cogitationes
1372 2098 1460 2153 ubi
1497 2115 1602 2152 non
1637 2106 1714 2151 est
1757 2094 2035 2150 consilium
2057 2106 2076 2145 :

492 2195 582 2249 ubi
611 2211 729 2248 vero
762 2197 937 2264 plures
966 2201 1089 2247 sunt
1111 2183 1404 2244 consiliarii
1421 2222 1435 2253 φ
1486 2188 1871 2257 confirmantur
1891 2185 2076 2257 (Prov.

492 2301 588 2351 xv,
615 2285 728 2356 22).
770 2285 889 2354 Ipse
918 2285 1112 2338 iterum
1135 2282 1213 2336 ait
1237 2300 1251 2335 :
1287 2278 1558 2351 Unguento
1580 2277 1811 2333 etvariis
1832 2275 2080 2330 odoribus

496 2375 787 2429 delectatur
798 2382 928 2428 cor:
957 2383 1004 2428 et
1032 2374 1179 2427 bonis
1197 2371 1352 2425 amici
1376 2368 1610 2424 consiliis
1633 2366 1808 2422 anima
1828 2365 2078 2420 dulcem-

499 2475 590 2519 ταν
638 2463 822 2533 (Prov.
858 2477 1028 2528 xxvu,
1054 2462 1132 2533 9).
1166 2462 1297 2516 Cum
1319 2460 1659 2530 dispositione
1679 2458 1847 2511 initur-
1866 2455 2078 2521 bellum,

492 2563 545 2609 et
571 2556 667 2608 erit
706 2552 853 2607 salus
889 2554 980 2607 ubi
1016 2552 1182 2606 multa
1221 2550 1442 2606 consilia
1478 2558 1599 2604 sunt
1621 2546 1804 2619 (Prov.
1836 2544 2076 2616 xxiv,6).

500 2646 693 2716 Magna
720 2645 920 2698 etenim
956 2658 1046 2697 res
1071 2650 1155 2697 est
1178 2642 1467 2697 consilium
1493 2680 1507 2705 ,
1555 2648 1609 2693 et
1660 2638 1874 2708 regibus
1924 2635 2081 2689 valde

497 2735 886 2799 necessarium,
914 2743 967 2789 et
998 2748 1104 2788 non
1131 2732 1652 2803 parvipcmlendum,
1679 2731 1773 2784 sed
1794 2743 1960 2799 super
1987 2742 2081 2782 au-

497 2841 619 2881 rum
643 2833 698 2879 et
716 2832 997 2896 argentum
1019 2824 1473 2880 constituendum.
1508 2822 1574 2876 Et
1597 2821 1699 2876 hoc
1734 2820 1966 2888 idipsum
1994 2816 2079 2871 di—

493 2917 620 2969 vina
667 2913 928 2985 approbat
966 2912 1278 2985 Scriptura,
1322 2914 1506 2968 dicens
1534 2930 1547 2965 :
1580 2910 1783 2965 Aurum
1805 2918 1865 2963 et
1892 2920 2113 2986 argen-'

497 3014 611 3059 tum
634 3014 709 3060 est
731 3006 1033 3059 constitutio
1079 3006 1268 3076 pedum
1287 3046 1302 3069 ,
1339 3014 1387 3058 et
1416 3020 1575 3074 super
1602 3012 1881 3074 utrumque
1907 3001 2081 3056 censi.

493 3095 625 3148 lium
648 3094 1026 3165 beneplacitum
1048 3104 1317 3164 permanet
1341 3093 1533 3162 (Eccli.
1559 3109 1647 3158 ιιι,
1677 3091 1791 3162 25).
1883 3108 1902 3131 9

2179 2096 2242 2152 Si
2271 2096 2409 2150 enim
2434 2093 2692 2148 Dominus
2738 2102 2963 2161 magnus
2991 2087 3230 2152 voluerit,
3257 2089 3444 2159 spiritu
3473 2088 3771 2158 intelligen-

2178 2189 2267 2242 tia:
2296 2185 2508 2257 replebit
2535 2194 2603 2251 te,
2631 2192 2681 2238 et
2708 2184 2819 2255 ipse
2849 2182 3003 2253 quasi
3039 2180 3231 2235 imbres
3255 2181 3421 2235 mittet
3447 2179 3539 2235 tibi
3560 2179 3769 2251 eloquia

2177 2270 2470 2353 sapientia,
2497 2289 2547 2334 et
2570 2278 2765 2349 aperiet
2795 2277 2852 2331 in
2876 2275 3117 2330 oratione
3148 2290 3208 2328 os
3243 2283 3390 2328 tuum
3412 2274 3470 2327 in
3507 2273 3643 2327 bono
3662 2314 3677 2337 ,
3720 2283 3770 2328 et

2178 2389 2342 2445 usque
2368 2373 2425 2427 in
2455 2369 2705 2426 circulum
2748 2384 2852 2423 non
2881 2367 3142 2422 delebitur
3170 2367 3424 2421 memoria
3452 2375 3544 2419 tua
3568 2365 3764 2438 (Eecli.

2178 2479 2372 2529 xxxix,
2400 2463 2434 2519 8
2459 2460 2645 2533 seqq)

2758 2550 3001 2606 CAPUT
3040 2545 3182 2604 XXI.

2457 2643 2523 2699 Ut
2554 2654 2730 2699 caveat
2758 2628 3115 2714 unusquisque
3143 2642 3461 2712 superbiam.

2252 2736 2527 2791 Hactenus
2556 2733 2708 2804 quid,
2741 2732 3035 2787 auxiliante
3061 2730 3192 2797 Deo,
3229 2745 3344 2793 rex,
3372 2744 3531 2802 agere
3576 2731 3773 2787 debeas
3835 2729 3853 2745 ’

2181 2825 2475 2882 ordinatim
2503 2823 2844 2895 digessimus.
2866 2822 3010 2890 Quid
3034 2838 3164 2878 vero
3189 2822 3443 2892 deinceps
3466 2823 3647 2878 vitare
3670 2824 3765 2878 de-

2181 2912 2314 2973 beas
2339 2914 2634 2970 salubriter
2653 2914 3027 2983 proferamus;
3064 2912 3396 2982 nequeenim
3422 2911 3652 2968 minoris
3664 2913 3773 2968 vir-

2181 3008 2315 3063 tutis
2344 3016 2430 3063 est
2456 3009 2619 3064 homo
2641 3008 2732 3077 qui
2757 3007 2895 3063 mala
2917 3008 3146 3064 sollicite
3169 3009 3499 3095 vitataquam
3515 3007 3607 3077 qui
3634 3009 3771 3062 bona

2184 3099 2478 3155 salubriter
2520 3108 2831 3172 congregat.
2865 3100 3018 3156 Unde
3050 3115 3271 3156 necesse
3319 3107 3435 3167 est,
3475 3099 3774 3155 clarissime

571 3185 735 3239 Vides
763 3200 912 3255 ergo,
938 3201 1054 3245 rex,
1086 3199 1247 3253 quam
1286 3185 1432 3254 regia
1457 3184 1633 3237 virtus
1657 3174 2078 3247 est'consilium,
2109 3151 2155 3214 Ο
2187 3203 2308 3254 rex,
2339 3196 2401 3243 ut
2431 3189 2486 3244 in
2515 3151 2767 3263 omrzibtfs
2790 3189 3002 3245 actibus
3019 3189 3125 3245 tuis
3148 3189 3291 3245 viam
3320 3151 3522 3261 regiam
3541 3188 3772 3246 discrete

497 3290 661 3347 quam
683 3291 844 3344 super
878 3292 1068 3330 aurum
1104 3286 1159 3331 et
1188 3285 1472 3346 argentum
1513 3290 1633 3329 esse
1657 3274 1920 3345 praedicat
1943 3273 2085 3328 Scri.

492 3379 671 3437 ptura,
700 3383 861 3437 quam
887 3367 1026 3422 sicut
1047 3367 1248 3421 fontem
1271 3365 1514 3420 clamitat
1550 3362 1832 3419 afﬂuenter
1854 3378 2084 3419 manan-

498 3464 630 3511 tem.
664 3456 814 3511 ilanc
845 3457 1009 3527 igitur
1037 3457 1293 3511 virtutem
1323 3455 1531 3511 consilii
1558 3469 1746 3509 omnes
1778 3454 2084 3510 dilexerunt

497 3545 648 3616 regia
680 3555 960 3601 currentes
1022 3546 1235 3600 itinera.
1286 3546 1497 3600 Virtute
1545 3545 1755 3600 consilii
1796 3547 2085 3602 roboratus

484 3643 810 3694 constanter
835 3634 948 3690 Noe
977 3650 1075 3705 per
1098 3641 1314 3689 centum
1344 3648 1515 3688 annos
1553 3632 1840 3688 fabricavit
1876 3648 2080 3699 arcam,

496 3738 556 3781 et
576 3726 630 3780 i'n
654 3726 857 3781 diluvio
903 3726 1223 3796 gubernavit
1249 3741 1389 3780 eam.
1418 3723 1626 3779 Virtute
1674 3724 1885 3779 consilii
1911 3723 2086 3779 Abra-

499 3818 628 3874 ham
650 3817 1001 3874 confirmatus
1029 3859 1045 3885 ,
1093 3819 1159 3874 de
1187 3818 1524 3890 cognationis
1548 3834 1660 3873 suae
1680 3816 1877 3890 genere
1922 3818 2087 3872 intre-

497 3906 658 3976 pidus
680 3914 764 3961 est
783 3921 1055 3976 egressus,
1077 3916 1135 3963 et
1168 3908 1312 3963 inter
1334 3915 1524 3979 gentes
1550 3915 1770 3963 exteras
1786 3907 2087 3977 prudenter

496 4003 582 4052 est
619 4004 1001 4052 commoratus.
1053 3995 1265 4052 Virtute
1315 3997 1527 4053 consilii
1568 3998 1802 4053 firmiter
1850 3996 2087 4052 credens

497 4089 667 4154 Isaac,
690 4090 1123 4146 benedictionem
1162 4107 1192 4145 a
1220 4091 1450 4146 Domino
1486 4092 1538 4146 in
1566 4106 1626 4147 se
1673 4089 1916 4145 omnium
1956 4104 2087 4160 gen—

499 4186 634 4240 tium
665 4185 892 4254 accepit.
917 4184 1209 4241 Consilium
1255 4186 1445 4241 matris
1486 4185 1712 4241 audiens
1740 4182 1908 4238 Iacob
1928 4183 2088 4238 bene-

499 4274 789 4329 dictionem
814 4282 1097 4342 paternam
1142 4274 1500 4338 basreditavit,
1523 4272 1879 4342 primogenita
1899 4270 2089 4326 fratris

2186 3279 2482 3343 custodias,
2514 3287 2570 3335 et
2596 3294 2698 3350 per
2720 3272 2842 3335 eam
2889 3276 3182 3336 salubriter
3223 3279 3525 3345 ambulans,
3556 3290 3773 3350 gressus

2184 3367 2366 3437 operis
2395 3367 2624 3423 firmiter
2645 3382 2850 3437 ponas;
2878 3375 2933 3423 et
2970 3366 3192 3424 dextera
3219 3367 3449 3423 feliciter
3467 3374 3659 3423 tenens
3683 3366 3771 3420 iti-

2185 3473 2337 3522 nera,
2367 3466 2525 3513 caute
2550 3465 2606 3513 et
2641 3458 2873 3513 sollicite
2916 3472 3050 3514 cave
3077 3458 3318 3515 sinistra.
3344 3458 3581 3514 Dextera
3628 3457 3771 3513 enim

2183 3549 2271 3604 via
2295 3557 2382 3605 est
2404 3551 2580 3605 virtus
2600 3549 2944 3616 humilitatis,
2966 3566 3087 3620 qua:
3111 3559 3334 3606 cteteras
3383 3548 3552 3604 nutrit
3593 3548 3767 3603 virtu-

2185 3647 2287 3704 tes,
2315 3647 2371 3694 et
2416 3642 2557 3696 bene
2605 3641 2847 3696 viventes
2892 3642 2959 3696 ad
2987 3641 3153 3696 vitam
3207 3641 3456 3711 perducit
3482 3648 3765 3699 aeternam.

2186 3731 2421 3786 Sinistra
2447 3738 2532 3786 est
2553 3731 2743 3786 vitium
2766 3732 3054 3802 superbiae,
3078 3747 3199 3803 quae
3254 3732 3447 3787 cmtera
3491 3732 3667 3786 nutrit
3694 3730 3772 3784 vi-

2186 3824 2284 3891 tia,
2309 3831 2364 3879 et
2387 3823 2491 3880 sibi
2525 3823 2665 3879 male
2690 3824 3094 3880 consentientes
3137 3832 3396 3878 :nternam
3426 3822 3676 3893 perducit
3700 3823 3767 3876 ad

2184 3929 2426 3985 pinnam.
2456 3914 2720 3984 Superbia
2741 3915 2885 3970 enim
2908 3915 3144 3985 primum
3183 3922 3238 3969 et
3262 3927 3531 3968 summum
3582 3910 3769 3966 vitium

2185 4011 2289 4071 est,
2315 4012 2372 4058 et
2418 4005 2561 4059 sicut
2584 4005 2845 4075 scriptum
2871 4012 2960 4060 est
2996 4005 3053 4059 in
3092 4001 3514 4058 Ecclesiastlco:
3545 4000 3769 4056 adibitis

2185 4108 2363 4148 coram
2384 4093 2496 4148 Deo
2517 4103 2592 4147 est
2616 4103 2666 4149 et
2705 4092 3002 4149 hminibus
3036 4092 3299 4164 superbia.
3342 4091 3563 4147 Initium
3602 4091 3769 4146 omnis
3822 4086 3827 4090 ’

2184 4186 2383 4256 peccati
2407 4194 2482 4241 est
2509 4185 2771 4257 superbia.
2820 4184 2926 4252 Qui
2957 4185 3179 4240 tenuerit
3202 4184 3351 4239 illam
3390 4180 3765 4253 adimplebitur

2176 4274 2499 4349 maledictis,
2524 4285 2573 4330 et
2599 4275 2856 4330 subvertet
2882 4288 3001 4330 eum
3050 4274 3108 4329 in
3140 4274 3320 4343 finem.
3369 4270 3656 4343 Propterea
3680 4287 3769 4326 es:-

500 4366 728 4434 aceepit,
770 4373 827 4422 et
873 4366 935 4419 in
960 4367 1239 4422 duo‘deeim
1285 4368 1534 4422 tribubus
1585 4364 1821 4421 filiorum
1864 4364 2091 4434 largiter
2184 4366 2461 4421 honoravit
2484 4366 2757 4421 Dominus
2785 4374 3066 4421 conventus
3101 4364 3380 4427 malorum,
3413 4373 3460 4418 st
3508 4363 3769 4417 destruxit

504 4455 761 4539 excrevit.
785 4454 891 4510 Per
904 4456 1043 4512 hanc
1067 4458 1326 4512 virtutem
1350 4455 1560 4511 consilii
1585 4455 1910 4511 novissimus
1939 4454 2083 4526 Moy-
2105 4478 2161 4549 Β
2186 4474 2274 4513 eos
2302 4474 2464 4531 usque
2494 4460 2548 4512 in
2578 4458 2758 4528 ﬁnem.
2790 4457 2949 4513 Sedes
2975 4457 3168 4512 ducum
3195 4456 3534 4531 superborum
3567 4456 3769 4511 destru-

502 4534 591 4598 ses
619 4552 873 4598 sexcenta
923 4545 1089 4599 millia
1128 4559 1229 4615 per
1277 4558 1521 4599 eremum
1583 4543 1925 4614 gubernem.
1975 4542 2083 4599 Per
2111 4534 2155 4549 υ
2186 4550 2264 4604 ait
2295 4549 2470 4613 Deus,
2514 4556 2563 4603 et
2599 4549 2780 4603 sedere
2809 4548 2929 4618 fecit
2954 4549 3106 4627 mites
3144 4564 3238 4620 pro
3263 4548 3374 4601 eis:
3402 4546 3602 4601 radices
3648 4564 3768 4617 gen-

500 4635 644 4690 bsnc
685 4636 938 4690 virtutem
976 4636 1192 4692 consilii
1246 4634 1416 4691 frater
1470 4636 1588 4707 ejus
1629 4635 1811 4691 Aaron
1848 4634 2083 4690 ﬁdeliter

501 4725 859 4780 ministerium
884 4739 1208 4796 sacrumque
1232 4726 1536 4783 sacerdotis
1577 4725 1815 4781 ndicium
1842 4726 2091 4797 regendo

502 4819 729 4890 peregit.
764 4820 869 4874 Per
887 4820 1027 4875 hanc
1048 4821 1306 4875 virtutem
1333 4818 1542 4874 consilii
1570 4818 1802 4874 Pbinees
1830 4819 2085 4875 sacerdo-

503 4907 574 4962 tis
604 4907 847 4962 Eleazari
868 4908 1010 4961 filius
1034 4907 1153 4962 zelo
1178 4906 1390 4961 Domini
1420 4905 1614 4975 plenus
1636 4907 1872 4963 Zamrim
1889 4950 1904 4975 ,
1955 4920 2093 4964 cum‘

502 5008 684 5054 scorto
719 4998 1061 5054 Madianitico
1085 4998 1263 5068 gladio
1313 4998 1629 5068 perforavit,
1657 5008 1712 5056 et
1768 5002 2080 5057 saevientem

505 5088 717 5142 Domini
742 5087 878 5143 iram
910 5087 1025 5157 jam
1043 5100 1205 5157 super
1216 5089 1466 5159 populum
1491 5091 1813 5160 pendentem
1836 5092 2077 5147 retinuit.

508 5175 662 5231 Unde
686 5182 743 5230 et
783 5175 1208 5231 benedictionem
1242 5180 1482 5248 perpetui
1509 5181 1800 5237 sacerdotii
1851 5180 2082 5251 posteris

506 5265 620 5321 suis
648 5263 884 5333 reliquit.
915 5264 1067 5320 Hanc
1104 5268 1359 5325 virtutem
1387 5271 1597 5326 consilii
1624 5270 1786 5327 Iosue
1821 5286 1853 5324 a
1901 5270 2082 5340 Moyse

507 5352 777 5408 nutritore
827 5355 1118 5425 accipiens,
1151 5359 1368 5431 triginta
1398 5361 1639 5431 gentium
1666 5375 1826 5431 reges
1861 5361 2079 5425 occidit,

508 5445 830 5517 illorumque
874 5464 1038 5519 regna
1091 5451 1395 5517 destruxit,
1453 5452 1857 5508 Hiericuntinos
1897 5467 2083 5507 muros

508 5537 806 5603 subvertit,
858 5537 913 5594 in
945 5549 1165 5619 Iterram
1212 5543 1649 5613 repromissionis
1702 5544 1955 5614 populum
1987 5543 2081 5597 Del

511 5624 829 5694 introduxit,
847 5638 902 5686 et
922 5645 1040 5686 eam
1062 5632 1169 5688 illis
1196 5644 1295 5702 per
1315 5632 1527 5686 consilii
1556 5633 1820 5688 rationem
1847 5634 2081 5690 distento

512 5711 640 5771 fune
663 5719 901 5787 partivit.
928 5721 1033 5778 Per
1053 5721 1195 5778 hanc
1223 5722 1479 5777 virtutem
1506 5722 1714 5779 consilii
1743 5722 1961 5779 Samuel
1983 5736 2080 5795 po-

2187 4641 2318 4695 tium
2342 4640 2684 4710 superbarum
2720 4640 2939 4709 «refecit
2962 4638 3124 4705 Deus,
3167 4648 3215 4694 et
3244 4638 3495 4708 plantavit
3547 4638 3767 4693 humiles

2186 4746 2253 4785 ea;
2272 4730 2400 4800 ipsis
2422 4729 2679 4799 gentibus.
2716 4727 2919 4783 Terras
2945 4731 3176 4800 gentium
3213 4729 3390 4783 evertit
3420 4728 3697 4795 Dominus,
3718 4738 3765 4783 et

2185 4818 2411 4889 perdidit
2432 4834 2521 4873 eas
2548 4832 2710 4889 usque
2729 4819 2799 4873 ad
2827 4820 3264 4889 fundamentum;
3292 4819 3505 4889 arefecit
3531 4836 3597 4874 ea:
3620 4820 3762 4890 ipsis,

2188 4918 2237 4963 et
2258 4908 2567 4979 disperdidit
2604 4925 2711 4974 eos,
2738 4919 2788 4964 et
2831 4925 3034 4966 cessare
3076 4910 3197 4981 fecit
3249 4911 3554 4965 memoriam
3582 4926 3762 4965 comm

2185 5016 2219 5053 a
2261 5008 2420 5055 terra.
2448 4998 2688 5055 Perdidit
2717 5001 2857 5056 Deus
2880 5006 3186 5058 memoriam
3211 5005 3573 5075 superborum,
3600 5014 3648 5058 et
3680 5021 3759 5059 re:

2184 5090 2689 5160 liquit-memoriam
2749 5093 3028 5147 lmmilium
3072 5093 3261 5166 (Eccli.
3321 5110 3390 5160 χ,
3416 5095 3451 5148 Ἷ
3496 5105 3545 5150 et
3575 5095 3769 5168 seqq.).‘

2186 5180 2446 5238 Dominus
2472 5198 2684 5252 quoque
2721 5185 2856 5239 dans
2901 5184 2966 5240 de
2992 5186 3137 5255 ligno
3167 5187 3461 5244 humilibus
3498 5198 3555 5243 et
3582 5204 3752 5260 super-

2184 5272 2268 5327 bis
2317 5275 2795 5342 comparationem,
2829 5290 2928 5345 per
2960 5277 3297 5333 Ezccliielcm
3346 5279 3457 5333 ait:
3494 5279 3561 5333 Et
3603 5281 3758 5335 scient

2184 5364 2362 5418 omnia
2389 5364 2533 5435 ligna
2568 5365 2811 5436 regionis,
2840 5368 2965 5437 quia
2994 5382 3085 5437 ego
3114 5369 3368 5423 Dominus
3403 5369 3670 5425 humiliavi
3695 5371 3759 5424 li-

2182 5468 2343 5524 gnum
2377 5453 2613 5520 sublime,
2635 5464 2683 5508 et
2724 5454 2955 5510 exaltari
2989 5456 3189 5527 lignum
3217 5458 3413 5513 humile
3441 5474 3460 5512 :
3488 5468 3538 5512 et
3575 5459 3760 5514 siccavi

2182 5542 2381 5613 lignum
2413 5543 2597 5609 viride,
2623 5553 2671 5598 et
2717 5544 2962 5615 frondere
3010 5548 3113 5617 feci
3142 5547 3340 5619 lignum
3368 5550 3599 5604 aridum.
3649 5551 3756 5621 Ego

2182 5631 2438 5687 Dominus
2483 5632 2689 5688 locutus
2724 5650 2840 5688 sum
2870 5643 2917 5690 et
2974 5635 3075 5705 feci
3101 5635 3316 5708 (Ezech.
3356 5653 3487 5704 xm,
3513 5639 3626 5710 24).
3656 5639 3753 5694 Do-

2181 5721 2362 5778 minus
2390 5735 2602 5791 quoque
2632 5722 2685 5777 in
2715 5722 3006 5793 Evangelia
3037 5723 3115 5778 ait
3139 5742 3152 5780 :
3195 5723 3378 5781 Omnis
3419 5728 3509 5799 qui
3533 5744 3589 5783 se
3614 5725 3752 5784 eaut-
