3944 6418
198 261 296 317 961

1646 258 1756 313 γυ
1797 259 2023 315 REGIA.

3361 265 3467 321 962

196 379 407 441 merit,
433 376 829 442 buntiliabitur;
880 387 927 433 et
979 381 1068 449 qui
1095 397 1150 434 se
1179 378 1550 446 humiliaverit,
1580 378 1780 434 exalta-
1809 380 1860 438 Α
1886 377 2315 447 rumpitur,hinc
2344 376 2580 432 fraterna
2609 379 2846 433 charitas
2877 379 3128 443 violatur,
3160 380 3283 436 hinc
3313 382 3468 437 adul-

197 468 337 521 bitur
365 465 584 535 (Matth.
627 483 784 531 xxm,
818 467 924 535 l2).
969 468 1084 538 Ipse
1118 483 1332 538 quoque
1380 469 1638 524 Dominus
1683 484 1780 538 per

195 556 486 613 Ieremiam
524 560 758 626 superbo
787 561 1122 614 comminans
1153 561 1265 613 ait:
1299 559 1435 614 Ecce
1462 577 1554 630 ego
1585 559 1654 613 ad
1697 569 1778 624 te,

193 649 434 721 superbe,
465 649 591 702 dicit
633 649 886 704 Dominus
912 650 1050 704 Deus
1071 651 1394 705 exercituum
1420 666 1437 704 :
1469 651 1609 716 Quia
1643 655 1780 706 venit

195 740 309 794 dies
345 748 490 804 tuus,
514 749 714 810 tempus
751 741 1058 795 uisitationis
1089 750 1214 804 tute,
1237 749 1285 794 et
1319 742 1469 796 cadet
1493 743 1744 812 superbus
1763 783 1778 808 ,

195 841 243 884 et
263 839 492 896 corruet,
508 839 558 884 et
586 847 690 884 non
727 832 824 884 erit
844 835 933 902 qui
961 834 1170 886 suscitet
1198 849 1316 887 eum
1343 847 1360 884 :
1397 843 1444 887 et
1466 834 1778 888 succendam

197 926 368 992 ignem
395 924 448 977 in
479 922 695 976 urbibus
717 923 854 992 ejus,
877 934 924 978 et
951 924 1216 979 devorabit
1261 926 1436 980 omnia
1473 928 1530 980 in
1555 927 1780 981 circuitu

195 1011 314 1081 ejus
338 1011 555 1081 (Ierem.
589 1011 790 1082 L,.5l).

268 1099 488 1156 Grande
527 1101 725 1154 malum
777 1108 862 1155 est
909 1103 1182 1171 superbia,
1214 1121 1334 1174 quas
1383 1105 1652 1160 diabolum
1716 1107 1783 1162 de

197 1189 338 1246 cmlo
367 1191 634 1258 deposuit,
667 1200 723 1245 et
778 1191 1049 1246 hominem
1107 1193 1172 1247 de
1222 1195 1476 1262 paradiso
1521 1195 1780 1265 proiecit;

197 1295 320 1350 qua:
343 1288 399 1334 et
423 1281 666 1352 quotidie
691 1280 758 1334 de
795 1289 939 1334 statu
972 1282 1314 1336 rectitudinis
1345 1285 1576 1360 miseros
1607 1287 1673 1340 ad
1703 1287 1782 1340 in-
1866 1319 1867 1322 η

199 1373 325 1427 lima
355 1373 571 1443 premit,
600 1379 656 1426 et
689 1381 810 1442 post
863 1371 1069 1427 obitum
1119 1377 1186 1428 ad
1233 1373 1444 1430 inferna
1493 1376 1776 1446 demergit.

200 1462 462 1532 Superbia
504 1464 653 1532 prius
701 1463 756 1516 in
785 1463 1112 1532 cogitatione
1150 1465 1326 1519 elevat
1381 1467 1652 1522 hominem
1675 1508 1690 1534 ,
1727 1477 1784 1522 et

195 1564 386 1624 postea
415 1555 615 1609 elatum
644 1555 854 1610 extollit
883 1556 934 1608 in
951 1571 1140 1625 apere;
1167 1557 1319 1627 prius
1349 1559 1400 1612 in
1426 1568 1636 1614 secreto
1661 1576 1781 1615 cor-

197 1647 283 1702 dis
307 1647 568 1700 tumidqu
594 1645 741 1710 facit,
771 1655 826 1700 et
859 1655 1042 1716 postea
1091 1648 1144 1701 in
1190 1649 1405 1717 publico
1449 1651 1778 1721 praecipitem

198 1734 396 1788 reddit.
425 1734 552 1788 Inde
597 1735 812 1803 superbi
838 1715 1175 1790 extrinsecus
1191 1715 1418 1802 cadunt,
1447 1715 1588 1793 unde
1617 1715 1780 1808 prius
1811 1715 1854 1774 Β

199 1823 384 1878 miseri
410 1823 734 1878 intrinsecus
761 1824 1059 1879 elevantur.
1098 1823 1251 1880 Iuste
1277 1827 1421 1881 enim
1449 1829 1612 1884 homo
1650 1845 1776 1899 pec-

197 1922 323 1968 cato
349 1913 653 1967 substratus
686 1912 866 1982 jacet,
920 1916 1012 1984 qui
1078 1923 1354 1972 auctorem
1409 1933 1565 1972 suum
1593 1934 1782 1989 snper-

198 2001 396 2057 biendo
419 2004 734 2058 contemnit.
769 2003 846 2057 Tu
883 2019 1033 2074 ergo,
1063 2006 1482 2073 prudentissime
1510 2023 1624 2070 rex,
1652 2009 1781 2064 time

200 2099 409 2146 tantum
435 2100 491 2146 et
521 2107 649 2146 cave
689 2093 956 2161 superbiae
1001 2094 1220 2148 malum.
1262 2095 1478 2151 Declina
1532 2100 1782 2154 servilem

199 2183 502 2248 sinistram,
533 2191 588 2238 et
613 2199 710 2252 per
739 2185 1034 2249 dexteram,
1059 2201 1179 2254 qua:
1204 2194 1288 2241 est
1334 2189 1502 2258 regia,
1527 2191 1783 2246 velociter

199 2291 360 2333 curre
385 2279 547 2332 viam.
573 2279 740 2348 Dilige
771 2289 826 2334 et
852 2289 970 2336 tene
1005 2282 1385 2348 humilitatem,
1412 2291 1467 2336 et
1494 2283 1636 2352 quod
1685 2283 1781 2337 tibi

202 2367 461 2423 Dominus
489 2383 586 2436 per
612 2368 946 2437 Scripturam
995 2372 1194 2427 clamat
1219 2373 1502 2444 diligenter
1525 2377 1777 2440 attende;

203 2459 280 2512 ait
307 2459 449 2512 enim
481 2476 493 2508 :
535 2457 802 2513 Rectorem
831 2471 878 2513 te
901 2473 1206 2530 posuerunt,
1233 2465 1339 2516 noli
1359 2464 1537 2517 extolli
1560 2480 1578 2518 :
1601 2475 1708 2518 esto
1729 2465 1783 2518 in

201 2547 308 2601 illis
334 2547 487 2617 quasi
513 2563 648 2600 unus
694 2565 758 2601 ea:
797 2550 940 2618 ipsis.
973 2549 1166 2605 Curam
1197 2552 1408 2606 illorum
1437 2555 1588 2618 habe,
1619 2564 1666 2608 et
1705 2556 1783 2608 sic

202 2638 429 2701 conﬁde,
459 2648 507 2691 et
535 2639 817 2693 omnicura
845 2651 934 2695 tua
957 2642 1200 2711 explicita
1230 2645 1488 2709 recumbe,
1509 2655 1566 2698 ut
1587 2645 1781 2700 ltrteris

203 2735 414 2798 propter
440 2727 578 2792 illos,
602 2739 648 2782 et
677 2741 1038 2788 ornamentum
1069 2735 1252 2804 gratia:
1279 2735 1507 2806 accipias
1535 2752 1782 2792 coronam

203 2819 397 2892 (Eeeli.
431 2837 604 2888 xxxii,
633 2824 758 2894 1-5).

778 2912 1004 2969 CAPUT
1045 2915 1205 2970 XXII.

744 3002 824 3056 De
847 3003 956 3058 zelo
984 3016 1031 3061 et
1060 3005 1238 3061 livore.

275 3110 464 3166 Zelsre
491 3120 544 3167 et
566 3113 805 3169 invidere
838 3114 1059 3169 alterius
1085 3114 1226 3169 bono
1250 3132 1356 3171 non
1399 3125 1483 3172 est
1518 3133 1742 3188 parvum
1762 3162 1776 3185 ,

205 3201 302 3258 sed
330 3203 534 3272 grande
556 3212 611 3258 et
638 3219 891 3275 magnum
916 3214 1216 3275 peccatum.
1245 3209 1497 3264 Diabolus
1526 3211 1666 3266 inter
1688 3213 1784 3266 ini-

207 3294 280 3348 tia
319 3295 502 3349 statim
530 3295 713 3350 mundi
741 3295 839 3349 zeli
873 3296 1038 3350 livore
1063 3313 1351 3367 percussus
1373 3301 1532 3369 periit
1551 3303 1780 3371 primus,

207 3394 263 3439 et
290 3386 369 3441 sic
399 3387 632 3458 perdidit
685 3388 836 3443 alios.
891 3389 1180 3459 Postquam
1234 3408 1361 3447 vero
1410 3395 1684 3450 hominem
1716 3397 1782 3452 ad

208 3477 493 3547 imaginem
526 3477 618 3532 Dei
647 3477 847 3533 factum
876 3482 1178 3552 conspexit,
1204 3483 1257 3538 in
1287 3483 1385 3537 zeli
1419 3484 1643 3540 livorem
1667 3499 1786 3555 pro-

209 3569 369 3637 rupit,
392 3576 449 3622 et
488 3568 756 3624 hominem
800 3571 1055 3626 miserum
1085 3573 1361 3629 suadendo
1405 3575 1656 3645 decepit:
1689 3577 1784 3631 sed

205 3669 263 3714 et
287 3659 581 3730 angelicam
616 3661 1024 3726 beatitudinem,
1057 3679 1216 3732 quam
1265 3666 1520 3731 habebat,
1545 3667 1786 3722 miserri-

208 3766 329 3804 mus
358 3749 567 3813 amisit;
622 3757 676 3802 et
711 3763 775 3802 ex
831 3758 988 3815 tunc,
1035 3759 1095 3805 ut
1121 3755 1378 3821 scriptum
1422 3765 1543 3810 est:
1578 3755 1786 3812 Invidia

208 3839 406 3894 diaboli
429 3855 568 3893 mors
591 3839 820 3892 introivit
848 3839 901 3892 in
929 3840 1102 3893 orbem
1125 3849 1382 3894 terrarum
1415 3842 1564 3913 (ϐαρ.
1593 3845 1782 3915 ",2l).

209 3932 493 3986 Imitantur
519 3937 698 3984 autem
727 3928 873 3983 illum
903 3928 992 3997 qui
1025 3938 1149 3984 sunt
1177 3945 1244 3985 ex
1267 3940 1418 4000 parte
1445 3931 1630 4001 ipsius.
1661 3931 1787 3986 Imi-

212 4034 353 4078 tatus
396 4031 479 4078 est
525 4022 672 4076 illum
716 4020 848 4076 Cain
895 4022 1142 4092 iniquus,
1181 4032 1238 4077 et
1263 4039 1361 4093 per
1411 4023 1509 4077 zeli
1562 4023 1785 4078 livorem

209 4115 341 4170 Abel
365 4115 584 4169 fratrem
633 4130 788 4169 suum
810 4113 1014 4183 justum
1048 4115 1262 4170 occidit.
1291 4114 1393 4168 Per
1417 4115 1517 4168 zeli
1563 4115 1786 4169 livorem

213 4206 351 4260 Esau
374 4204 549 4260 factus
591 4216 674 4261 est
703 4207 951 4261 inimicus
991 4204 1144 4260 fratri
1181 4220 1281 4259 suo
1307 4205 1492 4258 Iacob.
1540 4203 1644 4258 Per
1687 4203 1785 4258 zeli

214 4299 437 4353 livorem
469 4315 498 4354 a
541 4299 800 4354 fratribus
833 4301 945 4355 suis
979 4298 1228 4354 venditus
1277 4307 1360 4352 est
1405 4297 1626 4368 Ioseph.
1680 4298 1786 4352 Per

1886 477 2094 523 teratur
2125 471 2345 532 veritas,
2379 471 2561 526 unitas
2605 473 2887 537 scinditur,
2916 473 2982 527 ad
3034 475 3268 530 hmrcses
3306 485 3468 546 atque

1882 561 2178 617 schismata
2205 562 2504 632 prosilitur,
2533 563 2658 617 dum
2696 564 3032 618 obtrectatur
3057 567 3430 624 sacerdotibus
3449 609 3466 634 ,

1881 653 2152 726 episcopis
2183 653 2470 708 invidetur.
2511 655 2584 708 De
2635 654 2752 707 zelo
2795 654 3059 723 superbus
3104 655 3362 723 cllicitur;
3396 659 3464 714 de

1884 745 2000 799 zelo
2027 757 2280 814 perverse
2307 743 2519 798 animus
2559 751 2817 799 mutatur.
2853 743 2966 799 Non
3013 754 3096 800 est
3140 748 3292 803 cibus
3342 749 3461 809 tali-

1883 837 1984 890 bus
2015 837 2188 899 laetus,
2231 850 2337 889 non
2373 844 2458 889 est
2489 846 2647 905 potus
2663 835 2960 904 iucundus;
2993 841 3227 908 suspirat
3252 857 3468 911 semper

1883 930 1950 982 ad
1983 929 2209 983 alterius
2235 929 2376 983 bona
2403 937 2458 982 et
2486 928 2812 998 ingemiscit.
2863 928 2998 984 llinc
3023 931 3203 986 vultus
3251 934 3428 988 minax
3449 974 3465 1000 ,

1885 1029 2066 1074 torvus
2097 1029 2368 1088 aspectus,
2395 1019 2564 1090 pallor
2601 1019 2653 1073 in
2711 1016 2850 1074 facie
2873 1060 2888 1083 ,
2941 1020 2993 1073 in
3022 1020 3180 1076 labiis
3230 1031 3464 1089 tremor,

1883 1110 2085 1164 stridor
2113 1110 2164 1163 in
2188 1110 2460 1163 dentibus.
2492 1109 2629 1176 Quid
2657 1110 2809 1180 plura
2853 1111 3120 1168 referam?
3161 1114 3238 1169 De
3276 1115 3378 1170 zeli
3399 1116 3465 1171 li-

1881 1216 2012 1254 vure
2039 1201 2158 1256 fons
2178 1202 2419 1255 omnium
2449 1202 2698 1256 vitiormn
2726 1204 3021 1273 consurgit.

1953 1293 2032 1347 Tu
2062 1308 2212 1364 ergo,
2249 1294 2535 1350 mitissime
2561 1305 2721 1364 atque
2769 1297 3102 1354 nobilissime
3125 1315 3215 1354 rex
3243 1339 3258 1362 ,
3306 1299 3467 1370 dilige

1881 1398 2106 1448 omnes,
2157 1394 2214 1438 et
2281 1394 2506 1455 paterno
2543 1388 2818 1457 regalique
2863 1387 3058 1444 alfectn
3105 1389 3463 1458 complectere

1879 1483 2126 1537 cunctos,
2147 1483 2206 1529 et
2237 1483 2444 1530 tantum
2487 1485 2542 1530 et
2594 1487 2706 1531 tam
2753 1477 3113 1546 perniciosum
3147 1480 3255 1533 odii
3308 1493 3468 1536 caute

1880 1563 2061 1618 devita
2081 1563 2314 1629 malum;
2371 1565 2498 1635 quia
2531 1563 2763 1621 Iacobus
2801 1567 3075 1636 apostolus
3117 1568 3193 1622 ait
3216 1566 3367 1622 :-Ubi
3390 1577 3466 1623 est

1884 1651 2025 1706 zelus
2050 1662 2100 1708 et
2127 1655 2423 1720 contentio,
2473 1656 2546 1710 ibi
2590 1657 2942 1711 inconstantia
2982 1667 3030 1712 et
3066 1675 3216 1713 omne
3251 1677 3469 1729 pravum

1884 1741 2026 1812 (Iac.
2057 1759 2138 1807 ιιι,
2170 1744 2277 1815 l6).
2303 1745 2465 1801 Vides
2508 1762 2640 1816 ergo
2661 1762 2824 1817 quam
2870 1746 3120 1804 letbifera
3173 1758 3256 1804 est
3283 1750 3468 1805 livoris

1881 1840 1938 1886 et
1960 1832 2172 1889 invidiae
2195 1834 2513 1906 indignatio.
2543 1836 2660 1906 Ipsa
2707 1845 2791 1892 est
2825 1853 2944 1908 qua:
2985 1848 3176 1894 cuncta
3207 1840 3467 1897 virtutum

1883 1924 2124 1993 germina
2151 1931 2496 1991 concremat;
2546 1928 2660 1996 ipsa
2698 1942 2818 1996 qua:
2865 1937 3056 1983 cuncta
3106 1928 3245 1984 bona
3273 1930 3468 1984 ardore

1883 2015 2140 2085 pestifero
2158 2017 2426 2080 .devorat;
2471 2017 2587 2086 ipsa
2617 2032 2738 2086 quae
2785 2032 3002 2072 sensum
3033 2020 3302 2083 comedit;
3354 2021 3471 2088 ipsa

1882 2125 2004 2178 qua:
2023 2117 2212 2179 peetus
2233 2111 2372 2174 urit;
2414 2110 2527 2180 ipsa
2550 2125 2670 2179 qua:
2700 2117 2935 2164 mentem
2957 2109 3140 2175 allicit,
3169 2119 3223 2165 et
3249 2125 3342 2166 eor
3369 2113 3466 2165 ho-

1884 2207 2047 2260 minis
2069 2205 2224 2274 quasi
2252 2206 2496 2274 quaedam
2545 2205 2712 2273 pestis
2745 2204 3004 2274 depascit.
3031 2204 3296 2259 Occurrat
3341 2220 3470 2275 ergo

1885 2298 2003 2361 tibi,
2033 2312 2067 2352 ο
2092 2311 2208 2360 rex,
2251 2306 2437 2352 contra
2466 2297 2564 2350 zeli
2599 2296 2818 2350 livorem
2847 2297 3014 2350 animi
3041 2297 3254 2350 bonitas
3307 2297 3466 2366 plena

1883 2401 2107 2442 mitnere
2132 2405 2144 2439 :
2175 2387 2432 2441 adversus
2461 2386 2718 2440 invidiam
2748 2384 2986 2438 fraterna
3037 2385 3279 2439 charitas
3335 2401 3471 2454 prae-

1883 2486 2125 2547 paretur,
2151 2487 2207 2531 et
2233 2491 2384 2530 arma
2415 2475 2737 2536 dilectionis.
2776 2473 2974 2530 Pacem
3005 2490 3125 2528 ama
3152 2490 3276 2529 eum
3296 2476 3470 2530 omni-

1885 2572 2005 2634 bus,
2034 2586 2221 2640 pacem
2273 2571 2445 2626 retine
2487 2586 2610 2624 cum
2661 2569 2888 2624 cunctis.
2948 2567 3005 2623 In
3059 2566 3470 2624 mansuetudine

1884 2667 1940 2712 et
1972 2659 2239 2712 eharitate
2285 2659 2611 2728 amplectere
2661 2673 2870 2713 omnes.
2903 2655 3072 2711 Stude
3121 2656 3174 2710 in
3231 2655 3392 2709 terris
3439 2669 3470 2708 a

1884 2748 2093 2803 cunctis
2120 2747 2428 2802 hominibus
2475 2748 2702 2803 dulciter
2729 2748 2942 2811 amari,
2985 2755 3046 2802 ut
3097 2746 3360 2803 mercaris
3407 2746 3461 2804 iu

1884 2835 2024 2892 coelo
2045 2851 2169 2896 cum
2199 2837 2402 2906 angelis
2427 2836 2657 2890 feliciter
2682 2836 2875 2891 laetari.

2459 2927 2688 2982 CAPUT
2722 2925 2901 2982 XXIII.

2168 3019 2244 3074 De
2267 3035 2370 3074 non
2398 3017 2656 3072 reddendo
2684 3016 2882 3070 malum
2908 3033 3002 3086 pro
3026 3015 3183 3070 malo.

1955 3111 2125 3182 Dilige
2153 3111 2455 3180 proximum
2483 3111 2622 3164 sicut
2649 3109 2900 3177 teipsum,
2926 3122 3062 3176 puro
3090 3107 3294 3171 animo,
3318 3123 3470 3164 men-

1885 3215 1938 3260 te
1968 3206 2180 3260 sincera
2214 3220 2228 3258 :
2267 3204 2339 3258 ita
2395 3212 2453 3257 ut
2481 3204 2524 3258 si
2555 3203 2716 3257 etiam
2745 3203 2798 3255 in
2828 3210 2880 3256 te
2909 3203 3235 3270 peccaverit,
3290 3203 3471 3259 dimit-

1887 3305 1988 3359 tas,
2018 3304 2074 3350 et
2099 3311 2206 3350 non
2239 3294 2433 3349 reddas
2463 3293 2660 3348 malum
2687 3308 2784 3362 pro
2823 3293 2997 3357 malo;
3041 3293 3182 3347 sicut
3208 3293 3469 3364 scriptum

1883 3397 1965 3444 est
1994 3404 2010 3443 :
2042 3389 2124 3443 Ne
2137 3389 2283 3443 dicas
2309 3402 2328 3445 .°
2357 3387 2589 3441 Reddam
2628 3387 2824 3442 malum
2850 3405 2868 3450 ,°
2895 3399 3133 3458 exspecta
3159 3389 3469 3458 Dominum,

1882 3491 1932 3535 et
1954 3480 2188 3534 liberabit
2215 3488 2262 3533 te
2286 3477 2467 3550 (Prov.
2493 3495 2584 3543 xx,
2611 3478 2723 3550 22).
2756 3479 2896 3549 Ergo
2916 3489 2971 3534 et
2993 3489 3046 3534 tu
3069 3494 3135 3535 ex
3161 3488 3275 3536 toto
3302 3483 3468 3538 corde

1868 3572 1938 3627 in
1967 3579 2021 3626 te
2053 3571 2262 3626 dimitte
2303 3571 2565 3639 peccanti,
2606 3577 2662 3624 et
2682 3579 2935 3639 exspecta
2967 3569 3160 3635 Deum,
3183 3579 3242 3625 ut
3279 3587 3311 3625 a
3337 3587 3464 3641 pro-

1885 3662 2005 3732 prio
2039 3662 2287 3717 libereris
2321 3669 2576 3731 peccato;
2620 3669 2676 3716 et
2710 3661 2819 3715 noli
2863 3660 3125 3715 vindicari
3157 3661 3212 3715 in
3244 3663 3464 3719 homine

1885 3753 1978 3824 qui
2011 3752 2067 3806 in
2100 3760 2155 3806 te
2196 3752 2498 3821 deliquerit.
2557 3752 2693 3819 Quia
2734 3751 2999 3821 scriptum
3059 3759 3143 3806 est
3172 3769 3184 3805 :
3218 3751 3323 3818 Qui
3357 3754 3472 3808 vin-

1884 3844 2055 3896 dicari
2081 3842 2212 3905 uult,
2235 3859 2266 3895 a
2305 3842 2529 3896 Domino
2558 3833 2781 3896 inveniet
2818 3843 3136 3908 vindictam;
3181 3854 3230 3898 et
3255 3854 3468 3915 peccata

1885 3931 2030 3985 illius
2055 3948 2267 3984 servans
2288 3932 2514 3985 servabit
2544 3945 2562 3982 :
2593 3931 2825 4002 relinque
2871 3933 3112 4001 proximo
3142 3943 3233 3987 tuo
3265 3936 3472 3989 nocenti

1885 4032 1970 4086 te;
2012 4032 2062 4076 et
2116 4031 2241 4076 tunc
2287 4023 2586 4093 deprecanti
2611 4023 2703 4076 tibi
2746 4031 2959 4093 peccata
2992 4022 3256 4076 solventur
3281 4024 3472 4095 (Eccli.

1886 4129 2079 4179 xxvut,
2129 4115 2205 4184 I).
2261 4113 2340 4167 Tu
2389 4127 2517 4168 vero
2550 4129 2672 4166 cum
2718 4114 2794 4167 sis
2825 4128 2941 4178 rex,
2989 4121 3045 4167 et
3098 4115 3292 4168 summi
3331 4116 3475 4184 regis

1869 4205 2050 4271 .lilius,
2097 4205 2310 4259 Patrem
2339 4213 2486 4258 tuum
2522 4204 2722 4259 bonum
2767 4204 2986 4258 imitare
3018 4204 3211 4270 Deum,
3261 4212 3318 4259 et
3345 4221 3471 4275 pro-

1887 4297 2036 4350 ximo
2065 4297 2306 4365 relinquo
2340 4304 2584 4365 peccata,
2634 4301 2694 4348 ut
2722 4302 2776 4348 et
2801 4303 2888 4349 tua
2928 4293 3274 4349 dimittantur
3311 4311 3341 4349 a
3368 4296 3476 4352 Do-o

215 4388 314 4443 zeli
347 4389 566 4444 livorem
599 4390 767 4444 David
796 4389 1043 4444 inimicus
1064 4397 1116 4442 et
1166 4397 1479 4458 persecutor
1508 4388 1679 4444 lactus
1707 4397 1787 4444 est
1815 4397 1864 4456 1)
1893 4389 2037 4443 mino
2071 4388 2379 4443 commissa.
2428 4385 2536 4440 Fac
2561 4393 2616 4440 tu
2644 4386 2890 4456 proximo
2917 4393 3012 4440 tuo
3045 4385 3188 4455 quod
3217 4395 3272 4440 et
3313 4386 3396 4441 vis
3416 4395 3477 4442 ut

215 4479 383 4543 Saul;
421 4488 475 4534 et
508 4496 576 4536 ne
607 4469 816 4552 longius
841 4496 960 4535 eam
1015 4480 1345 4534 recensendo
1391 4495 1488 4549 per
1515 4479 1780 4551 singulos,

215 4569 518 4625 Iudaeorum
564 4573 789 4642 pepulns
829 4587 926 4640 per
977 4571 1073 4626 zeli
1105 4571 1328 4626 livorem
1376 4569 1642 4636 interivit,
1694 4572 1786 4640 qui

214 4661 432 4717 Christo
457 4661 646 4715 maluit
690 4662 930 4716 invidere
957 4677 1118 4730 quam
1145 4663 1386 4718 credere.
1416 4663 1524 4717 Zeli
1554 4663 1700 4718 enim
1725 4662 1790 4716 ll-

215 4769 331 4819 vor,
355 4769 659 4823 quanquam
682 4754 840 4808 unius
875 4754 987 4807 vitii
1039 4763 1325 4808 censeatur
1351 4755 1586 4817 nomine,
1610 4755 1791 4809 multi-

217 4845 385 4914 plices
411 4860 506 4914 per
539 4844 748 4898 diversa
797 4845 948 4898 initia
996 4854 1219 4914 generat
1247 4861 1441 4900 ramos.
1489 4846 1659 4901 Radix
1706 4855 1790 4902 est

218 4938 455 4990 omnium
482 4935 838 5000 malorum,et
860 4933 979 4990 fons
1006 4935 1280 4989 vitiorum.
1315 4935 1443 4990 Inde
1465 4937 1648 4990 odimn
1673 4953 1793 4990 sur-

217 5027 315 5097 git,
333 5025 643 5082 animositas
663 5025 788 5079 inde
808 5024 1081 5094 procedit;
1116 5025 1398 5077 avaritiam
1422 5025 1570 5078 zelus
1591 5025 1792 5079 inflam-

219 5123 352 5180 mat,
383 5113 728 5168 ambitionem
753 5114 898 5169 zelus
925 5114 1141 5168 excitat.
1184 5112 1287 5167 Per
1313 5113 1555 5181 iniquum
1609 5113 1794 5169 livoris

221 5206 394 5262 zelum
421 5205 514 5259 Dei
535 5205 696 5258 timor
717 5204 1001 5274 exponitur
1018 5244 1034 5268 ,
1080 5203 1447 5274 magisterium
1469 5202 1667 5259 Christi
1699 5220 1793 5260 ne-

221 5297 462 5368 gligitur,
492 5295 677 5362 iudicii
703 5296 820 5350 dies
847 5310 954 5349 non
1003 5294 1335 5364 providetur,
1370 5293 1588 5348 inflatur
1613 5310 1799 5366 super-

223 5389 330 5451 bia,
353 5387 713 5440 exacerbatur
757 5387 981 5451 saevitia,
1013 5385 1235 5454 perfidia
1263 5386 1669 5455 praevaricatur,
1698 5387 1800 5440 im-

222 5477 477 5546 patientia
503 5477 830 5539 concutitur,
858 5476 988 5529 furit
1029 5475 1296 5530 discordia
1324 5515 1338 5540 ,
1389 5475 1646 5531 fervescit
1685 5476 1798 5542 ira;

225 5583 323 5623 nec
346 5582 404 5622 se
427 5566 534 5636 jam
557 5576 734 5638 potest
759 5567 1008 5623 cohibere
1031 5567 1112 5619 vel
1151 5582 1356 5636 regere,
1389 5568 1481 5638 qui
1512 5567 1687 5623 factus
1716 5576 1802 5623 est

226 5657 469 5713 subditus
491 5658 748 5725 potestati
777 5657 981 5712 alienae.
1007 5655 1143 5710 Ilinc
1174 5671 1333 5712 omne
1359 5658 1506 5727 pacis
1527 5657 1800 5713 vinculum

1895 4479 2060 4535 faciat
2091 4478 2188 4533 tibi
2223 4477 2364 4533 Deus
2389 4485 2514 4531 tuus
2545 4495 2557 4529 :
2591 4475 2698 4530 noli
2723 4490 2968 4546 quaerere
2995 4476 3062 4531 de
3089 4475 3336 4544 proximo
3356 4479 3478 4532 vin-

1894 4573 2118 4636 dictam,
2148 4586 2214 4626 ne
2257 4578 2582 4640 expetantur
2607 4584 2638 4623 a
2681 4578 2752 4634 te,
2781 4567 3014 4623 Domino
3031 4568 3362 4635 vindicante,
3385 4570 3477 4624 de-

1896 4664 2042 4718 licta.
2091 4661 2218 4716 Noli
2249 4662 2384 4715 vinci
2421 4677 2453 4713 a
2480 4658 2641 4724 malo,
2695 4659 2786 4713 sed
2829 4660 2972 4712 vince
3017 4658 3072 4711 in
3111 4658 3245 4712 bono
3275 4659 3474 4714 malum

1896 4753 2070 4825 (Rom.
2112 4769 2210 4814 xtl,
2253 4751 2366 4818 21).
2422 4749 2576 4817 Quod
2622 4765 2726 4803 non
2775 4749 2858 4802 vis
2887 4756 2946 4801 ut
2979 4747 3074 4802 tibi
3114 4745 3278 4801 faciat
3309 4748 3473 4812 Deus,

1895 4845 2003 4899 noli
2035 4853 2091 4898 tu
2123 4844 2284 4898 homo
2311 4841 2488 4897 facere
2513 4841 2738 4896 homini.
2778 4841 2834 4894 In
2866 4848 3094 4908 utroque
3114 4839 3467 4895 Testamento

1895 4937 2156 5006 scriptum
2190 4935 2457 5006 reperitur
2487 4949 2500 4987 :
2536 4933 2689 4999 Quod
2709 4933 2800 4987 tibi
2829 4950 2930 4987 non
2958 4949 3031 4986 ωε
3059 4931 3196 5001 fieri,
3221 4931 3373 4986 alteri
3415 4948 3478 4986 ne

1896 5029 2083 5097 facias.
2121 5027 2178 5082 Si
2207 5043 2336 5098 ergo
2383 5035 2538 5082 cavet
2571 5028 2856 5097 quisquam
2902 5026 3058 5082 alteri
3102 5026 3285 5082 facere
3333 5027 3477 5096 quod

1897 5134 2237 5189 nequaquam
2275 5119 2386 5173 vult
2426 5119 2494 5172 ab
2523 5118 2694 5174 altero
2732 5119 2958 5188 perpeti,
3007 5126 3162 5172 cavet
3199 5119 3382 5186 utique
3407 5133 3476 5172 ne

1896 5210 2146 5279 superbia
2176 5209 2352 5262 elatus
2398 5209 2704 5277 proximum
2739 5209 3027 5277 despiciat;
3079 5216 3236 5262 cavet
3264 5223 3331 5262 ne
3364 5222 3480 5260 am—

1899 5300 2104 5354 bitione
2126 5307 2428 5353 commotus
2467 5296 2690 5352 fratrem
2737 5299 2804 5352 ad
2835 5299 3170 5352 iracundiam
3202 5306 3472 5367 provocet,

1899 5399 2056 5445 cavet
2090 5406 2158 5444 ne
2202 5389 2414 5443 invidiae
2436 5403 2624 5443 morsu
2653 5389 2893 5443 dilaniet.
2926 5389 3059 5444 Cum
3096 5389 3322 5457 quisque
3349 5401 3478 5440 vero

1899 5481 2100 5551 cogitat
2121 5494 2183 5532 ea
2220 5479 2374 5532 alteri
2416 5478 2596 5533 facere
2616 5494 2736 5547 quce
2763 5479 2864 5532 sibi
2891 5480 2960 5532 ab
2996 5479 3167 5532 altero
3191 5477 3301 5530 vult
3335 5475 3474 5540 fieri,

1901 5570 2019 5625 sine
2040 5569 2202 5623 dubio
2245 5576 2439 5638 pensat
2480 5576 2540 5621 ut
2579 5569 2736 5622 malis
2762 5569 2921 5632 bona,
2969 5577 3023 5622 et
3059 5568 3214 5623 bonis
3253 5565 3489 5621 meliora.

1903 5660 2206 5726 retribuat,
2285 5660 2604 5730 procacibus
2672 5659 3139 5716 mansuetudinem
3205 5658 3476 5718 ostendat.
