3944 6454
214 288 316 351 965

1654 276 1770 335 VIA
1811 274 2065 368 REGIA.\

3368 280 3482 342 '966

212 408 342 462 tiam
369 403 573 476 scripta
606 402 865 460 divinitus
893 400 1167 458 invenitur
1193 397 1482 455 sententia.
1532 395 1624 452 Ait
1648 395 1794 451 enim
1824 396 1873 456 Α
1900 411 2004 451 non
2046 397 2107 452 in
2140 396 2388 466 judicio;
2441 399 2668 453 amicum
2700 415 2854 456 suum
2890 402 3143 472 opprimet
3174 403 3394 474 frustra,
3434 413 3484 461 et

213 496 471 553 Salomon
512 497 568 551 in
610 492 922 550 Proverbiis
955 491 1106 547 :Rea:
1143 492 1320 563 justus
1355 488 1508 561 erigit
1549 498 1746 542 terram
1779 500 1799 538 :

211 589 293 644 uir
334 603 528 642 auarus
547 585 912 641 destructum
950 581 1132 655 (Prov.
1175 596 1329 647 xxxx,
1354 579 1433 650 4).
1481 579 1615 634 item
1641 577 1796 649 ipse:

213 676 502 733 Conturbat
527 675 745 732 domum
786 691 940 731 suam
973 675 1063 746 qui
1085 681 1315 728 sectatur
1351 671 1627 728 avaritiam
1651 683 1671 722 :
1710 668 1801 740 qui

212 780 389 824 autem
434 768 546 823 odit
590 783 848 832 munera,
894 765 1030 821 vivet
1075 762 1269 837 (Prov.
1311 779 1403 829 xv,
1459 760 1584 833 27).
1623 759 1803 815 Domi-

214 875 317 917 nus
339 859 394 916 in
415 860 717 929 Evangelia
748 858 1026 929 discipulis
1047 858 1123 912 ait
1152 874 1165 911 :
1203 853 1393 912 Cavete
1413 855 1479 909 ab
1508 852 1652 908 omni
1677 869 1801 907 avu-

215 952 341 1005 ritia
365 949 530 1022 :quia
576 965 681 1003 non
724 949 781 1003 in
828 946 1159 1002 abundantia
1204 944 1516 1015 cujusquam
1549 944 1655 997 rita
1683 942 1799 1012 ejus

213 1050 311 1104 est,
331 1048 397 1094 ea:
416 1039 498 1095 his
521 1054 640 1110 qua:
661 1036 888 1109 possidet
910 1033 1066 1107 (Luc.
1100 1048 1200 1100 xu,
1220 1033 1327 1105 15).
1358 1032 1496 1089 Huic
1516 1030 1800 1087 sententia

214 1129 554 1186 concordans
589 1128 951 1184 Ecclesiastes
982 1127 1059 1182 ait
1092 1126 1333 1181 :Avarus
1371 1142 1477 1179 non
1502 1122 1801 1195 implebitur

212 1219 436 1293 pecunia
465 1236 484 1274 :
506 1227 557 1274 et
588 1219 679 1290 qui
705 1226 849 1271 amat
871 1216 1102 1281 divitias,
1140 1216 1369 1290 fructum
1407 1230 1511 1269 non
1546 1215 1714 1285 capiet
1733 1229 1799 1267 ea:

212 1312 289 1367 eis
324 1308 524 1383 (Eccle.
556 1324 610 1375 v,
638 1308 719 1381 9).
765 1306 1020 1362 Habacue
1061 1318 1274 1377 quoque
1318 1303 1583 1375 propheta
1616 1302 1750 1359 dicit
1778 1314 1793 1355 :

222 1401 316 1456 Vte
363 1402 454 1471 qui
493 1408 770 1472 congregat
817 1399 1100 1452 avaritiam
1140 1396 1341 1451 malum
1382 1396 1527 1450 domi
1563 1404 1797 1450 sumunt

212 1493 284 1547 sit
314 1493 371 1546 in
410 1490 613 1546 excelso
659 1490 814 1545 nidus
833 1489 969 1559 ejus,
1006 1496 1056 1542 et
1075 1487 1291 1542 liberari
1311 1504 1366 1542 se
1382 1495 1531 1558 putat
1548 1486 1614 1540 de
1635 1500 1797 1542 manu

214 1580 345 1638 mali
383 1580 612 1653 (Habeo.
653 1596 712 1643 tt,
770 1579 865 1652 9)!
904 1577 1103 1633 Paulus
1128 1577 1406 1647 apostolus
1437 1575 1695 1646 praedicat
1722 1575 1802 1630 di-

214 1687 346 1728 cens
378 1690 392 1727 :
425 1668 610 1727 Omnis
636 1670 949 1741 fornicator,
991 1677 1084 1722 aut
1111 1667 1430 1731 immundus,
1464 1676 1558 1720 aut
1579 1681 1794 1731 auarus,

1900 486 2187 541 mercedem
2224 487 2339 557 ejus
2360 503 2467 543 non
2503 490 2681 545 reddet
2728 492 2797 546 ei.
2852 491 2964 558 Qui
2993 492 3158 548 dicit:
3179 492 3483 564 xEdilicabo

1898 579 2030 632 mihi
2050 578 2264 633 domum
2290 577 2494 653 latam,
2534 588 2582 635 et
2602 583 2869 637 cenacula
2885 585 3115 654 spatiosa
3146 598 3166 637 :
3194 586 3284 656 qui
3304 598 3476 656 operst

2018 672 2297 742 fenestras,
2339 673 2468 744 facit
2488 673 2756 745 laquearia
2777 677 3011 743 cedrino,
3051 679 3319 751 pingitque
3341 681 3488 734 sino-

1897 763 2018 834 pide
2056 762 2192 833 (Jer.
2244 779 2377 829 xm,
2408 764 2520 832 i3).
2552 764 2721 822 Isaias
2753 767 2950 824 talibus
2996 769 3193 825 clamat
3219 780 3274 827 et
3303 772 3437 828 dicit
3463 790 3480 829 :

1908 850 2001 906 Var
2023 853 2114 923 qui
2140 853 2459 924 aonjungitis
2478 853 2692 909 domum
2712 855 2785 909 ad
2809 855 3042 923 domum,
3067 868 3116 914 et
3145 874 3329 931 agrum
3352 880 3480 934 agro

1899 943 2176 1013 capulatis,
2228 960 2391 1013 usque
2411 943 2482 997 ad
2501 945 2779 998 terminum
2814 945 2935 1001 loci.
2993 946 3249 1020 Nunquid
3273 952 3483 1008 habita-

1896 1032 2020 1088 bitis
2050 1050 2138 1088 vos
2182 1033 2284 1088 soli
2334 1035 2391 1089 in
2428 1035 2605 1090 medio
2644 1039 2949 1092 terrarum?
3000 1037 3067 1093 In
3096 1041 3314 1097 auribus
3354 1045 3484 1100 meis

1898 1133 2019 1178 sunt
2041 1124 2173 1189 here,
2196 1125 2321 1179 dicit
2364 1125 2622 1182 Dominus
2651 1128 2973 1182 exercituum
3022 1127 3156 1201 (Isa.
3178 1146 3235 1197 v,
3262 1130 3340 1204 8).
3367 1133 3482 1195 Hoc

1899 1215 2075 1288 ipsum
2132 1226 2187 1272 et
2240 1217 2498 1274 Suionum
2539 1220 2793 1290 prohibet
2842 1221 3074 1277 dicens:
3116 1223 3199 1279 Ne
3251 1226 3485 1298 attingas

1896 1306 2236 1378 parvulorum
2251 1309 2502 1363 terminos
2518 1325 2536 1364 :
2560 1318 2610 1364 et
2628 1324 2810 1381 agrum
2821 1311 3140 1382 pupillorum
3164 1328 3227 1368 ne
3250 1315 3483 1373 introeas

1900 1395 2080 1468 (Prov.
2118 1413 2276 1464 xxm,
2300 1399 2409 1470 i0).

1969 1487 2088 1542 Tibi
2124 1503 2274 1559 ergo,
2304 1503 2426 1556 rex,
2455 1491 2796 1560 omnipotens
2815 1491 3076 1553 Dominus
3102 1495 3279 1566 ampla
3307 1505 3361 1552 et
3388 1497 3486 1553 llo-

1900 1576 2377 1648 rida,divitiisque
2425 1580 2583 1649 plena
2628 1581 2817 1637 tribuit
2868 1599 3054 1656 regna,
3091 1599 3486 1660 parentumque

1902 1670 2215 1741 multiplicia
2273 1671 2458 1727 divisit
2514 1681 2568 1729 et
2622 1675 2867 1746 prtcdia;
2922 1677 3183 1734 ﬁscorum
3248 1681 3483 1751 plurima

212 1762 354 1834 quod
373 1737 722 1816 estidolorum
745 1759 985 1823 servitus,
1024 1774 1128 1812 non
1171 1757 1323 1812 habet
1357 1755 1715 1811 hereditatem
1738 1756 1794 1809 in
1825 1737 1870 1797 Β
1899 1737 2369 1836 dedit—vectigalia
2394 1805 2411 1831 ,
2458 1774 2513 1820 et
2562 1737 2864 1824 multorum.
2907 1778 3186 1841 potentum
3236 1737 3475 1831 έοῄοξ-έξ

216 1868 375 1924 regno
397 1850 590 1907 Christi
622 1858 671 1904 et
692 1849 789 1903 Dei
811 1848 1025 1920 (Ephes.
1049 1863 1103 1913 v,
1132 1846 1213 1919 5).

1895 1855 1973 1910 vit
1992 1871 2237 1924 munera,
2260 1858 2402 1913 unde
2426 1859 2574 1929 regia
2599 1859 2866 1943 fabricare
2886 1866 3061 1933 possis
3090 1867 3307 1935 palatia.
3339 1868 3485 1926 Cave

284 1944 366 2000 Tu
396 1958 546 2014 ergo,
595 1940 898 2011 largissime
929 1953 1046 2003 rex.
1092 1951 1212 1991 ama
1248 1933 1697 2003 misericordiam»
1739 1941 1796 1993 ει
1896 1960 1966 2002 ne
1992 1963 2291 2018 pauperum
2314 1949 2569 2022 lacrymis
2586 1936 3023 2024 miserorumque
3081 1933 3344 2026 impensis
3376 1959 3475 2018 tibi

218 2035 343 2107 fuge
375 2033 682 2097 avaritiam,
719 2039 782 2085 ut
800 2044 921 2085 cum
950 2027 1168 2084 Christo
1194 2026 1569 2082 bzuroditatem
1594 2026 1794 2081 habere

219 2125 480 2183 merearis
506 2132 781 2181 aeternam.
835 2119 1097 2177 Omnibus
1117 2126 1236 2174 esto
1277 2116 1590 2181 muniﬁcus,
1623 2116 1798 2172 omni-

220 2223 320 2273 bus
355 2217 563 2286 largus,
581 2223 643 2269 ut
662 2229 761 2285 per
788 2221 839 2269 te
857 2224 966 2267 non
996 2210 1136 2266 male
1157 2211 1485 2272 destruatur,
1512 2208 1606 2264 sed
1624 2207 1798 2265 felici-

220 2316 305 2364 ter
328 2307 571 2378 erigatur
614 2304 765 2375 regni
800 2303 873 2358 tui
899 2310 1064 2357 terra.
1105 2298 1225 2355 Non
1261 2308 1323 2354 ut
1346 2313 1544 2354 avarus
1578 2298 1798 2353 domum

223 2405 370 2457 tuam
387 2396 703 2459 conturbes,
727 2394 819 2448 sed
853 2399 913 2447 ut
931 2391 1113 2462 largus
1135 2388 1390 2446 aedifices.
1416 2386 1633 2443 Grande
1652 2387 1797 2443 enim

219 2496 277 2544 et
296 2487 489 2558 ingens
511 2484 710 2540 malum
735 2489 820 2538 est
838 2481 1063 2536 avaritia
1095 2497 1109 2534 :
1136 2479 1278 2551 ignis
1288 2477 1433 2534 enim
1446 2476 1801 2547 inexstinguiv

224 2577 412 2635 biliter
435 2583 519 2631 est
558 2574 756 2628 ardens
781 2580 835 2628 et
864 2568 1265 2626 incessabiliter
1294 2582 1481 2623 urens.
1521 2564 1599 2622 De
1624 2565 1799 2620 avari-

224 2672 298 2729 tia
342 2669 487 2726 enim
519 2668 573 2723 in
616 2667 754 2725 libro
780 2664 925 2721 beati
954 2664 1056 2719 Job
1088 2661 1350 2737 scriptum
1396 2668 1481 2715 est
1504 2675 1518 2712 :
1544 2656 1692 2728 Ignis
1711 2656 1802 2710 de-

225 2760 428 2817 vorabit
456 2756 794 2814 tabernacula
823 2771 1023 2819 eorum,
1053 2754 1144 2824 qui
1169 2766 1388 2807 munera
1410 2748 1627 2803 libenter
1661 2747 1803 2802 acci-

222 2850 374 2921 piunt
414 2847 535 2921 (Job
562 2861 651 2910 xv,
688 2845 801 2918 5-1).
831 2844 983 2899 Sicut
998 2844 1145 2899 enim
1163 2854 1359 2915 col-pus
1390 2838 1668 2902 habitatio
1692 2852 1807 2893 ma-

227 2940 403 2997 teriali
429 2937 674 3004 aediﬁcio,
699 2937 779 2992 sic
805 2950 958 2991 mens
983 2934 1191 2990 habitat
1218 2933 1271 2991 in
1302 2929 1649 3003 cogitationis
1673 2941 1797 2983 con-

227 3031 388 3088 sitio:
414 3029 508 3086 sed
538 3029 677 3101 ignis
700 3024 1046 3085 tabernacula
1065 3024 1310 3089 devorat,
1336 3036 1459 3077 cum
1483 3027 1649 3075 aestus
1674 3033 1805 3073 ava-

1899 2038 2091 2095 domus
2104 2039 2403 2095 aediﬁcetur
2428 2041 2648 2112 regalis.

2462 2150 2691 2211 CAPUT
2729 2154 2966 2216 XXVIII.

1902 2253 1970 2311 Ut
1988 2274 2083 2329 pro
2102 2259 2314 2329 justitia
2343 2260 2761 2406 faciendapculla
2801 2283 2835 2321 α
2853 2268 3125 2337 judicibus
3152 2274 3491 2343 requirantur

2642 2352 2815 2391 trima.

2642 2352 2815 2391 (emta.

1969 2438 2249 2497 Iudicibus
2290 2457 2420 2514 ergo
2463 2444 2569 2501 tuis
2597 2446 2855 2517 prtecipe,
2897 2464 3018 2516 rex,
3063 2459 3124 2505 ut
3152 2452 3356 2507 nullum
3376 2469 3476 2522 pro

1895 2527 2106 2599 iustitia
2126 2533 2410 2602 praemium
2440 2534 2594 2591 istius
2616 2538 2799 2593 steculi
2827 2541 3125 2610 requirant.
3158 2542 3399 2614 Prmeipe
3422 2554 3483 2600 ut

1900 2635 2000 2690 pro
2019 2619 2168 2689 justo
2183 2616 2391 2692 iudicio
2429 2627 2745 2696 temporalia
2766 2629 2915 2686 lucra
2939 2648 3047 2688 non
3077 2642 3357 2704 appetant,
3387 2637 3485 2691 sed

1902 2719 2138 2777 azterna;
2186 2715 2491 2769 mercedem
2535 2732 2645 2771 non
2699 2722 2979 2790 requirant
3016 2726 3341 2795 perituram,
3389 2729 3487 2785 sed

1902 2814 2347 2872 permansuram;
2398 2820 2606 2875 pauper
2638 2823 2706 2862 an
2742 2809 2898 2866 dives
2946 2813 3036 2879 sit,
3086 2830 3308 2871 causam
3363 2833 3493 2887 per-

1904 2892 2139 2963 spiciunt
2157 2909 2264 2949 non
2284 2911 2601 2966 personam;
2639 2899 2693 2954 in
2717 2902 2970 2957 omnibus
2992 2905 3275 2961 veritatem
3305 2917 3486 2962 custo-

1906 2984 2078 3050 diant,
2118 3001 2228 3042 non
2270 2988 2582 3045 ambitionis
2630 3006 2873 3048 munera.
2928 2993 3029 3061 Qui
3060 2998 3345 3065 praesentia
3370 3014 3490 3052 mu-

228 3075 1546 3190 ἓὲίξε’ςῐ.ᾗι;¹ἰὶὶῐιέξ“ιῐιὲῖιὲζῐεζιέέίέέζἈέενεείε
1588 3109 1804 3169 medim
1833 3105 1879 3171 c
1909 3075 2594 3190 333_‘§3f‘:‘;_{?*§ee
2618 3081 2976 3190 ξιεςίθπξιτοη
3023 3095 3228 3190 esset
3264 3087 3367 3190 Qui
3395 3104 3490 3145 εα-

229 3214 462 3284 ignorat,
488 3216 972 3282 temperamentum
992 3206 1188 3273 nescit,
1218 3203 1380 3259 finem
1406 3201 1640 3259 habendi
1660 3208 1812 3274 post.

230 3301 402 3372 ponit,
450 3309 507 3356 et
534 3312 658 3355 cum
693 3304 887 3357 cuncta
917 3295 1161 3360 devoret,
1213 3293 1554 3350 saturitatem
1595 3290 1811 3362 penitus

231 3392 421 3454 nescit,
452 3388 623 3444 esurit
668 3398 883 3456 semper
903 3391 960 3439 et
989 3383 1283 3447 mendicat,
1321 3381 1477 3455 inops
1500 3389 1588 3437 est
1605 3388 1659 3434 et
1676 3393 1811 3451 psu-

230 3487 443 3553 pertate
480 3477 718 3548 repleta;
760 3482 819 3531 et
859 3488 982 3533 eum
1022 3472 1281 3531 feralibus
1312 3479 1508 3529 cuneta
1560 3470 1812 3531 dentibus

233 3571 405 3636 rodet,
446 3568 624 3627 adhuc
659 3582 719 3623 se
746 3566 986 3639 ieiunam
1005 3563 1283 3619 horribilis
1312 3562 1601 3619 conﬁtetur
1618 3569 1674 3616 et
1707 3561 1815 3617 cla-

231 3669 345 3719 mat
369 3677 386 3727 ;
433 3668 490 3716 et
510 3671 633 3714 eum
668 3659 741 3713 sit
769 3671 937 3713 unum
964 3657 1185 3712 nomine
1208 3664 1366 3713 tenus
1391 3654 1605 3719 vitium.
1643 3653 1812 3713 multo

230 3754 301 3811 ab
326 3751 419 3808 illo
461 3748 569 3806 alia
603 3747 871 3821 pullulant
900 3754 959 3801 et
993 3753 1278 3817 emergunt
1315 3746 1466 3809 vitia,
1510 3746 1653 3801 sicut
1681 3746 1815 3801 seri-

231 3852 384 3915 ptum
439 3847 526 3897 est
577 3856 591 3893 :
642 3837 819 3892 Radix
867 3836 1099 3890 omnium
1137 3835 1402 3890 malorum
1455 3844 1532 3888 est
1584 3836 1814 3890 auaritia

235 3934 288 4007 (Ι
317 3933 454 3988 Tim.
480 3946 553 3995 vr,
584 3928 696 4000 10).
744 3927 813 3989 Et
855 3941 961 3982 non
991 3925 1165 3980 solum
1193 3924 1404 3981 occulta
1435 3924 1689 3996 plurima,
1721 3926 1816 3981 sed

233 4006 292 4083 et
317 4031 506 4097 aperta
550 4028 778 4093 generat
829 4017 1001 4074 multa
1028 4016 1189 4077 mala.
1239 4016 1368 4075 lude
1405 4006 1818 4088 rugatal‘ronte

236 4120 296 4175 lu
343 4123 612 4173 conventu
673 4112 1023 4169 inveniuntur
1088 4109 1342 4175 lnisarii;
1401 4107 1526 4164 inde
1582 4108 1637 4164 in
1697 4122 1817 4164 me-

236 4208 329 4265 dio
359 4206 595 4264 civitatis
643 4204 863 4269 sicarii;
919 4201 1125 4257 iudein
1145 4201 1360 4273 publico
1375 4198 1638 4268 veneﬁci;
1692 4201 1818 4257 inde

239 4305 429 4368 aperte
483 4295 689 4353 crimen
759 4292 1100 4359 admittitur;
1167 4291 1294 4348 inde
1359 4290 1535 4347 scelus
1599 4290 1818 4362 publice

240 4393 514 4458 operatur.

810 4466 1040 4527 CAPUT
1075 4467 1284 4528 XXVII.

352 4564 419 4620 Ut
453 4564 517 4619 de
539 4561 784 4634 itnpensis
821 4561 1006 4617 alienis
1050 4562 1236 4616 domus
1266 4577 1370 4616 non
1398 4560 1706 4630 aediﬁcetur.

317 4655 399 4709 'l‘u
418 4669 572 4720 vero,
603 4668 638 4708 ο
665 4668 782 4719 rex,
826 4652 973 4708 velut
1019 4652 1359 4708 mundissimi
1400 4652 1544 4722 regis
1578 4651 1722 4707 [ilius
1752 4651 1823 4707 ab

247 4748 398 4806 omni
446 4754 673 4803 munere
715 4759 893 4801 nocua
936 4744 1114 4816 regias
1149 4743 1432 4799 excutiens
1462 4745 1661 4801 munda
1709 4760 1827 4799 ma-

251 4856 375 4905 nus,
403 4839 529 4910 quia
568 4838 830 4906 scriptum
856 4842 941 4891 est
983 4852 996 4889 :
1034 4834 1139 4900 Qui
1177 4834 1373 4888 excutit
1398 4850 1586 4889 manus
1608 4850 1734 4889 suas
1757 4834 1824 4888 ab

254 4929 396 4985 omni
434 4927 781 4997 ἥκητε,ψί
819 4924 1028 4979 obturat
1052 4940 1208 4977 aures
1233 4939 1357 4978 suas
1400 4939 1464 4977 ne
1500 4924 1685 4978 audiat
1704 4940 1829 4979 san-

255 5020 486 5091 guinem,
508 5027 556 5072 et
579 5016 775 5071 claudit
796 5014 975 5070 oculos
1003 5030 1126 5068 suos
1166 5028 1230 5066 ne
1253 5012 1424 5067 rideat
1455 5014 1678 5078 malum,
1731 5014 1830 5070 iste

254 5111 313 5165 in
341 5108 557 5164 excelsis
576 5107 828 5162 habitabit
855 5104 990 5175 (Isa.
1025 5119 1211 5167 xum,
1243 5102 1354 5173 15).
1387 5103 1528 5175 Ergo
1548 5113 1609 5158 ut
1629 5116 1837 5159 mereas

262 5198 338 5254 ris
387 5197 445 5255 in
498 5196 714 5256 excelso
750 5196 939 5253 sedere
975 5192 1206 5249 feliciter
1248 5193 1463 5258 throno,
1516 5193 1837 5250 muneribus

262 5304 560 5362 pauperum
592 5304 702 5345 non
740 5286 1038 5359 ampliﬁees
1070 5284 1302 5347 tibimet.
1341 5291 1438 5338 aut
1477 5283 1714 5339 aediﬁces
1744 5284 1841 5340 do-

265 5395 411 5436 mum
440 5397 456 5435 :
481 5380 607 5450 quia
635 5380 894 5452 scriptum
925 5385 1043 5433 est:
1076 5374 1182 5442 Qui
1205 5374 1433 5446 wdiﬁcat
1452 5374 1664 5429 domum
1686 5391 1838 5431 suam

264 5469 540 5542 impendiis
582 5468 788 5534 alienis,
822 5468 974 5540 quasi
1018 5467 1110 5538 qui
1155 5464 1352 5539 colligit
1390 5464 1589 5535 lapides
1633 5480 1758 5521 suos
1783 5467 1840 5521 in

264 5563 433 5617 hieme
466 5560 656 5633 (Eceli.
695 5576 809 5627 xxx,
839 5560 917 5631 9).
955 5556 1222 5614 .Ie’remias
1244 5570 1458 5628 quoque
1478 5558 1556 5613 ait
1585 5577 1600 5613 :
1638 5556 1730 5614 Vc
1749 5559 1840 5630 qui

271 5652 497 5721 edi/iant
528 5653 743 5707 domum
783 5666 936 5706 suam
956 5650 1012 5705 in
1032 5648 1318 5720 injustitia,
1352 5657 1403 5707 ct
1444 5648 1711 5704 canacula
1739 5664 1839 5704 sua

1908 3166 2068 3241 pidus
2101 3167 2191 3224 hic
2216 3169 2408 3241 reciplt
2436 3185 2535 3242 pro
2568 3170 2781 3241 iustitia
2811 3175 2971 3239 dona,
3023 3176 3256 3234 ulterius
3281 3187 3489 3234 aeterna

1907 3275 2017 3320 non
2043 3260 2273 3331 accipiet
2308 3264 2551 3333 praemia.
2580 3263 2784 3321 Contra
2810 3264 3494 3336 delinquentiumjudicum

1907 3351 2231 3421 pravitatem
2256 3368 2355 3424 per
2389 3353 2609 3428 Moysen
2644 3356 2847 3412 dicitur
2877 3374 2891 3411 :
2920 3355 3074 3412 Iuste
3114 3358 3254 3429 quod
3289 3359 3494 3429 justum

1908 3451 1986 3498 est
2012 3444 2308 3516 exsequeris
2334 3444 2512 3517 (Deut.
2550 3460 2662 3513 xvr,
2689 3445 2802 3509 ω).
2832 3444 2987 3503 Iuste
3005 3463 3137 3518 ergo
3165 3445 3373 3516 justum
3403 3464 3500 3505 eu-

1909 3535 2176 3605 sequitur,
2222 3537 2316 3606 qui
2347 3536 2615 3608 justitiam
2639 3546 2863 3608 propter
2893 3540 3062 3595 Deum
3096 3548 3335 3605 exercet,
3386 3555 3497 3601 non

1908 3631 2131 3697 propter
2155 3624 2458 3685 avaritiam.
2480 3624 2669 3683 Omnis
2686 3627 2780 3698 qui
2804 3636 2954 3683 recte
2974 3628 3206 3698 iudicat,
3230 3636 3489 3685 stateram

1911 3713 1968 3769 in
1996 3731 2158 3773 manu
2187 3725 2397 3787 gestat;
2431 3718 2488 3774 in
2518 3726 2750 3793 utroque
2767 3733 2938 3789 penso
2954 3717 3229 3787 justitiam
3260 3727 3318 3775 et
3340 3719 3503 3776 misev

1913 3806 2207 3862 rieordism
2244 3818 2466 3878 portat:
2493 3811 2586 3866 sed
2607 3825 2707 3880 per
2731 3811 2999 3882 justitiam
3044 3814 3247 3882 promit
3287 3813 3499 3882 peccati

1914 3898 2263 3964 sententiam,
2306 3908 2363 3955 et
2388 3916 2486 3971 per
2525 3903 2953 3959 misericordiam
2997 3905 3208 3973 peccati
3235 3913 3504 3976 temperat

1914 3996 2134 4058 poenam
2160 4002 2176 4051 ;
2211 3993 2273 4041 ut
2290 3987 2440 4058 justo
2461 3988 2750 4047 libramine
2771 3992 3016 4061 quaedam
3060 4007 3160 4060 per
3181 3994 3495 4063 aequitatem

1915 4073 2167 4151 corrigat,
2190 4075 2437 4145 quaedam
2464 4092 2595 4133 vero
2624 4092 2724 4147 per
2759 4079 3165 4136 miserationem
3200 4080 3499 4154 indulgeat.

2490 4188 2720 4245 CAPUT
2754 4190 2945 4249 XXIX.

2079 4272 2164 4329 Ne
2197 4285 2396 4332 statera
2419 4277 2606 4334 dolosa
2639 4280 2939 4336 inueniatur
2960 4284 3016 4338 in
3046 4300 3203 4356 regno
3226 4295 3340 4343 tuo.

1994 4384 2232 4441 Prohibe
2260 4400 2413 4459 ergo,
2436 4387 2735 4457 iustissime
2760 4401 2923 4463 atque
2952 4395 3258 4451 rectissime
3284 4413 3395 4462 rex,
3434 4413 3504 4455 ne

1845 4448 1900 4515 Β
1922 4481 2130 4530 statera
2165 4448 2354 4531 dolosa
2388 4448 2460 4532 sit
2488 4478 2540 4532 in
2570 4494 2737 4549 regno
2770 4448 2881 4537 tuo.
2927 4448 3063 4537 Audi
3087 4448 3215 4553 quid
3235 4448 3507 4542 Dominus

1917 4564 2117 4640 populo
2157 4565 2317 4623 Israel
2346 4568 2595 4637 prohibet
2624 4570 2810 4627 dicens
2845 4589 2858 4625 :
2891 4570 3015 4627 Non
3056 4573 3265 4629 habebis
3290 4576 3345 4630 in
3383 4592 3506 4629 sac-

1923 4653 2042 4708 culo
2090 4653 2293 4712 diversa
2330 4657 2580 4727 pondera,
2622 4659 2799 4730 majus
2844 4669 2893 4714 et
2934 4662 3144 4728 minus;
3188 4679 3281 4717 nec
3318 4665 3416 4718 erit
3450 4664 3505 4723 in

1924 4744 2083 4799 domo
2124 4754 2217 4800 tua
2258 4747 2467 4801 modius
2514 4749 2690 4819 major
2717 4759 2765 4804 et
2793 4751 3006 4818 minor;
3044 4753 3248 4824 pondus
3293 4754 3506 4810 habebis

1918 4835 2130 4906 justum
2150 4845 2199 4890 et
2220 4853 2418 4903 verum,
2442 4847 2488 4892 et
2517 4840 2724 4895 modius
2753 4841 2971 4914 wqualis
2989 4853 3037 4898 et
3077 4858 3227 4899 verus
3255 4846 3353 4900 erit
3376 4826 3469 4899 tibi
3491 4862 3511 4908 :

1929 4937 1990 4982 ut
2032 4928 2197 4981 multo
2220 4937 2451 4999 tempore
2481 4931 2627 4985 vivas
2654 4947 2811 5003 super
2837 4943 3052 4998 terram,
3071 4949 3228 5005 quam
3254 4934 3513 4997 Dominus

1933 5016 2075 5077 Deus
2113 5028 2234 5075 tuus
2277 5017 2477 5072 dederit
2528 5021 2642 5075 tibi.
2684 5020 3031 5081 Abominatur
3069 5025 3207 5087 enim
3257 5023 3514 5086 Dominus

1924 5105 2081 5162 Deus
2098 5116 2219 5160 tuus
2243 5121 2361 5161 eum
2399 5108 2489 5177 qui
2516 5108 2646 5177 facit
2679 5110 2791 5165 ἠως
2825 5111 3003 5183 (Deut.
3048 5127 3174 5179 xxv,
3218 5111 3327 5183 15).
3366 5112 3516 5170 Salo-

1937 5211 2065 5255 mon
2091 5211 2307 5266 quoque
2331 5198 2409 5253 ait
2433 5214 2446 5252 :
2476 5198 2809 5255 Abominatio
2831 5213 2906 5256 est
2931 5202 3071 5272 apud
3085 5202 3367 5258 Dominum
3381 5219 3515 5273 pou.-

1937 5289 2038 5346 ὀνκ
2064 5299 2113 5343 et
2138 5289 2347 5358 pondus
2370 5302 2389 5341 :
2414 5298 2609 5345 statera
2653 5291 2838 5346 dolosa
2882 5310 2983 5348 non
3025 5305 3102 5349 est
3154 5296 3288 5350 bona
3330 5292 3512 5367 (Prov.

1944 5393 2037 5443 xx,
2067 5378 2183 5447 25).
2214 5378 2348 5433 item
2376 5378 2535 5449 ipse:
2574 5379 2785 5435 Statera
2841 5383 3023 5438 doiosa
3079 5384 3399 5440 abominatio
3443 5395 3519 5443 cst

1943 5465 2086 5537 apud
2147 5462 2452 5534 Dominum,
2511 5478 2559 5523 et
2614 5472 2819 5541 pondus
2869 5489 3077 5544 aequum
3132 5475 3370 5530 uoluntas
3406 5476 3520 5545 ejus

1944 5555 2131 5627 (Prov.
2172 5571 2253 5621 ιι,
2318 5558 2394 5628 1).
2422 5557 2562 5614 Vere
2588 5559 2734 5614 enim
2760 5562 2980 5632 grandis
3003 5571 3087 5619 est
3112 5564 3373 5634 pravitas,
3396 5579 3524 5635 pro.

1941 5656 2067 5717 pter
2087 5657 2300 5706 terrena
2349 5649 2630 5706 commoda
2658 5650 2870 5707 Domini
2893 5643 3140 5712 desereré
3162 5654 3387 5726 judicia.
3426 5654 3532 5712 Do.
