3960 6428
497 246 601 304 ὓϐΊ

1801 244 2151 302 SMARAGDI
2189 243 2480 300 ABBATIS

3587 209 3592 214 ’
3641 250 3750 306 ass

497 357 583 415 lus
610 357 753 412 enim
784 354 1026 410 occultus
1053 361 1106 407 et
1149 351 1472 410 diabolicum
1520 369 1678 423 opus,
1733 370 1830 424 pro
1855 361 2072 410 terreno
2101 357 2148 416 Α
2173 356 2267 409 stis
2293 363 2503 425 pactum
2528 353 2582 408 in
2605 362 2876 424 conspectu
2910 371 3045 420 meo,
3070 357 3124 412 in
3143 356 3298 414 donto
3327 359 3380 412 in
3401 375 3504 426 qua
3535 360 3753 416 invoca-

497 446 649 504 lucro
669 443 874 513 justum
903 453 957 498 et
981 443 1226 513 legaliter
1253 444 1522 498 sancitum
1553 443 1922 498 fraudulenter
1951 460 2072 499 mu-

497 546 612 594 tare
653 535 908 600 modium,
973 542 1068 588 aut
1125 532 1386 588 divinitus
1448 534 1693 589 instituta
1738 543 2074 590 commutare

493 625 730 698 pondera
756 626 810 679 in
839 624 1151 694 deceptione
1176 623 1434 679 fraterna.
1458 625 1505 679 A
1527 626 1752 680 Domino
1780 626 1924 681 enim
1966 634 2074 680 tra-

493 723 682 787 ditum,
725 723 793 775 ab
844 721 1042 790 illoque
1087 719 1320 774 ﬁdeliter
1374 719 1756 777 conﬁrmatum
1806 727 2070 784 tenemus,

493 813 617 882 quia
641 813 698 868 in
723 812 1008 866 dilectione
1036 811 1131 865 Dei
1175 819 1224 865 et
1250 812 1484 879 proximi
1515 821 1624 866 tota
1663 811 1748 866 lex
1796 811 1994 880 pendet
2020 818 2074 865 et

493 902 768 972 prophetat:
798 901 1010 974 (Matth.
1053 918 1186 964 χχιι,
1217 900 1332 972 40).
1358 902 1498 971 Ergo
1518 903 1608 970 qui
1633 903 1818 956 dolosa
1845 911 2069 967 statera,

492 1000 590 1051 aut
611 992 819 1046 minore
845 992 1025 1047 modio
1060 993 1402 1062 pondereque
1446 992 1628 1048 dolose
1673 991 1873 1060 decipit
1919 991 2074 1044 iuno.

496 1089 728 1145 ccntem,
777 1097 885 1136 nec
925 1083 1229 1151 proximum
1267 1082 1463 1152 diligit,
1503 1097 1661 1149 quem
1701 1080 2074 1139 fraudulenter

489 1171 821 1240 supplantat,
868 1186 968 1226 nec
997 1171 1190 1235 Deum,
1218 1171 1371 1241 cujus
1399 1171 1546 1240 leges
1572 1186 1638 1226 ac
1678 1180 1951 1240 praecepta
1979 1171 2072 1225 de-

493 1260 728 1330 spiciens
769 1259 957 1316 calcat.
1008 1260 1073 1313 Et
1102 1261 1153 1317 in
1178 1260 1279 1315 hoc
1315 1261 1653 1316 convincitur
1683 1261 1809 1330 quia
1829 1259 1975 1330 leges
2017 1268 2073 1314 et

494 1351 784 1420 prophetas
806 1366 836 1404 a
859 1367 917 1406 se
951 1352 1306 1406 inobediendo
1344 1352 1527 1421 procul
1565 1352 1799 1421 expellit,
1843 1353 1936 1423 qui
1985 1354 2067 1408 in.

493 1441 792 1501 obediendo
825 1451 1092 1513 praecepta
1126 1443 1336 1497 Domini
1359 1459 1468 1498 non
1495 1443 1749 1511 custodit.

1061 1555 1290 1611 CAPUT
1330 1555 1500 1609 XXX.

809 1625 1200 1684 Prohibendam
1239 1642 1302 1679 ne
1332 1627 1605 1696 captivitas
1629 1625 1744 1694 fiat.

2177 454 2288 498 tum
2318 455 2393 499 est
2436 461 2618 501 nomen
2649 461 2820 498 nteum
2849 461 3004 515 super
3045 462 3180 500 eam.
3211 447 3279 500 Et
3311 452 3496 502 reversi
3523 451 3666 514 estis,
3695 459 3748 505 es

2177 535 2594 590 commaculastis
2631 552 2817 592 nomen
2859 552 3028 590 meum
3053 551 3069 587 :
3092 547 3139 590 et
3169 537 3445 592 reduxistis
3472 543 3749 612 unusquis-

2173 643 2274 698 que
2314 643 2518 680 servum
2557 643 2744 690 suum,
2781 634 2830 679 et
2872 626 3222 696 unusquisque
3260 627 3508 682 ancillam
3554 647 3743 698 suam,

2172 734 2304 788 quos
2325 717 2643 776 dimiseratis
2666 726 2718 768 ut
2744 725 2908 770 essent
2937 716 3084 769 liberi
3116 727 3163 770 et
3201 734 3313 772 suae
3347 723 3614 787 potestatis
3645 736 3664 773 :
3695 734 3743 777 et

2174 809 2494 879 subjugastis
2521 824 2632 872 eos,
2675 815 2731 863 ut
2771 807 2873 860 sint
2905 806 3042 860 vobis
3066 809 3201 866 servi
3241 817 3288 863 et
3329 809 3553 870 ancillte,
3603 812 3741 866 Pro.

2173 911 2349 970 pterea
2376 900 2487 953 ha’c
2529 899 2653 952 dicit
2692 897 2987 954 Dominus:
3019 897 3121 953 Vos
3148 916 3251 959 non
3290 901 3510 959 audistis
3547 921 3650 969 me,
3685 918 3741 958 ut

2172 989 2526 1058 pradicaretis
2570 987 2858 1042 libertatem
2905 989 3253 1059 unusquisque
3293 991 3451 1062 fratri
3503 1009 3597 1046 suo
3623 1033 3639 1058 ,
3691 1005 3740 1048 et

2174 1079 2525 1148 unusquisque
2545 1077 2710 1134 amico
2738 1094 2833 1130 suo
2858 1093 2876 1130 :
2905 1093 3018 1131 ecce
3047 1095 3139 1148 ego
3172 1079 3398 1149 pra’dico
3426 1081 3566 1138 vobis
3589 1081 3743 1136 liber.

2173 1178 2354 1234 tatem,
2385 1169 2459 1225 ait
2487 1167 2762 1232 Dominus,
2789 1168 2859 1226 ad
2878 1167 3130 1238 gladium,
3159 1170 3228 1223 ad
3259 1181 3474 1240 pestem,
3496 1182 3546 1226 et
3573 1173 3642 1226 ad
3664 1173 3742 1242 fa.-

2173 1273 2308 1311 tnem
2336 1270 2355 1308 :
2381 1265 2429 1310 et
2475 1257 2609 1310 dabo
2657 1273 2742 1311 vos
2787 1258 2844 1312 in
2885 1260 3277 1318 commotionem
3320 1262 3520 1321 cunctis
3567 1264 3740 1336 regnis

2171 1355 2326 1400 terra:
2357 1346 2488 1417 (Jer.
2522 1347 2714 1412 xxxtt’,
2749 1347 2856 1419 l3).

2243 1437 2382 1492 Vere
2405 1438 2624 1492 obedire
2658 1437 2816 1493 debet
2851 1437 3010 1493 homo
3039 1439 3170 1505 Deo,
3196 1448 3251 1494 et
3283 1438 3397 1508 ejus
3435 1442 3737 1510 pratccptis,

2173 1525 2227 1585 in
2261 1535 2522 1596 quantum
2567 1527 2654 1580 ille
2682 1527 3087 1595 possibilitatem
3132 1529 3358 1593 dederit,
3388 1529 3622 1585 obedire.
3674 1531 3742 1584 Et

2173 1617 2314 1670 inter
2337 1615 2442 1670 alia
2467 1624 2732 1685 praecepta
2755 1617 3034 1682 salutaria,
3059 1625 3114 1672 et
3137 1633 3298 1687 opera
3324 1627 3488 1683 recta,
3519 1629 3741 1690 propter

567 1714 798 1770 prohibe
823 1729 974 1785 ergo,
1010 1715 1427 1772 clementissime
1454 1730 1566 1779 rex,
1604 1731 1670 1768 ηε
1701 1716 1753 1774 in
1784 1730 1948 1786 regno
1979 1724 2068 1769 ιυο
2099 1709 2143 1767 Β
2173 1704 2393 1758 nimiam
2424 1704 2567 1759 illius
2612 1705 2930 1759 charitatem
2961 1707 3330 1776 unusquisque
3355 1707 3554 1762 liberos
3583 1708 3742 1762 debet

495 1809 780 1880 captivitas
810 1807 919 1862 ﬁat.
969 1809 1099 1867 Esto
1139 1808 1483 1863 ﬁdelissimus
1535 1807 1677 1865 illius
1709 1807 1885 1864 Patris
1929 1806 2071 1862 ﬁlius

492 1899 562 1958 ad
587 1915 744 1970 quem
773 1899 1010 1970 quotidie
1037 1898 1239 1956 clamas
1263 1914 1387 1957 cum
1413 1898 1626 1953 caneris
1653 1896 1942 1952 fratribus:
1962 1894 2070 1950 Pa-

495 1996 575 2039 ter
596 1999 791 2051 noster,
814 1987 903 2057 qui
924 2004 977 2041 es
1006 1987 1060 2040 in
1090 1986 1228 2040 caelis
1256 1987 1468 2058 (Matth.
1494 2002 1568 2051 Vl,
1593 1986 1668 2056 9).
1693 1985 1963 2055 Quidquid
1983 1985 2071 2040 ille

493 2091 684 2130 amans
726 2077 920 2147 diligit,
965 2085 1018 2131 et
1063 2086 1118 2131 tu
1166 2076 1369 2146 dilige:
1405 2075 1666 2145 quidquid
1709 2077 1933 2130 audiens
1984 2076 2072 2131 ille

495 2170 765 2238 prohibet,
795 2177 850 2224 et
873 2178 928 2222 tu
955 2169 1198 2238 prohibe.
1241 2169 1459 2223 Imitare
1486 2167 1634 2222 illum
1673 2167 1917 2230 ﬁdeliter,
1947 2182 2072 2221 cum

492 2275 602 2328 quo
649 2275 836 2329 speras
878 2275 1108 2331 regnare
1149 2260 1478 2329 perenniter.
1542 2258 1659 2328 lpse
1707 2258 1852 2313 enim
1903 2257 2070 2328 Moysi

494 2353 814 2421 praecipiens
861 2353 975 2407 ait:
1019 2352 1080 2407 Si
1128 2352 1473 2422 deprehensus
1504 2351 1662 2421 fuerit
1694 2352 1846 2405 homo
1881 2350 2072 2404 sollici-

491 2451 610 2494 tans
635 2441 852 2510 fratrem
880 2457 1032 2494 suum
1065 2441 1128 2494 de
1153 2439 1278 2509 filiis
1305 2439 1494 2504 Israel,
1527 2450 1574 2494 et
1601 2439 1807 2493 vendito
1831 2457 1892 2493 eo
1919 2455 2068 2493 acce-

492 2532 624 2601 perit
646 2533 894 2601 pretium,
937 2532 1298 2600 interﬁcietur,
1326 2541 1372 2584 et
1400 2531 1604 2599 auferes
1642 2529 1838 2584 malum
1866 2529 1929 2583 de
1957 2546 2068 2583 me-

489 2622 580 2676 dio
609 2624 686 2675 tui
713 2622 893 2693 (Deut.
935 2638 1048 2686 xw,
1078 2623 1187 2693 17).
1235 2622 1350 2691 lpse
1371 2637 1581 2690 quoque
1605 2636 1706 2690 per
1746 2621 1912 2675 Amos
1944 2636 2070 2691 pro-

490 2710 714 2779 phetam
765 2710 962 2764 clamat
1015 2720 1070 2764 et
1117 2711 1247 2765 dicit
1290 2728 1302 2763 :
1340 2710 1510 2781 Super
1567 2711 1732 2764 tribus
1791 2710 2067 2764 sceleribus

493 2798 677 2864 Gazw,
705 2809 754 2854 et
783 2818 940 2870 super
961 2811 1186 2872 quatuor
1216 2819 1319 2856 non
1349 2811 1641 2856 convertam
1668 2819 1783 2856 eam
1810 2818 1907 2857 τεο
1928 2803 2068 2873 quod

490 2889 853 2943 transtulerint
890 2891 1236 2960 captivitatem
1272 2893 1575 2962 perfectam;
1605 2902 1663 2947 ut
1701 2893 2066 2949 concluderent

490 2995 605 3032 eam
653 2979 709 3032 in
755 2979 1016 3034 Idumam.
1061 2981 1190 3036 Item
1233 2982 1304 3036 ibi
1331 2990 1356 3036 ':
1383 2982 1554 3053 Super
1580 2983 1746 3038 tribus
1787 2984 2066 3039 sceleribus

2171 1794 2444 1850 dimittere
2483 1799 2687 1856 serves.
2723 1797 3070 1852 considerans
3097 1798 3223 1867 quia
3265 1814 3371 1852 non
3401 1798 3475 1852 illi
3514 1813 3608 1854 eos
3647 1815 3743 1854 na-

2170 1890 2290 1937 tura
2321 1883 2551 1954 subegit,
2593 1884 2688 1938 sed
2724 1884 2914 1954 culpa;
2946 1886 3256 1948 conditione
3281 1888 3422 1943 enim
3462 1889 3741 1964 mqualiter

2171 1971 2339 2027 creati
2382 1988 2588 2039 sumus,
2617 1974 2711 2031 sed
2738 1973 2856 2033 aliis
2894 1973 2984 2028 alii
3014 1975 3169 2045 culpa
3211 1978 3439 2038 subacti.
3485 1977 3658 2039 Simul
3687 1987 3743 2040 et

2170 2061 2579 2119 considerantes
2600 2063 2725 2138 quia
2767 2065 2812 2118 si
2854 2065 3184 2131 dimiseritis,
3228 2067 3531 2122 dimittetur
3563 2069 3738 2128 vobis.

2171 2150 2305 2205 Nam
2335 2160 2391 2207 et
2431 2167 2552 2217 vos,
2589 2152 2820 2216 domine,
2859 2155 3213 2212 conditionale
3248 2157 3500 2226 opprimit
3529 2155 3738 2229 jugum,

2171 2239 2476 2300 llonoriﬁca
2524 2256 2682 2311 ergo,
2721 2241 3019 2310 justissime
3073 2260 3136 2300 ac
3177 2245 3419 2314 piissime
3472 2263 3597 2313 rex,
3643 2265 3738 2318 pro

2169 2332 2418 2390 omnibus
2470 2332 2638 2387 Deum
2679 2342 2848 2400 tuum,
2901 2337 3048 2404 quia,
3077 2345 3138 2391 ut
3185 2339 3441 2407 scriptum
3480 2349 3584 2406 est,
3632 2339 3739 2397 Pro

2169 2423 2408 2486 omnibus
2433 2426 2795 2494 honoriﬁcavit
2827 2438 2897 2493 te,
2920 2429 3033 2484 sive
3072 2429 3126 2483 in
3160 2432 3330 2485 servis
3358 2431 3451 2485 tibi
3477 2433 3736 2498 subactis,

2169 2516 2284 2571 sive
2338 2516 2392 2570 in
2435 2517 2639 2572 divitiis
2680 2519 2775 2580 tibi
2818 2521 3106 2589 concessis,
3162 2537 3228 2576 ex
3272 2522 3376 2576 illis
3423 2523 3618 2583 liberos
3665 2524 3734 2577 fa-

2169 2608 2379 2674 ciendo,
2407 2617 2462 2670 et
2485 2625 2550 2670 ex
2585 2609 2704 2672 istis
2729 2610 3098 2684 eleemosynas
3126 2613 3426 2679 tribuendo,
3460 2616 3737 2684 przeccptis

2169 2697 2310 2754 illius
2332 2699 2551 2759 obedire
2576 2715 2682 2760 non
2723 2715 2922 2757 cesses.
2953 2702 3082 2762 Esto
3109 2717 3403 2774 pauperum
3438 2713 3611 2776 pater,
3642 2719 3727 2778 pu-

2167 2790 2419 2861 pillorum
2459 2793 2710 2859 nutritor,
2759 2794 3120 2863 orphanon
3170 2803 3400 2860 amator,
3437 2795 3744 2856 viduarum-

2169 2896 2276 2951 que
2316 2882 2586 2950 defensor,
2630 2885 3036 2956 peregrinorum
3081 2885 3356 2951 educator,
3395 2886 3736 2954 omniumque

2169 2974 2465 3032 secundum
2508 2974 2708 3044 regula:
2755 2962 3116 3033 ministerium
3157 2976 3406 3032 defensor
3446 2985 3502 3031 et
3535 2985 3735 3038 rector,

496 3066 644 3137 Tyri,
684 3078 732 3122 et
756 3085 912 3139 super
945 3081 1174 3140 quatuor
1207 3089 1307 3125 non
1339 3082 1633 3128 convertam
1667 3091 1805 3140 eum,
1842 3091 1901 3129 eo
1925 3075 2062 3146 quod

2169 3065 2316 3130 Esto,
2360 3065 2576 3142 Christo
2615 3067 2867 3132 donante,
2919 3069 3062 3124 illius
3105 3069 3292 3140 gratia
3322 3069 3603 3142 largiente,
3651 3085 3738 3125 sas

489 3159 837 3214 concluserint
889 3163 1234 3232 captivitatem
1281 3165 1561 3235 perfectam
1609 3168 1663 3221 in
1705 3167 1966 3234 Idumwa,
2017 3178 2064 3223 et

491 3266 598 3304 non
627 3252 882 3305 recordati
900 3262 1022 3309 sunt
1044 3254 1251 3323 fmderis
1283 3240 1684 3324 fratrumiltem
1717 3259 1829 3329 ipse
1854 3277 1866 3312 :
1897 3259 2068 3330 Super

492 3338 660 3392 tribus
687 3339 962 3396 sceleribus
998 3340 1186 3406 Israel,
1223 3355 1269 3398 et
1293 3361 1450 3415 super
1471 3357 1698 3416 quatuor
1727 3365 1829 3402 non
1856 3364 2067 3402 cancer.

490 3439 597 3482 tant
620 3447 737 3484 eum
761 3445 778 3482 :
807 3448 900 3501 pro
929 3449 987 3485 eo
1009 3434 1147 3504 quod
1177 3436 1458 3490 vendiderit
1485 3454 1578 3508 pro
1603 3448 1814 3510 argento
1833 3440 2063 3510 justum,

487 3533 539 3580 et
561 3540 838 3593 pauperem
886 3541 979 3596 pro
1007 3526 1368 3582 calceamentis
1395 3528 1573 3598 (Amos
1598 3547 1639 3596 t,
1667 3531 1701 3585 6
1725 3542 1776 3584 et
1800 3533 1864 3596 9;
1898 3549 1958 3596 ιι,
1985 3533 2061 3604 ϐ).

491 3665 495 3668 .
563 3612 793 3681 Utjustc
829 3624 885 3671 et
911 3627 1059 3672 recte
1099 3632 1230 3688 erga
1273 3633 1460 3674 servos
1495 3631 1701 3690 agatur,
1737 3632 1792 3676 et
1822 3632 1881 3676 ut
1910 3621 2063 3679 liberi

493 3705 854 3771 dimittantur,
892 3707 1058 3762 [scias
1104 3709 1303 3763 clamat
1333 3719 1389 3764 et
1417 3710 1548 3764 dicit
1575 3729 1588 3764 :
1615 3711 1731 3766 Hoc
1774 3723 1849 3767 est
1898 3715 2064 3784 magis

485 3794 772 3865 jejunium,
803 3797 940 3868 quod
977 3797 1146 3868 elegi:
1173 3798 1396 3854 dissolve
1428 3800 1781 3872 eolligationes
1827 3804 2065 3874 impieta-

489 3885 578 3946 tis,
608 3885 745 3940 solve
769 3887 1049 3956 fasciculos
1074 3890 1439 3960 deprimentes,
1468 3893 1667 3948 dimitte
1695 3911 1780 3948 eos
1809 3895 1898 3966 qui
1933 3913 2062 3951 con-

491 3973 650 4043 fracti
676 3985 819 4041 sunt,
835 3976 1042 4043 liberos,
1068 3989 1116 4032 et
1141 3997 1289 4034 omne
1312 3997 1442 4036 onus
1463 3984 1878 4054 disrumpeUsa.
1907 4003 2059 4052 LVIII,

491 4063 565 4133 6).
595 4065 1002 4122 Ecclesiasticus
1035 4084 1285 4138 quoque:
1316 4070 1439 4125 Non
1464 4071 1626 4126 la'das
1669 4091 1870 4128 servum
1897 4077 1952 4128 in
1978 4091 2062 4130 ve-

491 4154 644 4208 ritate
660 4166 975 4225 Operantem,
1001 4175 1162 4229 neque
1190 4163 1564 4217 mercenarium
1594 4163 1803 4217 dantem
1828 4167 2058 4220 animam

488 4260 658 4298 suam.
690 4244 881 4306 Servus
922 4259 1158 4306 sensatus
1202 4251 1270 4306 sit
1298 4252 1392 4305 tibi
1440 4251 1658 4308 dilectus
1683 4255 1835 4324 quasi
1878 4257 2057 4310 anima

490 4343 605 4402 tua,
641 4353 743 4390 non
780 4337 1060 4408 defraudes
1088 4339 1236 4398 illum
1261 4341 1516 4409 libertate,
1545 4362 1706 4416 neque
1733 4346 1936 4416 inopem
1961 4349 2054 4405 de-

2166 3154 2367 3224 pientia
2393 3156 2602 3231 plenus,
2634 3166 2752 3214 esto
2773 3159 3056 3228 prudentia
3084 3160 3360 3230 praeditus,
3388 3170 3506 3216 esto
3534 3161 3739 3231 simpli-

2165 3248 2334 3308 citate
2371 3229 2596 3315 ditatus,
2632 3258 2748 3309 esto
2792 3251 3051 3320 patientia
3086 3229 3363 3318 fundatus,
3408 3251 3522 3311 zelo
3560 3229 3736 3307 tamen

2167 3339 2509 3394 rectitudinis
2543 3351 2776 3396 erectus.
2813 3340 3073 3398 Omnibus
3092 3351 3210 3400 esto
3233 3343 3379 3398 mitis
3402 3351 3565 3414 atque
3586 3343 3736 3418 paci-

2165 3427 2324 3495 ﬁcus,
2348 3430 2444 3484 sed
2469 3438 2646 3489 tamen
2693 3433 2807 3494 zelo
2844 3433 3180 3490 rectitudinis
3208 3449 3486 3490 accensus.
3525 3432 3584 3493 In
3614 3449 3738 3507 per-

2165 3519 2428 3587 quirendo
2447 3518 2716 3589 justitiam
2741 3530 2857 3582 esto
2887 3524 3148 3582 sollicitus
3176 3525 3478 3596 indagator,
3509 3525 3564 3586 in
3600 3523 3736 3594 diju-

2166 3609 2393 3666 dicando
2421 3612 2763 3672 cautissimus
2792 3622 3100 3680 exsecutor,
3129 3615 3204 3670 ita
3235 3625 3413 3671 tamen
3436 3623 3498 3671 ut
3524 3616 3734 3678 miseri-

2165 3701 2349 3759 cordia
2392 3715 2603 3774 semper
2619 3701 2823 3771 judicio
2844 3715 3206 3776 praeponatur.
3249 3706 3516 3771 Memento
3546 3708 3672 3779 quia
3701 3724 3731 3762 a

2164 3789 2393 3848 Domino
2435 3792 2858 3859 misericordiam
2897 3798 3148 3868 accipiet,
3185 3799 3275 3870 qui
3315 3797 3473 3860 fratri
3517 3798 3732 3861 miseri-

2161 3881 2401 3936 corditer
2424 3875 2728 3940 indulserii.

2233 3973 2360 4029 Hzec
2389 3976 2436 4030 si
2462 3974 2744 4045 diligenter
2769 3991 2935 4046 agens
2979 3978 3304 4050 impleveris,
3334 3995 3429 4038 rex
3460 3980 3736 4041 roborabit

2164 4064 2422 4126 Dominus
2476 4082 2699 4138 regnum
2741 4075 2909 4133 tuum,
2959 4071 3217 4126 exaltxbit
3255 4071 3466 4136 solium,
3513 4080 3569 4127 et
3609 4072 3735 4132 bra-

2164 4155 2342 4209 chium
2399 4156 2762 4224 conﬁrmabit,
2819 4161 3073 4230 quoniam
3117 4161 3270 4229 cujus
3319 4163 3431 4220 vult
3473 4163 3737 4224 Dominus

2159 4245 2445 4307 brachium
2511 4249 2832 4316 conﬁrmat,
2891 4261 2946 4306 et
2992 4253 3062 4314 ad
3111 4251 3410 4317 faciendam
3450 4254 3732 4312 victoriam

2162 4351 2317 4391 suum
2359 4338 2592 4408 gladium
2642 4357 2764 4396 cum
2813 4343 3012 4397 auxilio
3040 4353 3280 4413 prmstat.
3325 4344 3415 4401 Sic
3445 4346 3587 4408 enim
3635 4364 3731 4417 per

490 4425 751 4498 relinquas
780 4429 927 4493 illum
957 4431 1146 4504 (Eccli.
1171 4449 1265 4499 VII,
1298 4435 1388 4501 ‘22,
1417 4436 1529 4507 25).
1553 4408 1684 4491 Item
1715 4408 1831 4508 ipse
1855 4457 1868 4493 :
1896 4439 1958 4495 Si
1981 4451 2057 4495 est

2169 4426 2499 4484 Ezechielem
2529 4433 2846 4502 prophetam
2896 4435 3010 4494 ait:
3041 4408 3124 4488 -Ει
3163 4436 3468 4506 confortabo
3515 4408 3728 4492 brachia

489 4515 584 4573 tibi
607 4533 781 4573 servus
809 4520 1000 4590 ﬁdelis,
1026 4524 1092 4577 sit
1117 4523 1212 4584 tibi
1238 4527 1388 4596 quasi
1423 4527 1600 4580 aninta
1631 4537 1742 4595 tua,
1770 4531 1922 4600 quasi
1946 4531 2058 4600 fra-

486 4615 618 4666 trem
642 4608 716 4661 sic
738 4626 853 4664 eum
875 4621 1042 4673 tracta
1077 4613 1268 4686 (Ibid,
1293 4631 1486 4680 xxxut,
1513 4618 1626 4688 5i).
1654 4619 1908 4678 Dominus
1933 4637 2062 4690 quo-

485 4714 591 4767 que
624 4715 722 4775 per
745 4699 1032 4764 Jeremiam
1075 4708 1269 4777 populo
1293 4707 1454 4766 Israel
1494 4711 1559 4770 de
1588 4712 1761 4768 servis
1790 4714 1893 4773 hoc
1913 4715 2058 4771 dedit

489 4800 830 4862 prwceptum.
889 4795 980 4854 Ait
1027 4798 1170 4855 enim
1205 4816 1217 4850 :
1258 4798 1386 4854 Han:
1432 4801 1558 4854 dicit
1611 4802 1870 4862 Dominus
1917 4806 2056 4863 Deus

489 4876 659 4931 Israel
676 4898 697 4939 ;
729 4880 838 4952 Ego
875 4886 1103 4954 percussi
1139 4886 1304 4954 ftedus
1334 4905 1450 4942 cum
1491 4893 1725 4959 patribus
1766 4899 1967 4963 vestris,
1999 4901 2053 4953 in

487 4970 570 5021 die
592 4987 695 5039 qua
718 4971 874 5027 eduxi
902 4991 986 5027 eos
1020 4976 1087 5032 de
1121 4985 1261 5032 terra
1296 4979 1531 5050 [Egypth
1569 4984 1631 5038 de
1655 4985 1806 5048 domo
1837 4992 2053 5045 servitu-

488 5061 553 5113 tis
582 5061 756 5115 dicens
780 5079 798 5116 :
832 5063 960 5118 Cum
987 5068 1225 5137 completi
1254 5071 1448 5138 fuerint
1475 5087 1665 5145 septem
1693 5080 1839 5145 anni,
1883 5081 2053 5137 dimit-

487 5159 562 5202 tat
600 5167 950 5223 unusqutsque
977 5155 1189 5224 fratrem
1221 5177 1374 5216 suum
1403 5163 1682 5222 Hebraeum
1708 5170 1797 5240 qui
1817 5171 2049 5230 venditus

485 5249 561 5296 est
593 5242 662 5306 ei,
698 5252 746 5297 et
768 5246 972 5300 servivit
1000 5249 1095 5302 tibi
1114 5268 1206 5306 sea:
1243 5256 1392 5310 annis
1416 5270 1435 5308 .'
1463 5267 1511 5312 et
1540 5259 1766 5316 dimittes
1795 5278 1912 5316 eum
1938 5279 1971 5315 a
2001 5273 2050 5316 te

483 5332 734 5397 liberum;
761 5346 809 5389 et
838 5354 940 5392 non
965 5341 1242 5397 audierunt
1271 5355 1444 5415 patres
1472 5351 1622 5402 vestri
1648 5365 1748 5414 me,
1781 5367 1872 5404 nec
1901 5349 2055 5412 incli-

487 5434 738 5478 naverunt
769 5443 946 5481 aurem
967 5447 1135 5484 suant.
1173 5432 1244 5486 Et
1270 5438 1501 5490 conversi
1531 5438 1651 5492 estis
1677 5456 1762 5494 vos
1795 5439 1968 5504 hodie,
2003 5449 2052 5493 et

487 5512 681 5579 fecistis
703 5516 840 5586 quod
877 5530 1070 5573 rectum
1095 5532 1168 5574 est
1197 5523 1250 5574 in
1281 5525 1444 5579 oculis
1473 5528 1618 5591 meis,
1662 5538 1715 5580 ut
1739 5530 2052 5598 prredicare-

489 5601 554 5655 tis
584 5601 869 5686 libertatem
910 5609 1261 5677 unusquisque
1296 5613 1366 5664 ad
1391 5614 1614 5667 amicum
1653 5633 1826 5670 suum.
1853 5618 1920 5671 Et
1950 5619 2050 5672 ini-

2159 4521 2294 4591 regis
2330 4521 2638 4592 Babylonis,
2685 4525 2919 4596 dabogue
2969 4525 3204 4596 gladium
3255 4545 3426 4588 meum
3469 4530 3526 4583 in
3567 4547 3727 4586 manu

2157 4611 2272 4683 ejus
2304 4628 2322 4666 :
2352 4622 2402 4666 et
2448 4612 2776 4685 confringam
2823 4618 3034 4679 brachia
3079 4616 3396 4684 Pharaonis,
3438 4628 3486 4672 et
3525 4629 3726 4689 gentent

2154 4706 2429 4774 gemitibus
2470 4706 2724 4776 interfecti
2763 4724 2939 4762 coram
2983 4709 3120 4778 facie
3157 4711 3289 4780 ejus,
3336 4721 3384 4765 et
3420 4711 3725 4780 confortabo

2155 4791 2370 4848 brachia
2403 4794 2534 4863 regis
2556 4795 2859 4865 Babylon's,
2901 4809 2947 4851 et
2980 4799 3191 4863 brachia
3223 4798 3519 4859 Pharaonis
3548 4803 3725 4862 conci-

2156 4885 2300 4946 dent,
2348 4892 2396 4936 et
2422 4884 2581 4946 scient
2627 4887 2750 4956 quia
2799 4904 2889 4957 ego
2924 4888 3197 4953 Dominus,
3229 4907 3347 4954 cum
3381 4893 3568 4948 dedero
3616 4893 3726 4962 gla-

2148 4969 2299 5030 dium
2346 4988 2515 5034 meum
2542 4975 2594 5026 in
2637 4991 2795 5028 manu
2830 4979 2962 5048 regis
3007 4977 3309 5049 Babylonis,
3361 4991 3407 5034 et
3437 4983 3720 5044 attenderit

2147 5078 2270 5121 eum
2299 5079 2452 5133 super
2477 5075 2670 5124 terram
2697 5067 2913 5139 zEgypti
2944 5070 3160 5140 (Ezech.
3197 5087 3327 5137 xxx,
3359 5073 3483 5144 24).,

2223 5170 2359 5227 Nam
2407 5172 2560 5242 cujus
2586 5177 2700 5232 vult
2743 5179 3002 5236 Dominus
3048 5184 3326 5238 brachium
3375 5185 3615 5240 debilitat
3665 5197 3722 5240 et

2153 5259 2387 5332 frangit;
2419 5263 2534 5332 ipse
2567 5267 2709 5321 enim
2739 5275 2794 5322 et
2822 5269 2925 5324 hoc
2951 5271 3018 5326 ad
3050 5271 3385 5327 Ezechielem
3423 5272 3590 5328 dicit:
3613 5273 3718 5328 Fili

2151 5353 2396 5419 hominis,
2429 5354 2701 5410 brachium
2727 5355 3025 5414 Pharaonis
3058 5362 3189 5431 regis
3220 5363 3492 5433 confregi:
3517 5374 3563 5417 et
3604 5381 3719 5419 ecce

2152 5456 2256 5493 non
2275 5452 2349 5494 est
2380 5441 2675 5497 obvolutum
2709 5453 2765 5497 ut
2795 5447 3153 5502 restitueretur
3178 5452 3226 5504 ei
3243 5453 3464 5516 sanitas,
3495 5461 3550 5506 ut
3581 5453 3717 5522 liga-

2152 5541 2294 5584 retur
2325 5532 2535 5600 pannis,
2563 5541 2608 5585 et
2645 5533 2956 5601 fasciaretur
2991 5537 3238 5602 linteolis,
3283 5551 3338 5594 ut
3386 5552 3586 5611 recepto
3626 5559 3706 5594 ro-

2151 5620 2272 5677 bore
2295 5630 2462 5690 posset
2497 5630 2666 5675 tenere
2705 5622 2958 5693 gladium.
2990 5625 3272 5696 Propterea
3317 5630 3428 5684 hcce
3461 5631 3585 5684 dicit
3611 5629 3716 5688 Do-
