3960 6408
245 295 346 359 969

1654 287 1813 353 “TA
1845 290 2066 352 REGIA.

3381 300 3486 359 970

241 418 414 472 minus
446 415 586 470 Deus
617 427 635 467 :
664 412 799 469 Ecce
818 424 909 485 ego
934 415 1001 468 ad
1026 415 1355 469 Pharaonem
1381 429 1548 483 regem
1572 413 1809 484 .ds'ggpti,
1842 419 1891 478 Α
1916 411 1985 464 Ει
2012 410 2068 466 in
2104 409 2207 466 hac
2245 417 2395 465 turre
2435 409 2526 466 ille
2556 406 2882 475 defenditur,
2909 409 3001 480 qui
3032 410 3087 466 in
3132 411 3337 467 auxilio
3369 413 3489 483 eius

238 517 289 562 et
322 507 676 562 comminuam
706 506 974 560 brachium
1007 507 1123 577 ejus
1150 506 1306 575 forte,
1335 506 1424 559 sed
1453 505 1810 575 confractum;

240 600 486 671 dejiciam
509 599 777 653 brachium
805 598 869 651 de
892 614 1050 651 manu
1074 598 1189 667 ejus
1212 610 1230 647 :
1252 605 1301 650 et
1328 596 1623 665 dispergam
1651 594 1815 664 Egy-

239 699 385 759 ptum
414 689 470 742 in
494 687 751 758 gentibus,
777 695 825 740 et
853 684 1107 740 ventitabo
1130 701 1215 738 eos
1236 685 1289 737 in
1317 684 1469 736 terris
1497 681 1659 752 (Ibid.
1689 682 1807 745 21).

240 778 307 833 Et
346 776 402 831 in
451 774 670 831 Pssimo
725 776 985 844 scriptum
1027 780 1112 829 est
1150 792 1163 827 :
1201 773 1441 827 Avertisti
1490 771 1814 841 adjutorium

239 867 407 939 gladii
436 866 569 936 ejus,
619 875 693 953 et.
714 877 817 921 non
858 880 912 921 es
958 866 1006 920 ei
1052 864 1343 920 auriliatus
1374 865 1430 920 in
1467 863 1599 919 bello
1624 860 1810 935 (Psal.

253 972 520 1023 Lssxvtn,
540 955 655 1024 41).
1574 954 1577 957 “

315 1049 469 1115 Quod
497 1057 676 1103 autem
698 1056 754 1103 et
774 1049 1070 1112 victoriam,
1096 1057 1385 1119 antequam
1416 1044 1529 1113 flat,
1558 1046 1814 1102 Dominus

241 1137 542 1208 cognoscit,
595 1138 710 1207 ipse
748 1153 847 1207 per
891 1138 1230 1193 Ezechielem
1277 1138 1352 1192 ait
1386 1151 1400 1192 :
1436 1136 1515 1191 Tu
1554 1153 1701 1207 ergo,
1734 1135 1814 1205 ﬁli

242 1226 490 1290 hominis,
525 1225 636 1279 lucc
664 1225 790 1279 dicit
822 1225 1074 1280 Dominus
1106 1226 1243 1279 Deus
1266 1241 1285 1280 :
1314 1226 1412 1280 Dic
1444 1226 1586 1280 omni
1618 1225 1813 1281 volucri

241 1324 289 1368 et
322 1314 573 1368 universis
597 1315 778 1369 avibus
802 1316 1101 1387 cunctisque
1125 1316 1298 1370 bestiis
1332 1317 1446 1386 agri
1469 1328 1487 1367 :
1514 1313 1809 1379 Convenite,

239 1414 533 1475 properate,
591 1408 882 1461 concurrite
929 1388 1154 1477 undigue
1190 1407 1258 1461 ad
1310 1408 1570 1462 victimam
1623 1423 1813 1474 meam,

239 1510 400 1564 quam
454 1510 548 1565 ego
601 1493 813 1549 immolo
844 1495 1006 1559 vobis,
1051 1496 1311 1550 victimam
1362 1496 1612 1566 grandem
1658 1511 1816 1565 super

240 1593 441 1637 montes
479 1583 672 1656 Israel,
696 1594 754 1639 ut
799 1584 1081 1639 comedatis
1116 1602 1326 1640 carnem
1385 1596 1431 1640 et
1464 1586 1651 1641 bibatis
1685 1603 1811 1640 san-

239 1673 482 1741 guinem;
535 1690 720 1728 carnes
769 1674 984 1743 fortium
1043 1676 1347 1741 comedetis,
1410 1687 1459 1732 et
1509 1678 1814 1749 sanguinem

239 1761 534 1832 principum
561 1774 713 1819 terra:
737 1763 918 1819 bibetis
939 1779 958 1817 :
984 1767 1231 1832 arietum,
1251 1774 1300 1821 et
1321 1783 1596 1838 agnorum,
1625 1778 1671 1823 et
1695 1769 1806 1823 hir-
1833 1762 1880 1822 B

240 1868 444 1919 eorum,
472 1863 843 1927 taurorumgue
881 1865 930 1911 et
952 1855 1250 1923 altilium,et
1268 1857 1537 1929 vinguium
1558 1859 1809 1914 omnium.

243 1942 310 1997 Et
338 1946 617 2001 comedetis
644 1947 849 2019 adipem
875 1949 931 2003 in
964 1949 1561 2013 saturitatem,etbibetis
1600 1951 1813 2029 sangui-

241 2048 360 2090 nem
401 2036 457 2089 in
492 2036 811 2104 ebrietatem,
862 2037 926 2092 de
961 2039 1188 2106 victima,
1219 2056 1374 2111 quam
1398 2055 1493 2111 ego
1532 2040 1812 2096 immolabo

240 2125 416 2180 vobis:
444 2136 493 2180 et
516 2127 885 2182 saturabimini
911 2144 1067 2198 super
1107 2145 1338 2185 mensam
1374 2146 1544 2184 meam
1583 2130 1648 2186 de
1681 2146 1812 2201 equo

238 2223 287 2267 et
314 2216 483 2284 equite
512 2215 661 2285 forti,
683 2227 731 2270 et
773 2217 836 2270 de
886 2216 1140 2272 universis
1177 2218 1303 2272 viris
1334 2216 1698 2285 bellatoribus,
1734 2220 1814 2273 ait

243 2301 501 2359 Dominus
533 2304 672 2359 Deus
701 2304 919 2376 (Ezech.
946 2308 1367 2387 xxx1:,17-20).

796 2434 1022 2493 CAPUT
1055 2435 1244 2491 XXXI.

552 2524 629 2580 De
652 2526 897 2596 praesidio
931 2527 1144 2581 Domini
1174 2529 1498 2599 requirendo.

315 2615 397 2672 Tu
439 2633 585 2689 ergo,
630 2620 930 2675 clarissime
979 2635 1097 2685 rex,
1128 2627 1189 2674 ut
1231 2619 1326 2674 tibi
1376 2620 1636 2676 Dominus
1665 2629 1721 2676 et
1756 2621 1812 2676 in

247 2708 470 2762 brachio
516 2706 908 2775 fortitudinem,
945 2718 1001 2765 et
1040 2710 1095 2764 in
1141 2710 1279 2766 bello
1304 2710 1583 2765 victoriam
1627 2712 1810 2775 donet,

245 2797 414 2867 ipsius
442 2811 653 2867 semper
694 2800 911 2869 require
950 2799 1216 2866 solatium,
1248 2810 1302 2856 et
1340 2802 1406 2856 ad
1446 2799 1560 2869 ejus
1584 2799 1813 2870 confuge

241 2887 567 2956 praesidium.
594 2885 685 2942 Sic
708 2890 851 2943 enim
877 2889 1135 2959 scriptum
1162 2899 1282 2944 est:
1312 2890 1493 2944 Turris
1523 2890 1811 2960 fortissima

240 2993 427 3031 nomen
452 2977 664 3032 Domini
694 2993 713 3031 :
736 2979 805 3033 ad
832 2980 999 3050 ipsum
1042 2983 1205 3034 currit
1236 2982 1438 3052 justus,
1479 2991 1528 3036 ct
1556 2981 1811 3036 exaltabi-

239 3079 328 3125 tur
353 3071 533 3141 (Prov.
584 3089 740 3137 xvnt,
790 3073 899 3143 10).
938 3073 1081 3144 Ergo
1115 3074 1257 3129 salus
1301 3090 1404 3129 non
1455 3074 1704 3129 consistit
1752 3073 1807 3129 in

241 3161 584 3216 multitudine
614 3163 813 3233 populi,
844 3177 945 3218 nec
974 3163 1026 3217 in
1059 3171 1331 3218 armatura
1375 3162 1676 3233 multiplici,
1710 3163 1804 3219 sed

242 3253 296 3307 in
327 3252 663 3309 invocatione
690 3254 925 3309 nominis
953 3255 1187 3311 Domini.
1221 3255 1441 3312 Stabilis
1464 3257 1607 3311 enim
1640 3264 1695 3312 et
1718 3257 1805 3312 in-

239 3356 502 3396 concussa
529 3342 692 3397 tutela
722 3352 806 3398 est
826 3343 1043 3399 caeleste
1078 3345 1418 3416 praesidium;
1453 3347 1596 3418 quod
1620 3347 1747 3417 quia
1778 3362 1809 3402 a

241 3433 458 3503 regibus
480 3433 708 3490 sollicite
730 3435 800 3490 sit
823 3437 1190 3507 quaerendum,
1222 3438 1389 3494 David
1412 3455 1509 3494 rex
1536 3447 1620 3494 est
1644 3439 1812 3494 dulci-

245 3532 327 3577 ter
354 3523 663 3591 imitandus,
692 3526 783 3597 qui
810 3528 1037 3583 Domino
1074 3527 1347 3584 humiliter
1367 3528 1670 3599 supplicans
1696 3528 1772 3582 ait
1795 3547 1807 3581 :

250 3611 484 3677 Exaudi,
513 3612 671 3678 Deus,
695 3614 1103 3685 deprecationem
1133 3631 1334 3671 meam:
1361 3616 1567 3672 intende
1587 3618 1810 3672 orationi

246 3719 395 3756 mete.
428 3702 471 3755 Α
502 3702 690 3770 ﬁnibus
720 3714 872 3759 terra:
900 3707 969 3759 ad
996 3716 1044 3760 te
1071 3706 1290 3761 clamavi
1311 3722 1329 3759 :
1355 3708 1479 3762 dum
1508 3710 1814 3761 anxiaretur

241 3807 333 3845 cor
352 3806 546 3855 meum,
567 3791 624 3844 in
654 3802 800 3862 petra
832 3793 1073 3848 exaltasti
1106 3810 1206 3847 me.
1246 3795 1522 3848 Deduxisti
1552 3812 1655 3859 me,
1686 3797 1810 3864 quia

244 3883 415 3951 factus
441 3898 495 3937 es
521 3899 637 3954 spes
677 3901 790 3938 mea
812 3899 830 3935 :
851 3887 1013 3939 turris
1053 3886 1375 3956 fortitudinis
1397 3903 1429 3939 a
1457 3886 1592 3956 facie
1614 3887 1811 3940 inimici

244 3970 418 4042 (Psal.
456 3987 543 4039 ιχ,
574 3972 647 4045 1).
674 3974 833 4028 Petra
857 3976 1001 4029 enim
1042 3976 1130 4030 hic
1168 3986 1222 4030 et
1249 3976 1414 4029 turris
1440 3976 1711 4030 Christum
1741 3976 1813 4030 si-

253 4061 513 4129 gnillcanl
536 4080 549 4116 :
574 4064 626 4118 in
648 4063 749 4119 hac
769 4065 910 4119 enim
939 4077 1089 4137 petra
1113 4073 1259 4120 recte
1291 4081 1347 4121 se
1367 4067 1658 4121 exaltatum
1687 4081 1811 4136 pro-

250 4152 482 4220 nuntiat,
505 4154 597 4225 qui
633 4154 688 4210 in
720 4154 825 4211 ﬁde
850 4155 991 4211 illius
1030 4172 1088 4213 se
1116 4155 1398 4212 fundatum
1439 4175 1545 4214 non
1581 4158 1806 4214 dubitat.

563 5725 854 5815 Panaca
880 5722 1006 5816 Cll.

1912 499 2189 554 conﬁdens
2214 499 2504 554 virtutibus
2541 510 2802 554 armatur.
2841 499 3032 555 Turris
3070 500 3216 555 enim
3246 500 3351 557 ista
3374 504 3489 558 vir-

1913 590 2115 646 tutibus
2152 598 2238 647 est
2278 588 2457 660 plena,
2502 605 2610 648 non
2661 589 2874 661 gladiis,
2920 597 3124 662 pugnat
3156 592 3324 647 verbo
3374 606 3486 647 non

1911 684 2119 755 przelio,
2149 670 2250 739 nec
2273 684 2517 741 localiter
2541 684 2800 750 defendit,
2822 685 2921 740 sed
2942 685 3316 743 universaliter
3351 687 3491 743 invi-

1912 782 2000 830 cta
2018 772 2337 831 fortitudine
2361 774 2563 831 electos
2590 789 2717 832 suos
2740 776 2977 846 protegit
3002 785 3060 832 et
3091 777 3345 834 custodit.

2457 875 2685 943 CAPUT
2722 884 2941 942 XXXII.

2518 976 2595 1030 De
2624 977 2882 1030 oratione.

1983 1067 2117 1121 Nam
2162 1071 2217 1123 et
2255 1068 2357 1123 hoc
2391 1066 2706 1122 intuendum
2733 1075 2836 1132 est,
2866 1068 2991 1138 quia
3031 1068 3098 1123 ad
3138 1069 3241 1123 hoc
3269 1069 3492 1126 caeleste

1911 1157 2222 1229 prmsidium
2253 1170 2349 1212 rex
2395 1156 2561 1212 David
2588 1158 2792 1213 orando
2820 1156 3096 1228 pervenit;
3126 1159 3206 1213 sic
3237 1159 3382 1214 enim
3406 1158 3489 1214 ln-

1913 1247 2116 1302 choans
2141 1247 2305 1318 cmpit
2336 1265 2348 1300 :
2385 1244 2621 1311 Exaudi,
2669 1246 2825 1312 Deus,
2856 1249 3143 1301 orationem
3173 1265 3341 1303 meam
3372 1266 3491 1304 cum

1913 1338 2196 1408 deprecor:
2222 1356 2256 1392 a
2280 1338 2463 1392 timore
2484 1337 2684 1391 inimici
2708 1339 2849 1407 eripe
2876 1338 3107 1391 animam
3131 1354 3321 1393 meam.
3354 1337 3491 1394 Pro-

1913 1430 2089 1484 texisti
2128 1447 2209 1484 me
2245 1448 2278 1484 a
2315 1438 2565 1484 conventu
2606 1428 3030 1499 malignantium,
3078 1446 3111 1483 a
3154 1428 3491 1485 multitudine

1913 1522 2241 1592 operantium
2280 1520 2628 1590 iniquitatem,
2659 1525 2764 1572 etc.
2808 1514 2981 1587 (Psal.
3019 1533 3171 1581 ut",
3204 1516 3281 1591 1.)
3331 1519 3400 1573 Et
3427 1526 3487 1573 tu

1914 1625 2066 1682 ergo,
2098 1609 2405 1665 ﬁdelissime
2431 1624 2548 1675 rex,
2590 1617 2651 1662 ut
2680 1606 2892 1661 Domini
2926 1607 3101 1676 possis
3140 1608 3341 1664 auxilio
3377 1607 3487 1663 ful-

1916 1708 2001 1755 tus
2028 1708 2175 1754 tuum
2222 1697 2512 1755 defendere
2541 1714 2784 1771 regnum,
2824 1698 2942 1768 ejus
2976 1698 3179 1771 jugiter
3206 1717 3372 1757 orans
3404 1718 3469 1758 re

1913 1792 2066 1863 quire
2086 1793 2410 1863 praesidium.
2450 1793 2622 1863 Ipsius
2646 1793 2789 1847 enim
2819 1792 2985 1847 David
3006 1795 3151 1865 regis
3178 1793 3486 1850 innumera~

1912 1882 2041 1938 bilia
2068 1884 2133 1938 de
2157 1882 2403 1938 oratione
2430 1883 2482 1937 in
2522 1882 2751 1937 Psalmis
2778 1882 2946 1937 habes
2974 1882 3240 1953 exempla.
3272 1884 3347 1938 De
3393 1881 3490 1938 Sa-

1912 1971 2124 2027 lomone
2149 1987 2362 2042 quoque
2399 1980 2455 2027 et
2493 1972 2583 2028 hic
2606 1985 2874 2043 perpauca
2899 1972 3152 2041 ponimus
3193 1972 3439 2043 exempla
3469 1990 3484 2027 :

1911 2058 2006 2116 Ait
2044 2062 2189 2117 enim
2218 2078 2231 2115 :
2258 2060 2432 2131 Longe
2478 2069 2554 2114 est
2599 2061 2856 2115 Dominus
2892 2061 2958 2114 ab
2988 2060 3198 2131 impiis;
3226 2070 3272 2115 et
3298 2063 3491 2115 oratio-

1914 2166 2003 2205 nes
2026 2151 2294 2221 justorum
2322 2150 2569 2204 exaudiet
2599 2147 2782 2221 (Prov.
2814 2163 2908 2215 xv,
2936 2148 3051 2221 29).
3091 2148 3197 2215 Qui
3222 2158 3489 2205 conservat

1913 2240 2101 2312 legem,
2139 2239 2451 2311 multiplicat
2479 2240 2770 2294 orationem
2810 2237 3002 2311 (Eccli.
3032 2255 3195 2305 xxxv,
3238 2236 3312 2310 1).
3355 2239 3489 2295 Item

1914 2331 2028 2400 ipse
2054 2349 2066 2385 :
2097 2329 2283 2384 Oratio
2330 2330 2387 2383 in
2426 2328 2721 2383 humilitate
2756 2329 3044 2400 penetrabit
3088 2346 3245 2401 super
3288 2341 3488 2385 montes

1915 2422 2106 2493 (Ibid.,
2135 2439 2264 2477 vers.
2289 2422 2403 2493 ⁴21).
2446 2422 2703 2477 Dominus
2739 2419 2794 2475 in
2823 2420 3113 2492 Evangelio
3142 2421 3219 2475 ait
3251 2438 3264 2475 :
3296 2421 3491 2478 Omnia

1911 2527 2232 2582 quacunque
2267 2511 2517 2581 petieritis
2545 2511 2602 2565 in
2640 2511 2878 2565 oratione
2900 2511 3189 2577 credentes,
3226 2511 3492 2581 accipietis

1914 2601 2130 2673 (Matth.
2156 2617 2271 2666 χχι,
2291 2602 2405 2672 22).
2444 2601 2669 2672 Vigilate
2697 2601 3036 2672 itaque,omni
3055 2610 3283 2671 tempore
3326 2618 3491 2657 oran-

1914 2702 2007 2754 tes,
2030 2701 2084 2744 ut
2128 2691 2274 2761 digni
2316 2691 2613 2745 habeamini
2666 2690 2844 2762 fugere
2887 2707 3007 2761 qua
3027 2690 3209 2761 futura
3256 2700 3405 2757 sunt,
3442 2703 3493 2746 et

1914 2789 2053 2834 stare
2099 2790 2220 2834 ante
2279 2780 2450 2847 filium
2497 2780 2723 2833 hominis
2766 2777 2921 2850 (Luc.
2974 2794 3089 2843 ut,
3126 2778 3238 2848 56).
3292 2778 3493 2836 Paulus

1914 2886 2126 2941 quoque
2171 2870 2249 2925 ait
2276 2884 2290 2924 :
2319 2868 2560 2924 Orationi
2605 2869 2878 2934 instantes,
2927 2878 3135 2922 orantes
3184 2870 3328 2923 omni
3362 2879 3489 2925 tem-

1913 2979 2059 3033 pore,
2106 2963 2161 3016 in
2215 2961 2403 3033 spiritu
2435 2960 2707 3031 vigilantes
2753 2961 2810 3014 in
2845 2960 2987 3013 omni
3020 2959 3270 3014 instantia
3310 2960 3488 3030 (Rom.

1915 3068 2010 3117 xu,
2052 3053 2155 3118 ης
2188 3051 2382 3123 Ephes.
2414 3068 2489 3117 vl,
2521 3049 2629 3122 18).
2659 3050 2894 3105 Iacobus
2918 3058 3100 3104 autem
3137 3049 3266 3104 dicit
3289 3064 3303 3102 :
3330 3046 3492 3104 Orate

1911 3158 2005 3213 pro
2034 3142 2247 3195 invicem
2277 3150 2334 3194 ut
2363 3139 2632 3194 salvemini
2660 3153 2678 3191 :
2713 3138 2935 3193 multum
2971 3137 3107 3193 enim
3138 3137 3275 3193 valet
3301 3138 3488 3208 deprc-

1914 3234 2051 3286 cutio
2072 3231 2211 3301 justi
2250 3231 2467 3284 assidua
2496 3229 2637 3301 (Jac.
2664 3244 2719 3295 ν,
2763 3228 2871 3301 16).
2899 3228 3033 3283 Nam
3061 3237 3117 3282 et
3143 3243 3245 3283 nos
3271 3242 3491 3282 oramus

1916 3334 2130 3390 semper
2157 3334 2279 3374 cum
2309 3318 2565 3386 Apostolo
2591 3332 2691 3387 pro
2725 3317 2898 3383 vobis,
2929 3326 2987 3372 ut
3007 3317 3257 3385 dignetur
3281 3331 3379 3372 vos
3400 3331 3493 3371 vo-

1918 3410 2132 3464 catione
2164 3424 2261 3464 sua
2291 3408 2453 3474 Deus,
2478 3416 2534 3462 et
2558 3407 2779 3476 impleat
2799 3423 3013 3463 omnem
3035 3406 3368 3462 voluntatem
3394 3407 3495 3461 bo-

1918 3502 2127 3566 nitatis,
2154 3510 2210 3556 et
2249 3515 2385 3571 Opus
2422 3500 2544 3554 fidei
2591 3499 2647 3553 in
2692 3500 2912 3565 virtute,
2950 3506 3010 3553 ut
3040 3497 3369 3553 clariﬁcetur
3396 3513 3496 3552 no-

1916 3608 2039 3646 men
2068 3591 2280 3646 Domini
2317 3591 2484 3646 nostri
2516 3590 2645 3645 Jcsn
2672 3588 2875 3645 Christi
2919 3589 2974 3644 in
3002 3588 3175 3653 vobis,
3207 3595 3265 3642 et
3305 3600 3399 3641 vos
3434 3586 3490 3641 in

1912 3682 2025 3745 illo,
2066 3682 2362 3737 secundum
2393 3679 2621 3752 gratiam
2659 3679 2757 3735 Dei
2792 3677 2965 3734 nostri
3011 3686 3067 3732 et
3103 3674 3316 3731 Domini
3355 3671 3489 3730 Iesu

1911 3772 2133 3827 Christi.
2173 3772 2497 3841 Conﬁdimus
2534 3781 2709 3826 autem
2737 3772 2801 3826 de
2830 3771 2970 3826 vobis
3017 3771 3073 3825 in
3097 3769 3322 3824 Domino
3355 3782 3493 3839 quo-

1916 3863 2058 3914 niam
2095 3877 2212 3931 qua:
2243 3861 2595 3930 prwcipimus,
2640 3870 2687 3913 et
2715 3860 2910 3929 facitis,
2950 3870 2999 3914 et
3036 3860 3260 3929 facietis.
3308 3858 3493 3911 Domi-

1918 3968 2015 4005 nus
2037 3961 2211 4005 autcm
2242 3951 2437 4020 dirigat
2475 3950 2635 4005 corda
2682 3960 2848 4006 vestra
2879 3951 2931 4005 in
2978 3950 3236 4004 charitate
3281 3948 3400 4015 Dei,
3439 3958 3490 4004 et

1915 4044 2166 4113 patientia
2195 4040 2391 4097 Christi
2419 4042 2490 4113 (Il
2512 4042 2685 4098 Thess.
2710 4041 2955 4112 "1,4,5).
2980 4041 3177 4097 Amen.

1917 4155 2143 4227 Explicit
2167 4155 2293 4211 liber
2309 4150 2588 4227 Smaragdi
2610 4154 2832 4223 abbatis,
2856 4156 2944 4228 qui
2962 4153 3156 4208 dicitur
3170 4152 3272 4211 Ἧι
3292 4150 3487 4207 Βωιι.

3096 5712 3171 5773 31
