3960 6430
1722 416 2807 448 ..____.___.___._,.________

1727 268 2078 329 SMARAGDI
2115 269 2403 326 ABBATIS

3589 277 3704 334 072

2814 422 3156 437 *φ’-α

3165 420 3461 439 ψ-

3464 424 3693 442 ﬂ

1179 553 1479 640 ACTA
1552 558 2325 643 COLLATIONIS
2402 558 2959 656 ΒΟΜΑΝᾹΞ,

450 761 595 823 Sive
626 762 848 844 rvat-io
874 779 1018 843 quae
1042 762 1256 844 habita
1291 770 1387 844 est
1422 762 1501 825 de
1534 762 1831 842 symbolo
1861 762 2020 844 fidei
2044 761 2111 822 in
2161 765 2504 827 secretario
2535 766 2733 827 sancti
2767 765 2936 825 Petri
2973 765 3266 844 apostoli,
3301 765 3473 828 inter
3502 765 3700 830 dom-

525 857 684 924 uum
714 840 990 924 Leonem
1023 842 1496 924 sanctissimum
1545 840 1606 924 et
1653 840 2430 924 coevangelicumgpapam
2468 845 2649 924 urbis
2681 847 2934 924 Aliorum,
2982 840 3044 904 e't
3093 844 3464 924 Bernarium
3499 852 3695 924 atque

526 920 708 1004 Iesse
753 919 1089 1004 episcopos
1121 966 1138 995 ,
1188 937 1307 982 seu
1337 918 1724 982 Adalardum
1758 919 2080 991 abbatem,
2114 918 2350 982 miSsbs
2394 922 2617 984 domui
2665 921 2875 984 Caroli
2911 920 3314 1001 imperatoris
3367 940 3479 1004 per
3526 918 3698 986 in'di-

529 997 810 1063 ctionem
842 999 904 1070 2,

963 1139 1405 1201 DESCRIPTA
1447 1140 1501 1200 Α
1546 1139 1987 1202 SMARAGDO
2030 1138 2346 1200 ΑΒΒΑΤΕ
2388 1140 2673 1203 SANCTI
2716 1141 3176 1203 MICHAELIS.

1628 1282 1795 1349 (Apud
1820 1282 2192 1371 Labb.,Concil.
2225 1290 2344 1335 tom.
2371 1284 2500 1348 νη.)

508 1498 737 1556 Lectis;
759 1496 1027 1569 pradicas
1046 1495 1226 1550 missis
1248 1510 1346 1565 per
1365 1495 1606 1551 ordinem
1633 1496 1956 1552 testimoniis
1968 1496 2016 1562 δη
2046 1498 2097 1558 Α
2121 1512 2153 1551 e
2178 1498 2372 1568 quibus
2402 1497 2543 1553 istud
2571 1511 2736 1552 unum
2764 1506 2864 1562 est,
2912 1512 3079 1553 sacrae
3108 1500 3229 1556 fidei
3268 1502 3459 1559 altiora
3491 1518 3695 1581 myste-

445 1602 606 1660 atque
661 1604 690 1643 a
739 1588 939 1641 domno
991 1585 1284 1655 apostolico
1336 1585 1742 1656 diligentissime
1795 1586 2012 1650 auditis,

445 1683 521 1735 ait
546 1698 561 1735 :
590 1681 668 1734 lta
698 1679 891 1741 sentio,
915 1677 986 1731 ita
1014 1684 1194 1740 teneo,
1223 1689 1347 1730 cum
1377 1675 1465 1731 his
1485 1675 1818 1741 auctoribus,
1845 1683 1901 1730 et
1930 1690 2015 1730 sa-

442 1786 549 1826 crae
572 1769 864 1839 Scriptura:
892 1765 1322 1821 auctoritatibus.
1355 1762 1412 1819 Si
1442 1764 1563 1835 quis
1591 1763 1747 1819 aliter
1793 1764 1860 1819 de
1912 1763 2016 1819 hac

443 1882 501 1920 re
522 1865 724 1920 senti-re
752 1861 837 1916 vel
859 1862 1054 1917 docere
1077 1860 1329 1923 voluerit,
1356 1858 1615 1923 defendo;
1661 1866 1718 1913 et
1761 1859 1862 1913 nisi
1886 1872 2016 1913 cen-

443 1968 631 2008 vcrsus
657 1952 840 2015 fuerit,
865 1958 920 2004 et
946 1949 1242 2005 secundum
1283 1949 1428 2003 hunc
1453 1961 1669 2006 sensum
1698 1954 1880 2002 tenere
1915 1962 2014 2002 vo-

441 2043 621 2107 luerit,
650 2040 924 2096 eontraria
951 2037 1275 2093 sentientem
1310 2034 1549 2090 funditus
1571 2033 1786 2103 abjieio.
1814 2033 1910 2090 liis
1934 2036 2015 2089 tli-

442 2132 565 2194 ctis,
594 2130 717 2184 novi
747 2129 889 2197 quod
943 2125 1196 2183 nonnulla
1233 2123 1589 2193 eolloquendo
1632 2124 1811 2194 potius
1850 2139 2013 2194 quam

440 2219 759 2291 disputando
788 2223 1181 2288 praecesserunt
1209 2232 1223 2269 :
1251 2228 1483 2284 quorum
1514 2214 1686 2270 series
1712 2228 2011 2278 sensuum,

440 2326 532 2365 seu
556 2312 863 2373 verborum,
887 2309 991 2364 nisi
1014 2307 1156 2378 quod
1182 2307 1305 2362 inde
1333 2305 1456 2371 fuit,
1482 2320 1588 2360 non
1636 2305 1770 2361 satis
1811 2320 2016 2360 memo-

441 2406 536 2457 riae
572 2403 827 2458 occurrit.
855 2402 1096 2472 Cumque
1119 2401 1312 2457 eadem
1348 2399 1563 2455 collatio
1588 2398 1654 2453 ad
1694 2399 1795 2455 hoc
1844 2413 2014 2469 usque

438 2494 773 2563 procederet,
808 2501 869 2545 ut
889 2490 1000 2560 jam
1033 2492 1206 2561 magis
1227 2496 1377 2545 certa
1405 2489 1714 2560 disputatio,
1753 2504 1914 2558 quam
1953 2497 2013 2542 ut

439 2601 603 2657 supra
629 2584 912 2641 collocutio
939 2583 1189 2638 habenda
1211 2590 1389 2647 esset;
1418 2588 1471 2637 et
1496 2581 1541 2635 si
1566 2595 1673 2635 non
1701 2580 1888 2636 eadem
1911 2580 2013 2636 fuit

440 2677 739 2749 proprietas
760 2689 1089 2738 sermonum,
1114 2672 1170 2727 in
1193 2680 1456 2741 quantum
1505 2670 1775 2727 recordari
1816 2669 1967 2725 valeo
1991 2711 2007 2735 ,

441 2770 541 2823 iste
575 2775 756 2822 tamen
786 2765 881 2819 fuit
907 2780 1098 2820 cursus
1125 2778 1402 2828 sensuum,
1426 2770 1478 2817 et
1501 2776 1708 2816 summa
1738 2760 2009 2817 conclusio

2115 1588 2197 1642 ria
2220 1587 2608 1657 subtilioraque
2635 1596 2997 1653 sacramenta,
3031 1590 3099 1644 ad
3126 1605 3355 1660 quorum
3382 1595 3691 1669 indagatio-

2114 1690 2236 1731 nem
2259 1676 2568 1746 pertingere
2596 1675 2749 1729 multi
2782 1676 2995 1739 valent;
3029 1678 3181 1733 multi
3209 1695 3365 1748 vero,
3394 1694 3490 1739 aut
3512 1689 3697 1744 aetatis

2113 1768 2437 1837 quantitate,
2459 1775 2554 1821 aut
2576 1766 2943 1837 intelligentia:
2966 1767 3227 1837 qualitate
3248 1775 3548 1841 prarpediti,
3580 1792 3693 1832 non

2111 1858 2309 1913 valent.
2340 1857 2408 1911 Et
2430 1857 2570 1921 ideo,
2596 1865 2656 1911 ut
2673 1859 3043 1927 praediximus,
3060 1861 3150 1930 qui
3170 1864 3406 1932 potuerit
3424 1873 3480 1920 et
3502 1867 3697 1924 nolue-

2114 1948 2207 2012 rit,
2245 1946 2425 2002 salvus
2452 1961 2573 2002 esse
2598 1962 2705 2001 non
2719 1949 2938 2017 poterit.
2960 1976 3032 1989 -—-
3053 1950 3224 2006 Missi.
3254 1951 3311 2007 Si
3336 1968 3465 2025 ergo
3484 1956 3559 2011 ita
3578 1967 3689 2023 est,

2112 2038 2222 2093 into
2249 2040 2375 2107 quia
2405 2038 2479 2093 ita
2509 2046 2608 2102 est,
2637 2039 2781 2107 quod
2808 2054 2914 2093 non
2941 2040 3167 2095 credere
3194 2057 3302 2097 non
3331 2043 3475 2110 licet,
3501 2056 3559 2101 et
3577 2064 3690 2103 non

2114 2126 2336 2182 tacendo
2356 2127 2552 2182 docere
2585 2127 2732 2193 licet,
2754 2142 2854 2183 cur
2882 2144 2988 2183 non
3017 2129 3145 2184 licet
3167 2141 3408 2198 cantare,
3440 2135 3524 2190 vel
3553 2151 3690 2193 can-

2112 2216 2275 2270 tando
2300 2216 2494 2271 docere
2506 2216 2602 2270 ?—
2627 2215 2790 2271 Pan.
2820 2217 2993 2283 Licet,
3024 2220 3265 2290 inquam,
3288 2222 3416 2277 licet
3440 2224 3688 2281 docendo

2111 2316 2353 2371 cantare,
2388 2315 2445 2362 et
2469 2308 2737 2362 cantando
2757 2308 2971 2363 dooere.
2999 2308 3106 2365 Sed
3138 2310 3325 2366 illicite
3362 2313 3417 2367 in
3447 2316 3690 2384 prohibi-

2110 2399 2213 2464 tis,
2244 2413 2344 2454 nec
2389 2398 2693 2463 scribendo,
2722 2413 2821 2455 nec
2854 2402 3121 2457 cantando
3164 2401 3291 2458 licet
3316 2404 3574 2461 inserere.
3615 2439 3687 2449 —

2111 2488 2281 2544 Μιεει.
2299 2487 2434 2555 Quia
2463 2503 2592 2558 ergo
2613 2489 2855 2558 utrisque
2878 2498 3061 2545 notum
3082 2501 3191 2557 est,
3219 2495 3362 2563 quod
3385 2495 3505 2551 ideo
3534 2513 3563 2552 a
3591 2514 3696 2554 vo-

2107 2576 2212 2642 bis,
2234 2585 2294 2632 ut
2318 2577 2373 2631 id
2398 2577 2698 2649 symbolum
2741 2581 3007 2635 cantando
3036 2581 3121 2636 vel
3160 2585 3446 2641 scribendo
3474 2588 3684 2643 insera-

2110 2676 2218 2730 tur,
2245 2666 2488 2721 illicitum
2519 2667 2749 2721 ducatur
2780 2668 2862 2721 vel
2887 2669 3118 2735 dicatur,
3150 2673 3275 2741 quia
3318 2674 3392 2728 illi
3418 2676 3509 2745 qui
3539 2677 3684 2733 idem

2107 2754 2405 2826 symbolum
2431 2757 2781 2811 condiderunt
2807 2774 2911 2811 non
2948 2759 3274 2827 indiderunt,
3304 2771 3362 2817 ut
3382 2773 3597 2831 cetera,
3630 2775 3680 2821 et

440 2859 853 2912 iiovissimarum
885 2854 1275 2910 definitionum.
1322 2881 1395 2893 -
1437 2850 1606 2906 Μιεει.
1654 2849 1789 2917 Quia
1837 2865 1969 2905 vero
1993 2890 2009 2916 ,
2038 2835 2086 2893 Β
2114 2857 2400 2918 sequentes
2433 2850 2758 2920 principales
2782 2851 2987 2921 synodi,
3037 2849 3490 2912 Chalcedonensis
3534 2859 3686 2914 scili-

438 2960 495 3005 ut
515 2950 714 3012 dicitis,
738 2948 816 3001 ita
845 2946 1209 3002 certissimum
1240 2943 1567 2999 credendum
1598 2950 1703 3007 est,
1739 2942 2015 2997 credendo

438 3038 844 3095 immntabiliter
892 3036 1201 3100 tenendum,
1253 3034 1484 3089 tenendo
1509 3048 1663 3098 vero,
1704 3032 1877 3089 sicubi
1920 3047 2015 3087 ne-

433 3143 589 3185 eesse
664 3127 863 3191 fuerit,
928 3123 1364 3181 constantissime
1431 3120 1824 3177 defendendum
1888 3129 1973 3177 est
1994 3160 2011 3187 ,

436 3220 680 3291 nunquid
726 3234 833 3274 non
877 3217 930 3272 id
978 3215 1279 3271 nescientes
1322 3212 1622 3268 docendum
1645 3252 1661 3277 ,
1719 3212 2013 3267 scientibus

437 3320 657 3373 autem,
709 3315 772 3362 ut
821 3307 874 3361 id
924 3305 1184 3360 attentius
1230 3312 1532 3365 teneamus,
1586 3300 2011 3359 confirmandum

435 3400 552 3454 est?
571 3428 642 3439 ——
664 3397 827 3451 PAPA.
857 3396 936 3450 lta
960 3403 1062 3449 est.
1090 3424 1163 3435 -—
1190 3392 1360 3447 Missi.
1386 3390 1448 3446 Si
1473 3393 1546 3446 ita
1568 3399 1671 3456 est,
1690 3393 1734 3447 si
1758 3393 1880 3462 quis
1907 3395 2012 3449 hoc

408 3489 708 3547 'irescierit,
757 3486 839 3539 vel
868 3485 939 3538 ita
971 3499 1079 3538 non
1126 3482 1455 3545 crediderit,
1494 3494 1621 3533 num
1667 3479 1847 3536 salvus
1891 3496 2012 3535 esse

436 3579 666 3649 poterit?
692 3604 764 3617 --
808 3574 973 3628 Pars.
1011 3570 1267 3639 Quisquis
1314 3570 1381 3624 ad
1418 3570 1521 3623 hoc
1542 3581 1703 3623 sensu
1732 3570 2011 3624 subtiliore

436 3670 738 3738 pertingere
766 3671 961 3733 potest,
990 3670 1045 3715 et
1072 3662 1125 3715 id
1154 3660 1315 3721 scire,
1349 3667 1443 3713 aut
1466 3659 1540 3713 ita
1568 3658 1748 3713 sciens
1787 3659 2011 3715 credere

436 3758 689 3818 noluerit,
713 3755 892 3808 salvus
920 3766 1043 3806 esse
1070 3765 1177 3805 non
1215 3750 1431 3820 poterit.
1468 3749 1607 3804 Sunt
1629 3750 1774 3805 enim
1815 3750 2005 3808 multa.

507 3924 530 3949 ιι
571 3907 721 3961 [iulio
743 3920 860 3975 qua:
888 3901 1064 3975 habita
1087 3909 1179 3963 est,
1199 3907 1303 3954 etc.
1328 3897 1483 3975 Apud
1510 3897 1811 3975 Bauuniutu
1830 3908 2010 3975 esstat

436 3994 579 4034 anno
621 3967 921 4039 809,'uum.
958 3971 1027 4025 54
1064 3983 1235 4039 usque
1276 3969 1344 4023 ad
1377 3967 1542 4039 fnum.
1574 3967 1662 4039 A65
1702 3968 2005 4039 inclusive;

434 4052 515 4104 sic
542 4037 811 4102 autemse
841 4042 1002 4096 habet
1035 4059 1048 4094 :
1075 4037 1254 4108 Lectis
1277 4056 1311 4091 a
1347 4037 1611 4108 prwdiclis
1638 4038 1831 4104 missis,
1874 4049 2007 4105 etc.,

439 4132 497 4175 ut
522 4116 704 4186 supra.
738 4114 862 4186 Post
895 4114 1006 4166 hinc
1033 4107 1354 4186 autem_Leo
1372 4122 1510 4177 papa
1548 4115 1732 4162 custos
1769 4109 2002 4186 antiqui-

2112 2949 2199 2995 cet
2240 2948 2447 3009 quarta,
2488 2938 3083 3011 Constantinopolitana
3131 2960 3343 3015 quoque
3392 2950 3581 3017 quinta
3629 2960 3713 3009 et,

2113 3039 2283 3094 sexta,
2313 3036 2374 3084 ut
2399 3044 2594 3084 novum
2623 3030 2765 3084 ultra
2787 3031 3086 3101 symbolum
3129 3049 3160 3089 a
3198 3051 3467 3106 quoquam
3510 3040 3686 3108 quali-

2109 3119 2203 3175 bet
2226 3121 2565 3186 necessitate,
2591 3137 2684 3176 seu
2698 3120 2938 3177 salvandi
2958 3122 3204 3180 homines
3223 3127 3520 3194 devotione,
3553 3145 3686 3186 con-

2110 3209 2259 3273 dere,
2289 3207 2419 3264 etin
2446 3210 2718 3265 veteribus
2740 3209 2975 3267 tollendo
3002 3253 3017 3276 ,
3051 3215 3328 3282 addendo,
3358 3219 3684 3276 mutandove

2111 3298 2400 3368 quidquam
2429 3298 2667 3353 inserere
2692 3299 3105 3369 prohibuerunt,
3137 3320 3244 3359 non
3269 3315 3353 3360 est
3381 3307 3453 3362 ibi
3481 3308 3683 3366 diutius

2111 3388 2523 3443 immorandum.
2557 3389 2663 3444 Sed
2689 3390 2791 3444 hoc
2814 3406 3021 3460 quaero,
3047 3393 3149 3448 hoc
3173 3401 3231 3448 ut
3263 3396 3472 3451 dicatur
3497 3414 3628 3468 rogo
3662 3416 3678 3455 :

2111 3477 2236 3547 quia
2288 3477 2341 3531 id
2370 3477 2591 3531 credere
2634 3479 2832 3532 bonum
2863 3487 2966 3544 est,
2997 3482 3199 3536 bonum
3233 3484 3391 3541 hodie
3427 3488 3568 3543 sicut
3610 3492 3681 3546 ad

2110 3564 2434 3619 credendum
2455 3565 2529 3618 ita
2552 3564 2619 3618 ad
2637 3568 2964 3620 cantandum
2996 3577 3121 3624 tunc
3154 3586 3294 3637 esse,
3324 3574 3369 3629 si
3400 3577 3468 3631 ab
3497 3578 3575 3634 eis
3597 3580 3681 3634 in-

2111 3664 2313 3709 sertum
2343 3654 2551 3709 fuisset.
2588 3685 2656 3694 —-
2682 3653 2846 3709 PAPA.
2876 3655 3081 3712 Bonum
3116 3671 3281 3727 certe,
3308 3672 3365 3719 et
3393 3666 3545 3723 valde
3582 3668 3680 3723 bo-

2111 3762 2262 3813 num,
2288 3756 2348 3802 ut
2368 3755 2491 3818 pote
2514 3755 2621 3802 tam
2654 3749 2777 3803 ﬁdei
2803 3761 3201 3808 sacramentum
3232 3771 3506 3828 magnum,
3531 3763 3677 3831 quod

2110 3902 2235 3982 llaec
2254 3902 2347 3957 ibi.
2375 3902 2599 3982 Quando
2618 3912 2818 3971 autem,
2846 3914 2898 3982 et
2927 3922 3050 3982 qua_
3061 3909 3342 3982 occasione
3370 3911 3457 3968 illa
3487 3914 3675 3982 verba,

2109 3971 2372 4051 Filioque,
2422 3974 2607 4051 uilem
2654 3971 2978 4051 auctoritate
3016 3977 3245 4051 Romani
3290 3982 3563 4051 pontificis
3619 3971 3675 4040 in

2110 4042 2410 4115 symbOlum
2441 4043 2496 4096 in
2535 4042 2775 4121 Romana
2826 4045 3078 4121 Ecclesia
3117 4049 3225 4102 sint
3278 4042 3514 4121 recepta,
3564 4054 3672 4109 alia

2108 4122 2362 4191 poscente
2391 4127 2573 4177 causa,
2603 4114 2861 4191 suodoco
2886 4115 3079 4191 dicturi
3102 4132 3319 4191 sumus;
3369 4114 3432 4191 ac
3454 4114 3672 4191 quando

436 4178 675 4250 tntis-al)
709 4185 789 4255 eis
818 4185 1155 4255 pnesumpt'e
1176 4178 1379 4246 absque
1402 4190 1665 4231 consensu
1680 4179 2001 4255 apostolica
2028 4179 2072 4241 C
2104 4178 2314 4255 pariter
2331 4191 2564 4255 emptum
2588 4183 2660 4237 sit
2680 4183 2823 4255 idem
2863 4185 3162 4254 symbolum
3182 4254 3187 4255 ί
3206 4186 3259 4241 in
3287 4178 3675 4247 eadem'ecclea

433 4246 576 4313 sedis
615 4246 843 4308 licentiae
885 4246 1081 4304 vindei
1123 4260 1587 4317 assurgenstnou
1616 4246 1791 4317 solum
1822 4250 2002 4304 verbis

435 4324 747 4381 disserendo
772 4331 826 4377 et
841 4317 1213 4390 praecipiendo,
1231 4314 1533 4390 quidvellet
1559 4314 1699 4381 ﬁeri,
1714 4317 1996 4390 patefecit;

433 4398 526 4450 sed
559 4385 1269 4458 imlelebile’monumentum
1301 4385 1616 4458 erigendum
1637 4385 1864 4454 putavit,
1893 4403 2001 4458 quo

435 4465 664 4534 posteris
704 4464 1066 4534 innotesceret
1108 4456 1161 4534 in
1204 4470 1369 4534 sacro
1412 4456 1656 4534 symbolo
1676 4471 1819 4534 “esse
1865 4456 1998 4534 nihil

433 4524 756 4589 allendum.
797 4526 1176 4599 Siquidem_in
1216 4524 1642 4599 basilica‘sancti
1675 4525 1821 4599 Petri
1868 4528 1996 4599 (non

433 4616 613 4658 autem
646 4601 817 4673 Pauli,
847 4593 907 4673 u'_t
941 4596 1136 4673 aliquis
1184 4593 1446 4673 asseruit)
1478 4593 1613 4650 duas
1655 4593 1886 4673 tabulas
1910 4613 1998 4673 ar-

432 4685 652 4741 genteas
682 4670 748 4725 ad
775 4663 1164 4741 confessionem
1211 4663 1448 4741 ejusdem
1496 4663 1846 4741 sanetiPetri
1890 4665 1997 4741 alli-

433 4732 633 4810 gandas
658 4739 888 4802 curavit,
928 4739 981 4791 in
1020 4748 1251 4806 quarum
1280 4732 1448 4786 altera
1476 4733 1776 4854 sfgmholum
1807 4733 1997 4790 Latine

434 4813 693 4854 snl‘lnllnn
734 4808 1026 4854 legeretur.
1062 4805 1115 4854 in
1145 4802 1315 4854 altera
1336 4816 1465 4854 vero
1540 4815 1677 4854 raece
1714 4812 1995 4854 exaratum

434 4802 695 4879 scriptum
724 4802 1115 4879 legentum—in
1145 4802 1315 4879 altera
1336 4816 1465 4854 vero
1490 4802 1677 4879 graece
1714 4812 1995 4879 exaratum

434 4868 635 4947 absque
662 4868 845 4947 aliqtio
888 4868 1385 4947 quatuor__illarum
1439 4868 1998 4947 syllaba-rumfaddita-

433 4937 613 5003 mento
651 4937 921 5014 Filioque,
962 4942 1055 4997 sed
1106 4937 1236 4993 illud
1266 4939 1324 5019 in
1355 4937 1726 5019 suo’pristino
1763 4937 1996 5019 candore

435 5018 599 5070 voluit
632 5006 1251 5083 integrum'permanere.
1284 5006 1379 5083 Est
1407 5006 1604 5083 mentio
1632 5007 1822 5083 ha_rum
1848 5011 1998 5065 tabu-

435 5087 606 5139 larum
648 5075 786 5153 apud
821 5075 1181 5153 Anastasium.
1205 5078 1259 5131 in
1306 5077 1422 5153 ipso
1452 5075 1653 5153 Leone,
1677 5077 1804 5153 dum
1831 5093 1995 5153 agens

434 5159 501 5209 dc
537 5146 769 5209 basilica:
820 5149 992 5205 sancti
1042 5146 1185 5202 Petri
1239 5146 1447 5202 collatis
1493 5146 1650 5202 donis
1703 5148 1821 5202 haec
1870 5146 1992 5215 ait,

434 5235 715 5294 postquam
769 5221 835 5275 de
875 5215 1222 5294 ornamentis
1279 5215 1473 5294 oblatis
1528 5216 1707 5294 eidem
1750 5216 1993 5274 ecclesia:

434 5286 685 5347 immunita
707 5289 965 5360 praemisit
995 5302 1008 5340 :
1044 5305 1063 5360 ε
1088 5286 1338 5360 llic_ve_ro
1355 5324 1369 5350 ,
1393 5286 1588 5360 inquit,
1618 5301 1716 5356 pro
1736 5302 1919 5343 amore
1939 5297 1995 5344 et

431 5362 641 5417 cautela
672 5355 986 5416 orthodoxae
1035 5355 1158 5410 ﬁdei
1184 5355 1309 5410 fecit
1354 5357 1442 5409 ubi
1469 5355 1633 5425 supra
1673 5368 1855 5412 scutos
1903 5372 1992 5411 ar-

432 5445 651 5500 genteos
678 5432 831 5500 duos,
853 5428 1079 5500 scriptos
1109 5435 1367 5500 utrosque
1390 5425 1659 5500 symbolo,
1685 5441 1848 5500 unum
1873 5429 1992 5496 qui-

432 5494 554 5556 dem
604 5499 800 5557 litteris
851 5494 1073 5561 Gruicis,
1127 5505 1183 5568 et
1237 5494 1691 5568 alium'Latinis,
1745 5494 1992 5552 sedentes
2019 5506 2151 5568 Det

435 5572 520 5627 de)
543 5582 652 5625 tera
680 5571 913 5639 laevaque
942 5581 1103 5636 super
1120 5566 1432 5639 ingressum
1479 5563 1743 5639 corporis,
1767 5580 1994 5634 pensan-

439 5650 518 5695 tes
536 5640 739 5711 urgenti
762 5635 921 5697 libras
941 5635 1225 5707 nonaginta
1250 5641 1499 5702 quatuor,
1523 5644 1579 5689 et
1617 5635 1800 5689 uncias
1826 5651 1940 5692 sex.
1967 5654 1985 5689 ι

2102 4252 2183 4321 sia
2198 4252 2341 4316 cani,
2355 4266 2453 4321 par
2465 4252 2571 4321 erit
2586 4268 2683 4307 suo
2707 4253 2824 4309 loco
2848 4252 3116 4309 tractatio.
3127 4254 3451 4313 Walafridus
3473 4258 3672 4317 Strabo

2103 4320 2379 4399 (De__rebus
2429 4320 2609 4399 eccles.
2641 4339 2756 4393 cap.
2804 4323 2895 4392 22)
2933 4325 3399 4399 temporishujus
3433 4329 3671 4399 scriptor

2103 4391 2285 4467 tradit,
2314 4406 2501 4467 usum“
2526 4391 2669 4467 hunc
2701 4391 2968 4467 cantandi
3016 4391 3326 4467 sumbolum
3349 4411 3380 4449 a
3426 4391 3670 4467 tempore

2098 4458 2367 4540 dampaue
2394 4460 2675 4540 Felicianse
2701 4463 2923 4517 haeresis
2950 4462 3004 4540 in
3046 4458 3221 4540 Callia
3247 4472 3410 4540 atque
3441 4458 3669 4540 Germa—

2097 4531 2186 4601 uia
2216 4527 2644 4601 frequentatum;
2676 4540 2838 4599 atque
2887 4531 3076 4586 eadem
3102 4527 3559 4601 ratione'factum,
3603 4528 3667 4592 'ut

2098 4598 2765 4669 Constantinopolitanum’
2783 4601 2959 4669 potius
2984 4616 3144 4669 quam
3171 4601 3447 4658 Nicaenum
3482 4598 3553 4659 in'
3576 4621 3669 4662 ec-

2099 4667 2263 4721 clesia
2312 4676 2634 4743 cerneretur,
2675 4667 2817 4737 quod
2866 4667 3073 4743 scilicet
3118 4669 3667 4743 Constantinopolita-

2098 4751 2225 4789 num
2278 4736 2455 4805 aptius
2500 4736 2774 4792 videretur
2824 4739 3053 4794 modulis
3109 4742 3347 4796 musicis.
3415 4736 3522 4797 Séd
3566 4759 3667 4798 cur

2099 4820 2204 4881 uon
2226 4806 2437 4881 potius,
2482 4808 2628 4881 quod
2671 4808 2775 4881 hoc
2810 4807 3018 4881 plenius
3046 4809 3133 4873 sit,
3162 4819 3223 4864 ut
3256 4820 3380 4879 pote
3406 4813 3551 4881 quod
3596 4814 3663 4868 de

2099 4872 2333 4952 Spiritus
2357 4872 2530 4952 sancﬂti
2579 4872 2858 4952 divinitate
2905 4872 3322 4950 habeat'mag'is
3349 4872 3662 4952 expressam

2098 4944 2440 4998 sententiam.
2477 4943 2600 4997 Ssv.
2626 4942 2743 4998 Bm.
3239 4942 3266 4950 '
3420 4942 3434 4952 '
3571 4979 3580 4989 .

2166 5010 2544 5090 1{Testimonia
2573 5014 3151 5090 sanctorumgPatrum,
3167 5031 3395 5087 quorum
3435 5019 3493 5090 iu
3513 5019 3667 5090 prin-

2095 5080 2235 5150 cipio
2270 5080 2493 5152 hujusce
2529 5084 2853 5138 narrationis
2885 5085 2944 5138 tit
2989 5080 3225 5152 mentio',
3265 5095 3400 5142 teste
3452 5080 3664 5144 Holste-

2095 5150 2630 5225 n_io_subjunguntur
2677 5152 2732 5206 in
2778 5154 3037 5225 Vaticano
3087 5150 3461 5225 nis.'ipsimet
3499 5157 3663 5212 colla-

2095 5220 2246 5276 tioni.
2277 5219 2334 5275 ln
2391 5219 2491 5276 m's.
2542 5236 2672 5276 vero
2706 5223 3064 5278 serenissima:
3116 5219 3313 5281 regina:
3363 5224 3659 5281 Succorum

2092 5298 2270 5345 exstat
2297 5289 2520 5361 epistola
2545 5289 2724 5361 Caroli
2752 5291 3091 5361 imperatoris
3136 5289 3204 5348 ad
3237 5293 3469 5348 Leonem
3500 5294 3566 5349 Ill
3596 5295 3664 5348 de

2091 5361 2451 5433 proc_e_ssione_
2473 5359 2706 5433 Spiritus
2737 5359 2907 5433 sancti
2926 5378 2995 5433 es
3012 5361 3193 5433 Filio,
3208 5378 3304 5433 per
3329 5364 3503 5419 dictos
3533 5363 3666 5417 mis-

2093 5426 2182 5483 sos
2197 5426 2572 5552 ABernarium,
2598 5426 2751 5484 Jesse
2777 5437 2832 5485 et
2857 5426 3437 5513 Adalardumfdireeta
3458 5472 3472 5498 ,
3499 5447 3663 5500 quam

2095 5506 2151 5552 et
2239 5498 2523 5552 maraudus
2571 5496 2738 5552 abbas
2791 5500 2990 5552 edidit.
3030 5509 3105 5552 et
3155 5516 3327 5552 nuper
3368 5518 3422 5552 In
3485 5503 3659 5552 lucem

2239 5498 2523 5565 maragdus
2571 5496 2738 5553 abbas
2791 5500 2990 5565 edidit,
3030 5509 3105 5556 et
3155 5496 3327 5565 nuper
3368 5501 3423 5555 in
3461 5496 3659 5555 lucem

2099 5567 2295 5621 emissa
2331 5575 2415 5637 est
2453 5575 2574 5635 post
2609 5568 2839 5637 synodos
2887 5569 3156 5626 Romanas
3193 5584 3225 5624 a

2098 5637 2272 5692 stenio
2306 5636 2575 5692 collectas.
2609 5636 2768 5692 Lm.

3303 5572 3491 5627 eodem
3534 5569 3667 5625 Hol-
