3960 6422
272 297 374 367 973

1366 305 1546 361 ACTA
1586 305 2040 362 COLLATIONIS
2079 293 2408 364 nontam.

3405 299 3508 367 εῖτ-ι

275 442 378 483 non
405 424 531 478 licet
554 437 660 477 non
685 421 925 479 credere.
958 417 1200 489 quisquis
1222 418 1299 472 ad
1344 419 1445 474 hoc
1469 419 1614 474 valet
1632 419 1838 484 pertin—
1865 423 1916 482 Α
1941 418 2025 474 dis
2053 420 2323 490 mysteriis
2350 429 2551 474 temere
2592 419 2891 489 loquamur,
2937 421 3096 476 dettlr
3137 422 3508 480 considerandi

275 533 420 590 gere.
445 544 519 554 —
542 513 714 568 M1331.
744 511 994 582 Nunquid
1020 526 1126 564 non
1154 511 1290 565 bene
1328 512 1468 565 idem
1496 518 1624 566 tunc
1661 518 1845 566 aucto-

275 623 362 662 res
407 603 683 666 fecissent,
721 603 767 656 si
793 610 1028 671 quatuor
1060 610 1268 655 tantum
1297 601 1540 658 addendo
1565 602 1840 672 syllabas,

276 707 383 750 tam
409 677 876 766 pernecessarium
902 691 1023 746 fidei
1055 700 1448 745 sacramentum
1475 693 1842 748 eu‘netisdein-

275 799 401 852 ceps
432 781 645 838 smculis
658 779 998 848 perspicuum
1022 779 1377 834 redderetur?
1410 797 1479 817 -δ-
1509 779 1670 834 Part.
1692 780 1844 834 Sicut

275 890 380 930 non
432 871 606 926 audeo
651 869 830 922 dicere
877 883 982 920 non
1027 866 1162 921 bene
1201 866 1412 930 fecisse,
1461 867 1506 920 si
1545 868 1840 933 fecissent,

275 965 400 1033 quia
432 960 620 1032 procul
651 959 812 1014 dubio
839 958 978 1012 sicut
1005 965 1195 1012 caetera
1225 972 1345 1027 quae
1373 959 1456 1012 vel
1500 959 1840 1025 omiserunt,

275 1057 509 1110 scientes
554 1055 761 1122 utique,
797 1061 852 1106 et
897 1067 1002 1105 non
1034 1060 1142 1104 tam
1183 1052 1416 1105 humana
1454 1067 1612 1121 quam
1664 1053 1842 1107 divina

274 1147 560 1200 illuminati
591 1144 854 1214 sapientia
889 1143 1150 1208 fecerunt,
1189 1143 1262 1198 ita
1292 1160 1505 1213 quoque
1529 1161 1635 1199 non
1671 1147 1842 1202 audeo

274 1235 454 1289 dicere
481 1235 620 1288 istud
665 1248 758 1287 eos
787 1233 943 1286 nobis
982 1233 1161 1286 minus
1209 1233 1567 1297 intellexisse;
1615 1248 1844 1302 perpen-

274 1325 419 1378 disse
441 1339 540 1378 cur
563 1323 904 1385 dimiserunt,
928 1321 1013 1375 vel
1039 1336 1136 1374 cur
1150 1321 1449 1385 dimissum,
1477 1337 1544 1375 ne
1567 1321 1704 1374 ultra
1727 1322 1845 1375 mit-'-

275 1422 500 1479 teretur,
528 1413 667 1468 sicut
693 1421 748 1467 et
767 1422 959 1466 caetera
988 1412 1328 1481 prohibuere.
1359 1412 1436 1466 Tu
1466 1421 1522 1466 et
1559 1413 1634 1467 tui
1666 1413 1844 1468 videte

272 1505 402 1574 quid
437 1505 682 1559 sentiatis
731 1504 797 1558 de
830 1503 1004 1558 vobis.
1057 1503 1187 1556 Nam
1227 1511 1284 1557 et
1330 1520 1428 1574 ego
1472 1520 1556 1558 mc
1584 1505 1689 1560 illis
1734 1521 1842 1560 non

273 1597 395 1652 dico
419 1596 723 1665 praeferam,
750 1595 844 1650 sed
890 1595 1052 1649 etiain
1106 1595 1235 1650 illud
1283 1596 1425 1650 absit
1465 1596 1594 1650 mihi
1643 1606 1703 1650 ut
1753 1611 1844 1652 co-

271 1701 487 1755 :equare
515 1701 930 1755 praesumam.—
945 1685 1283 1741 Misst.Absit
1309 1686 1492 1752 etiam,
1521 1687 1704 1752 Pater,
1731 1689 1845 1744 Deo

1941 509 2111 574 locus,
2143 520 2198 565 et
2227 512 2471 566 dabimus
2502 512 2761 580 quidquid
2789 512 2856 566 de
2884 512 2968 568 his
2991 513 3199 568 dederit
3225 513 3503 570 Dominus.

1939 628 2011 638 —
2057 597 2128 651 Et
2176 609 2431 654 nocturna
2469 599 2722 654 dilatione
2755 616 2986 670 congrua
3021 602 3167 666 data,
3215 603 3289 657 ait
3320 602 3460 658 ΡΑΡΑ
3489 616 3504 658 t

1940 685 2189 755 Nunquid
2215 688 2384 757 magis
2406 689 2638 744 salutare
2675 697 2760 744 cst
2786 691 3043 756 credere,-
3079 693 3508 760 perieulosumve

1941 792 2046 832 non
2082 777 2327 842 credere,
2349 776 2605 848 Spiritum
2635 789 2878 835 sanctum
2906 797 2936 836 a
2961 781 3098 836 Filio
3124 785 3264 839 sicut
3290 801 3320 838 a
3348 786 3508 842 Patre

1939 867 2255 936 procedere,
2281 882 2442 936 quam
2465 867 2660 922 Filium
2683 870 3001 938 sapientiam
3018 871 3185 926 Deum
3201 889 3228 926 a
3245 874 3506 942 sapientia

1941 955 2070 1020 Deo,
2093 957 2370 1010 veritatem
2385 957 2549 1010 Deum
2582 973 2612 1012 a
2641 960 2869 1013 veritate
2895 961 3004 1014 Deo
3025 961 3262 1030 genitum
3288 975 3430 1026 esse,
3454 971 3513 1018 et

1940 1052 2119 1099 tamen
2146 1055 2433 1116 utrumque
2462 1058 2623 1102 unam
2653 1050 2995 1118 sapientiam,
3027 1067 3189 1105 unam
3226 1053 3508 1108 veritatem

1941 1137 2294 1191 essentialiter
2315 1139 2481 1192 Deum
2496 1153 2634 1204 esse,
2665 1153 2788 1194 eum
2814 1148 2995 1194 tamen
3019 1150 3233 1196 constet
3258 1143 3309 1196 id
3339 1145 3505 1196 a'san‘

1941 1226 2044 1281 etis
2070 1225 2322 1283 Patribus
2346 1229 2521 1283 eidem
2570 1229 2814 1298 symbolo
2857 1231 3082 1284 inditum
3124 1247 3230 1286 non
3273 1233 3426 1286 esse?
3454 1231 3511 1286 Si

1941 1333 2068 1389 ergo
2090 1321 2205 1376 hinc
2227 1322 2352 1385 duo,
2387 1323 2544 1376 sicuti
2591 1323 2861 1392 sapientes
2895 1324 3067 1388 decet,
3097 1323 3153 1377 in
3200 1333 3308 1376 tam
3352 1324 3509 1378 fami:

1940 1409 2059 1465 liari
2087 1412 2452 1481 disputatione
2471 1414 2542 1468 ad
2571 1410 2678 1468 hoc
2699 1414 2902 1478 valent,
2925 1422 2982 1467 ut
3011 1414 3286 1468 nobiscum
3311 1415 3513 1468 sentin-

1941 1501 2012 1556 tis
2035 1511 2092 1556 et
2115 1503 2472 1573 cognoscatis,
2501 1509 2583 1557 tot
2608 1504 2818 1571 priores
2846 1503 3142 1558 catholicos
3166 1503 3374 1568 Patres,
3419 1506 3508 1573 qui

1941 1589 2044 1646 hoc
2071 1592 2212 1644 unde
2251 1589 2532 1659 agiturch
2576 1590 2832 1662 symbolis
2873 1607 2980 1645 non
3017 1592 3382 1657 inseruerunt,
3426 1591 3513 1647 vel

1943 1680 2181 1735 inserere
2227 1681 2676 1749 quemadmodum
2726 1689 2956 1748 caetera,
3001 1689 3062 1736 ut
3104 1698 3263 1752 supra
3309 1683 3509 1738 dictum

273 1785 460 1830 austro
490 1782 818 1846 prolegente,
847 1776 977 1830 illud
1012 1791 1043 1830 ει
1073 1775 1249 1840 nobis,
1297 1783 1358 1829 ιιι
1403 1791 1499 1831 nos
1546 1777 1838 1846 quidquam
1867 1762 1914 1820 B
1941 1777 2041 1834 est,
2064 1771 2388 1840 prohibuere
2419 1790 2433 1825 ἓ
2473 1781 2578 1827 non
2611 1773 2865 1842 prasenti
2895 1773 3220 1843 ignorantia,
3261 1787 3371 1826 non
3424 1773 3512 1828 fu-

273 1869 466 1920 horum
493 1867 791 1936 cogitemus
816 1865 899 1920 vel
924 1866 1188 1932 dic’amus,
1215 1865 1297 1920 vel
1332 1866 1584 1935 superbia
1631 1865 1799 1920 inflati
1824 1896 1842 1932 ,-

273 1955 355 2010 vel
385 1957 438 2010 in
467 1956 663 2010 divinis
685 1957 844 2010 rebus
871 1955 1120 2010 humana:
1154 1954 1326 2010 laudis
1351 1955 1601 2023 cupidine
1643 1969 1840 2024 provo-

273 2046 401 2110 cati,
429 2060 494 2100 ac
519 2045 564 2100 si
597 2052 812 2098 nosmet
837 2044 943 2099 illis
969 2059 1076 2099 non
1107 2051 1317 2098 tantum
1343 2045 1620 2114 praeferre,
1653 2059 1842 2099 verum

273 2137 439 2191 etiam
469 2150 750 2204 comquare
787 2140 1214 2205 praesumamus:
1244 2135 1340 2189 sed
1390 2143 1598 2188 tantum
1651 2149 1843 2189 secun-

273 2228 401 2282 dum
429 2225 588 2295 hujus
616 2227 950 2295 temporibus
985 2225 1321 2294 qualitatem,
1337 2233 1392 2280 et
1415 2224 1841 2280 imbecillitatem

274 2316 506 2372 fratrum
565 2316 873 2371 nostrorum
920 2316 1187 2370 charitate
1240 2317 1664 2385 compatientcs,
1711 2314 1841 2369 illud

240 2424 247 2432 ·
273 2408 584 2477 quaerimus,
613 2406 668 2460 in
697 2421 763 2461 eo
788 2405 1114 2470 laboramus,
1132 2405 1355 2474 ut,quia
1385 2405 1508 2460 ﬁnis
1535 2405 1718 2459 mundi
1748 2421 1842 2474 ap-

274 2496 618 2566 propinquat,
643 2495 698 2548 in
723 2509 829 2563 quo
851 2495 989 2549 sicut
1019 2495 1277 2564 praedicta
1323 2503 1448 2548 sunt
1477 2503 1720 2563 tempora
1748 2503 1843 2563 p‘e—

277 2585 534 2652 riculosa,
557 2585 721 2639 etiam
751 2583 874 2639 ideo
899 2585 1040 2639 inter
1073 2594 1268 2639 exetera
1300 2583 1536 2638 maxime
1583 2581 1843 2637 fratribus

276 2677 478 2731 nostris
505 2675 761 2745 prodesse
789 2675 1085 2730 valeamus.
1109 2673 1226 2741 Quo
1251 2682 1380 2745 ergo
1421 2672 1610 2728 ﬁdeles
1641 2673 1694 2726 in
1735 2672 1843 2727 Do-

275 2768 425 2822 mino
449 2767 503 2820 in
529 2775 866 2822 sacramento
904 2765 1028 2820 fidei
1059 2765 1282 2820 reddere
1319 2765 1632 2820 s—tudcamus
1657 2772 1712 2818 et
1760 2763 1841 2817 id-

276 2858 420 2912 circo
446 2857 570 2927 quia
600 2855 882 2927 praefatum
895 2855 1238 2926 symboluma
1268 2855 1586 2925 quibusdam
1610 2854 1683 2908 ita
1713 2869 1842 2909 ean-

277 2949 381 3002 tari
411 2949 731 3017 reperimus,
757 2956 813 3002 et
837 2947 978 3017 quod
1007 2947 1059 3001 id
1087 2945 1433 3002 celesiastica:
1454 2959 1750 3015 congruere
1777 2943 1843 2998 fi-‘

277 3039 381 3102 dei,
412 3040 552 3094 sicut
570 3039 849 3104 sentimus,
883 3047 1044 3108 atque
1077 3052 1174 3108 per
1207 3038 1310 3091 boc
1338 3044 1393 3091 et
1419 3052 1562 3091 nunc
1586 3035 1696 3104 jam
1726 3035 1844 3106 plu-'

277 3131 444 3186 rimos
477 3130 683 3197 doctos,
706 3139 762 3185 et
788 3127 1037 3185 sinc'fine
1072 3143 1243 3198 usque
1266 3129 1320 3182 in
1359 3127 1520 3182 finem
1551 3127 1732 3182 saeculi
1773 3129 1840 3182 de

277 3231 430 3276 tanto
452 3222 731 3292 mysterio,
763 3222 808 3276 si
836 3221 910 3275 ita
937 3227 1208 3285 teneatur,
1230 3219 1574 3274 instruendos
1602 3233 1721 3274 esse
1746 3225 1841 3274 eo-

277 3311 576 3381 gnovimus,
604 3310 695 3379 qui
721 3319 1059 3379 nequaquam
1104 3309 1482 3371 instrueretur,
1513 3307 1617 3362 nisi
1657 3313 1842 3362 canta-

277 3408 462 3453 retur:
497 3398 686 3453 melius
706 3398 861 3452 nobis
899 3397 1074 3452 visum
1103 3395 1204 3450 fuit
1245 3397 1513 3452 cantando
1538 3405 1717 3450 tantos
1759 3395 1843 3449 in-

277 3496 506 3552 struere,
538 3497 698 3556 quam
719 3487 951 3542 tacendo
976 3485 1225 3541 indoctos
1245 3485 1570 3556 relinquere.
1613 3484 1672 3540 Si
1697 3485 1841 3541 enim

278 3579 441 3633 sciret
475 3579 772 3647 paternitas
812 3587 920 3643 tua,
961 3586 1162 3647 quanta
1206 3587 1330 3632 sunt
1380 3578 1540 3632 hodie
1579 3578 1745 3632 millia
1790 3578 1844 3632 id

278 3668 562 3722 scientiam
587 3667 714 3735 quia
744 3675 1014 3730 cantatur,
1031 3667 1120 3735 qui
1145 3682 1421 3736 nunquam
1446 3667 1638 3723 scituri
1658 3675 1840 3724 essent

276 3757 381 3810 nisi
409 3761 739 3818 eantaretur,
773 3753 1002 3808 fortasse
1024 3753 1302 3808 nobiscum
1328 3763 1565 3819 teneres,
1588 3763 1644 3809 et
1669 3756 1722 3809 id
1753 3763 1844 3809 tuo

277 3846 440 3901 etiam
469 3855 734 3912 consensu
757 3850 1137 3897 utcantaretur
1154 3844 1550 3912 acquiesceres.
1578 3873 1648 3882 —
1677 3843 1840 3897 ΡΑΡΑ.

278 3935 498 3989 interim
539 3933 791 3988 assentio.
851 3931 1276 3996 Verumtamen,
1321 3944 1523 4002 quasso,
1579 3932 1846 4003 responde

280 4025 411 4079 mihi
439 4041 451 4077 :
483 4022 620 4077 Nam
645 4023 894 4076 universa
931 4023 1235 4089 huiusmodi
1265 4023 1387 4078 fidei
1407 4023 1635 4094 mystica
1662 4038 1846 4078 saera-

281 4123 483 4177 menta,
520 4127 637 4181 quae
662 4111 904 4182 symbolo
933 4127 1040 4166 non
1063 4113 1427 4176 continentur,
1480 4113 1598 4168 sine
1649 4114 1844 4180 quibus

280 4203 526 4270 quisque,
553 4200 644 4269 qui
699 4201 765 4255 ad
817 4201 918 4255 hoc
951 4201 1257 4270 pertingere
1299 4200 1496 4270 potest,
1548 4202 1846 4257 catholicus

282 4305 402 4345 esse
431 4306 535 4344 non
552 4299 748 4358 potest,
776 4290 1028 4360 symbolis
1051 4290 1360 4354 inserenda,
1387 4300 1445 4345 et
1457 4299 1674 4360 propter
1698 4306 1845 4347 conx-

282 4379 536 4450 pendium
564 4378 1186 4448 minusintelligcntium,
1209 4386 1268 4432 ut
1294 4379 1484 4448 cuique
1501 4379 1736 4444 libuerit,
1755 4381 1844 4432 ad-

285 4469 457 4524 denda
489 4469 655 4523 sunt?
676 4499 748 4510 —-
785 4468 952 4524 MISSI.
979 4468 1324 4539 Nequaquam
1359 4487 1375 4523 :
1403 4471 1526 4540 quia
1557 4485 1660 4524 non
1690 4484 1842 4539 teque

283 4559 463 4613 omnia
494 4561 794 4615 necessaria
835 4565 983 4614 sant.
1008 4590 1078 4598 —
1116 4559 1283 4614 Pam.
1329 4560 1439 4614 Etsi
1473 4575 1578 4615 non
1617 4561 1794 4615 omnia
1825 4601 1840 4625 ,

283 4658 430 4704 certe
454 4649 686 4717 plurima
705 4657 829 4703 sunt
855 4649 938 4703 his
971 4649 1189 4714 similia,
1219 4663 1337 4718 qua:
1379 4649 1481 4703 nisi
1511 4665 1540 4703 a
1591 4650 1846 4719 capientis

283 4741 386 4796 bus
423 4739 730 4804 credantur,
757 4729 1010 4794 catholici
1029 4753 1147 4795 esse
1169 4752 1274 4794 non
1318 4749 1559 4810 possunt.
1585 4758 1653 4780 --'
1675 4739 1844 4794 MISSI.

286 4828 518 4884 Dabisne
542 4829 767 4898 aliquid,
791 4844 900 4883 non
926 4831 1047 4884 dico
1069 4829 1367 4894 sublimius,
1394 4831 1488 4884 sed
1512 4829 1706 4884 saltem
1725 4829 1850 4884 huic

286 4920 460 4974 simile
501 4921 746 4991 symbolo
779 4921 1008 4975 deesse?
1051 4937 1122 4960 -ι
1148 4919 1309 4974 Pam.
1356 4920 1557 4989 Nempe
1600 4921 1769 4981 dabo,
1797 4927 1852 4973 et

285 5009 621 5064 abundanter
650 5010 806 5064 dabo.
843 5007 1100 5062 —-'MlSSl.
1136 5009 1212 5062 Da
1248 5008 1423 5078 primo
1461 5024 1653 5070 unum,
1697 5017 1751 5061 et
1805 5010 1851 5062 si

286 5112 504 5155 necesse
529 5099 712 5165 fuerit,
742 5101 877 5156 adde
917 5101 1165 5156 alterum.
1188 5110 1259 5140 -λ
1283 5099 1443 5153 Pam.
1497 5100 1630 5166 Quia
1677 5101 1849 5155 amica

286 5187 464 5265 agitur
501 5196 843 5249 consentiens
871 5194 1010 5262 quod
1041 5193 1232 5262 agitur,
1275 5200 1331 5245 et
1361 5207 1460 5261 pro
1505 5199 1851 5260 utrarumque

286 5284 517 5353 partium
549 5285 806 5353 qua-ritur
834 5285 1003 5337 salute
1041 5283 1180 5352 quod
1223 5283 1480 5351 qumritur
1520 5280 1703 5352 (atque
1747 5283 1851 5336 uti-

287 5379 416 5425 nam
446 5373 656 5441 quoties
683 5373 880 5440 aliquid
915 5371 1216 5442 huiusmodi
1253 5372 1306 5426 in
1353 5365 1646 5441 majoribus
1675 5386 1769 5425 seu
1798 5372 1849 5425 in

288 5463 590 5518 minoribus
635 5463 1015 5518 ecclesiasticis
1062 5463 1144 5517 vel
1195 5463 1474 5517 catholicis
1533 5462 1854 5517 utilitatibus

285 5555 563 5622 (nimim,
603 5554 675 5608 ita
707 5567 801 5622 per
844 5554 1024 5606 onmia
1057 5553 1277 5622 paciﬁce
1318 5555 1437 5608 sine
1477 5568 1727 5623 perversa
1769 5553 1854 5606 in-

289 5632 526 5697 tentione
542 5650 875 5712 quaereretur
889 5644 953 5712 ε),
971 5656 1038 5694 ne
1065 5641 1190 5711 quid
1218 5641 1354 5698 forte
1376 5643 1441 5699 de
1467 5652 1572 5698 tam
1593 5656 1853 5697 reveren-

1942 1871 2060 1918 tura
2085 1865 2373 1934 negligenti
2404 1866 2738 1934 providentia
2751 1865 3182 1934 praetermisisse,
3207 1872 3260 1919 et
3288 1875 3512 1933 praeter.

1940 1952 2165 2006 missum
2206 1970 2274 2008 ne
2303 1955 2610 2008 mitteretur
2651 1955 3014 2024 prohibuisse,
3047 1969 3078 2008 a
3124 1955 3511 2009 coacervandis

1941 2042 2262 2097 testimoniis
2291 2043 2643 2098 libentissime
2671 2044 3016 2113 quiescimus.
3048 2043 3335 2097 Sciendum
3358 2059 3506 2107 vero,

1939 2145 2046 2184 non
2073 2131 2246 2186 solum
2278 2132 2573 2186 secundum
2609 2133 2902 2187 essentiam
2949 2133 3268 2198 divinitatis,
3323 2148 3511 2188 verum

1939 2222 2100 2276 etiam
2129 2224 2422 2278 secundum
2446 2223 2765 2293 mysterium
2780 2223 3069 2280 Dominicaa
3097 2224 3511 2285 incarnationis.

1941 2319 2119 2379 tanta,
2145 2314 2515 2377 Deoauetore,
2549 2322 2605 2369 et
2631 2329 2699 2368 ex
2728 2313 3038 2369 eorumdem
3063 2315 3283 2369 Patrum
3325 2323 3515 2368 aucto.

1941 2405 2100 2459 ritate
2128 2406 2316 2459 damus
2340 2412 2394 2458 et
2424 2404 2569 2467 talia,
2601 2412 2801 2473 quanta
2838 2420 2945 2459 non
2976 2404 3147 2459 solum
3178 2405 3511 2474 sapientibus

1939 2493 2274 2558 satisfacere,
2307 2493 2402 2550 sed
2426 2494 2590 2548 etiam
2615 2493 2808 2548 stultos
2850 2495 3031 2549 valent
3073 2497 3400 2566 opprimere.
3440 2511 3513 2537 -'--‘

1940 2583 2111 2639 Μιεδι.
2139 2584 2276 2650 Νοη,
2310 2585 2548 2654 inquam,
2585 2598 2803 2639 necesse
2828 2584 2988 2639 estin
3032 2599 3097 2640 eo
3125 2585 3393 2651 laborare,
3441 2601 3515 2640 an

1939 2672 2244 2726 nesciamus
2283 2671 2425 2740 quod
2467 2670 2669 2725 scimus
2699 2689 2711 2723 :
2744 2672 2868 2740 quia
2894 2672 3150 2742 quidquid
3174 2673 3370 2728 exinde
3417 2688 3516 2728 αεά

1941 2760 2044 2814 teri
2073 2760 2266 2822 sciunt,
2297 2775 2396 2814 nos
2427 2760 2536 2814 Deo
2560 2767 2782 2814 auctore
2827 2760 3048 2824 scimus,
3076 2770 3170 2815 aut
3197 2763 3339 2818 scire
3386 2778 3517 2832 pos-

1940 2861 2143 2914 sumus,
2172 2850 2217 2905 si
2248 2866 2353 2904 non
2377 2848 2855 2904 scimus—Pam.
2890 2849 3002 2904 Hoc
3029 2859 3134 2914 est,
3160 2851 3350 2920 inquit,
3367 2851 3512 2922 quod

1940 2939 2219 3002 miramur,
2247 2939 2338 3008 qui
2366 2938 2482 2992 sine
2514 2935 2855 3007 profectuoso
2884 2937 3069 2992 labore
3097 2940 3320 3007 potestis
3357 2942 3508 3010 quieo

1941 3041 2112 3094 scere,
2136 3028 2394 3083 laboratis
2423 3043 2488 3082 ne
2505 3027 2814 3096 quiescatis.
2839 3056 2907 3066 —
2933 3025 3100 3081 MISSt.
3130 3027 3247 3082 Non
3278 3029 3401 3085 ideo
3426 3029 3509 3084 la.

1867 3097 1911 3159 C
1942 3121 2199 3176 boramus
2225 3134 2293 3174 ne
2320 3120 2680 3188 quiescamus,
2712 3119 2803 3173 sed
2834 3135 2901 3173 ne
2925 3127 3144 3188 prbpter
3159 3120 3407 3176 inertiam
3436 3123 3511 3192 pii

1943 3211 2144 3266 laboris
2171 3210 2466 3280 praemium
2508 3209 2838 3272 amittamus,
2886 3216 2941 3263 et
2985 3209 3130 3263 salva
3167 3209 3508 3281 diligentiore

1943 3300 2329 3370 inquisitione,
2379 3298 2752 3366 declinataque
2804 3298 3067 3365 pertinaci
3125 3299 3466 3354 contentione
3494 3341 3509 3363 ,

1942 3393 2117 3446 adhuc
2128 3391 2300 3460 majus
2309 3390 2636 3446 arstimamus
2649 3389 2875 3452 lucrum,
2891 3389 3032 3458 quod
3047 3403 3144 3458 per
3159 3390 3262 3445 hoc
3277 3390 3330 3444 in
3347 3392 3513 3445 corde

1941 3483 2298 3551 quaerentium
2341 3481 2679 3550 acquiritur;
2711 3491 2873 3549 quam
2913 3479 3296 3534 detrimentum
3343 3480 3396 3534 in
3441 3496 3511 3534 eo

1943 3572 2057 3627 fieri
2084 3573 2297 3626 illorum
2326 3571 2417 3640 qui
2445 3569 2794 3633 addiderunt,
2825 3585 2889 3624 ac
2915 3569 2958 3623 si
2988 3583 3087 3637 per
3111 3570 3506 3624 contumaciam

1931 3671 2340 3732 {contemptores
2364 3669 2708 3730 paternarum
2726 3659 3167 3713 eonstitutionum
3188 3661 3504 3716 existerent.

1942 3755 2101 3808 Aliud
2142 3762 2225 3808 est
2263 3753 2405 3806 enim
2455 3765 2552 3819 per
2591 3740 2956 3819 arrogantiam
2989 3750 3340 3805 transiliendo
3367 3750 3508 3805 bona

1944 3853 2305 3905 contemnere,
2351 3841 2494 3893 aliud
2523 3842 2661 3893 bona
2691 3850 2790 3906 per
2825 3839 3258 3894 benevolentiam
3285 3840 3509 3895 metiara

1945 3931 2173 3986 efficere.
2191 3960 2260 3969 —
2287 3929 2447 3983 ΡΑΡΑ.
2478 3927 2624 3982 Istud
2647 3940 2860 3997 quoque
2889 3917 2992 3982 etsi
3030 3931 3083 3982 in
3112 3919 3433 3998 quihusdam
3459 3938 3519 3984 ut

1943 4030 2134 4092 agatur
2153 4019 2350 4074 bonum
2373 4025 2456 4072 est
2473 4058 2486 4080 ,
2519 4023 2624 4070 non
2648 4021 2834 4071 tamen
2867 4017 2990 4071 ideo
3015 4019 3214 4086 ubique
3248 4022 3512 4089 agendum

1942 4119 2044 4165 εει.
2073 4108 2188 4174 Qua
2223 4109 2287 4163 de
2320 4112 2379 4162 re
2421 4106 2586 4160 multa
2613 4107 2666 4161 id
2693 4106 2767 4160 ita
2793 4122 2914 4161 esse
2939 4108 3225 4177 probantis
3259 4111 3382 4165 addi
3414 4127 3510 4180 po-

1945 4207 2122 4253 terant
2153 4197 2457 4252 testimonia
2487 4215 2498 4249 :
2542 4196 2636 4251 sed
2663 4199 2754 4250 res
2778 4211 2878 4265 per
2905 4211 2964 4251 se
3007 4195 3297 4252 admodum
3341 4209 3514 4269 patet,

1942 4298 2147 4358 quanto‘
2167 4289 2356 4344 melius
2392 4291 2481 4354 sit,
2514 4289 2572 4344 ut
2612 4292 2841 4360 quisque
2885 4282 3162 4361 quodlibet
3194 4292 3394 4347 bonmn
3439 4293 3514 4346 ita

1947 4387 2005 4430 ut
2035 4388 2119 4432 est
2141 4379 2271 4433 utile
2318 4370 2542 4434 reddere
2571 4381 2787 4435 studeat
2814 4400 2828 4434 :
2861 4391 2974 4448 aut,
3014 4383 3060 4437 si
3089 4381 3226 4438 forte
3249 4383 3303 4438 id
3341 4385 3514 4454 ipsum

1947 4460 2145 4523 bunum
2193 4458 2383 4525 melius
2413 4470 2623 4527 edicere
2661 4460 2872 4538 nititur,
2920 4474 3020 4529 hoc
3069 4475 3245 4543 primo
3288 4486 3518 4541 caveat,

1948 4557 2049 4611 hoc
2078 4572 2399 4628 magnopere
2425 4556 2740 4627 perpendat,
2769 4577 2836 4615 ne
2862 4571 2917 4616 et
2960 4577 3018 4617 se
3043 4551 3183 4617 ultra
3224 4580 3384 4634 quam
3416 4566 3513 4619 de-

1951 4647 2066 4700 buit
2105 4648 2448 4701 temerarium
2496 4651 2895 4717 praesumendo,
2919 4659 2974 4705 et
3002 4640 3127 4706 illud
3158 4654 3297 4722 quod
3337 4669 3432 4723 per
3458 4669 3520 4708 se

1951 4725 2167 4793 salubre
2191 4736 2307 4791 erat
2330 4735 2521 4793 reddat
2549 4741 2767 4794 noxium
2797 4732 3212 4812 corrumpendo.
3253 4734 3366 4800 Nisi
3394 4747 3518 4815 quis

1955 4826 2092 4880 forte
2122 4832 2363 4882 asserere
2387 4822 2514 4882 velit
2546 4829 2612 4884 de
2639 4822 2889 4899 pratsenti
2913 4834 3053 4887 unde
3089 4837 3288 4902 agitur,
3319 4835 3401 4889 vel
3437 4838 3517 4891 si-

1946 4914 2170 4973 milibus
2199 4906 2467 4988 capitnlis,
2494 4936 2614 4988 qua:
2647 4921 2767 4975 sine
2787 4912 3026 4990 periculo
3051 4939 3150 4979 suo
3173 4925 3367 4980 docere
3390 4927 3516 4981 licet

1954 5017 2008 5061 et
2043 4999 2274 5072 discere,
2306 5014 2365 5062 ut
2391 5001 2522 5064 ordo
2547 5010 2768 5065 docendi
2801 5011 2980 5067 licitus
3018 5013 3338 5080 dimittatur,
3365 5025 3420 5070 et
3444 5016 3515 5070 il-i

1955 5096 2396 5159 deserantur,ubi
2415 5101 2684 5166 nunquam
2710 5099 2962 5171 deinceps
2977 5102 3282 5157 doeensaut
3307 5104 3518 5158 discens

1955 5183 2340 5250 innocens,sed
2365 5201 2576 5255 semper
2594 5202 2723 5242 sane
2750 5189 2803 5242 in
2832 5193 3274 5261 transgressionis
3292 5194 3527 5247 crimine

1956 5278 2147 5330 merito
2177 5265 2455 5346 eulpabilis
2503 5287 2728 5349 uterque
2775 5278 3067 5346 iudicetur.
3115 5283 3267 5350 Quod
3306 5293 3359 5338 te
3408 5283 3518 5338 for-

1956 5378 2115 5430 tassc,
2147 5357 2323 5423 sinon
2358 5368 2662 5438 dedigneris
2701 5373 2916 5437 audire,
2965 5389 3067 5429 non
3097 5376 3363 5432 immerito
3404 5386 3524 5430 tan-

1955 5459 2034 5527 git
2061 5473 2074 5511 :
2106 5460 2196 5527 qui
2241 5460 2328 5513 hic
2356 5461 2496 5526 quod
2526 5461 2784 5515 hactenus
2816 5463 2869 5516 in
2913 5464 3150 5521 Ecclesia
3179 5466 3292 5529 Dei,
3326 5473 3381 5520 et
3415 5457 3520 5522 sibi

1957 5549 2186 5618 quisque
2214 5549 2429 5617 sapiens
2462 5550 2624 5612 scire,
2647 5558 2703 5603 et
2735 5552 2850 5606 sine
2871 5554 3199 5622 cogitatione
3223 5544 3404 5609 delicti
3434 5555 3510 5608 ine

1959 5642 2220 5710 sipienter
2246 5641 2419 5711 potuit
2447 5643 2659 5706 docere,
2678 5642 2790 5712 jam
2824 5645 3077 5710 deinceps
3099 5658 3206 5697 non
3234 5643 3357 5698 dico
3385 5643 3522 5700 εωιρ
