3960 6414
429 303 534 360 973

1472 289 1818 347 APPENDIX
1852 290 1947 347 AD
1984 289 2336 348 SMARAGDI
2371 289 2617 349 OPERA.

3559 292 3667 350 976

433 429 517 472 tus
548 416 772 474 discere,
812 408 908 464 sed
932 420 1031 462 nec
1075 407 1191 477 ipse
1235 401 1454 473 sapiens
1500 404 1617 458 sine
1660 403 1991 472 praevarica-
2020 410 2068 469 Α
2093 405 2262 459 Missi.
2290 405 2449 472 Ergo,
2472 413 2533 458 ut
2567 405 2743 474 video,
2768 403 2896 458 illud
2936 418 2967 458 a
2992 412 3173 459 vestra
3213 404 3546 473 paternitate
3574 406 3670 461 de-

431 506 575 560 tione
619 500 791 572 possit
820 492 1068 562 cantare,
1117 496 1453 552 cantandove
1503 501 1566 548 ut
1598 493 1760 548 vultis
1804 507 1998 562 quem-

429 606 592 663 quam
619 590 832 652 docere,
860 593 916 641 ct
943 587 1071 640 dum
1093 583 1281 639 multis
1307 581 1413 638 alio
1439 597 1604 653 quam
1630 580 1839 637 debetis
1884 589 1999 640 tra-

428 684 559 739 mite
585 681 844 752 prodesse
872 677 1092 748 eligitis,
1122 675 1329 731 nullum
1350 676 1403 729 in
1427 675 1532 730 hac
1561 675 1823 730 duntaxat
1846 678 2000 743 parte

428 772 733 835 dimittitis,
769 768 856 824 cui
894 767 941 823 si
970 781 1068 822 vos
1095 773 1314 821 secutus
1374 764 1541 819 fuerit
1583 778 1691 820 non
1740 763 1994 818 noceatis.

418 860 563 918 Nam
584 861 653 918 de
679 876 746 917 eo
771 859 916 930 quod
943 874 1106 928 supra
1136 857 1417 922 docuistis,
1442 871 1547 910 non
1584 869 1737 924 mque
1751 853 2000 923 judican-

427 951 532 1007 dus
549 951 634 1006 vel
661 948 942 1005 habendus
970 948 1041 1002 sit
1081 947 1171 1002 ille
1190 946 1283 1015 qui
1311 946 1415 1000 tale
1436 944 1640 1014 aliquid
1676 945 1867 1000 devote
1886 943 2001 998 fru-

428 1052 575 1099 ctum
602 1039 893 1112 quaerendo
921 1046 1124 1108 ageret,
1159 1036 1251 1092 illo
1273 1037 1364 1105 qui
1401 1036 1502 1090 hoc
1542 1035 1851 1090 contumaci
1883 1033 2003 1103 jus-

433 1130 585 1185 sione'
604 1134 978 1199 pnesumeret.
1008 1125 1135 1180 Haec
1158 1124 1419 1189 defensio,
1460 1122 1579 1189 vel,
1610 1123 1657 1177 si
1681 1121 1789 1177 dici
1819 1120 1998 1190 liceat,

434 1218 829 1289 tergiversatio,
865 1230 971 1269 non
1000 1215 1108 1268 huc
1131 1212 1375 1282 respicit,
1405 1226 1513 1267 non
1554 1212 1700 1269 istud
1722 1212 1954 1268 intendit
1983 1229 1996 1266 ι

432 1309 556 1378 quia
586 1321 691 1360 non
728 1305 871 1359 idem
901 1311 1084 1374 patres
1106 1301 1463 1357 discernenda
1499 1300 1587 1357 vel
1619 1301 1998 1367 decreverunt,

432 1410 533 1450 nec
588 1400 907 1456 sanxerunt,
958 1399 1018 1445 ut
1069 1391 1245 1459 ipsum
1282 1388 1585 1445 benevolus
1618 1399 1999 1459 praesumeret,

433 1505 539 1546 non
588 1486 903 1550 malevolus,
948 1485 1043 1540 sed
1092 1483 1463 1538 tantummodo
1516 1482 1713 1538 nullus.
1734 1508 1809 1524 --
1828 1482 1997 1537 MlSSl.

432 1577 683 1648 Nunquid
716 1591 824 1631 non
855 1589 887 1628 a
915 1583 968 1630 te
1015 1574 1069 1629 id
1095 1574 1272 1642 ipsum
1315 1572 1617 1642 symbolum
1664 1581 1750 1627 est
1791 1573 1916 1627 data
1946 1573 2000 1626 in

429 1668 661 1723 ecclesia
696 1665 948 1722 cantandi
995 1663 1246 1719 licentia?
1300 1662 1551 1731 Nunquid
1602 1678 1634 1717 a
1684 1664 1844 1717 nobis
1893 1664 2000 1718 huc

2097 496 2356 557 cernitur,
2383 504 2446 549 ut
2488 495 2664 565 primo
2692 494 2841 556 illud,
2876 492 2943 547 de
2967 506 3077 562 quo
3118 495 3346 561 quaestio
3370 492 3571 562 agitur,
3601 496 3677 550 de

2097 599 2239 654 saepe
2260 583 2374 639 fato
2401 583 2643 656 symbolo
2663 583 2904 649 tollatur,
2918 590 2974 638 et
2995 591 3122 637 tunc
3135 583 3351 638 demum
3365 598 3400 637 a
3424 583 3671 657 quolibet

2098 674 2245 730 licite
2270 690 2336 730 ac
2356 674 2547 740 libere,
2577 676 2692 731 sive
2719 674 3010 735 cantando.
3039 674 3153 727 sive
3181 674 3464 739 tradendo,
3494 675 3675 730 disca-

2099 775 2190 823 tur
2230 778 2287 822 et
2324 769 2602 823 doceatur.
2623 798 2695 809 —
2719 767 2880 822 Pam.
2899 766 2983 821 Ita
3019 766 3208 836 procul
3237 766 3400 821 dubio
3424 781 3456 820 a
3481 775 3672 821 nostra

2097 865 2252 929 parte
2272 859 2613 914 decernitur:
2643 858 2716 912 ita
2741 873 2955 927 quoque
2973 866 3031 910 ut
3058 870 3087 910 a
3106 866 3287 911 vestra
3314 857 3667 923 assentiatur,

2099 963 2133 1004 a
2152 949 2309 1004 nobis
2327 949 2651 1004 omnimodis
2676 947 3205 1003 suadetur.—M1551.
3236 946 3555 1017 Quanquam
3584 964 3673 1003 er-

2099 1054 2198 1111 go,
2252 1047 2314 1093 ut
2342 1053 2506 1109 supra
2549 1039 2664 1108 ipse
2715 1039 2931 1102 dixisti,
2966 1053 3066 1107 pro
3113 1038 3393 1093 ambarum
3438 1038 3675 1108 partium

2100 1130 2362 1212 qtiaaritur
2413 1129 2588 1184 salute
2617 1129 2761 1199 quod
2816 1130 3100 1198 quaeritur,
3144 1128 3373 1184 sublatis
3413 1130 3501 1183 bis
3551 1144 3676 1198 qua:

2099 1222 2285 1287 vultis,
2315 1223 2515 1277 bonum
2561 1231 2645 1276 est
2688 1230 2749 1276 ut
2796 1223 2935 1276 idem
2967 1222 3267 1292 symbolum
3310 1229 3575 1277 cantetur.
3602 1251 3679 1263 —-

2100 1311 2264 1366 ΡΑΡΑ.
2303 1311 2508 1365 Bonum
2550 1325 2699 1365 sane.
2743 1309 2896 1377 Quod
2951 1319 3131 1365 tamen
3176 1326 3284 1365 non
3334 1313 3672 1382 imperando,

2100 1400 2196 1455 sed
2224 1407 2284 1454 ut
2302 1400 2455 1469 prius
2483 1399 2846 1468 permittendo
2890 1399 3154 1454 dicimus:
3181 1400 3307 1469 quia
3354 1400 3484 1455 illud
3515 1400 3676 1455 sicuti

2102 1497 2230 1544 tunc
2257 1490 2333 1543 ita
2356 1487 2413 1543 et
2436 1503 2602 1554 nunc,
2633 1488 2677 1543 si
2722 1488 2933 1543 sincere
2962 1496 3170 1558 agatur,
3203 1488 3338 1544 utile
3384 1489 3678 1558 indigenti-

2098 1594 2201 1636 J08
2225 1593 2344 1633 esse
2374 1592 2537 1649 posse
2573 1591 2680 1632 non
2706 1577 3037 1645 ignoramus.
3057 1605 3130 1618 —-
3158 1576 3327 1632 Missi.
3355 1576 3494 1643 Quia
3517 1591 3671 1642 vero,

2100 1676 2162 1721 ut
2181 1667 2383 1731 dicitis,
2432 1674 2493 1721 et
2519 1680 2711 1721 verum
2756 1665 2960 1731 dicitis,
2993 1665 3191 1720 bonum
3226 1673 3311 1720 est
3350 1675 3571 1721 cantare
3624 1666 3679 1720 id

431 1776 561 1817 usus
602 1759 690 1814 ille
724 1758 977 1814 cantandi
1004 1756 1303 1827 processit?
1346 1754 1485 1810 Hinc
1513 1756 1713 1810 etenim
1736 1754 2005 1810 illucmos
2030 1768 2076 1828 Β
2104 1759 2277 1827 ipsum
2334 1755 2656 1826 symbolum,
2688 1756 2931 1824 nunquid
2966 1756 3113 1810 enim
3155 1754 3202 1809 si
3255 1769 3436 1811 sermo
3482 1755 3683 1824 plenus

433 1853 573 1907 idem
601 1849 874 1915 cantandi,
912 1863 1021 1904 non
1050 1864 1081 1902 a
1111 1848 1268 1903 nobis
1314 1846 1420 1901 huc
1467 1847 1685 1901 advenit
1737 1863 1750 1900 :
1780 1856 1837 1901 et
1876 1861 2008 1915 quo-

432 1938 592 1994 modo
618 1938 770 1992 illum
819 1950 994 2007 usque
1041 1935 1201 1991 hodie
1254 1935 1576 1990 cantamus?
1603 1933 1861 1989 —Para.
1892 1935 2006 2005 Ego

432 2030 706 2086 licentiam
726 2028 849 2084 dedi
887 2027 1177 2089 cantandi;
1203 2040 1312 2080 non
1340 2033 1523 2081 autem
1551 2026 1824 2081 cantando
1846 2026 2008 2094 quid-

428 2120 580 2188 piam
606 2117 855 2181 addendi,
870 2116 1167 2179 minuendi,
1198 2131 1294 2170 seu
1313 2115 1557 2169 mutandi
1580 2132 1597 2168 :
1624 2122 1679 2170 et
1701 2123 1761 2169 ut
1783 2129 2004 2185 expres-

433 2210 551 2265 sius
576 2208 801 2278 aliquid,
830 2207 958 2277 quia
990 2221 1087 2261 vos
1113 2206 1329 2277 cogitis,
1352 2205 1562 2275 loquar,
1597 2204 1835 2273 quandiu
1856 2205 2006 2260 vobis

436 2298 491 2352 in
525 2296 631 2351 hoc
661 2296 795 2351 satis
840 2293 961 2361 fuit,
991 2295 1262 2365 quomodo
1311 2295 1367 2349 in
1397 2293 1706 2362 hujusmodi
1734 2292 2011 2349 cantando

434 2390 517 2445 vel
572 2388 896 2445 celebrando
936 2375 1301 2444 sacrosanctis
1345 2388 1618 2460 mysteriis
1661 2394 1845 2443 sancta
1900 2388 2009 2442 Ro-

437 2495 600 2536 mana
627 2487 776 2535 tenet
802 2479 1042 2535 Ecclesia
1064 2519 1080 2544 ,
1111 2491 1452 2548 nequaquam
1482 2485 1578 2533 aut
1621 2478 1776 2533 nobis
1803 2478 1856 2532 in
1887 2477 2007 2533 tali-

435 2572 537 2627 bus
592 2573 862 2635 laborare,
901 2579 996 2625 aut
1041 2569 1162 2625 aliis
1195 2570 1474 2625 laborandi
1535 2570 1877 2624 occasionem
1913 2583 2009 2623 ne-

431 2678 589 2719 cesse
612 2661 716 2717 fuit
743 2662 1009 2733 ingerere.
1036 2662 1188 2729 Quod
1210 2676 1340 2717 vero
1370 2662 1615 2716 asseritis
1641 2662 1762 2716 ideo
1797 2675 1892 2715 vos
1930 2661 2007 2716 ita

435 2760 679 2817 cantare,
704 2752 961 2821 quoniam
991 2751 1134 2806 alios
1161 2751 1216 2805 in
1249 2750 1367 2805 istis
1404 2750 1650 2820 partibus
1677 2750 1831 2806 vobis
1863 2751 2011 2821 prio-

434 2856 527 2896 res
575 2840 803 2896 audistis
850 2848 1121 2905 cantasse,
1157 2837 1288 2908 quid
1339 2839 1408 2893 ad
1464 2839 1599 2893 nos?
1626 2837 1733 2893 Nos
1757 2839 1901 2893 enim
1955 2838 2008 2894 id

436 2932 611 3001 ipsum
640 2944 746 2984 non
778 2940 1091 2994 cantamus,
1122 2928 1217 2983 sed
1245 2928 1503 2999 legimus,
1533 2935 1591 2983 et
1638 2928 1864 2998 legendo
1907 2928 2006 2982 do-

435 3035 579 3087 cere,
605 3036 706 3077 nec
733 3029 914 3075 tamen
946 3019 1171 3090 legendo
1196 3028 1290 3074 aut
1337 3020 1579 3075 docendo
1626 3020 1825 3073 addere
1854 3019 2008 3088 quid-

2104 1856 2253 1903 recta
2282 1846 2386 1901 ﬁde
2407 1862 2439 1901 e
2463 1846 2641 1901 medio
2679 1845 2915 1908 tollatur,
2947 1845 3089 1899 idem
3116 1860 3295 1900 sermo
3321 1847 3390 1899 ab
3427 1846 3681 1900 omnibus

2104 1951 2171 1992 ac
2195 1936 2243 1992 si
2280 1943 2473 1991 contra
2516 1935 2680 1991 ﬁdem
2726 1934 2801 1989 sit
2825 1935 3302 1989 condemnabitur?
3350 1933 3518 1999 Quale
3550 1949 3684 2005 ergo

2104 2029 2260 2086 dabis
2305 2026 2623 2091 consilium,
2670 2040 2743 2082 ne
2780 2026 3013 2096 idipsum
3065 2026 3133 2079 ad
3189 2025 3408 2095 aliquod
3442 2033 3685 2079 transeat

2103 2117 2460 2173 exitium?—
2498 2115 2663 2170 PAPA.
2705 2113 2763 2169 Si
2788 2114 3105 2185 priusquam
3149 2114 3227 2168 ita
3256 2120 3571 2169 cantaretur
3595 2114 3684 2167 in-

2104 2213 2408 2275 terrogatus
2418 2219 2617 2267 essem,
2635 2218 2703 2257 ne
2718 2203 3046 2258 inseret-stur
3057 2203 3245 2272 utique
3259 2203 3682 2271 respondissem.

2103 2294 2176 2350 At
2200 2310 2365 2359 nunc,
2388 2295 2535 2363 quod
2563 2301 2743 2347 tamen
2770 2307 2877 2347 non
2906 2291 3240 2355 allirmando,
3288 2290 3385 2345 sed
3405 2291 3685 2345 vobiscum

2104 2383 2310 2452 pariter
2336 2382 2620 2436 tractando
2645 2381 2790 2446 dico,
2817 2388 3078 2449 quantum
3105 2379 3272 2434 menti
3311 2379 3572 2442 occurrit,
3607 2379 3684 2432 ita
3714 2399 3723 2408 -

2105 2472 2239 2527 mihi
2274 2472 2489 2526 videtur
2524 2485 2685 2541 posse
2712 2477 3003 2539 utrumque
3042 2468 3160 2523 ﬁeri
3189 2484 3207 2522 :
3241 2475 3303 2522 ut
3327 2466 3584 2537 paulatim
3628 2467 3685 2520 in

2104 2562 2324 2633 palatio,
2347 2562 2473 2631 quia
2496 2561 2551 2616 in
2585 2568 2770 2615 nostra
2800 2569 2984 2615 saneta
3002 2559 3231 2615 ecclesia
3264 2574 3373 2613 non
3406 2565 3685 2623 cantatur,

2106 2652 2357 2707 cantandi
2378 2650 2708 2706 consuetudo
2734 2649 2971 2717 ejusdem
2989 2649 3223 2719 symboli
3254 2648 3644 2702 intermittatur
3668 2664 3683 2701 :

2108 2740 2294 2810 sicque
2315 2738 2426 2804 ﬁat,
2460 2747 2519 2793 ut
2539 2738 2683 2808 quod
2706 2738 2758 2792 id
2785 2738 2959 2807 ipsum
2979 2744 3039 2792 ut
3066 2744 3377 2791 cantaretur
3407 2750 3512 2790 nou
3535 2748 3688 2803 quae-

2106 2828 2241 2884 libet
2260 2828 2576 2897 imperantis
2599 2827 2911 2890 auctoritas,
2929 2827 3025 2881 sed
3048 2825 3230 2896 potius
3251 2823 3507 2880 audiendi
3537 2822 3589 2877 id
3611 2823 3689 2879 fe-

2107 2923 2261 2972 cerat
2305 2916 2554 2983 novitas;
2588 2917 2633 2972 si
2675 2916 2976 2970 dimittatur
3003 2929 3034 2967 a
3067 2913 3241 2978 vobis,
3287 2912 3589 2969 dimittetur
3617 2914 3694 2968 ab

2108 3007 2361 3063 omnibus
2392 3025 2407 3062 :
2431 3015 2487 3062 et
2513 3008 2590 3062 ita
2639 3005 2868 3062 fortasse
2897 3012 3158 3075 quantum
3186 3017 3307 3059 esse
3351 3010 3550 3071 potest,
3578 3018 3687 3056 non

437 3111 581 3182 piam
606 3112 783 3167 eidem
825 3110 1070 3182 symbolo
1113 3111 1402 3165 inserendo
1447 3110 1846 3179 praesumimus.
1878 3110 2009 3177 Quae
2035 3105 2080 3167 C
2112 3097 2406 3169 incongrue
2433 3106 2725 3166 11⁸1⁸11111ίίΰῦ
2753 3098 2871 3151 ﬁeri
2909 3097 3082 3167 Ρσεείῑ
3106 3115 3118 3150 ε
3147 3104 3211 3151 ut
3234 3094 3378 3165 (μιοά
3399 3094 3514 3162 iam
3544 3110 3692 3151 nunc

437 3214 567 3255 vero
583 3197 1145 3270 prmdictis‘symholis
1174 3196 1298 3252 ﬁdei
1332 3198 1542 3251 tantum
1572 3213 1680 3252 non
1705 3211 2008 3268 congruen-

439 3295 533 3349 tia'
562 3295 748 3349 deesse
785 3291 1181 3362 cognoscimus,
1215 3306 1345 3359 non,
1386 3298 1441 3345 ut
1471 3306 1613 3360 saepe
1660 3286 1863 3345 dictum
1900 3299 2003 3356 est,

440 3385 676 3439 inserere
701 3382 1112 3453 praasumimus,
1145 3382 1243 3436 sed
1289 3381 1426 3437 locis
1475 3382 1876 3450 temporibusve
1913 3395 2010 3450 op—

438 3472 686 3542 portunis
726 3472 921 3540 quibus
968 3470 1226 3540 competit
1269 3470 1583 3524 ministrare
1637 3486 2012 3526 curamus.—

2111 3204 2143 3242 a
2161 3188 2463 3257 quibusque
2501 3189 2653 3257 prius
2674 3189 3038 3244 nescientibus
3060 3196 3207 3243 recte
3237 3189 3477 3243 creditur
3500 3187 3693 3241 credao

2114 3278 2221 3341 tur,
2250 3284 2304 3332 et
2337 3285 2518 3332 tamen
2553 3277 2740 3332 illicita
2776 3277 3030 3333 cantandi
3053 3277 3384 3334 consuetudo
3428 3277 3547 3332 sine
3594 3290 3694 3331 cu-

2106 3364 2302 3435 jusque
2337 3365 2462 3421 ﬁdci
2483 3366 2703 3423 laesione
2726 3367 2963 3423 tollatur.

899 3659 1605 3772 APPENDIX
1685 3656 1872 3771 AD
1958 3658 2674 3774 SMARAGDI
2755 3659 3255 3772 OPERA.

519 3830 868 3893 CHARTIE
911 3829 1295 3893 LUDOVICI
1342 3829 1447 3892 ΡΠ
1489 3831 1591 3890 ΕΤ
1632 3830 2008 3970 LOTHﬁlRCIIJ

2303 3833 2509 3907 EJUS,
2552 3834 2708 3894 PRO
2752 3835 3271 3896 MONASTERIO
3313 3835 3597 3898 SANCTI

1620 4004 1800 4077 (Apud
1842 4002 2053 4069 Balus.,
2083 4003 2179 4059 lib.
2213 4020 2267 4058 iv
2310 4004 2557 4078 Miscell.)

1898 4103 2289 4117 ᾖ

1199 4155 1223 4209 l

2122 4176 2292 4218 nonas
2332 4170 2388 4218 et
2412 4163 2650 4219 decimas
2677 4164 2833 4219 annis
2868 4163 3114 4234 singulis,
3146 4173 3205 4217 ut
3240 4165 3557 4233 praedictum
3582 4176 3693 4233 est,

446 4244 639 4299 Charta
666 4240 1161 4338 Ludovicifiipro
1185 4245 1505 4338 ιιιςινιξξςές
1529 4244 1715 4302 Sancti
1743 4245 2017 4302 Michaelis
2042 4279 2095 4338 Β
2122 4252 2345 4323 praefato
2365 4255 2660 4310 venerabili
2697 4255 2995 4327 Smaragdo
3022 4256 3245 4324 suisque
3264 4255 3693 4321 successoribus,

924 4313 980 4366 in
1019 4311 1152 4383 puga
1185 4311 1523 4369 Virdunensi.

534 4403 593 4457 In
648 4402 863 4456 nomine
907 4401 1117 4458 Domini
1160 4404 1257 4459 Dei
1308 4402 1605 4459 Salvatoris
1654 4406 1828 4460 nostri
1892 4405 2017 4463 JeSu

444 4493 687 4558 Christi,
746 4492 1049 4549 Ludovicus
1098 4494 1278 4550 divina
1340 4478 1624 4552 ordinante
1686 4499 2020 4568 providentia

446 4586 740 4654 imperator
771 4582 1063 4655 Angustus.

517 4675 739 4730 Noverit
765 4676 970 4731 utilitas
1021 4674 1258 4731 ﬁdelium
1288 4683 1618 4742 nostrorum,
1645 4681 1903 4732 comitum
1944 4679 2027 4732 vi-

446 4766 643 4821 delicet
672 4776 727 4822 et
761 4781 1044 4822 vassorum
1075 4773 1400 4831 nostrorum,
1442 4766 1528 4820 vel
1577 4767 1822 4836 quisquis
1861 4766 2023 4822 benc-

446 4857 568 4911 ﬁcia
596 4873 662 4911 ex
693 4838 901 4910 ratione
952 4854 1264 4909 monasterii
1299 4854 1471 4908 sancti
1500 4853 1776 4910 Michaelis
1820 4846 2022 4910 habere

448 4945 678 5010 videtur,
701 4944 791 4999 ubi
825 4942 1144 4998 venerabilis
1163 4941 1246 4995 vir
1268 4939 1597 5011 Smaragdus
1623 4942 2022 5011 prmestabbas,

448 5035 576 5103 quia
606 5036 747 5090 sicut
775 5034 1005 5088 domnus
1035 5039 1091 5085 ct
1136 5031 1346 5101 genitor
1382 5039 1568 5087 noster
1618 5035 1894 5103 praecepit,
1947 5036 2021 5089 ita

448 5135 503 5179 et
540 5141 640 5181 nos
667 5123 1011 5196 praecipimus
1038 5129 1098 5173 ut
1140 5120 1315 5174 eidem
1363 5122 1689 5177 monasterio
1719 5124 1876 5176 annis
1908 5124 2019 5177 sin-

448 5217 587 5287 gulis
623 5217 689 5270 de
718 5214 922 5267 eisdem
949 5209 1222 5265 beneﬁciis
1251 5225 1418 5264 nonas
1444 5219 1497 5265 et
1540 5212 1777 5267 decimas
1812 5211 1881 5267 de
1907 5228 2021 5266 om-

451 5306 607 5363 nibus
635 5303 866 5373 plcniter
892 5302 1022 5355 dare
1070 5315 1173 5354 non
1211 5301 1522 5371 neglegatis.
1564 5303 1795 5357 Proinde
1825 5303 2017 5371 praeci-

449 5392 627 5462 pimus
652 5405 750 5461 per
770 5391 869 5443 has
898 5389 1106 5442 litteras
1148 5391 1397 5444 omnibus
1429 5391 1735 5460 quicunque
1766 5407 1828 5445 ex
1862 5392 2021 5461 largi-

453 5483 598 5539 tione
628 5491 813 5538 nostra
846 5481 931 5535 vel
957 5480 1212 5535 comitum
1262 5490 1355 5536 aut
1382 5496 1661 5535 vassorum
1710 5491 2017 5538 nostrorum

454 5572 523 5627 ‘de
550 5576 709 5629 rebus
733 5572 942 5644 prmfati
981 5572 1292 5627 monasterii
1320 5569 1581 5627 beneﬁcia
1628 5569 1840 5626 habetis
1871 5571 1979 5643 [ut]
2003 5612 2018 5638 ,

532 5698 557 5726 ι
586 5687 712 5742 Haec
748 5693 946 5755 praeter
978 5682 1217 5738 solitum.

2118 4342 2204 4398 vel
2228 4343 2408 4398 missis
2433 4344 2672 4414 ejusdem
2699 4345 3012 4400 mnnasterii
3035 4345 3236 4413 absque
3256 4344 3360 4398 ulla
3390 4345 3694 4399 contrarie-

2122 4443 2233 4489 tate
2262 4443 2317 4490 et
2346 4436 2680 4507 neglegentia
2705 4436 2831 4491 dare
2860 4452 2965 4492 non
2985 4436 3279 4507 neglegatis
3297 4453 3319 4502 ;-
3335 4444 3391 4491 et
3411 4437 3480 4491 ad
3502 4436 3695 4492 domos

2124 4525 2290 4594 ipsius
2307 4525 2559 4581 Ecclesia:
2579 4527 2956 4581 restaurandas
2974 4526 3342 4595 unusquisque
3363 4541 3462 4595 pro
3486 4525 3697 4580 viribus

2126 4616 2239 4671 suis
2276 4614 2598 4683 adiutorium
2632 4614 2770 4670 ferre
2812 4631 2919 4670 non
2953 4614 3187 4672 differat.
3243 4615 3310 4669 Et
3360 4614 3563 4679 nullus,
3595 4615 3692 4682 qui

2125 4705 2443 4761 beneﬁcium
2469 4707 2535 4761 de
2562 4706 2724 4761 rebus
2761 4704 2973 4775 pratfati
3000 4705 3315 4761 monasterii
3356 4705 3538 4768 habet,
3563 4720 3695 4759 con-

2126 4803 2209 4849 tra
2254 4796 2358 4851 hoc
2389 4794 2649 4863 jussionis
2694 4803 2895 4857 nostrae
2936 4804 3266 4866 praeceptum
3311 4793 3495 4851 facere
3543 4810 3694 4864 pra:-

2126 4893 2303 4938 sumat
2338 4902 2350 4936 :
2402 4884 2497 4938 sed
2530 4883 2589 4938 in
2612 4883 2861 4939 omnibus
2884 4884 2980 4951 ,ita
3027 4884 3159 4939 illud
3179 4885 3448 4947 observet,
3470 4883 3611 4938 sicut
3658 4898 3690 4936 a
3732 4883 3751 4899 ⁸

2125 4972 2281 5027 nobis
2301 4973 2511 5042 iussum
2541 4981 2644 5036 est,
2665 4972 2748 5028 vel
2772 4973 3218 5042 quemadmodum
3246 4972 3340 5028 Dei
3367 4979 3424 5027 et
3448 4980 3695 5027 nostram

2125 5064 2485 5134 gratiam-vel
2520 5065 2697 5134 ipsum
2726 5065 3047 5121 beneﬁcium
3092 5066 3298 5135 habere
3344 5064 3478 5119 vult.
3515 5063 3584 5118 Et
3634 5073 3695 5117 ut

2126 5152 2330 5207 certius
2357 5153 2615 5217 credatis,
2648 5154 2716 5208 de
2747 5155 2944 5209 annulo
2994 5163 3181 5210 nostro
3211 5154 3396 5209 subter
3420 5152 3697 5225 iussimus

2128 5242 2372 5311 sigillari.

2194 5330 2326 5384 Data
2359 5347 2416 5384 ιιι
2448 5331 2571 5386 ldus
2590 5329 2735 5395 Julii,
2771 5345 2913 5385 anno
2948 5348 3007 5385 ιιι
3035 5339 3291 5402 regnante
3313 5343 3337 5370 α
3362 5331 3559 5386 domno
3588 5329 3695 5383 Lu-

2124 5418 2312 5472 dovico
2342 5419 2685 5473 serenissima
2721 5417 2991 5485 Augusto,
3032 5418 3321 5473 indictione
3368 5433 3445 5471 ix.
3499 5417 3693 5472 Actum

2127 5506 2429 5563 Theodonis
2472 5507 2598 5562 villa
2650 5507 2850 5575 palatio
2904 5510 2963 5564 in
3017 5509 3114 5564 Dei
3172 5508 3388 5563 nomine
3445 5505 3699 5561 feliciter.
