3960 6416
279 343 378 400 977

1033 450 1097 504 ιι.

283 542 482 597 Charta
512 537 765 596 Ludovici
798 537 907 604 Pii,
935 548 985 595 et
1021 541 1259 594 Lotharii
1294 541 1393 609 filii
1428 540 1563 610 ejus,
1599 541 1664 594 de
1690 540 1847 594 liber-

703 619 810 664 tate
842 611 1107 665 electionis
1134 611 1358 664 abbatis.

351 724 409 779 In
438 723 657 779 nomine
674 721 887 778 Domini
903 730 959 778 et
986 720 1280 776 Salvatoris
1294 720 1465 775 nostri
1481 719 1607 775 Iesu
1620 720 1843 782 Christi,

280 816 586 871 Ludovicus
613 822 668 869 et
697 813 984 869 Lotharius
1004 813 1182 868 divina
1210 811 1550 868 ordinatione
1583 826 1646 866 ac
1666 810 1848 881 provi-

282 907 460 961 dentia
486 905 842 975 imperatores
860 904 1106 972 Augusti.

352 999 411 1053 Si
433 1013 561 1069 erga
592 998 707 1053 loca
754 998 950 1052 divinis
989 997 1221 1052 cultibus
1264 996 1569 1065 mancipata
1629 1002 1851 1066 propter

280 1104 521 1143 amorem
550 1088 646 1143 Dei
674 1086 899 1157 ejusque
924 1088 978 1143 in
1006 1089 1208 1143 eisdem
1262 1087 1395 1142 locis
1429 1086 1532 1141 sibi
1580 1084 1850 1139 famulan-

282 1179 425 1233 tibus
450 1176 711 1233 beneﬁcia
755 1185 1055 1247 opportuna
1079 1177 1359 1248 largimur,
1389 1176 1666 1247 praemium
1698 1174 1851 1229 nobis

278 1264 419 1335 apud
442 1265 727 1321 Dominum
759 1273 975 1321 aeternae
1012 1265 1464 1320 remunerationis
1494 1263 1711 1334 rependi
1742 1279 1849 1319 non

278 1358 586 1414 diﬁidimus.
643 1358 851 1415 Idcirco
898 1368 1085 1414 notum
1132 1373 1249 1415 esse
1297 1358 1542 1413 volumus
1602 1358 1851 1412 omnibus

280 1446 524 1503 ﬁdelibus
553 1456 752 1504 sancta:
790 1449 886 1503 Dei
935 1450 1211 1516 Ecclesim,
1260 1451 1612 1521 prmsentibus
1648 1450 1852 1505 scilicet

276 1545 331 1591 et
358 1536 569 1602 futuris,
586 1553 679 1592 seu
703 1537 865 1593 etiam
890 1540 1317 1603 successoribus,
1342 1538 1469 1608 quia
1486 1538 1852 1594 concessimus

278 1642 385 1681 non
408 1626 581 1682 solum
612 1629 780 1683 veteri
803 1631 1133 1686 monasterio
1161 1632 1304 1701 quod
1328 1631 1529 1687 dicitur
1576 1631 1848 1698 Castellio,

277 1717 373 1772 sed
398 1717 577 1788 potius
602 1732 762 1786 novo,
809 1721 972 1791 quod,
1017 1720 1246 1779 Domino
1287 1723 1601 1795 opitulante,
1663 1735 1850 1779 nostro

989 340 1287 399 CHARTIE
1332 338 1649 395 LUDOVICI
1690 339 1774 393 PII
1816 337 1951 393 PRO
1987 326 2287 395 lilONAST.
2330 340 2387 395 S.
2434 336 2818 395 MlCHAELlS.

1316 452 1320 457 ‘
1876 457 1923 516 Α
1948 446 2232 511 Βηπϊοηεε,
2265 448 2317 502 in
2340 448 2445 502 ﬁne
2473 446 2557 502 vel
2582 447 2705 502 villa
2746 461 2866 517 quae
2922 454 3145 503 vocatur
3189 447 3517 513 Lauziaeus,

3416 336 3526 391 978

1946 553 2195 593 mansum
2218 554 2383 593 unum
2417 555 2538 595 cum
2562 539 2806 593 terminis
2834 546 2891 594 et
2906 538 3331 595 laterationibus
3359 539 3472 595 suis
3499 556 3541 592 :.

1948 641 2003 689 et
2027 648 2057 688 e
2075 641 2263 689 contra
2290 635 2343 689 in
2372 634 2810 705 compensatione
2831 633 2989 703 hujus
3010 634 3088 689 rei
3116 633 3378 689 dederunt
3401 646 3519 689 me-

1948 726 2143 780 morati
2162 726 2405 782 homines
2424 727 2604 781 abbati
2632 727 2699 781 ad
2723 735 2928 796 partem
2944 726 3054 795 jam
3086 725 3214 781 dicti
3248 734 3521 781 monaste-

1947 813 2014 868 rii
2036 815 2119 868 sui
2146 829 2213 867 ex
2233 829 2419 870 eorum
2443 816 2663 884 proprio
2690 814 2745 868 in
2766 828 2903 885 pago
2931 813 3274 881 Virdunensi,
3313 814 3367 869 in
3410 813 3528 868 ﬁne

1947 903 2033 957 vel
2060 902 2188 958 villa
2240 918 2359 973 quae
2406 913 2633 959 vocatur
2670 904 3024 970 Codinovilla,
3078 911 3290 973 pratum
3332 919 3515 958 unum.

1951 994 2102 1051 Unde
2125 1004 2181 1050 et
2203 997 2336 1051 duas
2358 997 2806 1075 commutationes
2835 995 2952 1065 pari
2976 1003 3161 1050 tenore
3184 995 3533 1065 conscriptas

1949 1085 2303 1156 manibusque
2333 1086 2596 1141 bonorum
2637 1087 2911 1141 hominum
2961 1085 3264 1150 roboratus,
3311 1097 3371 1139 se
3409 1097 3521 1153 pra:

1949 1177 2199 1233 manibus
2224 1176 2426 1233 habere
2451 1176 2729 1249 professus
2759 1184 2883 1233 est:
2907 1177 3001 1232 sed
3038 1191 3138 1247 pro
3177 1176 3382 1247 integra
3429 1174 3520 1229 ﬁ‘r—

1949 1267 2136 1321 mitate
2156 1267 2309 1335 petiit
2333 1266 2639 1323 celsitudini
2660 1274 2877 1333 nostrae,
2902 1274 2961 1322 ut
2982 1267 3126 1338 ipsas
3146 1265 3527 1322 commutatio.

1951 1370 2047 1411 nes
2070 1354 2246 1410 denuo
2267 1369 2368 1425 per
2415 1363 2664 1411 nostrum
2709 1354 3139 1411 mansuetudinis
3188 1361 3518 1425 prmceptum

1949 1446 2159 1516 plenius
2181 1446 2504 1502 conﬁrmare
2529 1446 2864 1502 deberemus.
2889 1443 3053 1514 Cujus
3080 1443 3326 1517 petitioni
3352 1444 3518 1499 dene—

1951 1550 2080 1607 gare
2103 1535 2370 1591 noluimus
2400 1552 2415 1589 :
2447 1535 2542 1591 sed
2563 1536 2703 1591 sicut
2741 1534 3031 1603 animique
3051 1532 3287 1588 ﬁdelium
3308 1540 3522 1587 nostro—

1949 1640 2069 1681 rum
2110 1626 2256 1697 juste
2296 1625 2617 1696 petentium,
2644 1626 2721 1680 ita
2756 1638 2856 1680 nos
2901 1624 3010 1679 illis
3034 1623 3386 1679 conﬁrmasse
3429 1629 3523 1677 at-

1951 1735 2057 1791 que
2085 1720 2141 1775 in
2173 1720 2425 1777 omnibus
2436 1720 2768 1777 concessisse
2791 1720 3121 1790 cognoscite.
3136 1718 3520 1791 Praecipientes

278 1815 520 1880 tempore
543 1825 573 1864 a
601 1808 966 1868 fundamentis
992 1813 1313 1869 aediﬁcatum
1330 1794 1335 1795 ί
1355 1823 1456 1879 est,
1503 1824 1846 1887 nuncupante
1872 1796 1921 1855 Β
1946 1809 2336 1880 ergojubemus
2361 1816 2423 1864 ut
2442 1808 2702 1881 quidquid
2725 1794 2851 1881 pars
2876 1808 3021 1880 juste
3048 1817 3104 1866 et
3120 1809 3520 1867 rationabiliter

278 1896 625 1967 Marsupium,
656 1900 799 1968 quod
826 1909 910 1956 est
930 1902 1091 1957 situm
1115 1902 1171 1957 in
1200 1920 1339 1975 pago
1384 1903 1709 1960 Virdunensi
1752 1920 1845 1960 su-

275 2005 373 2061 per
397 1989 614 2045 ﬁuvium
648 1991 807 2047 Mosa:
839 1992 925 2048 vel
950 1984 1181 2049 rivulum
1229 1995 1575 2065 Marsupium,
1603 2004 1849 2051 constru-

276 2088 425 2134 ctum
451 2081 503 2135 in
531 2081 735 2137 honore
758 2083 931 2139 sancti
957 2083 1233 2141 Michaelis
1244 2087 1573 2158 archangeli,
1595 2088 1685 2143 ubi
1705 2103 1848 2158 prm-

277 2172 415 2225 senti
432 2180 690 2243 tempore,
706 2184 927 2229 auctore
945 2175 1076 2242 Deo,
1101 2177 1266 2233 abbas
1283 2176 1610 2249 Smaragdus
1632 2187 1845 2251 prmest,

277 2271 332 2318 et
377 2264 657 2319 monachis
710 2264 907 2320 ibidem
959 2283 1057 2339 per
1114 2274 1355 2338 tempora
1399 2269 1733 2340 degentibus,
1790 2279 1849 2324 ut

278 2353 707 2423 quandoquidem
737 2354 918 2411 divina
971 2358 1252 2414 vocatione
1306 2361 1647 2430 supradictus
1683 2361 1849 2416 abbas

279 2445 361 2499 vel
381 2461 722 2502 successores
744 2447 861 2518 ejus
883 2448 948 2503 de
968 2449 1070 2504 hac
1085 2449 1204 2503 luce
1226 2449 1597 2520 migraverint,
1613 2452 1848 2522 quandiu

277 2536 375 2607 ipsi
400 2538 647 2592 monachi
678 2540 819 2593 inter
848 2555 905 2594 se
932 2541 1172 2595 invenire
1207 2542 1500 2609 potuerint,
1527 2544 1615 2610 qui
1675 2544 1847 2614 ipsam

276 2627 748 2697 congregationem
772 2630 1068 2684 secundum
1096 2630 1334 2699 regulam
1372 2634 1543 2685 sancti
1574 2631 1845 2686 Benedicti

278 2728 466 2784 regere
494 2715 729 2781 valeant,
764 2732 861 2787 per
897 2718 1035 2772 banc
1075 2728 1313 2773 nostram
1366 2720 1743 2775 auctoritatem
1794 2730 1849 2775 et

277 2817 598 2859 consensum
655 2804 926 2862 licentiam
972 2807 1207 2861 habeant
1266 2808 1493 2879 eligendi
1550 2808 1772 2864 abbates
1829 2827 1843 2865 τ

278 2902 545 2961 quatenus
614 2895 760 2965 ipsos
800 2913 990 2952 servos
1031 2898 1124 2952 Dei
1182 2899 1273 2969 qui
1320 2899 1518 2953 ibidem
1576 2899 1845 2954 famulan-

280 2993 396 3048 tur,
424 3000 523 3054 pro
556 2988 712 3042 nobis
755 2995 809 3043 et
858 2990 1083 3061 c0njuge
1127 2990 1384 3060 proleuue
1431 3000 1615 3045 nostra
1638 3006 1701 3046 ac
1729 3000 1845 3046 sta-

276 3075 485 3131 bilitate
544 3077 709 3133 totius
747 3078 959 3148 imperii
1010 3080 1231 3134 nosnia
1265 3080 1375 3133 Deo
1423 3080 1577 3135 nobis
1620 3095 1845 3137 conces-

276 3170 321 3224 si
368 3179 528 3241 atque
590 3172 975 3237 conservandi,
1012 3171 1216 3244 jugiter
1268 3173 1479 3228 Domini
1540 3173 1847 3230 misericor-

276 3262 417 3316 diam
449 3278 678 3319 exorare
721 3265 969 3321 delectet.
1004 3266 1071 3320 Et
1099 3275 1159 3321 ut
1180 3266 1295 3322 hmo
1320 3268 1616 3323 auctoritas
1650 3268 1845 3324 conﬁr-

274 3353 530 3407 mationis
589 3360 787 3408 nostra:
828 3368 928 3423 per
965 3352 1152 3409 futura
1190 3363 1434 3425 tempora
1483 3356 1844 3414 inviolabilem

240 3450 437 3521 atque
486 3444 852 3500 inconvulsam
914 3445 1156 3502 obtineat.
1215 3448 1562 3516 ﬁrmitatem,
1598 3450 1846 3507 manibus

275 3535 507 3604 propriis
537 3536 736 3592 nostris
781 3537 1297 3596 subterﬁrmavimus
1344 3550 1400 3597 et
1441 3541 1626 3597 annuli
1671 3543 1843 3598 nostri

273 3623 628 3694 impressione
655 3627 859 3699 signari
886 3627 1166 3697 iussimus.

271 3823 468 3879 Charta
486 3823 737 3901 μιάουὶσὶ
775 3826 860 3880 Pii
880 3827 944 3901 de
965 3828 1663 3901 quodam‘commutationea
1687 3830 1844 3887 Sma-

300 3908 307 3917 ί
484 3898 519 3907 ’
763 3897 927 3967 ragdo
957 3897 1143 3951 abbate
1182 3898 1344 3967 facta.

343 3983 399 4038 in
427 3985 643 4040 nomine
667 3985 877 4041 Domini
903 3987 997 4042 Dei
1029 3997 1084 4043 et
1112 3988 1410 4045 Salvatoris
1452 3988 1581 4046 Iesu
1614 3991 1838 4060 Christi,

271 4074 571 4130 Ludovicus
595 4076 774 4131 divina
798 4077 1137 4133 ordinatione
1166 4086 1222 4133 et
1254 4080 1587 4150 providentia
1611 4082 1843 4153 impera-

272 4172 359 4217 tor
377 4164 668 4235 Augustus.

345 4254 402 4308 Si
426 4270 524 4310 nos
556 4270 617 4310 ea
642 4271 762 4327 qua:
819 4255 1004 4314 ﬁdeles
1058 4257 1268 4329 imperii
1302 4260 1471 4317 nostri
1506 4274 1607 4335 pro
1652 4272 1839 4331 eoum

272 4346 761 4416 opportunitatibus
801 4348 944 4403 inter
986 4364 1046 4405 se
1099 4358 1599 4416 communiverunt,-
1641 4354 1841 4408 nostris

271 4428 653 4491 conﬁrmamus
681 4436 891 4503 edictis,
914 4437 1245 4509 imperialem
1274 4453 1588 4495 exercemus
1607 4455 1837 4496 consue-

272 4527 531 4591 tudinem,
556 4527 737 4583 ethoc
765 4529 938 4605 ipsum
973 4526 1315 4603 postmodum
1357 4529 1484 4600 jure
1529 4528 1839 4590 ﬁrmissimo

272 4628 588 4672 mansurum
614 4633 736 4675 esse
773 4620 1040 4676 volumus.
1081 4621 1288 4678 idcirco
1334 4625 1544 4679 noverit
1597 4624 1839 4680 omnium

272 4705 507 4761 ﬁdelium
524 4716 852 4775 nostrorum,
866 4711 1209 4780 praesentium
1228 4712 1430 4768 scilicet
1445 4721 1499 4768 et
1514 4712 1834 4781 futurorum,

270 4795 555 4862 industria,
579 4798 721 4866 quod
751 4798 835 4853 vir
862 4797 1186 4855 venerabilis
1228 4800 1506 4859 llildoimts
1534 4803 1700 4863 abitas
1748 4803 1841 4859 in-

222 4904 235 4914 ~
268 4886 445 4939 notuit
473 4888 751 4944 serenitati
777 4897 996 4956 nostrae,
1037 4906 1103 4948 eo
1131 4893 1274 4961 quod
1337 4891 1665 4965 Smaragdns
1709 4894 1838 4949 reli-

269 4976 454 5046 giosus
492 4977 628 5033 abba
667 4993 735 5034 ex
778 4982 1108 5038 monasterio
1139 4984 1313 5039 sancti
1352 4983 1645 5052 Michaelis,
1698 4987 1841 5055 quod

267 5076 351 5122 est
373 5076 746 5133 constructum
786 5072 839 5126 in
869 5087 1007 5145 pago
1053 5073 1381 5132 Virdunensi
1427 5091 1588 5146 super
1620 5076 1842 5134 ﬂuvium

267 5156 666 5236 Marsupii,lubi
692 5161 808 5234 ipse
829 5164 1131 5235 ingreditur
1152 5165 1207 5235 in
1232 5164 1450 5221 ﬂuvium
1477 5166 1714 5236 Mosam;
1738 5185 1841 5227 nec

264 5263 377 5302 non
401 5256 457 5304 et
478 5233 696 5319 quidam
718 5233 964 5309 homines
984 5253 1073 5310 his
1099 5233 1425 5320 nominibus,
1480 5233 1840 5322 Adalbardns.

267 5336 560 5406 Rodaldus,
594 5350 649 5396 et
700 5342 990 5408 Aldarnus,
1049 5344 1117 5401 de
1164 5345 1482 5416 quibusdam
1525 5347 1688 5403 rebus
1734 5360 1837 5416 pro

267 5429 540 5486 Communi
572 5429 804 5488 utilitate
822 5439 877 5490 et
896 5435 1213 5504 compendio
1258 5435 1564 5508 nuperrime
1585 5436 1731 5493 inter
1776 5450 1837 5497 se

267 5521 745 5579 commutationem
799 5523 1075 5581 fecissent.
1132 5526 1292 5581 Dedit
1338 5528 1507 5598 igitur
1550 5527 1837 5598 praedictus

268 5605 602 5681 Smaragdus
625 5612 793 5667 abbas
811 5628 877 5669 ex
899 5613 1111 5669 ratione
1130 5617 1441 5671 monasterii
1465 5617 1546 5671 sui
1563 5615 1837 5689 praedictis

270 5700 579 5759 hominibus
600 5702 666 5760 ad
692 5719 878 5762 eorum
900 5705 1175 5777 proprium
1202 5706 1269 5761 ad
1289 5706 1592 5767 habendum
1620 5706 1673 5763 in
1698 5723 1835 5783 pago

1863 4482 1915 4545 D

1945 1899 2104 1955 alteri
2137 1900 2367 1957 contulit
2384 1901 2550 1971 parti,
2578 1901 2832 1972 deinceps
2855 1916 2951 1973 per
2981 1902 3124 1958 hanc
3155 1911 3397 1958 nostram
3422 1917 3518 1957 au-

1947 1991 2254 2048 ctoritatem
2280 1992 2403 2063 jure
2432 1991 2747 2048 ﬁrmissimo
2793 2001 2976 2048 teneat
3014 2000 3178 2063 atque
3208 1990 3514 2064 possideat;

1946 2086 2028 2140 vel
2054 2084 2314 2156 quidquid
2335 2083 2527 2139 exinde
2544 2083 2989 2155 facere‘voluerit,
3015 2084 3186 2140 libero
3199 2084 3254 2138 in
3267 2083 3517 2141 omnibus

1945 2175 2256 2245 perfruatur
2275 2175 2522 2231 arbitrio.
3466 2186 3469 2189 '

2678 2265 2768 2320 IV.

1949 2355 2145 2412 Charta
2184 2355 2437 2429 Ludovici
2468 2353 2556 2411 Pii
2579 2355 2979 2429 delibertateget
3008 2357 3337 2429 immunitate
3384 2372 3519 2429 pm-

2298 2427 2744 2481 dictimonasterii
2774 2426 2834 2482 S.
2874 2427 3164 2482 Michaelis.

2017 2536 2074 2589 in
2100 2536 2317 2590 nomine
2338 2536 2550 2590 Domini
2590 2535 2684 2590 Dei
2712 2544 2766 2591 et
2813 2534 3109 2591 Salvatoris
3167 2537 3335 2593 nostri
3369 2537 3519 2598 _Jesu

1948 2626 2174 2692 Christi,
2201 2626 2506 2682 Ludovicus
2535 2628 2715 2682 divina
2741 2628 3022 2683 ordinante
3053 2629 3388 2699 providentia
3421 2631 3521 2686 im-

1945 2728 2165 2787 perator
2187 2717 2476 2787 Augustus.

2017 2805 2075 2861 Si
2099 2821 2227 2877 erga
2251 2806 2368 2862 loca
2404 2806 2600 2863 divinis
2650 2809 2885 2865 cultibus
2930 2811 3237 2880 mancipata
3297 2822 3519 2884 propter

1947 2909 2185 2951 amorem
2212 2895 2306 2949 Dei
2335 2896 2556 2966 ejusque
2581 2897 2634 2951 in
2684 2899 2887 2953 eisdem
2926 2899 3059 2956 locis
3108 2902 3210 2955 sibi
3254 2901 3523 2958 famulan-

1947 2985 2091 3041 tibus
2119 2985 2379 3041 beneﬁcia
2400 2996 2697 3057 opportuna
2721 2988 2999 3060 largimur,
3026 2991 3306 3060 praemium
3361 2995 3516 3049 nobis

1948 3075 2090 3146 apud
2112 3074 2397 3131 Dominum
2424 3085 2639 3132 aeternae
2670 3079 3120 3136 remunerationis
3140 3082 3359 3151 rependi
3405 3092 3511 3139 non

1949 3166 2260 3223 difﬁdimus.
2317 3168 2525 3224 Idcirco
2576 3170 2789 3226 noverit
2851 3172 3088 3227 omnium
3135 3171 3369 3227 ﬁdelium
3420 3190 3506 3227 no-

1945 3267 2204 3325 strorum,
2229 3266 2340 3313 tam
2360 3260 2704 3329 praesentium
2746 3276 2907 3331 quam
2929 3260 3255 3326 futurorum,
3275 3262 3520 3328 solertia,

1940 3348 2069 3416 quia
2092 3350 2175 3403 vir
2203 3351 2531 3407 venerabilis
2555 3350 2886 3423 Smaragdus
2911 3352 3078 3409 abbas
3097 3366 3165 3410 ex
3178 3355 3512 3412 monasterio

1943 3438 2302 3507 Castellionis,
2327 3443 2471 3512 quod
2498 3443 2823 3517 Marsupium
2855 3454 3212 3515 nuncupatur,
3246 3446 3389 3517 quod
3431 3458 3517 3502 est

1942 3540 2309 3588 constructum
2341 3535 2395 3588 in
2425 3533 2632 3589 honore
2662 3536 2836 3592 sancti
2880 3536 3189 3608 archangeli
3238 3537 3517 3594 Michaelis

1942 3628 1998 3676 et
2024 3631 2230 3679 sancta:
2252 3623 2433 3680 Mariae
2462 3639 2675 3695 semper
2714 3626 2955 3697 virginis,
3010 3627 3096 3681 vel
3147 3628 3318 3683 sancti
3365 3626 3512 3683 Petri

1941 3713 2306 3783 apostolorum
2345 3715 2623 3786 principis,
2672 3716 2867 3772 detulit
2914 3716 3077 3773 nobis
3116 3717 3512 3772 immunitatem

1942 3802 2148 3858 domini
2174 3812 2229 3858 et
2273 3805 2531 3875 genitoris
2581 3807 2753 3860 nostri
2805 3806 2981 3861 Caroli
3039 3808 3193 3862 bona:
3242 3808 3516 3862 memoriae

1940 3892 2170 3962 piissimi
2192 3893 2438 3961 Augusti,
2479 3895 2533 3948 in
2564 3911 2667 3964 qua
2702 3895 3003 3951 invenimus
3040 3897 3325 3962 insertum,
3370 3898 3513 3968 quod

1943 3981 2058 4050 ipse
2100 3989 2155 4035 et
2197 3991 2571 4043 antecessores
2600 3983 2735 4064 ejus,
2794 4000 2949 4057 reges
2998 3986 3212 4056 priores
3260 3988 3514 4045 videlicet

1941 4071 2273 4127 Francorum
2291 4114 2307 4141 ,
2332 4072 2617 4145 praefatum
2630 4077 3016 4131 monasterium
3035 4084 3257 4147 propter
3270 4077 3512 4133 divinum

1932 4177 2181 4221 amorem
2201 4171 2259 4218 et
2281 4164 2642 4225 reuerentiam
2682 4164 2854 4235 ipsius
2908 4165 3013 4221 loci
3067 4166 3261 4233 sancti,
3298 4181 3512 4239 semper

1940 4254 2041 4319 sub
2064 4252 2377 4322 plenissima
2414 4247 2728 4314 defensione
2782 4266 2838 4313 et
2876 4258 3230 4314 immunitatis
3281 4260 3509 4317 tuitione

1926 4340 2273 4399 habuissent.
2302 4342 2384 4399 Ob
2410 4342 2723 4401 ﬁrmitatem
2771 4353 2951 4403 tamen
3000 4347 3294 4417 postulavit
3351 4350 3510 4407 nobis

1937 4433 2229 4501 praedictus
2255 4432 2424 4489 abbas
2470 4432 2820 4506 Smaragdus,
2853 4443 2912 4489 ut
2939 4436 2995 4490 in
3040 4451 3280 4492 amorem
3315 4437 3413 4494 Dei
3452 4449 3510 4495 et

1940 4523 2298 4581 reverentiam
2318 4523 2699 4595 prtedEctot-mu
2724 4533 3031 4583 sanctorum
3062 4535 3298 4597 paternae
3330 4537 3510 4586 aucto-

1942 4617 2143 4672 toritati
2170 4617 2443 4673 ﬁrmitatis
2471 4617 2699 4689 gratiam
2729 4625 2970 4672 nostram
3018 4619 3506 4689 superadderemus

1940 4718 1995 4765 et
2013 4712 2408 4767 auctoritatem.
2437 4709 2603 4779 Cujus
2627 4711 2872 4780 petitioni
2909 4727 3010 4767 nos
3035 4712 3265 4769 libenter
3291 4714 3508 4784 acquie-

1938 4800 2137 4866 vimus,
2167 4801 2311 4857 etita
2344 4800 2399 4865 in
2424 4800 2684 4877 panibus
2707 4801 3092 4868 mueessimus,
3110 4810 3273 4872 atque
3292 4804 3506 4873 perhoc

1941 4899 2267 4961 prrcceptum
2294 4901 2492 4947 nostra:
2513 4892 2849 4948 auctoritatis
2884 4892 3345 4951 conﬁrmavimus.
3360 4894 3508 4951 Prte-

1938 4984 2200 5053 cipientes
2228 4998 2358 5053 ergo
2376 4984 2628 5053 jubcmus
2655 4994 2717 5039 ut
2759 4984 2937 5040 nullus
2957 4984 3142 5057 judex,
3168 4985 3251 5041 vel
3281 4986 3507 5056 quilibet

1936 5068 2309 5139 exjudiciaria
2337 5079 2624 5139 potestate,
2661 5073 2714 5126 in
2768 5073 3049 5141 ecclesias,
3090 5083 3184 5129 aut
3225 5074 3363 5142 loca,
3422 5077 3507 5131 vel

1937 5170 2120 5230 agros,
2149 5172 2242 5213 seu
2272 5159 2507 5230 reliquas
2522 5160 2891 5229 possessiones
2912 5162 3155 5234 prmdicti
3170 5168 3501 5233 monasterii,

1938 5264 2072 5319 quas
2098 5251 2356 5307 moderno
2386 5260 2626 5320 tempore
2644 5252 2792 5322 justo
2832 5262 2889 5309 et
2947 5253 3191 5325 legaliter
3240 5256 3505 5327 possidet,

1939 5340 2166 5410 veiquaa
2195 5340 2858 5413 deincepsiajnreipsius
2903 5346 3081 5402 sancti
3130 5346 3235 5403 ioci
3276 5348 3507 5405 voluerit

1939 5429 2119 5486 divina
2140 5432 2313 5503 pietas
2338 5433 2541 5502 augeri,
2565 5429 2633 5486 ad
2660 5447 2852 5489 causas
2881 5436 3194 5502 audiendas,
3242 5437 3327 5495 vel
3354 5436 3504 5493 {reda

1938 5522 2221 5592 exigenda,
2246 5530 2341 5587 aut
2387 5521 2733 5593 ﬁdejussores
2780 5524 3063 5593 tollendos,
3106 5535 3201 5583 aut
3254 5526 3507 5587 homines

1940 5615 2110 5684 ipsius
2137 5613 2452 5668 monasterii
2472 5623 2584 5669 tam
2606 5616 2866 5685 ingenuos
2890 5634 3057 5687 quam
3076 5627 3134 5673 et
3175 5634 3365 5677 servos
3411 5636 3506 5677 su.

1938 5724 2036 5781 per
2065 5708 2263 5764 terram
2294 5706 2463 5780 ipsius
2486 5710 2801 5766 monasterii
2843 5720 3264 5780 comment-otes,
3304 5711 3503 5786 injuste
