3960 6408
294 347 398 410 981

1322 338 1658 404 LIBELLUS
1695 339 1784 397 DE
1823 339 2172 398 MYSTERIO
2207 339 2518 404 BAPTISM'.

3426 347 3535 403 982

286 459 532 518 donavit.
565 457 748 514 Caroli
785 457 924 514 ﬁlius
951 457 1253 516 Ludovicus
1277 460 1406 514 Pius
1433 459 1628 528 Magno
1663 455 1859 528 direxit
1885 460 1934 519 Α
1961 453 2184 528 scripta,
2207 454 2277 528 ab
2295 467 2560 528 anonymo
2586 462 2832 528 correcta
2860 453 2978 510 fuit.
3011 455 3251 528 Mortuus
3280 465 3364 511 est
3390 474 3538 528 anno

294 547 385 601 an.
419 529 528 601 817
573 529 848 601 exemplar
896 531 1093 601 regula:
1137 523 1548 586 canonicornm'
1563 540 1634 601 ex
1669 523 1858 601 synodi

1965 525 2089 588 818,
2125 525 2476 593 sepultusque
2502 525 2554 577 in
2586 525 2814 579 ecclesia
2845 540 3005 593 quam
3034 527 3087 580 in
3112 528 3370 581 honorem
3403 527 3532 582 Sal—

291 592 748 672 Aquisgranensis'
772 592 1044 672 consulto,
1073 601 1385 672 praecipiens
1412 613 1532 672 eam
1563 592 1860 672 in_pr'pvin-
1962 592 2168 672 vatoris
2197 592 2554 672 adiﬁcaverat
2573 594 2636 672 _in
2681 592 2989 672 vineis’pro
3021 597 3404 672 canonicoer
3436 612 3530 672 se-

293 661 836 739 ciasu'aobservari.
875 661 1050 739 Magni
1075 661 1259 725 "adhuc
1283 669 1436 738 jussu
1468 666 1589 739 Vita
1698 664 1862 739 Seve—
1963 663 2196 739 pultura.
2238 661 2621 739 Hmeecclesia
2652 661 2926 739 canonicis
2966 666 3295 739 regularibus
3324 665 3381 720 S.
3419 667 3530 720 Au-

294 738 398 792 rini
441 737 653 792 abbatis
694 731 1060 808 Agaunensis,
1106 756 1137 793 a
1176 731 1376 794 Fausto
1431 737 1548 807 ejus
1602 732 1862 802 discipulo
1965 731 2164 802 gustini
2189 731 2511 801 procedente
2546 732 2741 786 saeculo
2779 731 3093 790 duodecimo
3122 751 3378 791 concessa
3422 743 3524 790 est.

3287 891 3464 910 ...ι-..σι

1148 1037 1650 1166 MAGNI
1749 1035 2695 1164 SENONENSIS

897 1283 1396 1365 LIBELLUS
1452 1283 1584 1360 DE
1641 1277 2157 1356 MYSTERIO
2237 1277 2949 1374 BAPTISMATIS,

1370 1457 1583 1516 JUSSU
1621 1455 1873 1513 CAROLI
1913 1453 2126 1512 MAGNI
2164 1453 2436 1510 EDITUS.

1547 1591 1801 1654 (Martem,
1825 1588 1940 1640 Vet.
1966 1587 2096 1639 Eccl.
2121 1586 2244 1649 litt.)

351 1811 753 1871 Gloriosissime
782 1809 1094 1878 imperator,
1127 1807 1464 1860 innotescere
1502 1798 1856 1870 magnitudini
1885 1802 1932 1860 B
1962 1798 2083 1852 ﬁdei
2123 1795 2408 1866 integritas
2444 1807 2459 1846 :
2495 1792 2712 1863 signum
2735 1833 2750 1858 ,
2796 1795 2941 1864 quod
2979 1811 3044 1852 eo
3065 1798 3202 1854 bene
3242 1810 3450 1862 retento
3475 1822 3528 1864 ei

283 1913 479 1960 vestrae
503 1899 942 1972 praesumpsimus
969 1911 1067 1950 nos
1097 1895 1239 1949 servi
1273 1892 1458 1954 vestri,
1490 1890 1712 1960 Magnus
1751 1889 1858 1943 sci-

284 1994 412 2049 licet
434 2001 489 2046 et
509 1989 692 2047 caeteri
733 2003 1010 2056 compares
1039 1985 1168 2049 mei,
1211 1984 1338 2038 licet
1377 1981 1579 2051 indigni
1621 1979 1858 2049 episcopi

283 2087 355 2142 ad
379 2083 701 2140 Senonicam
723 2079 998 2136 ditecesim
1023 2079 1374 2148 pertinentes,
1395 2074 1520 2143 quia
1533 2078 1858 2143 praeceptum

282 2183 525 2230 vestrum
555 2171 830 2227 humiliter
851 2177 907 2223 et
932 2166 1288 2222 libentissime
1317 2165 1498 2219 animo
1525 2168 1857 2230 susceptum,

282 2261 427 2330 iuxta
465 2259 608 2329 quod
645 2266 828 2312 nostra
861 2254 1138 2326 praevaluit
1175 2252 1444 2322 exiguitas
1489 2250 1556 2305 de
1601 2248 1858 2319 mysterio

283 2356 622 2426 baptismatis
644 2395 660 2418 ,
695 2353 835 2408 sicut
863 2352 917 2405 in
947 2357 1126 2405 vestra
1149 2347 1458 2402 continetur
1484 2342 1733 2413 epistola,
1759 2341 1856 2396 ad-

283 2445 635 2500 monitionem
658 2449 893 2496 vestram
914 2439 1187 2507 inquirere
1207 2435 1290 2490 vel
1305 2435 1627 2504 investigare
1653 2432 1858 2488 studui-

286 2554 446 2600 mus,
496 2534 728 2605 qualiter
775 2530 1072 2599 intelligere
1107 2527 1193 2582 vel
1230 2534 1416 2581 tenere
1459 2524 1853 2588 debuissemus;

284 2629 427 2682 unde
449 2627 492 2680 si
519 2625 633 2678 ausi
659 2637 862 2686 sumus,
891 2622 1164 2675 immensae
1193 2617 1490 2672 clementiae
1512 2629 1703 2669 vestrae
1724 2612 1858 2668 refe-

286 2716 454 2770 rimus
481 2714 691 2779 laudes,
711 2726 779 2767 eo
808 2712 949 2781 quod
973 2724 1074 2764 nos
1095 2709 1162 2763 de
1183 2722 1370 2763 somno
1400 2705 1642 2761 stultitiae
1665 2704 1749 2757 vel
1777 2703 1856 2756 in-

287 2803 552 2875 sipientia:
596 2803 835 2857 excitare
882 2799 1085 2870 dignati
1129 2797 1326 2862 fuistis,
1379 2796 1520 2850 sicut
1546 2808 1758 2863 semper
1802 2799 1860 2845 et

286 2895 486 2964 ubique
533 2891 751 2948 solliciti
793 2891 944 2946 estis.
986 2889 1200 2944 Gratias
1232 2900 1464 2955 namque
1505 2883 1854 2953 omnipotenti

287 2983 398 3038 Deo
427 2992 480 3038 et
516 2983 669 3038 vobis
706 2979 829 3036 inde
872 2996 970 3035 nos
1001 2987 1054 3035 et
1079 2978 1295 3050 plurimi
1337 2977 1428 3030 alii
1455 2975 1777 3030 eruditiores
1802 2981 1859 3028 et

289 3074 540 3128 meliores
583 3088 703 3128 esse
751 3070 1005 3126 debemus
1045 3077 1100 3124 et
1141 3083 1343 3123 sumus.
1383 3065 1632 3119 Vestram
1674 3073 1854 3118 tamen

288 3177 573 3216 exoramus
604 3160 968 3223 clementiam,
997 3164 1055 3210 ut
1079 3157 1234 3212 nobis
1264 3154 1537 3225 indulgeat
1553 3161 1735 3209 vestra
1762 3153 1858 3208 be-

288 3257 546 3328 nignitas,
585 3254 726 3324 quod
753 3268 849 3322 per
875 3252 1054 3306 omnia
1084 3251 1225 3306 sicut
1261 3251 1544 3306 debuimus
1578 3248 1731 3304 vobis
1769 3263 1858 3303 re-

287 3347 538 3401 nuntiare
587 3344 958 3414 nequivimus,
1001 3342 1099 3396 sed
1146 3341 1309 3395 etiam
1353 3341 1456 3394 hoc
1510 3339 1654 3409 quod
1706 3337 1860 3393 nobis

286 3435 479 3492 Patres
506 3450 603 3506 per
629 3434 838 3489 illorum
873 3433 1204 3500 reliquerunt
1241 3431 1484 3500 exempla
1506 3470 1522 3496 ,
1567 3438 1620 3484 et
1654 3444 1753 3484 nos
1794 3443 1862 3484 ex

289 3531 476 3578 nostra
490 3523 781 3594 exiguitate
795 3529 950 3592 parte
978 3519 1322 3588 intelligimus
1352 3519 1540 3574 ordine
1566 3519 1861 3587 subsequa-

292 3627 438 3666 mur.

361 3697 696 3766 Baptismum
727 3697 912 3752 Graece
950 3696 1140 3751 Latine
1191 3697 1382 3750 tinctio
1433 3697 1818 3765 interpretatur
1843 3733 1858 3755 ,

291 3785 419 3854 quia
457 3782 530 3836 ibi
570 3782 733 3837 homo
773 3782 975 3852 Spiritu
999 3783 1184 3851 gratiae
1207 3781 1479 3853 ingmelius
1505 3788 1765 3834 mutatur.
1797 3780 1867 3833 Et

291 3879 578 3941 prepterea
616 3869 793 3924 infans
820 3878 903 3922 ter
941 3868 1202 3938 mergitur
1241 3869 1294 3922 in
1319 3883 1475 3922 sacro
1496 3867 1664 3933 fonte,
1690 3877 1750 3921 ut
1781 3883 1866 3922 se-

292 3967 564 4036 pulturam
607 3963 910 4017 triduanam
949 3960 1154 4016 Christi
1186 3957 1330 4012 trina
1361 3956 1616 4010 dimersio
1640 3955 1866 4025 mystice

293 4059 633 4127 designaret,
671 4062 727 4110 et
754 4053 821 4108 ab
872 4055 1027 4123 aquis
1058 4052 1284 4106 elevatio
1310 4050 1508 4106 Christi
1537 4050 1867 4120 resurgentis

292 4145 586 4201 similitudo
625 4143 797 4198 estde
824 4142 1089 4210 sepulcro.
1121 4140 1438 4194 Nullatenns
1479 4140 1658 4208 itaque
1693 4137 1862 4206 bapti-

295 4234 400 4288 smi
446 4233 764 4304 mysterium
791 4231 976 4301 perﬁci
1009 4236 1206 4300 potest,
1237 4229 1338 4283 nisi
1384 4228 1484 4282 sub
1527 4227 1864 4282 invocatione

293 4331 494 4379 sancta;
519 4323 831 4387 Trinitatis,
869 4323 991 4390 quia
1023 4327 1229 4375 rectum
1260 4330 1343 4374 est
1379 4328 1440 4374 ut
1477 4319 1639 4374 homo
1663 4319 1754 4390 qui
1796 4319 1862 4374 ad

295 4413 582 4484 imaginem
608 4421 808 4470 sancta:
837 4413 1119 4468 Trinitatis
1153 4420 1368 4468 creatus
1395 4419 1498 4478 est,
1520 4412 1590 4467 ad
1617 4411 1860 4468 eamdem

295 4512 580 4562 revocetur:
603 4505 911 4576 imaginem.

368 4594 798 4650 Catechumenus
841 4602 1017 4647 autem
1056 4593 1277 4648 audiens
1311 4593 1423 4648 sive
1459 4593 1748 4648 instructus
1775 4593 1858 4647 in-

295 4689 637 4752 terpretatur,
671 4690 728 4736 ut
748 4683 930 4737 audiat
953 4691 1007 4737 et
1031 4684 1221 4746 discat,
1250 4691 1536 4752 antequam
1557 4683 1623 4737 ad
1649 4699 1861 4738 sacrum

299 4773 522 4826 accedat
567 4770 800 4836 fontem,
840 4773 1068 4843 mystica
1113 4771 1433 4828 Christianae
1480 4774 1754 4842 religionis
1777 4790 1864 4829 sa-

297 4871 573 4918 cramenta
591 4905 607 4930 ,
636 4873 691 4920 et
735 4874 860 4920 tunc
886 4866 1058 4921 discat
1087 4865 1244 4921 ﬁdem
1278 4875 1479 4921 sanctae.
1507 4866 1786 4921 Trinitatis
1809 4876 1866 4922 et

297 4951 596 5021 symbolum
622 4993 638 5018 ,
677 4963 732 5008 et
761 4963 956 5010 caetera
988 4972 1108 5025 quae
1140 4956 1444 5011 Christiana
1473 4958 1725 5012 admonet
1757 4957 1864 5012 lex.

369 5043 697 5100 Scrutinium
725 5061 852 5101 vero
878 5047 1074 5102 dicitur
1102 5047 1398 5116 inquisitio,
1433 5063 1498 5102 eo
1518 5049 1658 5117 quod
1684 5064 1779 5117 per
1807 5048 1870 5102 il-

297 5129 388 5185 lud
433 5132 746 5202 exploratur
791 5135 1023 5206 qualiter
1071 5136 1203 5191 ﬁdes
1250 5136 1510 5191 catholica
1556 5139 1609 5190 in
1657 5137 1868 5192 illorum

297 5221 549 5277 cordibus
570 5225 852 5280 retinetur.
884 5225 950 5280 Et
974 5225 1130 5280 aliter
1159 5227 1478 5281 scrutiuium
1517 5243 1546 5280 a
1580 5229 1870 5282 scrutando

299 5309 515 5376 dicitur,
550 5310 675 5382 q'uia
699 5320 825 5369 tunc
846 5315 1123 5370 scrutandi
1145 5324 1270 5370 sunt
1299 5317 1691 5382 catechumeni,
1715 5318 1760 5372 si
1784 5332 1867 5372 re-

296 5405 443 5453 ctam
458 5397 571 5468 jam
583 5402 986 5490 ’noviter‘ﬁdem
1012 5405 1238 5476 symboli
1263 5406 1341 5461 eis
1363 5405 1616 5461 traditam
1645 5406 1872 5463 firmiter

300 5493 539 5543 teneant.
583 5488 590 5490 ⁷
817 5488 830 5498 ”

371 5577 680 5649 Symbolum
705 5581 893 5638 Grzece
926 5581 1116 5638 Latine
1150 5584 1406 5640 indicium
1435 5593 1489 5641 et
1530 5586 1764 5656 signum,
1787 5587 1873 5641 vel

299 5667 516 5728 collatio
538 5673 938 5744 interpretatur.
970 5674 1226 5730 Indicium
1249 5675 1374 5745 quia
1403 5690 1502 5744 per
1529 5675 1583 5732 id
1605 5677 1874 5733 indicatur

1955 1886 2248 1950 intellecto,
2279 1882 2462 1936 ﬁdeles
2494 1881 2563 1935 ab
2591 1881 2898 1938 inﬁdelibus
2928 1884 3332 1956 discernuntur;
3361 1893 3525 1950 colla-

1956 1977 2054 2042 tio,
2082 1976 2208 2045 quia
2253 1975 2307 2028 in
2349 1987 2416 2028 eo
2457 1971 2684 2042 apostoli
2727 1988 2944 2030 omnem
2987 1976 3110 2033 ﬁdei
3168 1979 3526 2053 integritatem

1955 2064 2230 2121 oontuleru
2237 2070 2315 2117 nt.

2021 2172 2263 2259 Qualiter
2286 2172 2467 2240 itaque
2491 2169 2713 2226 credere
2750 2170 2804 2225 in
2829 2173 2999 2228 Deum
3037 2174 3250 2231 Patrem
3278 2181 3526 2251 omnipo-

1955 2258 2180 2326 tentem,
2212 2269 2267 2316 et
2289 2260 2345 2315 in
2364 2259 2557 2314 Filium
2583 2259 2699 2330 ejus
2722 2258 2906 2316 Iesum
2931 2261 3224 2332 Christum,
3249 2276 3303 2322 et
3323 2269 3379 2322 in
3409 2271 3530 2341 Spi~

1955 2356 2121 2410 ritum
2145 2351 2403 2407 Sanctum
2432 2356 2489 2405 et
2521 2359 2714 2405 caetera
2754 2351 2846 2420 qui
2875 2351 3184 2421 baptizandi
3213 2365 3337 2411 sunt
3367 2361 3529 2428 proﬁ-

1957 2454 2170 2510 tentur;
2201 2442 2447 2514 quamvis
2474 2441 2680 2512 parvuli
2709 2457 2807 2512 per
2831 2458 2891 2498 se
2907 2444 3149 2514 proﬁteri
3167 2463 3272 2501 non
3297 2453 3526 2518 possint,

1955 2547 2135 2593 tamen
2162 2539 2261 2606 per
2296 2534 2460 2590 corda
2504 2540 2559 2588 et
2587 2547 2682 2588 ora
2709 2535 3005 2588 tenentium
3027 2549 3121 2590 eos
3148 2536 3280 2593 ﬁdes
3308 2539 3530 2596 conﬁte-

1957 2638 2044 2683 tur
2071 2626 2356 2690 catholica,
2385 2625 2440 2678 id
2465 2631 2550 2678 est
2568 2623 2750 2687 Pater,
2781 2631 2836 2678 et
2859 2623 3046 2689 Filius,
3074 2633 3129 2680 et
3155 2625 3388 2695 Spiritus
3408 2645 3531 2684 san-

1955 2725 2075 2772 ctus
2110 2716 2269 2769 unius
2294 2713 2576 2777 essentias,
2613 2713 2772 2767 unius
2802 2716 3082 2781 potestatis
3105 2722 3161 2770 et
3187 2719 3529 2787 sempiterni-

1954 2805 2100 2868 tatis,
2142 2803 2260 2857 sine
2285 2801 2441 2855 initio
2479 2808 2534 2854 et
2574 2801 2691 2855 sine
2728 2803 2834 2856 ﬁne
2864 2818 3005 2857 unus
3039 2803 3182 2859 Deus
3223 2807 3526 2872 invisibilis,

1955 2893 2032 2948 ita
2073 2893 2126 2945 in
2157 2891 2385 2961 singulis
2429 2905 2782 2958 personarum
2827 2893 3156 2962 proprietate
3200 2906 3432 2961 servata,
3478 2905 3534 2952 et

1955 2979 2378 3036 substantialiter
2427 2978 2664 3033 Trinitas
2705 2979 2870 3033 dividi
2907 2996 3006 3035 nec
3041 2985 3395 3051 personaliter
3444 2987 3533 3041 de-

1953 3068 2080 3123 beat
2115 3067 2335 3122 omnino
2361 3065 2616 3121 confundi
2650 3083 2662 3119 :
2704 3065 2920 3120 Patrem
2973 3069 3299 3138 ingenitum,
3333 3073 3528 3128 Filium

1960 3159 2200 3230 genitum
2237 3165 2292 3212 et
2328 3164 2513 3210 natum
2545 3170 2613 3211 ex
2641 3155 2807 3210 Maria
2839 3157 3076 3228 virgine,
3114 3169 3169 3215 et
3192 3161 3529 3228 cruciﬁxum,

1961 3260 2016 3305 et
2043 3257 2334 3313 mortuum,
2361 3254 2415 3301 et
2443 3246 2826 3312 resurrexisse,
2846 3255 2901 3301 et
2925 3249 3233 3304 ascendisse
3259 3251 3312 3305 in
3339 3252 3528 3316 malos,

1959 3350 2015 3398 et
2044 3341 2319 3396 sedentem
2357 3354 2386 3392 a
2420 3337 2628 3392 dextris
2651 3337 2850 3403 Patris,
2879 3339 3002 3394 inde
3021 3348 3305 3395 venturum
3333 3357 3453 3397 esse
3477 3343 3532 3396 in

1959 3433 2144 3486 eadem
2170 3443 2333 3485 carne
2347 3427 2592 3496 judicare
2617 3427 2767 3482 vivos
2787 3436 2842 3483 et
2876 3437 3134 3484 mortuos.
3163 3430 3230 3484 Et
3257 3429 3518 3501 Spiritum

1961 3530 2209 3577 sanctum
2247 3534 2347 3574 nec
2373 3518 2610 3588 genitum
2631 3557 2646 3583 ,
2677 3533 2852 3588 neque
2888 3520 3205 3590 ingenitum,
3237 3524 3330 3577 sed
3351 3538 3534 3592 proce-

1962 3613 2176 3668 dentem
2200 3626 2230 3665 a
2260 3610 2424 3665 Patre
2457 3617 2513 3663 et
2543 3607 2702 3664 Filio.
2732 3607 2842 3664 Nec
2866 3625 2972 3665 non
3002 3617 3058 3665 et
3080 3625 3240 3665 unam
3271 3612 3533 3666 conﬁten-

1963 3713 2050 3760 tur
2075 3702 2393 3759 catholicam
2424 3700 2718 3756 Ecclesiam
2747 3709 2804 3756 et
2826 3702 3256 3757 communionem
3288 3703 3531 3757 omnium

1964 3800 2294 3855 sanctorum,
2336 3790 2393 3842 id
2415 3797 2500 3844 est
2534 3792 3004 3859 congregationem
3038 3793 3278 3846 omnium
3301 3791 3534 3848 ﬁdelium

1963 3878 2018 3932 in
2043 3877 2262 3932 Christo
2279 3916 2295 3942 ,
2327 3886 2486 3945 atque
2510 3879 2739 3932 credunt
2763 3880 3138 3934 remissionem
3166 3890 3535 3948 peccatorum,

1964 3973 2020 4020 et
2042 3965 2492 4020 resurrectionem
2530 3965 2710 4018 carnis
2729 4005 2744 4029 ,
2770 3975 2826 4020 et
2852 3967 3019 4021 vitam
3047 3978 3169 4037 post
3197 3977 3447 4035 mortem,
3479 3982 3536 4026 et

1965 4070 2190 4126 regnare
2218 4070 2340 4110 cum
2367 4053 2582 4109 Christo
2605 4056 2659 4109 in
2688 4056 2878 4111 saecula
2907 4058 3245 4125 smculorum,
3283 4077 3460 4117 amen.

2037 4166 2444 4221 Abrenuntiatio
2469 4166 2667 4222 dicitur
2706 4167 3186 4232 abominatio,sive
3223 4170 3532 4237 detestatio,

1965 4259 2090 4329 quia
2121 4257 2596 4326 ante'baptismum
2618 4259 2984 4327 unusquisque
3013 4267 3231 4330 propter
3249 4262 3537 4333 originalia

1965 4357 2186 4418 peccata
2223 4363 2412 4403 servus
2439 4357 2522 4404 est
2549 4348 2777 4418 peccati,
2823 4357 2878 4402 et
2906 4349 3025 4404 ideo
3049 4351 3391 4404 abrenuntiat
3432 4352 3550 4406 dia-

1886 4468 1940 4529 υ
1965 4437 2105 4502 bolo,
2141 4438 2233 4506 qui
2263 4445 2346 4492 est
2373 4437 2623 4506 princeps
2656 4437 2885 4507 peccati,
2915 4446 2971 4492 et
3000 4439 3249 4494 omnibus
3285 4441 3538 4510 operibus

1965 4528 2096 4597 ejus,
2122 4535 2178 4583 et
2198 4527 2449 4582 omnibus
2467 4527 2678 4598 pompis
2701 4526 2836 4595 ejus,
2867 4528 2919 4582 id
2945 4537 3028 4585 est
3044 4529 3211 4594 vitiis,
3233 4538 3292 4583 ut
3317 4531 3537 4585 damna~

1967 4619 2167 4672 tionem
2212 4617 2356 4671 illius
2405 4625 2746 4686 aspernetur.
2800 4616 2972 4684 Quam
3015 4619 3538 4675 abrenuntiationem

1967 4717 2114 4761 recte
2159 4705 2428 4761 confessio
2465 4713 2666 4760 sancta:
2707 4705 2989 4761 Trinitatis
3035 4709 3297 4775 sequitur,
3348 4715 3405 4763 ut
3445 4711 3537 4765 ubi

1969 4795 2260 4850 abundavit
2289 4803 2568 4864 peccatum
2593 4793 2991 4863 superabundet
3021 4796 3216 4864 gratia.

2039 4922 2382 4979 lnsuﬁlantur
2406 4923 2605 4978 etenim
2645 4922 2737 4991 qui
2774 4923 3078 4994 baptizandi
3104 4934 3232 4979 sunt
3272 4942 3302 4980 a
3330 4928 3422 4982 Dei
3451 4944 3539 4984 sae

1969 5014 2206 5078 cerdote,
2238 5021 2298 5067 ut
2318 5027 2384 5067 ex
2404 5013 2484 5067 eis
2507 5014 2758 5082 princeps
2792 5013 3057 5088 eﬁ'ugctur
3084 5026 3426 5086 peccatorum
3447 5059 3462 5084 ,
3488 5029 3541 5074 et

1967 5107 2184 5163 Christo
2222 5107 2447 5161 Domino
2483 5115 2703 5174 paretur
2747 5107 3025 5173 introitus,
3054 5117 3108 5162 et
3151 5125 3248 5178 per
3284 5111 3424 5166 illius
3466 5113 3532 5165 in-

1967 5193 2318 5249 suﬁlationem
2348 5201 2657 5247 mereantur
2687 5195 2937 5263 accipere
2975 5197 3235 5265 Spiritum
3270 5208 3536 5254 sanctum.

2038 5310 2385 5366 Exoreismus
2416 5308 2602 5365 Graece
2637 5310 2825 5366 Latine
2864 5312 3168 5382 coniuratio
3202 5317 3316 5372 sive
3359 5333 3551 5372 sermo

1969 5400 2351 5469 iucrepationis
2379 5406 2463 5454 est
2502 5399 2761 5454 adversus
2797 5401 3100 5468 diabolum;
3142 5413 3198 5459 et
3239 5405 3358 5461 ideo
3382 5421 3546 5461 exor-

1970 5492 2177 5548 cizatur
2209 5491 2576 5561 unusquisque
2600 5491 2823 5546 veniens
2855 5493 2923 5547 ad
2951 5493 3276 5563 baptismum
3296 5537 3311 5560 ,
3341 5504 3399 5550 ut
3427 5495 3538 5551 elli-

1973 5583 2148 5639 ciatur
2185 5581 2439 5652 templum
2471 5581 2567 5636 Dei
2602 5582 2732 5647 vivi,
2760 5584 2852 5652 qui
2879 5599 2974 5654 per
3003 5597 3254 5640 naturam
3279 5602 3432 5641 suam
3462 5588 3536 5642 ef-

1975 5674 2144 5731 fectus
2182 5682 2301 5730 crat
2326 5672 2577 5742 templum
2617 5672 2842 5738 diaboli,
2887 5684 2942 5728 et
2973 5677 3256 5732 recedente
3302 5678 3551 5743 diabolo,
