3960 6418
386 325 496 384 985

1408 321 1621 380 MAGNI
1661 316 2091 384 SENONENSIS
2128 323 2647 386 ARCHIEPISCOPI

3545 337 3653 394 986

389 455 486 514 per
513 436 968 495 exorcizationem
994 437 1296 490 sacerdotis
1335 435 1668 506 ingrediatur
1692 435 1962 505 Christus,
1993 452 2043 511 Α
2069 440 2361 498 novissime
2391 455 2490 513 per
2522 454 2714 497 manus
2742 439 3140 511 impositionem
3163 456 3193 495 a
3218 455 3431 498 summo
3459 459 3654 508 sacer.

387 541 445 587 et
468 531 733 586 eﬁiciatur
752 529 1115 585 habitaculum
1148 528 1264 582 Dei.

457 621 639 678 Salem
685 621 738 676 in
785 628 1125 676 sacramento
1171 619 1512 690 baptismatis
1557 621 1860 692 accipiunt,
1908 628 1966 674 ut

385 717 503 787 ejus
531 724 690 786 gustu
713 715 1116 771 condimentum
1141 713 1419 786 sapientiae
1442 714 1767 784 percipiant,
1792 727 1967 783 neque

385 824 416 866 η
449 823 641 878 Sapore
671 807 873 863 Christi
904 807 1197 877 desipiant,
1237 815 1292 860 et
1333 806 1444 861 sint
1479 805 1671 861 insulsi
1706 813 1764 861 et
1795 804 1962 871 fatui;

385 899 480 954 sed
521 898 666 968 quod
693 899 999 958 habuerunt
1024 897 1079 950 in
1121 911 1179 950 se
1219 895 1538 950 naturaliter
1576 894 1837 950 insulsum
1870 895 1966 948 ha-

385 987 548 1042 beant
576 1002 674 1058 per
698 987 900 1043 Christi
928 986 1157 1056 gratiam
1183 1000 1279 1054 per
1310 984 1490 1040 omnia
1521 984 1634 1039 sale
1665 984 1960 1039 conditum.

456 1076 775 1147 Tanguntur
803 1091 962 1130 aures
991 1084 1045 1129 et
1075 1089 1234 1129 nares
1279 1075 1345 1130 de
1371 1082 1550 1146 sputo,
1593 1083 1650 1128 et
1671 1074 1872 1129 dicitur
1887 1073 1966 1142 ef-

385 1167 493 1240 [δια
512 1205 528 1232 ,
560 1166 614 1220 id
641 1175 726 1221 est
763 1165 1074 1236 adaperire;
1107 1179 1268 1218 nares
1299 1171 1611 1233 tanguntur,
1642 1170 1702 1217 ut
1728 1162 1965 1233 quandiu

385 1259 498 1317 vita
529 1273 713 1314 comes
738 1267 794 1313 et
826 1257 984 1311 ﬁatus
1009 1256 1132 1312 vita:
1170 1256 1226 1310 in
1259 1255 1482 1310 naribus
1505 1263 1560 1311 et
1587 1253 1818 1310 olfactus
1843 1268 1967 1326 per-

386 1353 668 1416 manserit,
711 1350 926 1406 assidue
972 1349 1026 1404 in
1070 1347 1272 1404 Christi
1319 1347 1543 1402 servitio
1571 1345 1857 1417 perduret;
1910 1352 1966 1400 et

388 1458 548 1498 aures
573 1441 822 1497 similiter
862 1447 1188 1510 tanguntur,
1223 1446 1284 1491 ut
1327 1436 1618 1492 salutarem
1663 1435 1964 1492 doctrinam

385 1535 706 1592 Christianae
753 1531 1028 1602 religionis
1054 1545 1118 1585 ac
1144 1529 1266 1585 ﬁdei
1302 1545 1517 1599 semper
1557 1527 1882 1593 auscultent,
1909 1535 1965 1580 et

386 1628 592 1682 intente
619 1623 839 1678 audiant
857 1662 872 1688 ,
899 1629 954 1676 et
975 1634 1164 1678 omnes
1199 1619 1513 1676 ridiculosas
1554 1617 1812 1674 daemonis
1842 1632 1965 1672 sua-

388 1719 568 1774 siones
589 1720 866 1784 respuant.

454 1807 652 1862 Pectus
678 1817 808 1859 vero
833 1801 1090 1872 unguitur
1121 1807 1310 1855 sancto
1336 1799 1456 1854 oleo
1476 1839 1490 1863 ,
1515 1809 1575 1851 ut
1599 1797 1753 1867 signo
1787 1796 1965 1851 crucis
1993 1790 2040 1848 Β

385 1897 708 1954 Christianae
745 1893 1064 1950 excludatur
1090 1891 1306 1948 diabolo
1339 1891 1624 1955 introitus,
1665 1896 1720 1942 et
1748 1887 1967 1943 Christo

385 1988 614 2046 Domino
641 1993 865 2056 paretur
894 1983 1194 2053 ingressus.

458 2075 704 2145 Scapulae
749 2083 928 2129 autem
971 2074 1290 2142 signantur,
1333 2079 1394 2125 ut
1441 2070 1676 2138 undique
1707 2067 1966 2138 templum

385 2168 482 2223 Dei
513 2168 750 2224 dicatum
778 2167 848 2222 ab
873 2164 1022 2219 omni
1051 2163 1264 2217 Satanae
1292 2161 1678 2231 impedimento
1712 2158 1964 2214 munian-

387 2269 500 2314 tur.
548 2258 615 2313 Et
651 2259 756 2313 hoc
799 2255 1042 2326 signatur
1069 2253 1265 2308 iterum
1303 2252 1359 2306 in
1381 2251 1618 2320 pectoris
1651 2259 1706 2304 et
1731 2247 1968 2318 scapulas

387 2349 664 2412 unctione,
691 2355 754 2402 ut
774 2346 868 2401 ﬁat
886 2346 937 2400 ei
966 2343 1196 2399 ﬁrmitas
1219 2350 1274 2398 et
1293 2342 1560 2398 bonorum
1589 2353 1815 2410 operum
1843 2353 1970 2410 per-

393 2439 722 2495 severantia.

461 2531 594 2586 Post
617 2541 787 2585 sacrae
817 2521 1245 2596 regenerationis
1265 2522 1536 2576 lavacrum
1559 2521 1820 2590 baptizati
1841 2536 1970 2576 can-

391 2622 534 2680 didis
581 2619 880 2676 induuntur
919 2615 1279 2680 vestimentis,
1313 2623 1374 2668 ut
1399 2614 1672 2685 surgentis
1715 2613 1970 2669 Ecclesia:

391 2715 624 2785 ﬁgurent
659 2711 950 2782 mysticum
980 2708 1319 2778 mysterium,
1357 2707 1441 2760 vel
1468 2713 1691 2776 propter
1713 2705 1969 2775 gaudium

391 2817 547 2860 novae
571 2800 1013 2871 regenerationis,
1044 2798 1273 2867 vitaeque
1299 2797 1628 2862 castitatem,
1657 2804 1714 2852 et
1741 2795 1969 2867 angelici

390 2893 692 2964 splendoris
711 2891 984 2946 decorem.

469 2985 621 3040 Tunc
641 2984 856 3038 demum
879 2995 1034 3036 sacro
1061 2979 1376 3042 chrismate,
1398 2976 1542 3046 quod
1563 2974 1751 3030 Latine
1770 2975 1972 3032 dicitur

394 3075 602 3140 unctio,
647 3081 809 3143 caput
832 3072 1169 3142 perungitur,
1201 3077 1261 3124 ut
1285 3070 1340 3123 in
1365 3081 1532 3139 regno
1571 3075 1628 3121 et
1660 3067 1968 3122 sacerdotio

2067 531 2193 586 dote
2214 532 2540 603 septiformis
2566 532 2750 604 gratiae
2773 532 3016 602 spiritum
3049 533 3350 602 accipiunt,
3379 544 3437 589 ut
3465 551 3646 592 corrc.

2066 623 2326 679 borcntur
2363 623 2417 679 in
2448 623 2551 680 ﬁde
2578 631 2724 680 recta
2751 638 2846 694 per
2868 622 3128 692 Spiritum
3142 632 3406 679 sanctum.
3434 625 3502 682 Et
3526 626 3647 686 ideo

2067 712 2129 768 ﬁt
2151 729 2344 770 manus
2371 715 2663 786 impositio,
2692 723 2753 770 ut
2774 729 2872 784 per
2891 714 3323 771 benedictionem
3345 717 3641 774 advocetur

2067 813 2124 858 et
2153 805 2414 860 invitetur
2438 805 2672 878 Spiritus
2705 814 2945 862 sanctus.
2983 807 3224 876 Denique
3257 808 3534 863 sciendum
3562 818 3648 868 est

2067 895 2193 964 quia
2221 895 2361 950 sicut
2384 906 2578 952 caetera
2603 897 2945 968 baptismatis
2977 907 3318 952 sacramenta
3345 913 3442 969 per
3465 915 3648 954 sacer.

2068 985 2222 1039 dotes
2246 985 2534 1041 visibiliter
2559 985 2695 1044 ﬁunt
2720 1027 2735 1052 ,
2773 993 2830 1040 et
2857 999 2954 1056 per
2988 985 3275 1042 Dominum
3306 987 3649 1050 invisibiliter

2067 1084 2478 1142 consecrantur,
2512 1077 2588 1131 ita
2615 1080 2671 1130 el
2699 1076 2933 1146 Spiritus
2971 1077 3144 1131 saneti
3167 1077 3338 1148 gratia
3361 1093 3460 1147 per
3478 1077 3649 1148 impo-

2067 1168 2318 1223 sitionem
2354 1183 2611 1222 manuum
2641 1169 3016 1240 episcoporum
3056 1167 3305 1223 ﬁdelibus
3335 1167 3566 1223 traditur
3592 1179 3649 1225 et

2068 1276 2098 1317 a
2128 1261 2356 1317 Domino
2377 1260 2747 1318 conﬁrmatur.

2136 1353 2421 1409 Postremo
2457 1368 2682 1425 corpore
2709 1363 2763 1407 et
2792 1351 3051 1422 sanguine
3079 1351 3364 1408 Dominico
3401 1355 3647 1408 commu-

2067 1445 2338 1510 nicantur,
2361 1452 2418 1499 ut
2436 1443 2578 1500 illius
2603 1444 2842 1497 membra
2868 1441 3172 1496 efﬁciantur
3194 1441 3397 1511 quipro
3420 1442 3500 1496 eis
3517 1457 3642 1512 pas-

2067 1552 2160 1592 sus
2183 1544 2267 1590 est
2285 1575 2300 1601 ,
2327 1543 2383 1589 et
2411 1534 2727 1597 resurrexit,
2759 1541 2814 1587 et
2843 1547 2941 1602 per
2969 1531 3234 1586 visibilem
3266 1547 3458 1602 panem
3487 1541 3544 1587 et
3563 1533 3647 1587 vi.

2065 1645 2195 1682 num
2227 1636 2480 1698 pascatur
2509 1629 2687 1682 anima
2724 1626 2845 1681 cibo
2884 1625 3162 1691 invisibili,
3208 1627 3351 1680 sicut
3395 1627 3510 1696 ipse
3542 1627 3650 1682 Do-

2068 1718 2246 1773 minus
2281 1717 2357 1772 ait
2384 1736 2395 1770 :
2425 1715 2563 1771 Caro
2598 1733 2712 1770 mea
2751 1733 2868 1770 vere
2895 1725 2969 1770 est
2998 1716 3162 1781 cibus,
3188 1725 3234 1771 et
3260 1718 3472 1786 sanguis
3501 1735 3648 1774 meus

2067 1823 2185 1861 vere
2217 1816 2291 1860 est
2316 1816 2464 1877 potus
2491 1819 2510 1857 :
2533 1815 2580 1859 et
2604 1806 2691 1876 qui
2715 1806 2996 1860 manducat
3028 1823 3236 1860 carnem
3267 1823 3434 1860 meam
3453 1817 3501 1862 et
3524 1825 3648 1862 sau-

2067 1897 2275 1967 guinem
2295 1912 2465 1950 meum
2493 1895 2638 1961 bibit,
2662 1896 2718 1950 in
2731 1912 2813 1950 me
2838 1905 3012 1950 manet
3033 1905 3081 1950 et
3109 1913 3202 1967 ego
3224 1897 3280 1950 in
3302 1896 3412 1952 illo.
3443 1898 3647 1954 Morem

2068 1989 2229 2044 istum
2283 1987 2608 2058 accipiendae
2649 1989 2988 2043 eucharistiaa
3029 2002 3060 2042 a
3109 1989 3336 2043 Domino
3380 1990 3642 2045 traditum

2067 2079 2308 2135 Ecclesia
2338 2086 2522 2144 tenet,
2565 2087 2626 2133 ut
2659 2093 2783 2133 cum
2813 2093 2952 2148 aqua
2975 2086 3029 2132 et
3057 2077 3259 2148 Spiritu
3301 2087 3488 2134 sancto
3518 2081 3645 2151 quis

2068 2170 2390 2234 renascitur,
2443 2183 2672 2239 corpore
2717 2168 2926 2224 Domini
2977 2178 3232 2238 pascatur
3272 2179 3327 2224 et
3381 2172 3645 2238 sanguine

2067 2259 2182 2329 ejus
2210 2268 2445 2330 potetur,
2468 2267 2528 2313 ut
2554 2259 2607 2314 in
2639 2273 2865 2329 corpore
2884 2257 3087 2312 Christi
3114 2259 3362 2325 traditus,
3394 2267 3450 2315 et
3473 2260 3562 2316 ille
3587 2260 3644 2315 in

2067 2349 2286 2406 Chi-isto
2310 2356 2544 2416 maneat,
2575 2360 2630 2405 et
2655 2349 2902 2404 Christus
2924 2348 2978 2402 in
2999 2363 3082 2403 eo.

2139 2439 2226 2495 Sic
2263 2441 2451 2494 desinit
2481 2441 2644 2494 codex
2681 2439 3036 2510 Seguert'anus
3055 2479 3068 2504 ,
3113 2440 3500 2511 Andegavensis
3525 2457 3644 2496 vero

2068 2532 2126 2588 S.
2154 2532 2327 2586 Albini
2361 2533 2510 2590 addit
2528 2534 2790 2604 sequentia
2815 2546 2834 2584 .'

2138 2625 2178 2678 A
2205 2624 2428 2695 parvulo
2454 2625 2600 2680 enim
2639 2639 2828 2680 recens
2854 2636 2981 2680 nato
3009 2639 3183 2694 usque
3211 2625 3279 2679 ad
3309 2625 3642 2694 decmpitum

2069 2729 2252 2769 senem
2284 2715 2424 2768 sicut
2463 2714 2646 2769 nullus
2673 2723 2756 2769 est
2798 2715 2890 2784 qui
2916 2730 3021 2769 non
3049 2724 3274 2784 peccato
3304 2714 3568 2770 moriatur
3586 2714 3645 2770 in

2067 2807 2337 2877 baptismo
2355 2848 2369 2871 ,
2399 2807 2493 2861 sed
2521 2806 2731 2877 parvuli
2764 2815 2972 2861 tantum
2998 2806 3266 2878 originali,
3289 2805 3520 2875 majores
3547 2821 3647 2861 auo

2070 2907 2178 2954 tem
2203 2899 2366 2952 etiam
2395 2898 2480 2953 his
2512 2898 2764 2952 omnibus
2789 2899 3095 2954 moriuntur
3127 2898 3364 2968 peccatis
3392 2912 3647 2966 quascun-

2070 3004 2175 3058 que
2200 2989 2340 3043 male
2361 2987 2589 3044 vivendo
2611 2989 2954 3055 addiderunt,
2981 2995 3036 3043 et
3055 2987 3186 3044 illud
3207 2985 3351 3058 quod
3372 2984 3647 3042 nascendo

2074 3089 2371 3136 traxerunt.

394 3133 644 3223 Ecclesiae
673 3133 917 3229 delibuti,
961 3133 1034 3218 etv
1053 3161 1256 3217 Christi
1285 3133 1519 3214 nominis
1555 3158 1787 3228 gratiam
1825 3157 1969 3212 acci-

2110 3171 2559 3228 .Sacramentum
2605 3172 2748 3227 enim
2773 3171 3024 3242 baptismi
3054 3170 3304 3240 estquod
3347 3169 3510 3225 habet
3553 3168 3646 3238 qui

394 3263 579 3334 piant,
604 3271 660 3317 et
684 3259 800 3329 ejus
827 3261 1070 3315 membra
1098 3257 1191 3329 qui
1216 3271 1310 3314 eos
1332 3255 1561 3312 redemit
1585 3262 1640 3310 et
1668 3269 1859 3310 eorum
1879 3269 1970 3308 ca-

395 3363 490 3426 put
509 3362 614 3419 est,
644 3351 786 3408 efﬁci
807 3351 1042 3407 valeant.

463 3445 666 3501 Deinde
693 3444 922 3517 mystico
960 3441 1227 3498 velamine
1253 3447 1537 3510 teguntur,
1565 3446 1628 3493 ut
1665 3439 1970 3510 intelligant

390 3553 454 3593 se
473 3536 718 3591 diadema
742 3535 892 3605 regni
917 3543 973 3588 et
1000 3533 1286 3590 sacerdotii
1312 3533 1628 3602 dignitatem
1651 3539 1892 3600 portare,
1915 3539 1972 3585 et

399 3641 527 3684 tunc
542 3627 704 3696 regias
729 3624 1008 3695 dignitatis
1033 3630 1353 3678 ornamenta
1379 3631 1435 3676 et
1460 3623 1816 3678 sacerdotalis
1843 3637 1968 3676 ver-

398 3717 519 3772 ticis
556 3717 788 3771 habeant
821 3723 1217 3784 tegumentum,
1251 3719 1315 3767 ut
1339 3720 1529 3766 contra
1554 3712 1686 3766 vitia
1719 3713 1973 3767 sacerdo-

398 3805 490 3862 tali
521 3804 788 3860 velamine
813 3803 1154 3868 muniantur,
1183 3810 1239 3857 et
1262 3802 1522 3856 virtutum
1549 3803 1776 3873 gemmis
1813 3802 1972 3872 spiri-

399 3893 619 3950 tualiter
662 3899 1012 3959 exornentur,
1059 3899 1117 3947 et
1153 3892 1407 3948 unctione
1451 3894 1781 3948 sacrosancti
1823 3894 1970 3948 chri-

399 3987 592 4041 smatis
620 3984 909 4050 liniantur,
954 3991 1019 4039 ut
1051 3991 1252 4041 sancta
1281 3983 1566 4040 Trinitatis
1606 3984 1970 4042 habitaculum

398 4073 539 4130 caici
570 4083 897 4130 mereantur.

469 4164 711 4222 Peractis
743 4173 921 4222 autem
941 4166 1192 4224 omnibus
1219 4166 1564 4235 baptismatis
1589 4167 1971 4233 sacramentis,

2071 3264 2396 3334 baptizatur,
2428 3272 2483 3320 et
2509 3272 2910 3320 sacramentum
2940 3263 3097 3318 dandi
3120 3262 3370 3333 baptismi
3395 3270 3478 3316 est
3503 3259 3648 3330 quod

2071 3354 2234 3412 habet
2275 3354 2368 3425 qui
2407 3354 2710 3409 ordinatur.
2765 3352 2919 3408 Sicut
2949 3362 3128 3408 autem
3163 3353 3466 3422 baptizatus
3505 3349 3551 3403 si
3581 3349 3650 3404 ab

2071 3445 2278 3498 unitate
2307 3444 2626 3508 recesserit,
2657 3450 3054 3498 sacramentum
3080 3441 3330 3511 baptismi
3358 3454 3465 3496 non
3491 3437 3651 3492 amit—

2073 3535 2140 3589 tit
2171 3553 2183 3587 :
2211 3534 2343 3588 nulli
2384 3535 2528 3589 enim
2560 3542 2898 3590 sacramento
2943 3533 3140 3603 injuria
3178 3531 3422 3587 facienda
3449 3537 3552 3585 est.
3589 3528 3650 3584 Si

2072 3623 2299 3680 discedit
2323 3638 2355 3677 a
2386 3623 2575 3690 malis,
2607 3632 2897 3694 utrumque
2923 3623 3177 3688 discedit;
3208 3622 3253 3678 si
3293 3626 3574 3691 permanet
3595 3617 3648 3673 in

2073 3711 2249 3777 malis,
2271 3720 2558 3781 utrumque
2587 3721 2788 3766 manet.
2816 3711 2966 3766 Sicut
2987 3725 3116 3782 ergo
3132 3717 3443 3780 acceptatur
3471 3706 3651 3777 bapti-

2075 3819 2244 3868 smus,
2273 3817 2433 3871 quem
2467 3817 2572 3856 non
2604 3802 2781 3870 potuit
2807 3801 3054 3856 amittere
3087 3801 3178 3872 qui
3208 3801 3276 3854 ab
3304 3798 3513 3852 unitate
3539 3795 3654 3850 dis-

2074 3900 2331 3955 cesserat,
2369 3891 2447 3947 sic
2483 3892 2842 3960 acceptandus
2880 3899 2965 3946 est
3001 3891 3338 3960 baptismus,
3371 3901 3531 3958 quem
3563 3886 3655 3943 de-

2078 3982 2158 4037 dit
2199 3982 2288 4036 ille
2328 3981 2418 4051 qui
2446 3988 2846 4038 sacramentum
2871 3981 3030 4037 dandi
3057 3994 3180 4036 cum
3209 3979 3508 4035 discederet
3541 3990 3654 4034 non

2080 4072 2280 4126 amisit.

440 4308 3645 4334 Μ

663 4445 1089 4562 NOTAE
1170 4445 1566 4560 JURIS
1646 4443 1736 4556 A
1820 4385 2500 4559 MAGNONE
2585 4444 3404 4561 COLLECT/E.

1328 4638 1455 4693 Haec
1475 4638 1615 4707 juris
1644 4647 1830 4710 σημεῖα
1862 4638 2037 4694 libens
2065 4655 2160 4695 rex
2191 4641 2375 4710 accipe
2410 4638 2601 4709 Carle;

1393 4729 1564 4785 Oﬁ'ert
1587 4730 1810 4784 devotus
1838 4745 1956 4798 quae
1981 4732 2074 4786 tibi
2105 4731 2294 4802 Magno
2325 4740 2467 4786 tuus.

405 4985 528 5032 auc.
853 4968 1144 5036 Augustus.
1363 5014 1369 5021 .
1517 4977 1568 5016 Α.
1962 4972 2072 5017 aut.
2621 4963 2716 5016 ﬁ.
3074 4970 3201 5033 aput
3227 4961 3434 5036 (apud).

407 5081 437 5121 Α
455 5082 506 5121 Α,
854 5052 1103 5126 Augusti.
1516 5053 1607 5106 ﬁ.
1960 5069 1969 5106 :

2075 5067 2160 5106 :m.
2621 5053 2739 5106 ῒιῖῖι.
3065 5054 3374 5124 appellatio.

405 5171 462 5209 Α,
856 5138 1186 5212 Augustalis.
1519 5141 1602 5194 fc.
1963 5141 2127 5194 actio.
2623 5143 2744 5196 m.
3067 5151 3358 5213 amputata.

408 5259 501 5298 Ατ,
861 5239 1070 5294 auctor,
1107 5237 1271 5284 tutor.
1518 5243 1641 5281 suc.
1963 5229 2255 5284 actionem.
2622 5250 2720 5303 ﬁ;
3067 5259 3308 5322 accepta.
3379 5296 3389 5308 ι

409 5347 536 5387 nr.
852 5321 1140 5382 Antonius.
1514 5316 1635 5373 .
1961 5336 1969 5371 :

2075 5318 2284 5411 onibus-
2627 5342 2738 5394 m.
3077 5316 3309 5411 adjutor.

481 5459 495 5473 .
859 5410 1120 5468 antelata.
1519 5423 1583 5460 A"
1594 5421 1646 5459 rt.
1964 5426 1969 5458 ε

2075 5407 2347 5462 tutissime.
2634 5448 2716 5473 ,π,
2765 5463 2794 5473 η
3077 5466 3101 5473 ,
3116 5407 3288 5473 ,ζημ-
3343 5451 3495 5473 __,__.

409 5434 495 5476 Αι.
859 5434 1120 5468 antelata.
1519 5434 1550 5460 ιι
1561 5434 1579 5440 "
1594 5434 1622 5459 Π
1633 5444 1646 5459 .
1964 5434 2347 5462 autauuaauuc.
2658 5448 2696 5457 ._
3483 5451 3495 5466 ,

410 5522 538 5564 ann.
858 5497 1128 5555 Aurelius.
1525 5510 1614 5548 All.
1974 5495 2197 5548 amicus.
2625 5462 2716 5586 :1:
3071 5452 3655 5592 ἒὲῗὲοθέωβτθνιιθίι

408 5612 498 5657 λε,
861 5593 987 5663 agit.
1521 5581 1650 5636 πῆ.
1980 5582 2295 5637 auctoritas.
2627 5549 2694 5586 Μ’
2729 5550 2770 5588 θ’
2787 5575 2799 5588 ’
3077 5549 3142 5663 in:
3167 5549 3365 5663 iocum'

2631 5663 2696 5703 An
2724 5662 2771 5699 ι’.
3073 5646 3140 5702 ad
3166 5644 3348 5704 ﬁnem.

410 5683 500 5748 ΣΞ.
862 5699 1010 5757 ager.
1528 5693 1578 5732 Α.
1597 5672 1690 5730 uti.

1976 5672 2117 5730 actio
2146 5669 2401 5728 mandati.
