3960 6408
329 537 396 576 νε
417 536 464 575 S.
494 533 535 575 1.

325 609 459 662 BE.

330 713 484 750 θεοῦ.

331 801 383 838 ι).
417 801 464 837 ι’.
503 799 552 836 Ρ.

333 889 382 926 1).
417 888 468 924 Α.

330 964 509 1016 Wst.

332 1067 422 1108 90.
450 1068 496 1106 S.

333 1155 463 1195 DAT.

336 1227 524 1283 Dnua’.

338 1333 467 1374 DFT.

336 1498 501 1555 ῖιῑπῖκ

341 1609 537 1650 DCBAT.

341 1700 396 1738 Ι).
425 1701 508 1748 FQ.

342 1790 398 1829 ἰ).
430 1791 483 1830 Ν.
507 1791 558 1828 Β.

343 1882 398 1920 Ι).
423 1883 476 1920 Ν.
501 1882 550 1920 P.

344 1977 435 2014 ΒΤ.
465 1974 518 2012 D.

344 2063 431 2102 ne.
457 2047 592 2104 ESFs.

343 2159 398 2196 ι).
431 2157 480 2194 P.

343 2241 438 2280 ΕΤ.

344 2333 438 2372 ετ.
457 2318 544 2371 π.

344 2425 450 2493 Ειῐτ

355 1591 497 1600 ._—.——.

348 2603 477 2644 EIO.

348 2694 437 2733 EE.

348 2872 438 2912 EG.

349 2960 435 3000 ΕΡ.

351 3048 437 3086 ει».
471 3047 528 3087 Il.

352 3136 443 3175 EN.

352 3301 481 3358 iri—0.

356 3496 486 3535 ΕΑΤ.

359 3745 504 3755 .__..._——

1331 286 1542 362 mem
1582 301 2005 379 snxqremsrs
2041 301 2552 358 ARCIIIEPISCOPI

712 427 780 484 de
808 432 968 480 statu.

714 517 780 572 de
814 521 956 569 statu
997 512 1362 582 ingenuitatis.

717 605 1027 659 dummodo.

719 694 1064 748 Decembres.

716 783 868 844 dare,
884 780 1366 848 facerc,pr:estare.

709 871 853 925 dicto
875 870 1120 924 audiens.

713 961 893 1016 divina
925 976 1086 1014 manu

717 1052 908 1106 domus
931 1065 1048 1105 sua.

719 1140 965 1196 Datiano.

714 1225 1108 1280 donationibus.

717 1317 982 1373 directum
1037 1315 1240 1369 factum
1294 1315 1370 1369 vel
1443 1315 1471 1370 ἓ

796 1405 976 1475 potius
1010 1393 1342 1461 defunctum.

716 1496 995 1554 debuerat.

708 1589 984 1644 decuerat.

707 1681 850 1736 domi
878 1678 1135 1746 forisque.

705 1773 926 1826 dubium
956 1786 1060 1824 non
1083 1777 1182 1822 est.

695 1864 929 1920 dubitari
961 1879 1068 1916 non
1105 1869 1304 1931 potest.

699 1957 902 2013 dictum
926 1954 1127 2009 decies.

696 2047 973 2102 decretum
1005 2039 1304 2111 legationis.

705 2137 771 2192 de
805 2132 1064 2204 periculo.

707 2222 891 2276 etiam.

709 2314 876 2369 etiam
905 2325 1070 2366 nunc.

721 2403 856 2474 ejus.

718 2503 820 2550 est.

721 2582 1008 2654 ejusmodi.

725 2691 866 2730 esse.

724 2770 904 2822 erunt.

724 2870 866 2925 aager
887 2854 969 2908 vel
992 2867 1142 2922 ergo.

723 2941 970 3011 epistola.

726 3029 1007 3099 epistolam
1039 3029 1204 3083 misit.

725 3121 895 3175 enim.

732 3219 897 3266 esset.

732 3302 921 3358 editio.

735 3405 934 3447 essem.

730 3487 907 3534 eatur.

733 3569 1006 3625 existimo.

732 3657 1083 3712 existimatio.

739 3743 1071 3811 experientia
1109 3749 1222 3796 tua.

737 3833 1003 3888 edictalis.

736 3926 1063 3996 exemplum.

735 4018 955 4074 emissa.

732 4119 789 4165 et
827 4125 990 4163 manu
1015 4109 1219 4164 divina.

739 4201 992 4256 edictum.

739 4289 1148 4346 existimationi.

733 4380 1048 4434 excellentia
1077 4387 1188 4433 tua.

733 4483 797 4524 ex
842 4479 1060 4525 senatus
1106 4470 1369 4525 consulto.

742 4562 807 4613 e'x
833 4556 955 4626 jure
977 4559 1280 4628 quiritium.

749 4661 815 4702 ex
856 4651 1131 4706 communi
1173 4660 1403 4700 consen-

827 4749 911 4789 811.

744 4824 865 4891 fuit,
901 4825 1085 4882 fuerit.

739 4911 884 4965 fidei.

748 4999 967 5054 fundus.

752 5089 970 5144 fiducia.

749 5177 1074 5233 fusionibus.

755 5267 957 5323 factum
992 5277 1094 5326 est.

757 5360 1001 5417 fundum.

752 5445 979 5502 familia.

755 5535 1011 5591 Falcidia.

761 5623 955 5678 fuerat.

1439 430 1597 469 ΗΔΕ.

1439 523 1487 560 r.

1439 611 1487 648 ς.
1512 591 1638 648 πί.

1449 1313 1591 1322 ν.-

1443 1403 1585 1414 ____

1470 3385 1557 3424 GG.

1471 3472 1630 3511 GORD.

1469 3563 1522 3601 ς.

1470 3656 1655 3696 ϐιιλκδ.

1486 3634 1629 3644 .---

1471 3747 1523 3786 G.
1551 3747 1670 3784 VAL.

1471 3833 1524 3873 G.
1557 3833 1606 3872 C.

1471 3925 1555 3964 GS.

1471 4013 1524 4053 G.

1472 4106 1524 4145 G.
1549 4105 1602 4142 ιι.

1474 4196 1568 4237 GI.

1477 4286 1531 4327 G.
1562 4286 1613 4323 ι’.

1815 414 2051 470 ﬂamina.

1813 505 2026 561 famJie
2056 502 2442 558 herciscundae.

1811 593 1954 647 ﬁlius
1991 592 2225 645 familia.

1813 686 1973 740 filius.

1815 776 1944 830 ﬁlia.

1813 863 2029 918 fratres.

1817 954 2194 1007 Februarium.

1821 1040 2013 1094 ﬂamen
2043 1047 2353 1110 perpetuus.

1820 1132 2014 1187 ﬂamen
2042 1133 2219 1187 dialis.

1827 1220 2019 1275 ﬂamen
2047 1219 2347 1290 quirinalis.

1825 1312 2074 1367 facultas.

1819 1402 2187 1459 facultatibus.

1823 1491 2044 1544 femina.

1819 1581 2176 1635 fraudationis
2209 1594 2372 1635 causa
2408 1579 2487 1633 la-

1898 1673 2078 1725 titare.

1824 1763 2010 1818 finium
2046 1763 2408 1833 regundorum

1823 1851 2010 1906 fratris
2039 1850 2202 1906 ﬁlius.

1829 1941 2064 1995 Flavius.

1821 2035 1982 2089 forte.

1821 2123 2018 2178 forum.

1831 2211 1927 2266 fati
1960 2226 2176 2266 munus.

1829 2299 1924 2354 fati
1953 2313 2151 2353 munus
2182 2296 2442 2366 implevit.

1832 2390 1954 2444 fidei
1982 2388 2354 2444 commissum.

1835 2476 2103 2531 fecerunt.

1835 2565 2260 2622 fabricaverunt.

1831 2657 2215 2712 fundaverunt.

1834 2745 2164 2816 ﬁdeijussor.

1834 2835 2017 2890 fuerit.

1837 2926 2025 2981 Fulbia
2063 2925 2140 2981 vel
2169 2926 2374 2982 Fulvia.

1839 3017 2031 3072 fortes.

1840 3107 2035 3176 gratia.

1846 3197 2004 3268 gerit.

1840 3283 2114 3354 gaudium.

1842 3379 2142 3441 gesserunt.

1843 3457 2170 3513 Gordianus.

1842 3550 2029 3605 Gaius.

1837 3638 2148 3694 Gratianus.

1841 3728 2008 3784 Gaius
2033 3728 2300 3787 Valerius.

1842 3817 2011 3872 Gaius
2035 3817 2237 3873 Caesar.

1845 3909 2101 3979 gravitas.

1842 4012 2032 4067 genus.

1845 4104 2014 4158 genus
2048 4103 2252 4160 regum.

1745 4193 1750 4196 ‘
1846 4195 2156 4251 germanus.

1849 4284 2139 4339 germanus
2179 4267 2372 4324 frater.

1849 4375 2140 4430 germanus
2175 4360 2337 4416 ﬁlius.

1843 4456 2033 4527 gloria.

1849 4548 2019 4620 gloria
2043 4557 2351 4620 parentum.

1844 4639 2034 4708 gloria,
2066 4641 2250 4696 decus.

1848 4733 2085 4804 gravitas
2114 4741 2222 4787 tua.

1850 4821 2046 4892 gratia.

1843 4911 2035 4966 honor.

1856 5002 2136 5056 honestus.

1857 5091 2113 5146 honestus
2142 5093 2246 5146 vir.

1856 5182 2080 5236 honesta
2151 5199 2381 5254 persona
2440 5185 2524 5240 vel

1943 5269 2202 5324 honestus
2225 5286 2378 5341 puer.

1857 5355 2085 5411 honesta
2124 5357 2346 5412 femina.

1863 5445 2087 5500 honesta
2123 5447 2252 5500 vita.

1859 5539 2084 5597 honesto
2106 5539 2243 5596 loco.

1859 5631 2085 5688 honesto
2119 5632 2238 5687 loco
2268 5641 2446 5687 natus.

2539 677 2632 730 ﬁ.

2545 767 2616 828 ῖῖὀ
2632 784 2806 845 ’ΒΟΝγ

2548 875 2682 913 ιιι.

2553 1151 2609 1193 Η.
2641 1150 2692 1188 Ρ.

2557 1337 2610 1376 ΙΙ.

2555 1434 2610 1472 ll.

2557 1525 2612 1563 ll.

2557 1612 2612 1651 ll.

2558 1701 2613 1741 Il.

2631 1338 2678 1377 1.

2646 1425 2708 1490 ἓ)

2646 1525 2695 1562 ι’.

2642 1613 2694 1651 D.

2642 1701 2692 1740 Β.

2565 1883 2646 1927 JC.

2561 1968 2653 2008 ιιτ.

2557 2047 2676 2102 ῖιῗὲ.

2560 2132 2681 2190 πε.

2563 2225 2718 2281 iﬁlli.

2566 2331 2762 2370 HONOR.

2568 2421 2623 2460 Ι.
2650 2421 2754 2459 INS.

2570 2511 2626 2550 11.
2657 2511 2708 2548 1.
2741 2510 2792 2548 Β.
2821 2509 2867 2547 ε’.

2571 2599 2626 2637 η.
2657 2600 2708 2638 Ε.
2739 2598 2788 2634 γ.

2575 2782 2734 2821 HERB.

2575 2871 2667 2910 HV.

2575 2959 2630 2997 Il.
2664 2958 2717 2996 Β.
2749 2957 2800 2996 C.

2578 3049 2632 3088 ιι.
2662 3049 2718 3086 Ι.
2748 3047 2799 3085 ν.

2579 3123 2770 3179 Ws.

2578 3488 2700 3544 ιρι).

2577 3595 2655 3635 ΙΛ.

2583 3682 2622 3721 1.
2656 3680 2706 3719 Ι..

2584 3773 2656 3813 lC.

2571 2763 2715 2772 ————-

3469 294 3576 350 981

2913 409 3068 461 hora.

2913 499 3108 552 haeres.

2914 588 3176 644 limredeS.

2923 676 3103 731 homo.

2917 769 3078 822 homo
3106 767 3382 822 honestus.

2919 856 3054 910 hora
3096 854 3238 908 bona
3284 854 3364 907 \‘cl
3412 855 3593 909 haeres

3002 945 3283 1000 bonorum.

2924 1035 3059 1089 hora
3087 1032 3248 1087 mala.

2927 1129 3060 1184 hora
3087 1127 3338 1197 pessima,
3371 1125 3449 1179 vcl
3481 1126 3592 1178 ha:-

3009 1223 3254 1278 reditatis
3295 1223 3592 1290 possessio.

2930 1313 3274 1373 hzereditario
3301 1311 3440 1380 jure.

2931 1414 3020 1468 hic
3042 1411 3243 1482 posuit.

2928 1507 3021 1561 hic
3048 1506 3307 1562 fundavit.

2929 1595 3020 1648 hic
3048 1594 3331 1649 dedicavit.

2841 1725 2854 1738 .
2929 1685 3264 1739 lmreditatis
3303 1685 3603 1736 bonorum-

3006 1793 3073 1831 ve
3102 1791 3386 1846 possessm.

2931 1865 3053 1919 hac.

2935 1949 3326 2005 haereditatem.

2928 2041 3108 2111 hujus.

2939 2132 3104 2186 hunc.

2937 2219 3260 2291 hujusmodi.

2942 2312 3231 2367 Honorius.

2948 2404 3122 2457 hzeres
3160 2401 3456 2456 institutus.

2943 2491 3214 2547 baeredem
3243 2491 3400 2545 facio.

2945 2581 3215 2636 heredem
3257 2596 3378 2635 esse
3415 2580 3608 2634 voluit.

2943 2671 3232 2727 hatreditas
3262 2672 3452 2727 divisa.

2947 2762 3370 2817 haereditatibus.

2946 2867 3066 2908 3Y8.

2945 2941 3184 2995 honesta:
3205 2939 3594 2994 recordationis

2945 3031 3185 3085 honesta:
3206 3029 3482 3084 memoria:
3508 3028 3615 3082 vir.

2953 3120 3280 3176 Hadrianus.

2948 3305 3116 3360 inter.

2953 3397 3183 3452 interea.

2951 3487 3250 3542 interdum.

2949 3575 3114 3630 intra.

2957 3665 3100 3719 intra
3128 3665 3374 3720 limitem.

2945 3755 3388 3826 jurisconsultus,
3425 3757 3504 3814 vel
3533 3761 3612 3816 in-

3016 3850 3099 3897 tra
3133 3843 3414 3898 circulum.

2957 3935 3100 3989 intra
3128 3943 3359 4006 tempus.

2955 4025 3098 4080 intra
3165 4034 3374 4095 tempus
3417 4029 3608 4084 consti-

3030 4123 3227 4171 tutum.

2956 4204 3270 4276 imperator.

2961 4295 3334 4365 imperatores.

2960 4384 3255 4455 imperator
3276 4386 3472 4442 Ctesar.

2959 4472 3258 4542 imperator
3287 4475 3580 4548 Augustus.

2958 4561 3012 4615 in
3034 4562 3175 4631 jure.

2957 4649 3026 4704 in‘
3045 4650 3288 4706 Domino.

2957 4740 3013 4794 in
3050 4743 3409 4810 possessione.

2956 4829 3012 4884 in
3041 4829 3161 4885 loco
3189 4846 3367 4887 sacro.

2955 4919 3064 4989 juri
3093 4920 3325 4977 dicundo
3345 4933 3562 4992 pr:eest.

2964 5007 3020 5061 in
3054 5007 3174 5062 loco
3207 5009 3480 5081 religioso.

2964 5097 3020 5152 in
3054 5096 3173 5151 loco
3204 5098 3405 5154 divino.

2963 5187 3019 5242 in
3045 5187 3164 5242 loco
3193 5191 3462 5258 praesenti.

2966 5276 3020 5331 in
3048 5277 3281 5348 publico,
3307 5281 3363 5335 in
3391 5281 3587 5349 platea.

2969 5366 3025 5419 in
3054 5366 3172 5421 loco
3200 5368 3458 5424 absentis.

2968 5456 3024 5511 in
3053 5469 3263 5514 senatu.

2967 5544 3021 5598 in
3052 5554 3241 5601 senatu
3270 5545 3536 5604 Romano.

2965 5635 3018 5688 in
3047 5632 3184 5689 foro.
