1980 3225
134 159 197 187 ιω(

852 156 1042 184 ΕΡΙΒΤΟΙΛΕ.

1693 157 1762 183 μιεὲ

130 217 222 250 sisque
243 214 356 250 picturis
372 214 447 250 mirae
471 211 751 250 magnitudinisppus
773 211 921 250 decoravit.
936 214 962 243 Α
975 212 1073 250 qpibus
1085 220 1248 250 _unum_eum
1265 211 1451 250 chrysoclavo.
1474 209 1658 250 Yclamodica
1677 212 1759 250 rubea

131 246 186 279 Γέρτέ
200 246 253 277 non
266 249 311 277 ubi
325 257 405 284 supra
418 249 481 276 fecit
493 248 550 284 vela
560 246 742 284 Alexandrina
757 246 857 284 majora
871 254 921 284 utt-

131 294 207 314 mero
223 281 426 320 quinque-(qua:
435 283 556 320 pendent
570 289 651 317 snper
664 281 752 317 regias
766 282 881 317 majores
892 282 919 309 in

132 317 254 349 ingressu
270 317 390 347 basilica:
405 317 519 346 miriﬁce
533 318 667 345 decorata.

181 330 254 348 ressu
272 330 390 347 Dastuca:
405 330 519 346 ullrulct:
533 330 667 345 ucturum.

161 330 216 384 §iic
230 363 293 382 vero
307 352 495 381 sanctissimus
514 358 540 380 et
557 352 702 387 prazclarus
722 351 842 387 pontifex
858 351 921 379 fecit

132 392 160 418 in
172 390 283 419 basilica
300 389 406 417 Sancta:
418 388 465 416 Dei
475 386 619 415 Genitricis
631 386 790 422 semperque
804 386 920 422 Virginis

132 426 223 455 Maria:
236 425 351 452 dominzc
363 428 462 451 nostra:
477 423 510 449 ad
523 423 647 457 Pratsepe
659 421 787 449 tetrarela
802 421 861 457 alba
872 422 920 448 ho-

131 461 245 490 loserica
260 465 350 487 rosata
364 458 477 486 mirifice
493 456 628 485 decorata.
649 457 725 484 Fecit
737 465 801 483 vero
816 456 859 483 ubi
873 465 919 483 su-

130 504 181 531 pra
196 496 266 523 intra
278 495 438 531 pnesepiunt
454 496 555 531 vestem
570 492 657 531 albam
679 492 857 531 holosericam
874 499 918 518 ro—

131 526 219 560 Satam
234 526 400 557 orn—atam'in
416 529 530 556 circuitu
541 527 574 553 de
587 527 774 560 chrysoclavo.
786 531 813 553 ct
826 526 853 552 in
866 533 921 553 mc-

132 565 176 594 dio
194 566 337 593 habentem
352 571 458 591 crucem
472 570 532 589 cum
547 561 674 589 orbiculis
694 562 725 589 de
745 561 920 597 chrysodavo

131 601 190 628 vela
204 600 263 627 alba
280 599 431 626 holoserica
449 602 539 624 rosata
562 604 673 623 numero
688 601 805 631 quatuor
823 600 918 622 ornata

132 636 159 663 in
175 635 288 663 circuitu
304 634 336 661 de
351 633 441 669 Tyrio.
461 632 628 669 In7diaconia
642 630 706 669 vero
718 631 801 666 ipsius
816 630 865 669 Dei
875 638 920 665 ge-

132 670 247 701 nitricis,
260 677 319 704 qua:
329 665 476 704 appellatur
488 667 634 704 Dominica,
644 665 919 704 l‘ecit7vcstem7albam

133 700 311 732 holosericam
328 700 444 731 rosatam
455 702 598 729 habentem
613 701 638 727 in
656 701 744 728 medio
759 700 876 727 tabulam
888 701 920 727 de

131 740 215 775 Tyrio
236 747 297 775 cum
318 738 431 765 historia
440 736 576 775 crucifixi.
601 735 655 775 N7cc
678 743 731 775 non
747 740 774 762 et
792 740 866 775 rotas
887 736 919 775 d_e

131 769 308 810 ciirysoclavo
320 772 467 810 ornatasjn
483 771 597 810 circuitu
609 771 640 797 dc
655 769 920 810 quadrapulo.7Fec_it

131 805 275 844 ubi'supra
286 808 419 844 cortinam
431 806 703 844 fundatanrornittam
721 805 749 844 in_
759 805 872 844 circuitu
886 805 920 832 de

131 840 257 880 ltlatthin.
268 842 435 880 ln_diacon_ia
449 849 514 880 vero
529 840 613 876 ipsius
626 841 674 880 Dei
689 840 920 880 genitricis.7quze

997 246 1154 274 lexandriua
1168 246 1221 274 duo
1240 246 1335 275 ornata
1356 247 1384 274 in
1404 247 1517 274 circuitu
1530 247 1562 273 de
1583 247 1712 274 stauraei.
1725 247 1758 275 Et

970 281 997 308 in
1017 282 1120 317 gremio
1133 282 1274 317 basilica),
1292 281 1337 309 ubi
1354 290 1444 317 supra,
1465 281 1528 308 fecit
1544 282 1677 309 cortinam
1700 290 1758 309 ma-

967 317 1054 351 jorem
1077 316 1109 343 de
1128 316 1238 343 fundato
1257 317 1370 344 mirilice
1393 317 1556 348 decoratum,
1582 322 1704 344 ornatam
1730 317 1757 344 in

969 351 1084 387 circuitu
1106 351 1139 378 de
1159 351 1249 387 Tyrio,
1272 356 1298 378 et
1318 352 1345 378 in
1369 351 1456 387 medio
1469 359 1568 387 cruces
1590 352 1622 379 de
1642 352 1731 387 Tyrio.

1007 386 1056 422 llic
1074 394 1139 414 vero
1162 386 1285 422 egregius
1305 386 1487 422 prarsull’ecit
1513 386 1538 422 i7n
1560 386 1636 413 titulo
1655 386 1756 414 sancta:

970 421 1077 448 Sabinzr.
1096 420 1321 456 martyris’snper
1339 421 1417 447 altari
1435 420 1530 454 majori
1548 427 1650 447 restent
1666 422 1754 449 albam

970 456 1147 483 holosericam
1168 455 1284 482 rosatam
1309 455 1449 482 habentem
1481 457 1506 481 in
1530 456 1617 482 medio
1638 456 1754 483 tabulam

970 491 1002 518 dc
1022 491 1139 517 stauraci
1158 499 1219 518 cum
1239 490 1350 517 historia
1372 490 1517 516 Dominica:
1536 491 1753 522 resurrectionis,

969 529 996 552 ct
1015 525 1042 553 in
1063 526 1175 552 circuitu
1194 525 1283 552 listam
1301 525 1334 551 de
1354 525 1538 559 chrysoclavo.
1560 525 1620 552 Pari
1636 526 1713 552 modo
1728 531 1755 552 et

970 559 995 595 in
1011 561 1088 588 titulo
1100 565 1200 587 sancte
1213 560 1343 587 Susanna:
1360 560 1488 595 martyris
1508 567 1590 593 super
1610 560 1688 586 altari
1701 569 1756 587 ma-

970 594 1020 622 iori
1040 599 1141 622 vestem
1162 595 1251 622 albam
1273 594 1335 621 fecit
1363 594 1540 621 holos’crieam
1570 599 1686 621 rosatam
1709 596 1756 621 ha-

1004 634 1077 657 ntem
1101 630 1126 656 in
1149 630 1236 656 medio
1256 629 1374 656 tabulam
1390 631 1422 656 de
1439 629 1614 664 chrysoclavo
1632 637 1692 656 cum
1716 630 1756 657 bi~

970 665 1054 691 storia
1082 665 1228 691 Dominiczc
1249 665 1470 696 resurrectionis,
1495 669 1521 690 et
1542 664 1567 690 in
1589 664 1702 691 circuitu
1722 664 1755 691 li—

970 703 1038 735 stam
1059 700 1092 726 de
1108 700 1293 735 chrysoclavo.
1315 699 1398 735 Fecit
1410 703 1504 735 autem
1524 699 1549 735 in
1567 699 1678 735 basilica
1693 707 1756 726 san-

969 735 1005 761 cti
1028 734 1157 769 Stephani
1186 735 1264 769 primi
1288 734 1416 769 martyris
1439 734 1464 760 in
1485 734 1566 760 (la-lio
1596 738 1688 761 monte
1711 741 1756 761 ve-

970 772 1039 796 stem
1060 769 1149 796 albam
1169 770 1348 796 holosericam
1366 773 1483 796 rosatam
1506 769 1650 795 habentem
1662 769 1688 795 in
1703 776 1757 796 me-

970 804 1015 831 dio
1033 804 1151 831 tabulam
1167 804 1200 831 de
1212 803 1329 831 stauraei
1348 811 1410 830 cum
1424 804 1536 830 historia
1551 804 1696 830 Dominicat
1713 812 1756 831 re-

970 839 1156 871 surrectionis,
1175 843 1203 866 et
1229 846 1337 866 crucem
1359 839 1391 865 dc
1412 839 1597 873 chrysoclavo.
1624 838 1679 866 Nec
1702 846 1755 865 non

131 879 280 914 appellatur
291 876 516 914 cosmcdin,fe_cit
526 873 627 914 vestem
640 873 917 914 albam_holo_seric_am
933 882 956 912 Β
970 878 998 901 et
1016 874 1043 913 7iu
1058 874 1186 914 7diaconia
1208 874 1279 901 beati
1300 873 1406 914 Georgii
1430 874 1556 914 martyris
1575 881 1657 908 super
1677 873 1755 914 altari

131 910 194 942 cum
206 913 295 940 tabula
309 913 341 940 de
360 911 535 947 chrysoclavo
547 911 694 947 habentem
698 945 703 947 _
712 910 919 947 historiam7Do-

131 948 238 976 minicx
250 945 454 974 resurrectizmis
468 950 495 973 et
509 946 534 973 in
557 945 671 980 circuitu
687 945 776 980 listam
796 945 828 972 de
840 945 920 980 chry—

131 982 249 1011 soclavo.
264 982 340 1009 Fecit
353 982 386 1008 ad
401 985 523 1008 sanctam
544 979 654 1006 Mariam
675 980 707 1006 ad
727 979 856 1014 Martyres
871 979 918 1005 ve-

131 1023 200 1045 stem
209 1017 295 1044 albam
304 1016 480 1043 holosericam
494 1020 611 1042 rosatam
621 1022 682 1041 cum
696 1014 783 1040 tabula
794 1015 827 1041 de
839 1014 920 1049 Tyrio

132 1052 210 1079 habet
223 1053 275 1079 tem
291 1051 430 1078 historiam
453 1049 584 1078 cruciﬁxi,
600 1053 627 1076 et
642 1053 728 1076 rotant
753 1049 785 1076 de
804 1049 918 1084 chryso—

131 1087 207 1115 clavo
224 1090 347 1114 ornatam
363 1086 389 1112 in
403 1086 516 1112 circuitu
528 1084 560 1110 de
574 1084 664 1119 Tyrio.
678 1084 786 1119 Vestem
800 1084 880 1110 etiam
893 1085 919 1111 in

131 1122 253 1160 diaconia
263 1121 320 1160 jam
334 1121 411 1160 dicte
426 1119 622 1160 Dci7gc7nitricis
637 1120 764 1160 positanL
774 1118 839 1159 foris
858 1126 921 1160 ppr-

131 1161 187 1184 tam
203 1153 272 1184 beati
294 1155 365 1182 Petri
379 1153 495 1189 apostoli
508 1154 568 1181 fecit
584 1159 685 1182 vestem
699 1154 731 1181 de
743 1153 825 1189 Tyrio
846 1154 921 1180 miri-

133 1191 183 1218 ﬁce
196 1191 359 1218 decoratam.
384 1188 432 1216 llic
454 1197 519 1216 vero
540 1189 703 1216 venerabilis
724 1193 751 1215 ct
768 1188 920 1223 'pr:rclarus

131 1225 252 1261 pontifex
270 1225 333 1261 fecit
347 1225 373 1252 in
395 1224 505 1261 basilica
530 1224 600 1261 beati
620 1224 693 1250 Petri
710 1224 822 1261 apostoli
838 1224 921 1261 nutri-

132 1258 201 1288 ioris
211 1261 250 1288 sui
266 1260 399 1288 canistros
414 1258 580 1286 interrasiles
591 1266 624 1285 ex
638 1263 748 1293 argento
761 1258 919 1292 purissimo,

131 1301 188 1323 tam
205 1296 233 1323 in
247 1295 458 1335 quadriperticu,
474 1301 608 1335 quamque
624 1294 650 1334 i7n
671 1294 774 1335 gremio
788 1294 916 1335 basilicae,

132 1338 246 1370 npmcro
256 1328 426 1370 'vigiutiduo.
444 1333 592 1370 pensantes
615 1328 692 1370 simul
716 1328 918 1370 l7ibras7eentum

132 1365 227 1401 viginti
250 1363 377 1401 quinque.
402 1363 538 1401 Gabathas
552 1363 917 1401 fundatassignochristas,

131 1398 193 1435 qua:
206 1398 323 1435 pendent
343 1399 369 1426 in
392 1398 603 1435 quadripertieu.
623 1398 654 1435 in
672 1398 757 1431 pharo
779 1405 867 1429 mreo,
891 1398 918 1425 in

132 1433 220 1463 medio
235 1434 360 1465 basilica',
377 1441 488 1460 numero
498 1433 675 1467 quadraginta
691 1437 715 1467 et
732 1438 791 1459 octo
808 1440 919 1466 pensan-

134 1475 175 1497 tes
189 1469 267 1496 simul
281 1470 361 1496 libras
376 1474 482 1495 centum
498 1473 523 1494 et
536 1476 613 1494 unam
629 1472 656 1494 et
673 1468 762 1494 semis.
779 1468 865 1493 Pbara
878 1475 919 1493 ar-

132 1508 227 1540 gentea
237 1505 299 1540 tria,
321 1512 380 1538 (pne
395 1508 467 1540 stant
477 1511 557 1537 super
579 1504 668 1540 tral-es
684 1508 835 1537 argent-ms,
851 1507 917 1540 prn-

133 1537 221 1566 santia
237 1539 318 1565 libras
333 1537 476 1571 nonaginta
488 1542 514 1564 ct
529 1543 590 1563 tres.
604 1538 689 1564 Arcus
701 1541 841 1570 argenteos
852 1537 918 1564 duos

168 1579 275 1601 nsantes
290 1574 371 1600 libras
386 1573 560 1607 quadraginta
572 1577 599 1598 ct
614 1580 691 1598 unam
705 1576 731 1598 et
743 1572 835 1598 uncias
844 1577 916 1599 octo.

150 1609 197 1635 lcla
213 1609 244 1635 de
268 1609 381 1635 blatthin
406 1607 525 1640 majora,
541 1615 600 1641 quze
624 1607 739 1641 pendent
757 1615 805 1641 per
828 1607 919 1633 trabes

133 1647 276 1678 argenteas
287 1644 379 1670 dextra
395 1642 513 1676 Levaque
527 1642 697 1676 presbyterii.
718 1641 771 1668 Nec
786 1649 837 1668 non
854 1642 918 1678 etin

132 1677 247 1705 circuitu
261 1678 332 1705 sedis
345 1686 457 1704 numero
476 1677 583 1711 triginta
608 1682 704 1703 ornata
721 1677 746 1703 in
760 1677 874 1704 circuitu
886 1677 902 1704 d

133 1713 307 1748 quatit-apulo.
387 1747 391 1748 7
432 1746 438 1748 _
484 1747 489 1748 7
750 1746 755 1748 7
810 1747 814 1748 7
899 1725 900 1728 π

168 1747 197 1774 ν.
208 1747 232 1774 la
255 1748 359 1775 modica
377 1747 410 1774 de
427 1746 538 1774 fundato
553 1754 665 1782 numero
685 1746 864 1782 quadraginta
888 1750 918 1773 et

133 1786 235 1816 septem
250 1787 346 1809 ornata
365 1790 391 1809 ιιι
415 1782 529 1817 circuitu
543 1782 576 1817 de
591 1781 705 1808 hlattbin
724 1781 868 1817 Byzanteo,
892 1786 919 1809 et

133 1817 267 1852 investita
277 1818 310 1843 de
321 1817 435 1852 blatthin
451 1816 635 1852 Neapolitano.
650 1816 704 1844 Nec
718 1824 770 1843 non
783 1821 810 1843 et
823 1817 849 1843 in
860 1824 920 1852 gre-

134 1852 189 1878 mio
203 1851 320 1877 basilicae
339 1850 402 1877 fecit
417 1850 549 1877 cortinam
571 1851 697 1883 majorem
710 1850 918 1879 Alexandrinam

133 1887 209 1913 mirae
228 1884 419 1919 magnitudinis
431 1890 459 1911 et
471 1885 678 1919 pulchritudinis
691 1886 853 1917 decoratum,
875 1894 920 1913 or-

133 1924 225 1948 natam
245 1920 271 1946 in
291 1919 405 1947 circuitu
424 1919 458 1946 de
471 1919 560 1953 Tyrio.

169 1955 235 1982 Vela
260 1954 321 1981 alba
347 1954 452 1981 modica
475 1953 623 1980 boloserica
640 1957 731 1980 rosata
753 1961 864 1980 numero
881 1954 920 1981 vi-

134 1990 200 2024 ginti
218 1989 336 2024 quinque
358 1993 453 2015 ornata
479 1988 506 2014 in
522 1988 648 2024 circuitu
672 1988 706 2015 de.
727 1988 857 2024 blatthin,
885 1996 918 2016 ex

132 2023 234 2059 quibus
254 2031 336 2059 unum
363 2028 494 2059 ornatum
512 2023 546 2050 de
572 2024 700 2059 stauraci.
721 2023 810 2057 Super
834 2023 919 2059 altare

134 2057 197 2085 (τετο
214 2059 285 2086 beati
304 2058 418 2086 Andreae
430 2079 437 2090 ,
451 2058 496 2085 ubi
512 2066 606 2092 supra,
629 2057 693 2085 fecit
710 2064 814 2085 vestem
829 2058 917 2085 albam

135 2094 312 2120 holosericam
331 2098 448 2120 rosatam
469 2100 529 2119 cum
553 2093 643 2119 tabula
667 2093 699 2120 de
720 2093 896 2128 cbrysoclavo
910 2113 918 2126 ,

134 2128 277 2156 [nubentem
297 2128 437 2155 historiam
452 2128 596 2155 Dominice
615 2128 832 2160 resurrectionis,
851 2132 879 2155 et
892 2129 918 2155 in

134 2164 209 2190 circu
223 2167 251 2190 tn
270 2163 360 2190 listam
377 2162 411 2190 de
428 2162 610 2197 chrysoclavo.
624 2162 724 2190 Verum
739 2163 820 2190 etiam
835 2167 862 2190 et
874 2171 918 2190 su-

108 2227 112 2229 ,
135 2206 182 2229 per
198 2198 284 2225 altare
300 2198 384 2225 beatae
401 2197 552 2224 Petronilhe
573 2197 638 2224 fecit
650 2201 751 2224 vestem
767 2198 855 2225 albam
867 2198 917 2225 ho—

144 2207 182 2229 ier
198 2207 284 2225 auare
300 2207 384 2225 beatae
402 2207 552 2224 retronnue
573 2207 638 2224 nec".
650 2207 751 2224 chtem
767 2207 855 2225 amam
868 2207 917 2225 no—

135 2207 275 2260 iosericam
288 2238 406 2259 rosalam
423 2240 483 2259 cum
504 2231 593 2258 tabula
611 2231 643 2259 de
662 2232 846 2267 chrysoclavo,
871 2233 918 2260 ha-

136 2268 241 2295 bentem
266 2267 406 2294 historiam
430 2267 576 2294 Dominica:
600 2267 816 2300 resurrectionis,
843 2272 871 2295 et
891 2268 917 2296 in

135 2302 250 2329 circuitu
265 2302 323 2336 ejus
337 2302 424 2337 listam
438 2301 471 2328 de
483 2300 667 2337 chrysoclavo.
682 2301 743 2329 Pari
758 2303 838 2330 modo
851 2307 878 2330 et
890 2303 917 2330 in

135 2337 255 2363 oratorio
269 2341 370 2364 sancta:
396 2336 442 2363 Dei
464 2336 612 2371 genitricis;
631 2336 676 2364 ubi
702 2344 793 2371 supra,
817 2338 844 2364 in
859 2346 916 2365 mc-

135 2372 214 2398 diana
240 2371 304 2398 fecit
316 2376 418 2399 vestem
440 2371 527 2398 albam
543 2372 720 2399 holosericam
734 2376 852 2399 rosatam
867 2373 916 2399 ba-

135 2407 243 2433 bentem
258 2406 284 2432 in
307 2406 395 2433 medio
407 2413 515 2433 crucem
528 2407 561 2433 de
572 2406 755 2441 chrysoclavo,
777 2411 805 2434 et
818 2407 849 2433 in
865 2407 917 2434 cir-

135 2441 209 2470 cuitu
220 2444 343 2476 ornatam
356 2441 390 2468 de
403 2441 493 2475 Tyrio.
510 2441 538 2468 lu
552 2442 672 2469 oratorio
690 2449 755 2469 vero
769 2442 853 2476 ipsius
869 2442 928 2476 Dei,

135 2475 285 2516 genitricis,
293 2475 337 2501 ubi
350 2483 442 2516 supra,
454 2476 525 2516 quod
535 2476 634 2511 dicitur
644 2477 733 2516 domni
745 2475 819 2516 Pauli
827 2485 916 2516 papa}.

135 2509 236 2540 restem
251 2509 338 2536 albam
353 2509 530 2537 holosericam
553 2516 675 2537 ornatam
699 2511 725 2538 in
751 2509 873 2538 circuitu"
884 2512 916 2539 dc

136 2544 236 2572 mizilo.
254 2543 309 2571 Nec
319 2552 372 2572 non
387 2545 452 2572 etin
467 2546 629 2572 monasterio
642 2546 728 2572 sancti
745 2546 859 2578 Martini,
872 2546 916 2574 ubi

135 2587 230 2615 supra,
244 2578 310 2606 fecit
319 2586 422 2607 vestem
434 2579 522 2605 albam
536 2580 711 2615 bolosrricam
721 2586 850 2612 romam.
869 2581 917 2608 ha-

138 2613 244 2644 bentem
267 2614 294 2649 in
309 2615 399 2649 medio
409 2621 521 2649 crucem
531 2613 564 2641 de
583 2614 757 2649 cltrysoclavo
771 2623 831 2642 cum
845 2615 915 2649 peri-

137 2649 203 2684 clysi
219 2649 252 2675 de
265 2648 356 2683 Tyrio.
373 2648 423 2677 Hic
436 2647 499 2684 fecit
514 2647 541 2674 in
555 2647 663 2676 basilica
680 2647 861 2684 apostolorum
872 2650 915 2677 via

136 2682 201 2712 uita
215 2682 296 2718 super
308 2684 392 2711 altare
409 2682 494 2715 maius
508 2687 609 2710 vestem
631 2682 719 2710 albam
733 2684 910 2711 holosericam

137 2723 256 2745 rosatam
280 2718 423 2746 habentem
446 2718 474 2745 in
498 2719 587 2745 medio
605 2718 722 2745 tabulam
741 2719 774 2745 de
798 2720 913 2746 stauraci

135 2761 197 2782 cum
226 2753 339 2780 historia
360 2753 504 2781 Dominicat
523 2753 743 2785 resurrectionis,
762 2758 789 2781 et
809 2754 835 2780 in
862 2754 915 2781 cir-

135 2788 209 2821 cuitu
231 2792 332 2814 vestem
347 2788 380 2815 dc
394 2787 579 2822 chrysoclavo.
599 2786 653 2815 Nec
666 2796 717 2815 non
738 2793 765 2815 et
779 2788 914 2816 orbiculos

137 2822 170 2848 dc
189 2822 363 2857 chrysoclavo
383 2821 450 2849 cum'
465 2821 591 2856 periclvsi
610 2822 643 2849 de
661 2823 750 2857 Tyrio.
773 2822 911 2850 Tctravcla

136 2857 241 2890 modica
269 2858 353 2889 rubea
372 2861 467 2886 ornata
487 2857 514 2884 in
535 2857 649 2886 circuitu
668 2858 703 2885 do
723 2858 849 2888 fundato.
879 2866 910 2885 ex

970 908 1065 942 majori
1095 909 1159 936 fecit
1187 913 1287 936 vestem
1313 908 1400 935 albam
1431 908 1607 936 holosericam
1637 912 1756 936 rosatam

970 944 1112 970 habentem
1127 944 1153 971 in
1175 944 1263 970 medio
1286 943 1404 970 tabulam
1430 943 1463 970 de
1485 944 1602 971 stauraci
1624 951 1685 971 cum
1713 944 1755 970 hi-

968 979 1051 1005 storia
1069 978 1191 1005 cruciﬁxi
1204 983 1328 1005 ornatam
1349 978 1382 1004 de
1393 978 1483 1013 Tyrio,
1502 983 1528 1004 ct
1543 986 1617 1005 rosas
1629 978 1661 1006 de
1681 978 1757 1013 ciny-

968 1013 1085 1040 soclavo.
1109 1014 1166 1048 Ipse
1186 1021 1251 1040 vero
1270 1022 1284 1039 a
1307 1013 1362 1040 Deo
1386 1018 1525 1047 protectus
1545 1013 1707 1040 venerabilis
1729 1017 1756 1040 et

969 1048 1115 1083 praeclarus
1134 1048 1252 1082 pontifex
1267 1048 1330 1075 fecit
1349 1048 1375 1075 in
1399 1048 1510 1075 basilica
1529 1052 1630 1075 sanctiu
1653 1048 1698 1073 Dei
1711 1056 1756 1083 ge-

969 1083 1083 1114 nitricis,
1105 1091 1165 1117 qua:
1189 1083 1339 1117 appellatur
1367 1082 1400 1109 ad
1422 1083 1554 1117 Pnescpc,
1576 1083 1610 1109 ob
1641 1082 1754 1109 nimium

969 1126 1089 1144 amorem
1112 1118 1195 1152 ipsius
1211 1118 1326 1145 domina:
1349 1122 1448 1144 nostne
1464 1118 1577 1151 pharnm
1590 1125 1623 1144 ex
1643 1122 1757 1152 argento

969 1153 1115 1192 purissimo
1137 1153 1335 1192 c7utit_|u7_c_crita,
1351 1157 1378 1179 ct
1392 1158 1517 1192 cei-capto
1542 1152 1672 1192 [ccrapto]
1688 1160 1754 1185 suo,

946 1201 952 1204 -
970 1188 1112 1223 pensantia
1135 1188 1214 1214 simul
1235 1188 1318 1214 libras
1337 1187 1513 1223 quadraginta
1533 1187 1560 1223 e71
1582 1187 1672 1223 semis;

1005 1222 1038 1249 Et
1053 1221 1102 1250 hoc
1116 1222 1256 1250 constituit
1270 1222 1328 1256 ejus
1343 1222 1492 1253 beatitudo,
1506 1226 1535 1248 ut
1550 1222 1753 1249 Dominicorunt

970 1257 1075 1288 diebus,
1088 1257 1129 1284 vel
1145 1258 1171 1284 in
1183 1258 1284 1284 sanctis
1295 1257 1510 1284 solemnitatibus
1521 1256 1597 1290 juxta
1614 1256 1754 1284 lectorium

969 1293 1142 1324 consisteret,
1156 1296 1182 1320 et
1195 1293 1227 1320 ad
1243 1293 1385 1326 legendum
1399 1300 1491 1319 sacras
1504 1292 1634 1319 lectiones
1646 1291 1756 1319 luminis

969 1327 1111 1361 splendore
1123 1327 1246 1362 fulgeret.
1260 1326 1293 1354 Et
1305 1327 1331 1354 in
1346 1327 1459 1354 ecclesia
1471 1325 1540 1354 beati
1554 1327 1626 1354 Petri
1641 1327 1754 1362 apostoli

969 1362 1027 1396 pari
1047 1362 1125 1388 modo
1139 1362 1203 1389 fecit
1217 1363 1329 1396 pharnm
1340 1371 1372 1388 ex
1389 1366 1501 1397 argento
1514 1362 1660 1397 purissimo
1674 1362 1756 1389 deau-

970 1401 1028 1422 rato
1041 1397 1116 1423 mine
1130 1397 1335 1431 pulchritudinis
1349 1396 1505 1424 decoratum
1519 1405 1580 1423 cum
1593 1396 1713 1428 lucerna,
1728 1401 1757 1423 ct

969 1437 1096 1465 cereapto
1109 1430 1166 1462 suo,
1181 1439 1241 1466 qua:
1251 1436 1366 1465 pensant
1377 1430 1457 1466 simul
1474 1431 1557 1458 libras
1570 1432 1713 1466 nonaginta
1727 1436 1756 1458 et

969 1466 1059 1493 semis.
1075 1465 1228 1498 Enimvero,
1244 1467 1289 1493 ubi
1301 1473 1381 1501 supra
1398 1465 1430 1492 ad
1441 1465 1550 1501 beatum
1565 1465 1674 1493 Petrum
1690 1474 1755 1500 apo-

969 1501 1076 1542 stoluny
1089 1501 1146 1542 sub
1165 1502 1221 1536 ipsa
1229 1500 1354 1542 imagine
1370 1500 1518 1542 Salvatorjs
1529 1500 1648 1541 7Domini
1666 1502 1752 1528 nostri

969 1535 1031 1562 Jesu
1047 1535 1146 1563 Christi
1163 1536 1284 1563 cruciﬁxi
1295 1535 1327 1563 in
1353 1536 1461 1562 modum
1486 1535 1550 1562 fecit
1572 1543 1700 1563 coronam
1720 1544 1753 1563 ex

971 1575 1084 1605 argento
1098 1571 1251 1604 purissimo,
1274 1575 1302 1598 et
1316 1571 1415 1598 ibidem
1430 1571 1465 1598 ob
1480 1570 1563 1604 ipsius
1578 1570 1682 1597 Domini
1706 1579 1756 1598 no-

970 1606 1019 1632 stri
1035 1605 1097 1632 Jesu
1116 1606 1215 1633 Christi
1232 1613 1351 1633 amorem
1367 1610 1417 1638 pro
1437 1605 1641 1632 Iuminariorum
1663 1606 1753 1640 splen-

970 1639 1035 1666 dore
1048 1641 1137 1674 posuit
1148 1645 1304 1675 pensantem
1319 1641 1446 1668 libras...

972 1706 985 1717 77
1004 1675 1117 1715 Basilica
1124 1683 1189 1717 ycro
1197 1676 1266 1703 beati
1274 1676 1522 1717 Apollinarisatque
1529 1675 1659 1717 martyris
1667 1676 1754 1710 ponti—

970 1710 1110 1744 ﬁcisnpnc
1122 1710 1231 1738 fundata
1245 1716 1286 1738 est
1294 1710 1370 1745 juxta
1382 1711 1519 1738 civitatem
1529 1710 1695 1742 Ravennam,
1705 1718 1753 1737 cu-

966 1745 1011 1779 jus
1022 1745 1112 1772 trabes
1120 1754 1176 1780 pne
1186 1746 1267 1773 nimia
1279 1750 1410 1773 vetustate
1418 1746 1450 1773 de
1456 1752 1588 1772 annorum
1596 1745 1753 1780 curriculis,

969 1780 1110 1807 etolitanis
1119 1779 1285 1815 temporibus
1296 1781 1376 1808 nimis
1386 1784 1582 1810 emarcuerant,
1591 1779 1701 1814 jamque
1709 1788 1754 1814 pe-

970 1823 1004 1842 ne
1012 1816 1120 1843 ruitura:
1128 1816 1154 1842 in
1162 1820 1281 1850 tempore
1288 1816 1426 1847 illoerant,
1435 1816 1504 1842 idem
1512 1815 1672 1841 venerabilis
1679 1819 1755 1848 pater

970 1850 1099 1877 divinitus
1113 1851 1269 1886 inspiratus,
1285 1852 1357 1878 misit
1372 1851 1442 1882 illuc,
1452 1855 1479 1877 et
1490 1858 1537 1885 per
1549 1850 1754 1886 solertissimam

969 1892 1000 1912 ac
1015 1886 1154 1919 previdam
1180 1893 1273 1912 curam
1294 1894 1371 1913 suam
1391 1886 1481 1912 omnia
1496 1890 1569 1912 sarta
1587 1888 1656 1911 tecta
1671 1885 1755 1919 ipsius

968 1920 1090 1955 ecclesia:
1112 1920 1191 1947 simul
1218 1928 1278 1947 cum
1302 1920 1511 1955 quadriporticis
1535 1920 1592 1947 suis
1606 1920 1711 1946 n0riter
1723 1927 1755 1947 ac

970 1953 1083 1980 ﬁrmiter
1094 1955 1266 1986 restauravit,
1280 1953 1348 1982 et‘in
1363 1953 1501 1981 meliorem
1518 1955 1624 1981 reduxit
1637 1958 1753 1986 statum;

969 1995 1050 2022 super
1062 1989 1147 2016 altare
1166 1996 1230 2015 vero
1244 1989 1329 2023 ipsius
1343 1995 1427 2016 sacrm
1442 1989 1560 2015 basilica:
1573 1989 1608 2015 ob
1622 1989 1751 2015 honorem

968 2022 1162 2058 otnnipotentis
1181 2024 1240 2054 Dei.
1256 2022 1286 2050 et
1305 2024 1376 2051 beati
1400 2023 1470 2050 Petri
1486 2023 1611 2057 apostoli,
1630 2024 1664 2050 de
1677 2024 1755 2058 cttjus

969 2057 1047 2084 donis
1062 2065 1094 2084 ac
1108 2058 1177 2085 datis
1191 2058 1254 2085 fecit
1268 2063 1370 2085 vestem
1384 2058 1498 2085 sericam
1514 2062 1631 2084 rosatam
1648 2057 1754 2084 haben-

969 2096 1023 2118 tem
1038 2093 1064 2119 in
1080 2093 1168 2120 medio
1180 2100 1287 2120 trucem
1299 2093 1331 2120 de
1346 2092 1522 2128 chrysoclavo
1533 2100 1594 2119 cum
1608 2092 1749 2125 orbiculis,

969 2131 996 2154 et
1012 2131 1085 2154 rotas
1106 2127 1206 2154 sericas
1223 2128 1353 2155 habentes
1372 2127 1502 2155 historias
1526 2127 1751 2159 annuntiationis,

969 2168 1016 2188 seu
1031 2162 1128 2188 natalis
1144 2162 1248 2189 Domini
1261 2164 1345 2189 nostri
1357 2163 1420 2190 Jesu
1434 2162 1543 2194 Christi,
1560 2166 1639 2196 atque
1650 2163 1752 2197 passio-

970 2204 1039 2230 nem,
1055 2201 1082 2224 et
1097 2198 1338 2230 resurrectionem;
1355 2205 1405 2225 nec
1417 2205 1468 2224 non
1483 2202 1510 2224 ct
1527 2197 1554 2224 in
1567 2196 1752 2225 caelos’asccn-

930 2224 956 2252 Ῑ)
969 2224 1082 2264 sionem,
1108 2236 1188 2265 atque
1203 2224 1387 2266 pentecosicn,
1410 2236 1519 2260 ornatas
1536 2233 1562 2258 in
1582 2232 1697 2259 circuitu
1714 2224 1751 2259 si-

968 2266 1025 2306 mili
1039 2267 1127 2307 modo,
1148 2267 1217 2293 sicut
1232 2273 1259 2293 et
1280 2273 1382 2307 vestem
1397 2268 1437 2307 7dc
1453 2267 1637 2307 chrysoclavo.
1653 2267 1705 2294 Sed
1725 2272 1752 2295 et

967 2301 1113 2337 eanistrum
1124 2309 1160 2337 7e:
1175 2306 1287 2337 argento
1306 2302 1450 2337 purissimo
1471 2301 1536 2328 inibi
1551 2301 1616 2329 fecit
1631 2310 1691 2328 cum
1706 2310 1751 2328 ca-

968 2336 1065 2363 teaulis
1088 2336 1143 2363 suis
1166 2344 1281 2371 pensans
1294 2336 1376 2364 libras
1392 2337 1556 2371 quindecim.
1578 2337 1750 2371 Episcopium

967 2378 1031 2397 vero
1051 2370 1202 2398 Albancnse
1224 2372 1303 2399 simul
1317 2380 1377 2398 cum
1389 2370 1513 2403 ecclesia,
1527 2379 1587 2405 qua:
1601 2370 1628 2398 in
1642 2371 1750 2399 nomine

966 2405 1036 2433 beati
1053 2405 1185 2441 Pancratii
1201 2406 1309 2433 fundata
1324 2411 1375 2438 est,
1389 2414 1437 2441 per
1447 2407 1591 2441 quamdam
1608 2405 1747 2440 negligem-

967 2440 1031 2467 tiam
1049 2440 1089 2468 vel
1104 2441 1247 2474 incuriam,
1261 2449 1310 2476 per
1321 2438 1514 2476 subuiissiones
1522 2438 1676 2472 diabolicas,
1683 2438 1747 2475 post
1777 2438 1781 2442 ’

967 2475 1113 2503 matutinas
1137 2476 1229 2503 laudes
1253 2474 1358 2509 exusta,
1374 2484 1388 2503 a
1405 2474 1587 2503 fundamentis
1607 2474 1696 2510 usque
1716 2476 1750 2504 ad

967 2514 1114 2546 summqu
1125 2514 1223 2537 lectum
1240 2512 1410 2539 cembustum
1432 2515 1482 2538 est.
1500 2510 1553 2538 Sed
1568 2511 1748 2538 clementissi-
1773 2544 1775 2546 7

967 2553 1033 2581 mus
1039 2549 1067 2581 et
1076 2545 1269 2581 solertissimus
1278 2547 1408 2581 pontifex,
1420 2546 1635 2581 Deoaspirante,
1644 2554 1676 2581 ex
1689 2553 1749 2573 san.

965 2580 1001 2607 eti
1019 2579 1138 2615 Spiritus
1156 2579 1332 2615 illustratione
1351 2581 1458 2608 ﬁrmum
1474 2579 1579 2615 jacicns
1592 2579 1749 2607 fundamen-

967 2618 1022 2650 tum
1043 2614 1139 2643 mirum
1154 2614 1180 2641 in
1191 2615 1304 2650 modum
1314 2615 1371 2650 jam
1391 2615 1530 2650 praefatam
1545 2614 1687 2642 ecclesiam
1701 2622 1750 2641 nov

965 2649 1035 2676 viter
1051 2649 1220 2684 restauravit,
1234 2654 1261 2676 et
1274 2649 1353 2677 simul
1368 2649 1428 2677 cum
1444 2650 1524 2677 sartis
1538 2650 1617 2677 tectis
1630 2650 1684 2676 Deo
1702 2649 1748 2684 ju-

965 2686 1045 2710 vante
1056 2684 1090 2709 ad
1102 2683 1240 2711 meliorem
1252 2684 1361 2712 deduxit
1372 2688 1481 2711 statum.

1002 2718 1034 2744 Et
1048 2722 1079 2744 ut
1091 2725 1172 2745 verus
1186 2723 1291 2747 amator
1311 2719 1358 2746 Dei
1378 2724 1407 2747 et
1420 2720 1507 2747 cultor
1529 2725 1683 2748 sanctarum
1698 2718 1748 2746 Dei

965 2752 1152 2792 ecclesiarum,
1168 2752 1232 2792 [ccit
1244 2761 1326 2789 super
1336 2754 1415 2792 altari
1436 2754 1532 2789 majori
1548 2754 1683 2792 praedicta:
1703 2760 1748 2792 ec-

964 2787 1153 2823 clesiaavestes
1167 2788 1243 2820 duas,
1256 2787 1288 2815 ei
1301 2789 1399 2823 quibus
1412 2787 1493 2817 unam
1508 2787 1568 2817 cum
1588 2787 1653 2816 rotis
1666 2787 1748 2823 man-

966 2823 1038 2848 ribus
1058 2822 1199 2850 habcntem
1222 2822 1338 2858 gryphcs
1351 2844 1357 2856 ,
1379 2828 1502 2851 ornatam
1528 2824 1555 2850 in
1579 2823 1694 2850 circuitu
1713 2822 1747 2849 de

965 2858 1082 2890 fundato,
1100 2863 1126 2885 et
1139 2859 1268 2886 tetravela
1284 2859 1370 2886 serica
1390 2859 1509 2894 alytbina
1529 2863 1625 2886 ornata
1645 2858 1678 2886 de
1692 2858 1744 2892 'l‘y.
