3960 6408
276 210 417 270 1055

1711 204 2093 260 EPISTOLA‘I.

3395 208 3533 265 1054

273 337 464 385 contra
497 327 637 382 hanc
665 335 863 383 nostra:
891 324 1225 381 dillinitionis
1250 324 1333 379 vel
1366 325 1645 395 apostolici
1678 324 1847 394 privi-
1880 329 1926 386 Α
1956 323 2113 376 nitati
2149 332 2253 377 tua:
2272 364 2287 389 ,
2320 324 2667 395 benignitatis
2696 324 2890 379 studiis
2918 324 3125 379 invitati
3151 366 3165 390 ,
3196 326 3496 384 direximus
3517 367 3535 394 ,

278 417 403 490 legii
438 416 821 472 auctoritatem
852 417 1042 470 venire
1075 416 1398 479 tentaverit,
1426 430 1493 470 ex
1530 414 1859 468 auctoritate

276 508 575 580 apostolica
602 509 925 573 statuimus,
954 517 1048 573 ut,
1079 508 1126 561 si
1153 507 1595 577 archiepiscopus
1625 506 1710 561 vel
1741 506 1858 576 epi-

278 613 476 668 scopus
498 596 663 651 fuerit
679 636 695 661 ,
720 611 790 658 ex
809 598 1001 651 ordine
1027 597 1346 667 praesulatus
1371 597 1443 652 sit
1470 598 1749 667 dejectus;
1782 597 1859 652 si-

280 690 486 747 militer
512 689 798 760 presbyter
821 689 907 744 vel
935 690 1198 744 diaconus
1225 698 1321 743 aut
1345 690 1482 744 alius
1509 690 1735 758 quilibet
1761 688 1862 742 mi.

280 781 454 835 nister
484 779 628 834 sacri
659 778 949 833 ministerii
981 779 1026 834 si
1060 778 1258 844 fuerit,
1290 780 1361 834 ah
1387 779 1577 834 ordine
1603 779 1675 833 sit
1701 779 1863 847 depo-

280 871 418 926 situs
443 888 458 937 ;
489 872 537 927 si
566 878 751 926 autem
775 886 843 925 ex
871 885 1097 925 numero
1128 871 1385 925 laicorum
1414 870 1602 936 fuerit,
1632 878 1739 923 tam
1767 884 1862 924 rex

280 978 447 1032 quam
472 962 758 1034 princeps,
788 971 882 1016 aut
908 962 1160 1032 quaelibet
1184 978 1380 1033 magna
1410 952 1523 1017 sive
1552 977 1716 1033 parva
1742 977 1865 1032 per-

284 1069 417 1109 sona
434 1094 448 1116 ,
484 1069 514 1107 a
545 1069 717 1109 sacra:
742 1055 1142 1109 communionis
1172 1054 1587 1125 participatione
1611 1069 1671 1109 se
1696 1069 1863 1108 nove-

284 1146 358 1200 rit
403 1144 661 1198 alienum.
710 1143 860 1200 Hanc
900 1145 1167 1215 privilegii
1207 1146 1496 1216 paginam,
1546 1145 1865 1200 auctoritate

282 1235 429 1290 beati
460 1234 608 1290 Petri
644 1234 1011 1304 apostolorum
1045 1235 1340 1307 principis,
1369 1237 1529 1304 cujus
1563 1236 1866 1291 ministerio

284 1325 582 1397 fungimur,
615 1326 751 1390 tibi,
781 1324 1105 1392 Athelarde,
1136 1328 1351 1397 tuisque
1378 1327 1785 1383 successoribus
1810 1326 1865 1381 in

284 1424 605 1486 perpetuum
636 1415 983 1469 concedimus
1009 1415 1377 1471 obtinendam.
1408 1415 1488 1469 Ad
1517 1414 1669 1485 cujus
1698 1414 1868 1470 lirmi-

286 1514 456 1561 tatem
485 1505 737 1561 manibus
760 1505 963 1560 nostris
988 1506 1441 1576 subscriptionem
1468 1505 1865 1576 impressimus,

1961 412 2319 468 concedentes
2363 413 2526 469 etiam
2575 414 2669 469 tibi
2716 414 3085 470 ordinationes
3127 416 3534 487 episcoporum,

1959 503 2211 573 exigente
2249 504 2682 573 opportunitate,
2723 503 2936 559 Domini
2974 506 3342 574 praeveniente
3381 508 3541 564 mise-

1963 592 2198 648 ricordia
2221 633 2235 658 ,
2269 594 2547 649 celebrare
2572 611 2586 659 ;
2625 594 2701 647 ita
2728 603 2787 648 ut
2813 595 3016 650 Christi
3047 598 3384 668 evangelium
3414 599 3537 671 plu-

1962 684 2223 738 rimorum
2258 685 2667 739 annuntiatione
2694 686 2747 739 in
2794 687 3045 743 omnibus
3091 691 3371 759 gentibus,
3419 707 3540 763 qum
3594 687 3601 693 ’

1964 776 2193 831 necdum
2236 791 2512 830 conversa:
2558 786 2718 843 sunt,
2762 779 3033 847 dilatetur,
3070 789 3175 836 etc.
3208 801 3227 834 ι
3257 781 3392 838 Nam
3440 784 3542 840 iste

1964 867 2154 921 Justus
2194 877 2320 920 ante
2354 867 2421 921 ab
2457 866 2758 935 Augustino
2790 869 3076 938 episcopus
3114 871 3393 927 ordinatus
3426 882 3539 937 est,

1965 959 2107 1014 sicut
2131 970 2186 1013 et
2214 957 2467 1013 Mellitus.
2499 958 2617 1028 Ipse
2648 974 2862 1029 quoque
2892 958 3078 1016 Justus
3103 963 3541 1019 ordinavitPau-

1964 1048 2133 1104 linum
2166 1050 2476 1121 episcOpum
2503 1090 2519 1117 ,
2555 1059 2611 1106 et
2646 1051 2912 1107 Honorius
2943 1069 3079 1124 papa
3129 1054 3276 1110 misit
3320 1057 3538 1127 pallium

1965 1139 2068 1212 ipsi
2086 1141 2332 1209 Paulino,
2356 1142 2446 1197 ubi
2470 1152 2683 1215 gentem
2704 1143 3268 1217 Nardanhymbrornm
3298 1165 3419 1205 cum
3448 1166 3545 1204 suo

1967 1245 2093 1303 rege
2115 1232 2180 1288 ad
2205 1232 2365 1288 fidem
2387 1233 2607 1298 Christi,
2631 1233 2855 1289 Paulino
2869 1237 3293 1306 evangelizante,
3315 1256 3543 1297 conver—

1967 1337 2082 1376 sam
2108 1336 2230 1378 esse
2256 1323 2466 1379 didicit.
2496 1323 2598 1392 Qui
2629 1324 2885 1380 Paulinus
2914 1335 3036 1396 post
3064 1328 3269 1383 obitum
3297 1332 3545 1402 praedicti

1967 1411 2102 1469 Justi
2124 1455 2138 1481 ,
2165 1414 2462 1471 Honorium
2488 1416 2882 1472 Dorovernensi
2909 1418 3162 1474 Ecclesire
3187 1423 3545 1492 archiepisco-

1968 1521 2095 1577 pum
2128 1507 2438 1576 ordinavit,
2480 1510 2567 1563 cui
2602 1510 2766 1564 etiam
2806 1510 3064 1579 prtefatus
3102 1528 3239 1583 papa
3278 1512 3547 1569 Honorius

289 1597 549 1667 illamque
574 1598 796 1652 nomine
822 1606 1008 1652 nostro
1035 1598 1239 1668 signari
1265 1599 1662 1654 mandavimus.
1694 1598 1866 1666 Quam
1970 1596 2119 1652 misit
2140 1597 2362 1668 pallium
2389 1607 2443 1655 et
2466 1599 2694 1665 litteras,
2720 1600 2773 1655 in
2802 1601 2997 1669 quibus
3020 1604 3368 1657 continentur
3393 1604 3509 1659 lucc
3535 1620 3548 1658 :

289 1690 454 1746 etiam
486 1705 517 1744 a
549 1689 742 1761 Sergio
768 1690 1055 1745 scriniario
1091 1697 1280 1745 nostro
1313 1690 1477 1746 scribi
1514 1691 1871 1761 praecepimus
1900 1675 1945 1734 Β

288 1796 477 1837 mense
501 1779 778 1836 Januario.
807 1780 929 1836 Dat.
963 1797 1033 1835 xv
1061 1780 1184 1836 Kal.
1217 1778 1497 1836 Februarii
1529 1796 1626 1852 per
1652 1795 1872 1835 manum

288 1875 602 1939 Eustachii,
632 1874 930 1944 primicerii
965 1881 1165 1930 sanctae
1192 1873 1337 1929 sedis
1365 1874 1673 1943 apostolica:
1704 1873 1874 1944 impe-

290 1950 445 2021 rante
478 1965 698 2021 domino
733 1963 926 2021 Carolo
959 1964 1206 2035 piissimo
1239 2004 1254 2029 ,
1293 1964 1516 2029 consule
1544 2005 1558 2030 ,
1595 1963 1871 2033 Augusto,

291 2073 322 2113 a
370 2057 482 2113 Deo
524 2064 817 2123 coronato,
864 2072 1092 2128 magno,
1137 2055 1471 2127 pacificoque
1516 2056 1872 2126 imperatore,

294 2162 440 2202 anno
466 2148 705 2203 secundo
728 2155 856 2219 post
878 2148 1217 2204 mnsulatum
1247 2147 1489 2216 ejusdem
1517 2145 1756 2211 domini,
1788 2146 1875 2201 in—

294 2238 531 2295 dictione
557 2239 788 2295 decima.

811 2326 1146 2385 EPISTOLA
1188 2328 1351 2384 XVII.

842 2417 1290 2491 (Fragmentum.
1315 2416 1335 2490 )

585 2507 710 2581 [Ex
734 2507 930 2573 Ivone,
960 2507 1115 2561 Decr.
1148 2524 1200 2577 ρ.
1233 2520 1324 2573 ιιι,
1356 2523 1404 2561 c.
1438 2505 1599 2580 102.]

2050 1706 2069 1740 ι
2107 1689 2465 1745 Dilectissimo
2501 1689 2657 1744 fratri
2688 1689 2958 1755 Honorio,
2996 1691 3267 1747 Honorius
3298 1693 3547 1748 salutem.

1976 1773 2139 1832 Juxta
2166 1787 2403 1834 vestram
2432 1780 2747 1851 petitionem
2778 1790 2833 1835 et
2860 1779 3093 1837 filiorum
3127 1792 3438 1838 nostrorum
3465 1799 3549 1838 re-

1974 1883 2099 1940 gum
2121 1909 2137 1933 ,
2171 1870 2323 1924 vobis
2351 1885 2449 1941 per
2476 1878 2800 1941 praesentem
2828 1879 3070 1926 nostram
3097 1874 3512 1943 prmceptionem
3536 1916 3551 1940 ,

1974 1959 2093 2013 vice
2117 1958 2261 2014 beati
2289 1957 2439 2015 Petri
2470 1960 2836 2031 apostolorum
2864 1962 3157 2035 principis,_
3175 1964 3552 2018 auctoritatem

1978 2050 2300 2118 tribuimus,
2338 2061 2399 2106 ut
2431 2051 2648 2122 quando
2676 2068 2843 2108 unum
2876 2069 2941 2109 ex
2985 2053 3138 2109 vobis
3171 2053 3351 2109 divina
3388 2058 3455 2110 ad
3493 2072 3552 2111 se

1970 2140 2199 2211 jusserit
2225 2141 2397 2211 gratia
2428 2142 2675 2208 evocari,
2708 2142 2756 2198 is
2783 2142 2874 2212 qui
2906 2156 3180 2215 superstes
3220 2141 3382 2200 fuerit
3421 2146 3554 2201 alte-

1977 2249 2100 2288 rum
2145 2234 2200 2288 in
2242 2234 2362 2289 Ioco
2408 2233 2647 2290 defuncti
2695 2235 2887 2292 debeat
2929 2238 3239 2308 episcopum
3284 2237 3554 2293 ordinare.

1978 2322 2086 2379 Pro
2129 2340 2235 2395 qua
2277 2324 2441 2381 etiam
2488 2340 2548 2381 re
2592 2325 2802 2399 singula
2850 2336 3042 2383 vestrm
3087 2329 3359 2385 dilectioni
3398 2331 3555 2401 pallia

1979 2430 2079 2485 pro
2105 2416 2294 2471 eadem
2322 2417 2662 2473 ordinatione
2691 2417 3011 2473 celebranda
3039 2419 3354 2485 direximus,
3379 2430 3437 2475 ut
3464 2438 3553 2493 per

1981 2514 2182 2563 nostra:
2218 2508 2599 2579 praeceptionis
2633 2510 3013 2566 auctoritatem
3046 2512 3268 2582 possitis
3301 2512 3410 2569 Deo
3437 2514 3555 2584 pla-

366 2599 569 2657 Contra
608 2609 922 2655 sanctorum
955 2599 1179 2655 Patrum
1218 2612 1480 2655 censuras
1512 2598 1731 2654 videtur
1766 2599 1884 2654 exl-
1982 2597 2146 2653 citam
2171 2601 2567 2657 ordinationem
2593 2599 2806 2659 efﬁcere
2833 2621 2846 2657 :
2879 2604 3005 2674 quia
3034 2612 3093 2659 ut
3118 2605 3234 2661 haec
3254 2606 3407 2660 vobis
3431 2619 3557 2662 con-

299 2698 477 2754 stere,
507 2690 553 2746 si
586 2690 863 2746 surcularis
900 2690 1063 2745 homo
1099 2688 1185 2745 vel
1220 2688 1392 2745 laicus
1426 2689 1778 2760 presbyteros
1815 2687 1884 2743 ab
1982 2689 2320 2756 cederemus,
2344 2690 2502 2763 longa
2534 2700 2801 2747 terrarum
2832 2695 3106 2765 marisque
3129 2696 3408 2751 intervalla
3441 2711 3560 2768 quze

299 2781 573 2844 ecclesiis,
604 2781 657 2834 in
686 2781 886 2851 quibus
914 2787 1157 2851 tempore
1183 2780 1539 2836 ordinationis
1577 2793 1763 2834 eorum
1791 2778 1885 2833 de-
1982 2784 2127 2839 inter
2153 2798 2251 2840 vos
2286 2794 2341 2839 et
2395 2800 2494 2840 nos
2528 2786 2804 2840 obsistunt
2848 2787 2916 2841 ad
2948 2789 3064 2843 haec
3105 2802 3203 2844 nos
3235 2790 3564 2845 condesccm

301 2872 558 2927 nominati
593 2872 675 2928 vel
706 2872 996 2927 introducti
1027 2870 1262 2937 fuerint,
1292 2871 1495 2927 nitetur
1520 2868 1810 2940 expellere.

808 2977 1145 3036 EPISTOLA
1176 2977 1362 3035 XVIII.
1434 2986 1435 2989 ‘

340 3087 545 3128 OINIUI
581 3087 777 3129 τοτιιιε
811 3088 1117 3127 ΒΚΙΤΑΝΝΙΕ
1153 3085 1511 3127 εριεσοροιιυιι
1547 3084 1616 3125 ST
1652 3084 1844 3126 SACER-

819 3158 1001 3198 DOTUII
1036 3158 1105 3196 AD
1139 3156 1369 3196 LEONEI.

332 3233 411 3288 De
442 3234 766 3290 successione
799 3232 1308 3302 archiepiscoporum
1339 3230 1844 3285 Dorobernensium.

371 3326 573 3383 Omnes
601 3325 839 3396 episcopi
868 3333 924 3380 et
954 3325 1266 3380 sacerdotes
1290 3324 1457 3380 tetius
1482 3322 1777 3378 Britannia:
1802 3322 1886 3377 in-

302 3417 434 3473 sulae
463 3415 756 3471 venerabili
786 3430 936 3485 papa:
966 3413 1133 3469 Leoni
1161 3414 1390 3470 salutem
1421 3414 1475 3468 in
1503 3412 1741 3470 Christo.

374 3509 571 3565 Notum
612 3508 731 3565 fore
767 3508 1014 3578 cupimus
1045 3507 1273 3562 almitati
1306 3515 1537 3573 vestrae,
1573 3506 1719 3561 sicut
1749 3505 1886 3577 legi-

303 3617 427 3657 mus
454 3602 507 3655 in
535 3601 781 3656 historiis
805 3600 1096 3671 Anglorum
1117 3640 1135 3665 ,
1164 3598 1434 3655 scribente
1461 3597 1607 3653 Beda
1634 3597 1889 3653 historio-

303 3691 510 3763 grapho
544 3699 600 3745 et
633 3690 888 3745 laudabili
927 3691 1149 3745 doctore
1184 3700 1373 3745 nostro
1394 3729 1409 3754 ,
1449 3690 1593 3759 quod
1631 3704 1740 3744 non
1777 3697 1887 3744 tam

305 3782 500 3859 ingens
528 3778 683 3835 labor
710 3779 1058 3834 incumbebat
1084 3779 1450 3834 anterioribns
1479 3780 1684 3834 nostris
1701 3820 1716 3843 ,
1745 3780 1891 3835 scili-

306 3881 395 3928 cet
423 3871 570 3942 pallii
602 3870 778 3942 gratia
803 3869 1032 3925 Romam
1058 3884 1232 3939 usque
1259 3868 1475 3938 fatigari
1495 3909 1512 3935 ,
1540 3870 1889 3939 quemadmo-

308 3965 432 4019 dum
456 3974 644 4033 postea
668 3977 787 4018 mos
813 3962 1054 4018 inolevit.
1089 3962 1319 4031 Scripsit
1344 3976 1576 4032 namque
1603 3962 1719 4032 ipse
1746 3978 1887 4033 prte-

310 4054 454 4109 l’atus
489 4054 700 4119 doctor,
741 4055 886 4124 quod
916 4054 1107 4109 beatus
1144 4070 1281 4126 papa
1316 4052 1609 4124 Gregorius
1635 4054 1890 4126 Augusti-

1984 2872 2113 2929 dere
2141 2883 2469 2945 coegerunt,
2501 2882 2562 2929 ut
2588 2874 2734 2929 nulla
2764 2877 2932 2945 possit
2961 2876 3327 2933 Ecclesiarum
3356 2888 3557 2936 vestra-

1986 2960 2107 3018 rum
2127 2964 2339 3035 jactura
2362 2979 2463 3035 per
2484 2964 2772 3034 cujuslibet
2797 2967 3101 3021 occasionis
3123 2968 3402 3024 obtentum
3431 2985 3559 3041 quo-

1986 3070 2094 3128 quo
2139 3059 2303 3116 modo
2349 3060 2673 3131 pervenire,
2722 3060 2819 3116 sed
2863 3063 3044 3133 potius
3091 3067 3365 3121 commissi
3417 3068 3565 3125 vobis

1984 3146 2168 3221 populi
2198 3150 2538 3207 devotionem
2566 3150 2780 3223 plenius
2806 3168 3129 3226 propagare.
3162 3154 3305 3211 Deus
3333 3165 3385 3212 te
3414 3159 3564 3214 inco—

1987 3242 2186 3297 lumem
2216 3244 2517 3311 custodiat,
2551 3245 2899 3303 dilectissime
2925 3246 3113 3304 frater.
3149 3269 3167 3303 ι

2056 3333 2189 3391 Item
2212 3334 2442 3393 Albinus
2464 3337 2548 3393 vel
2573 3336 2833 3395 Alcuinus
2860 3341 3129 3397 maximus
3154 3341 3407 3398 librarius
3433 3345 3565 3399 scri-

1985 3427 2097 3498 psit
2127 3428 2196 3483 ad
2230 3426 2402 3485 Ol'fam
2423 3470 2438 3495 ,
2472 3444 2656 3501 regem
2692 3430 3021 3503 Anglorum,
3070 3432 3254 3489 dicens
3295 3435 3435 3504 quod
3481 3450 3567 3490 ar-

1987 3518 2366 3591 chiepiscopus
2399 3533 2615 3593 semper
2649 3522 2717 3577 ab
2756 3522 3164 3596 archiepiscopo
3197 3525 3393 3581 debeat
3424 3528 3570 3582 ordi-

1988 3608 2143 3674 nari,
2173 3617 2229 3664 et
2259 3608 2480 3680 pallium
2512 3610 2561 3666 ei
2592 3611 2751 3667 debet
2784 3613 2923 3668 mitti
2953 3630 2984 3668 a
3010 3614 3210 3671 domno
3241 3618 3559 3688 apostolico.

1989 3698 2096 3754 Sed
2147 3713 2332 3770 regum
2381 3699 2748 3756 dissensiones
2784 3702 2925 3759 hanc
2970 3703 3323 3761 turbaverunt
3349 3708 3563 3763 ordina-

1988 3790 2189 3845 tionem
2210 3830 2225 3853 ,
2258 3791 2331 3844 ita
2358 3798 2417 3845 ut
2447 3807 2553 3846 non
2602 3795 2840 3862 potuerit
2882 3795 2996 3851 fieri
3028 3797 3170 3867 quod
3201 3798 3315 3854 ﬁeri
3346 3800 3523 3857 debuit
3544 3844 3559 3867 ,

1988 3878 2235 3946 quamvis
2263 3878 2433 3933 sancti
2457 3894 2692 3936 canones
2716 3880 3025 3939 firmissime
3047 3886 3410 3943 decrevissent
3436 3907 3573 3947 nun-

1988 3982 2150 4036 quam
2199 3968 2270 4023 ob
2314 3983 2499 4039 regum
2542 3969 2908 4028 dissensiones
2957 3975 3325 4033 ecclesiastica
3369 3990 3570 4038 statuta

1989 4058 2178 4113 violari
2217 4060 2489 4116 debuisse.
2529 4061 2681 4119 Tunc
2721 4067 2978 4135 temporis
3009 4066 3367 4138 impleverunt
3394 4076 3568 4130 sancti

311 4162 440 4200 num
487 4146 902 4217 prmdicatorem
936 4145 1083 4216 genti
1117 4144 1414 4216 Anglorum
1449 4144 1743 4209 direxerit,
1781 4160 1887 4201 non
1988 4159 2042 4205 et
2071 4151 2355 4222 apostolici
2384 4153 2489 4208 viri
2519 4153 2650 4210 illud
2675 4154 2940 4212 laudabile
2969 4169 3295 4231 praeceptum
3328 4161 3573 4221 Salvato-

309 4236 622 4307 episcopum
658 4236 1003 4302 ordinatum,
1045 4236 1140 4290 sed
1189 4236 1547 4301 monachum,
1598 4250 1723 4290 cum
1770 4235 1875 4291 aliis

1988 4241 2064 4296 ris
2102 4242 2311 4309 nostri,
2349 4243 2618 4300 dicentis:
2663 4243 2842 4302 Gratis
2888 4250 3190 4320 accepistis,
3236 4253 3400 4322 gratis
3447 4253 3570 4310 date

311 4325 553 4394 QiUSdem
615 4326 893 4398 religionis
951 4325 1434 4429 (imperatoribus:-
1478 4325 1596 4396 Ipse
1653 4341 1885 4429 namque
1911 4331 2225 4429 D(Hattli.
2253 4349 2318 4400 ιι,
2346 4331 2441 4406 8).
2491 4333 2645 4391 Tunc
2690 4336 2807 4392 sine
2854 4336 3067 4393 viribus
3106 4340 3345 4413 elanguit
3400 4338 3566 4399 simo-

309 4419 642 4490 Augustinus
675 4425 798 4489 post
829 4417 1239 4473 conversionem
1271 4416 1543 4487 praedicta:
1591 4417 1767 4488 gentis
1817 4417 1886 4473 ab

309 4509 556 4565 Etherio
603 4508 908 4565 Arelatensi
955 4500 1400 4579 archiepiscopo,
1447 4510 1888 4581 archiepiscopus

310 4601 596 4661 ordinatus
632 4608 745 4665 est,
775 4598 931 4667 juxta
968 4600 1112 4671 quod
1144 4600 1294 4670 jussa
1332 4599 1503 4655 sancti
1539 4599 1710 4670 patris
1747 4600 1885 4656 Gre-

311 4692 446 4762 gorii
485 4699 788 4761 acceperat.
825 4692 1020 4748 Postea
1053 4707 1185 4747 vero
1229 4693 1562 4764 Augustinus
1605 4708 1887 4749 successo-

312 4797 426 4836 rem
455 4782 558 4837 sibi
583 4781 933 4838 Laurentium
963 4783 1142 4839 adhuc
1165 4784 1355 4839 vivens
1377 4784 1680 4850 ordinavit,
1707 4800 1889 4841 exem-

311 4876 459 4947 plum
486 4889 719 4946 sequens
741 4875 887 4931 beati
908 4875 1055 4931 Petri
1084 4876 1344 4947 principis
1372 4876 1734 4946 apostolorum
1754 4917 1768 4940 ,
1796 4878 1887 4947 qui

313 4967 643 5022 Clementem
692 4965 989 5037 adjutorem
1037 4976 1094 5022 et
1140 4982 1507 5023 successorem
1553 4969 1655 5024 sibi
1703 4984 1892 5026 conse-

313 5071 496 5112 crasse
525 5057 858 5127 perhibetur.
897 5057 1028 5112 Post
1053 5057 1403 5113 Laurentium
1440 5059 1673 5115 Mellitus
1706 5062 1887 5117 sedem

313 5147 741 5203 Dorobernensis
772 5148 1028 5203 Ecclesiae
1054 5150 1312 5219 suscepit.
1347 5149 1414 5203 Et
1442 5159 1567 5220 post
1593 5150 1886 5216 Mellitum,

313 5238 501 5296 Justus
529 5257 543 5307 ;
577 5241 667 5310 qui
702 5241 861 5296 ambo
890 5250 1245 5310 susceperunt
1282 5241 1483 5311 scripta
1524 5242 1887 5297 exhortatoria

314 5347 345 5386 a
382 5332 640 5401 pontilice
678 5332 935 5387 Romana:
967 5340 1023 5386 et
1061 5331 1370 5402 apostolica:
1404 5332 1550 5386 sedis
1585 5332 1892 5396 Bonifacio,

318 5423 444 5478 data
473 5422 574 5477 sibi
602 5421 885 5477 ordinandi
917 5423 1200 5493 episcopos
1231 5423 1588 5489 auctoritate;
1620 5422 1775 5492 cujus
1800 5439 1895 5478 au-

316 5515 585 5571 ctoritatis
619 5514 721 5569 ista
754 5524 835 5568 est
870 5512 1065 5568 forma.
1098 5534 1115 5565 ι
1150 5515 1512 5571 Dilectissimo
1548 5514 1703 5570 fratri
1740 5514 1895 5572 Justo

318 5607 645 5663 Bonifacius.
678 5606 906 5661 Pallium
936 5622 1032 5676 per
1062 5606 1287 5663 latorem
1318 5610 1664 5678 prtescntium
1697 5610 1893 5666 frater-

642 5703 914 5761 ΡΑτιιοι..
962 5698 1093 5762 CII.

1993 4422 2149 4478 niaca
2183 4421 2438 4489 haeresis,
2473 4424 2596 4493 quia
2628 4440 2734 4479 non
2763 4427 2991 4496 pecunia
3042 4429 3323 4483 emebatur
3364 4431 3566 4487 donum

1994 4512 2090 4568 Dei
2116 4553 2131 4579 ,
2160 4515 2253 4570 sed
2282 4514 2482 4585 gratis,
2514 4516 2655 4571 sicut
2682 4516 2796 4587 ipse
2826 4516 3092 4587 iusserat,
3125 4521 3443 4577 donabatur.
3480 4523 3570 4580 Ti-

1994 4604 2251 4660 mendum
2299 4614 2385 4662 est
2429 4614 2610 4662 tamen
2655 4608 3012 4665 vendentibus
3056 4612 3283 4684 gratiam
3329 4613 3429 4669 Dei
3463 4615 3570 4673 hoc

1996 4699 2140 4768 quod
2165 4697 2360 4754 Petrus
2386 4699 2661 4771 apostolus
2692 4698 2898 4757 Simoni
2928 4702 3140 4760 dicebat
3164 4719 3178 4759 :
3210 4700 3443 4762 Pecunia
3472 4717 3567 4764 tua

1998 4798 2166 4844 tecum
2193 4789 2260 4843 sit
2290 4790 2345 4843 in
2373 4791 2702 4860 perditione;
2731 4809 2833 4846 non
2858 4806 2930 4847 est
2959 4794 3052 4849 tibi
3077 4811 3232 4866 pars,
3266 4814 3426 4870 neque
3453 4814 3570 4855 sors

1994 4882 2048 4934 in
2078 4896 2314 4936 sermone
2343 4882 2440 4934 hoc
2471 4881 2488 4952 (
2514 4882 2629 4936 Act.
2657 4898 2755 4937 vni
2780 4882 2820 4955 ).

2470 4967 2501 4995 ’
2580 4993 2952 5052 annoanno

2066 5080 2133 5135 In
2157 5090 2446 5151 sequentem
2473 5082 2725 5151 epitomen
2747 5083 2978 5155 epistolte
3002 5085 3189 5141 Leonis
3209 5104 3358 5161 papa:
3378 5088 3495 5143 ΙΙΙ.

2110 5189 2521 5244 Vetustissimus
2555 5189 2646 5245 ille
2680 5200 2866 5247 noster
2894 5192 3154 5250 Lucensis
3184 5196 3350 5252 codex
3380 5211 3482 5252 ms.
3513 5197 3569 5253 in

1999 5260 2316 5316 collectione
2358 5274 2627 5332 canonum
2669 5261 2723 5332 in
2770 5262 3041 5332 epitomen
3089 5266 3430 5321 redactorum
3477 5282 3568 5323 se-

1998 5339 2251 5409 quentem
2288 5330 2493 5409 pariter
2527 5328 2724 5385 Leonis
2763 5328 3048 5409 epistolam
3078 5351 3173 5409 seu
3202 5335 3443 5409 epistola:
3472 5352 3567 5409 sy-

1998 5401 2207 5475 nopsim
2237 5399 2457 5475 exhibet
2474 5438 2490 5465 ,
2503 5414 2680 5475 quam
2714 5399 3044 5475 adA‘Leonem
3066 5406 3221 5475 hunc
3236 5399 3528 5475 'pertineré
3547 5447 3565 5471 ,

1997 5468 2273 5545 ex'ilload
2299 5482 2459 5545 quem
2486 5468 2609 5523 data
2639 5471 2914 5545 scribitur,
2942 5468 3563 5545 intelligimusDirecta

1997 5485 2064 5526 ex
2093 5484 2182 5524 ιιιο
2207 5484 2273 5523 ad
2299 5484 2459 5593 (rem
2486 5484 2609 5523 uata
2639 5484 2914 5537 scribitur,
2947 5484 3313 5545 intelligimus.
3348 5484 3563 5531 virecta

1997 5551 2080 5597 est
2118 5539 2261 5595 enim
2306 5582 2321 5593 .
2354 5538 2567 5614 lcuino,
2611 5541 2703 5609 qui
2742 5541 2898 5614 alteri
2942 5543 3106 5614 Leoni
3148 5544 3390 5614 pontifici
3431 5546 3563 5601 nulli

1997 5620 2195 5682 praeter
2223 5625 2383 5679 quam
2409 5610 2572 5665 tertio
2599 5611 2817 5679 aequalis
2847 5613 2998 5667 vixit.
3023 5612 3043 5685 ]
3150 5610 3166 5614 “
3206 5626 3211 5631 ‘

3057 5705 3132 5765 33
