3960 6476
393 240 531 297 1933

1687 228 1743 281 S.
1787 225 2033 283 LEONIS
2068 225 2270 280 ΡᾹΡίΕ
2312 225 2376 279 Ill

3513 224 3658 280 i036

388 348 473 402 Ex
495 344 713 417 epistola
746 341 933 396 Leonis
962 339 1346 417 adlﬁlcuingm
1369 378 1383 401 ,
1407 338 1636 417 .T£_I§r\‘\‘l
1671 351 1969 417 aenatorum
2000 340 2046 399 Α
2076 344 2239 398 runt,
2283 336 2466 390 audita
2515 350 2675 390 causa
2723 336 2937 392 illorum
2977 337 3327 407 judicentttr;
3363 348 3424 395 at
3460 341 3519 394 in
3543 357 3659 412 quo

461 405 603 472 rtént
632 430 685 468 In
710 426 968 467 mensus
988 451 1003 474 ,
1031 408 1210 463 Caroli
1236 408 1418 479 Magni
1440 408 1508 461 ad
1538 407 1711 476 O/I‘am
1743 405 1967 461 Mercio-

458 500 573 540 rum
603 498 771 554 regem
801 478 1039 552 epistola.

460 616 685 674 Carolus
704 613 799 668 Dei
826 612 1003 684 gratia
1030 626 1126 666 rex
1149 610 1483 666 Francorum
1507 618 1564 665 et
1587 604 1969 677 Langobardo—

389 725 509 767 rum
545 724 609 763 ac
642 705 905 776 patricius
947 702 1351 766 Romanorum,
1389 701 1509 755 viro
1550 696 1859 754 venerando
1904 710 1968 750 ac

389 798 543 854 fratri
578 790 1096 857 charissimoOﬂ’az,
1135 790 1246 860 regi
1288 787 1646 853 Merciorum,
1684 783 1969 856 praesentis

389 885 768 959 prosperitatis
802 890 858 938 et
887 889 1105 937 zeternze
1133 878 1485 935 beatitudinis
1527 877 1581 932 iu
1621 874 1839 931 Christo
1885 888 1972 928 sa-

388 977 579 1037 lutem.

456 1065 603 1119 inter
626 1061 836 1131 regales
864 1059 1156 1132 dignitates
1182 1066 1237 1114 et
1264 1056 1605 1113 sublimiores
1632 1053 1815 1111 seculi
1844 1068 1971 1124 per-

388 1169 554 1211 sonas
588 1151 865 1210 fmderata:
899 1151 953 1204 in
988 1147 1346 1203 unanimitate
1377 1146 1529 1216 pacis
1566 1144 1820 1200 amicitia:
1844 1142 1971 1211 jura

389 1257 444 1302 et
470 1252 673 1302 sancta:
700 1240 985 1298 cbaritatis
1012 1239 1357 1296 concordiam
1385 1253 1449 1292 ex
1472 1237 1662 1291 intimo
1687 1235 1867 1292 cordis
1893 1232 1974 1289 af-

388 1337 533 1393 fectu
559 1347 799 1397 servare,
827 1330 1015 1386 multis
1038 1328 1298 1401 prodesse
1328 1325 1498 1393 solet;
1526 1335 1582 1382 et
1605 1327 1650 1382 si
1675 1325 1974 1381 inimicitiae

389 1426 560 1481 nodos
573 1422 861 1478 Dominico
880 1426 1152 1491 praecepto
1168 1418 1463 1474 dissolvere
1478 1417 1756 1489 jubemur,
1770 1424 1974 1487 quanto

390 1517 564 1589 magis
605 1513 819 1569 vincula
856 1512 1144 1568 charitatis
1169 1519 1497 1567 connectere
1526 1510 1826 1565 curandum
1850 1508 1974 1565 est?

394 1606 545 1663 Unde
571 1613 626 1661 et
655 1619 774 1671 nos,
792 1604 959 1657 frater
981 1600 1353 1666 dilectissime,
1370 1600 1582 1671 antiqui
1598 1614 1869 1654 memores
1894 1600 1976 1654 in-

2067 430 2286 499 pietatis
2313 430 2629 486 intereessio
2660 446 2766 486 non
2805 430 3042 502 profuit,
3072 434 3347 503 mquitatis
3388 434 3657 490 iudicatio

2066 518 2334 591 proficiat.
2380 522 2519 588 Quid
2560 522 2716 579 nobis
2742 525 2954 578 cautius
2980 539 3105 579 esse
3130 525 3364 595 poterit,
3396 540 3560 596 quam
3588 536 3655 582 ut

2068 612 2379 682 apostolica:
2413 614 2757 669 auctoritatis
2797 629 3031 669 censura
3069 630 3291 670 causam
3334 616 3651 686 discernat,

2053 702 2125 779 in
2155 718 2263 772 qua
2315 703 2622 772 aliquorum
2653 704 2898 759 dissonat
2924 705 3239 760 sententia?
3282 705 3474 762 Petras
3518 725 3655 764 vero

2069 795 2290 866 nigras,
2345 811 2480 864 quas
2535 804 2717 850 vestra
2766 794 3045 866 ﬂagitabat
3098 798 3440 864 reverentia,
3494 800 3655 854 vobis

2069 884 2263 942 direxi.
2297 885 2490 941 Veniat
2515 887 2717 941 missus
2743 886 2834 956 qui
2860 887 3169 942 consideret
3203 888 3392 958 quales
3430 891 3652 947 an'mus

2072 983 2256 1030 vester
2310 973 2619 1038 desideret,
2672 985 2729 1030 et
2778 975 3091 1046 ubicunque
3134 977 3370 1033 inventa:
3417 979 3656 1048 fuerint,

2070 1064 2223 1130 dari,
2254 1073 2311 1120 et
2349 1065 2406 1120 in
2445 1065 2693 1121 vehendo
2718 1065 2964 1136 adjuvari
2992 1066 3225 1123 libenter
3252 1070 3651 1126 mandabimus.

2072 1156 2180 1213 Sed
2210 1157 2352 1213 sicut
2389 1172 2487 1229 vos
2524 1158 2592 1213 de
2630 1157 2967 1229 longitudine
3003 1167 3287 1229 petrarum
3312 1161 3650 1218 desiderium

2069 1256 2310 1303 vestrum
2337 1226 2649 1315 intimastis,
2678 1226 2754 1304 ita
2781 1255 2836 1303 et
2861 1226 3031 1303 nostri
3061 1248 3128 1303 de
3151 1249 3466 1320 prolixitate
3491 1268 3654 1324 saga-

2073 1353 2195 1392 rqu
2224 1338 2555 1407 deposcunt,
2588 1345 2650 1392 ut
2678 1336 2817 1393 tales
2840 1337 3078 1408 jubeatis
3106 1336 3257 1404 fieri,
3287 1341 3477 1410 quales
3502 1344 3654 1397 anti-

2072 1427 2198 1498 quis
2226 1428 2560 1499 temporibus
2588 1429 2656 1484 ad
2686 1443 2789 1484 nos
2816 1429 3005 1483 venire
3034 1428 3300 1485 solebant.
3348 1430 3657 1504 Cognoscat

2073 1532 2290 1587 quoque
2318 1518 2539 1574 dilectio
2567 1527 2750 1575 vestra
2780 1518 2924 1588 quod
2945 1519 3180 1589 aliquam
3221 1521 3655 1580 benedictionem

2074 1609 2141 1663 de
2178 1607 2485 1665 dalmatieis
2526 1611 2761 1675 nostris,
2805 1610 2888 1664 vel
2914 1609 3092 1680 palliis
3118 1611 3188 1665 ad
3215 1613 3457 1685 singulas
3495 1618 3659 1672 sedes

392 1712 474 1755 ter
499 1714 596 1754 nos
619 1696 793 1767 pacti,
819 1698 919 1753 has
947 1703 1141 1751 vestrae
1166 1694 1484 1750 reverentiae
1508 1694 1720 1751 litteras
1743 1695 1977 1766 dirigere
2003 1700 2051 1760 B
2077 1699 2409 1769 episcopales
2434 1701 2584 1770 regni
2609 1702 2808 1769 vestri,
2835 1703 2919 1757 vel
2945 1703 3246 1762 [Ethelredi
3273 1708 3331 1762 in
3352 1709 3656 1783 eleemosy-

389 1791 733 1855 curavimus,
767 1797 822 1843 ut
855 1788 1028 1844 fmdus
1058 1788 1111 1842 in
1146 1787 1329 1842 radice
1358 1785 1483 1862 fidei
1515 1786 1787 1842 firmatum
1817 1785 1974 1842 flore-

390 1893 475 1939 ret
518 1883 572 1938 in
615 1881 794 1936 fructu
835 1879 1163 1945 charitatis;
1202 1878 1527 1947 relectisque
1559 1886 1753 1933 vestra:
1779 1878 1973 1933 frater-

393 1976 583 2041 nitatis
607 1972 852 2044 epistolis
873 2013 887 2037 ,
919 1987 1040 2042 quae
1068 1971 1297 2026 diversis
1327 1970 1594 2041 siquidem
1639 1971 1974 2041 temporibus

388 2081 491 2135 per
519 2064 813 2119 missorum
844 2073 1150 2117 vestrorum
1180 2076 1374 2116 manus
1402 2060 1561 2117 nobis
1589 2060 1780 2116 delata:
1807 2068 1934 2116 sunt
1954 2099 1971 2126 ,

390 2155 621 2226 singulis
658 2160 1029 2225 competenter
1062 2160 1260 2207 vestrae
1297 2151 1639 2207 auctoritatis
1676 2152 1975 2222 suggestio-

390 2249 550 2302 uibus
584 2246 916 2316 respondere
951 2252 1288 2316 satageutes,
1320 2243 1500 2314 primo
1530 2243 1735 2312 gratias
1761 2243 1974 2314 agimus

387 2338 748 2410 omnipotenti
773 2337 870 2393 Dei
896 2336 965 2392 de
990 2336 1273 2393 catholica:
1298 2335 1422 2391 fidei
1448 2335 1787 2402 sinceritate,
1811 2350 1973 2405 quam

392 2434 448 2487 in
478 2432 678 2487 vestris
707 2429 1052 2487 laudabiliter
1080 2428 1387 2485 invenimus
1416 2428 1630 2500 paginis
1657 2437 1936 2484 exaratam
1955 2467 1971 2493 ,

391 2532 750 2596 agnoscentes
785 2538 885 2578 vos
922 2537 1028 2578 non
1059 2521 1233 2578 solum
1264 2530 1495 2577 terrenae
1523 2521 1714 2592 patrne
1742 2518 1975 2575 fortissi-

394 2632 515 2672 mos
541 2622 915 2686 protectores,
947 2614 1044 2669 sed
1073 2613 1238 2669 etiam
1266 2621 1321 2669 et
1348 2621 1548 2668 sanctae
1575 2611 1699 2667 fidei
1731 2611 1972 2667 devotis-

390 2710 561 2767 simos
590 2720 713 2763 esse
750 2706 1084 2763 defensores.
1124 2705 1203 2761 De
1239 2705 1543 2777 peregrinis
1581 2718 1713 2759 vero
1744 2703 1836 2773 qui
1875 2719 1974 2774 pro

389 2814 579 2857 amore
607 2798 703 2854 Dei
730 2807 785 2854 et
813 2780 986 2854 salute
1014 2798 1314 2852 animarum
1344 2812 1565 2852 suarum
1591 2797 1874 2852 beatorum
1904 2795 1971 2850 li-

390 2893 543 2948 mina
577 2889 942 2962 apostolorum
973 2889 1124 2944 adire
1152 2887 1497 2953 desiderant,
1526 2888 1668 2942 sicut
1692 2887 1822 2942 olim
1848 2902 1974 2958 per-

344 3030 358 3043 .
374 2983 731 3047 donavimus,
746 2996 868 3036 cum
890 2994 1024 3052 pace
1039 2979 1158 3035 sine
1178 2979 1326 3035 omni
1346 2979 1753 3049 perturbatione
1773 2977 1975 3035 vadaut

2074 1807 2198 1846 nam
2220 1791 2406 1846 domui
2424 1791 2648 1848 Adriani
2666 1834 2682 1861 ,
2707 1795 2989 1864 apostolici
3012 1798 3184 1867 patris
3204 1801 3408 1867 nostri,
3430 1810 3486 1856 et
3505 1817 3658 1857 ama-

2074 1881 2211 1962 toris
2232 1882 2401 1937 vestri
2430 1882 2758 1949 direximus,
2790 1885 3146 1957 deprecantes
3173 1897 3236 1943 ut
3262 1890 3548 1962 diligenter
3573 1891 3660 1960 ju-

2073 1942 2250 2026 heatis
2277 1972 2616 2030 intercedere
2637 1991 2735 2045 pro
2754 1942 2935 2033 anima
2965 1979 3131 2048 illius,
3162 1942 3656 2041 nullamulnbenies

2076 2062 2470 2119 dubitationem
2506 2063 2722 2121 beatam
2736 2056 2899 2123 illius
2926 2070 3162 2126 animam
3193 2071 3248 2126 in
3278 2074 3464 2143 requie
3491 2089 3615 2129 esse
3636 2116 3652 2138 ,

2073 2152 2167 2207 sed
2210 2159 2270 2206 ut
2304 2152 2462 2207 fidem
2488 2162 2544 2210 et
2571 2154 2914 2213 dilectionem
2945 2161 3292 2218 ostendamus
3330 2164 3386 2218 in
3415 2166 3653 2221 amicum

2072 2240 2229 2296 nobis
2265 2241 2665 2298 charissimum.
2710 2244 2865 2302 Sicut
2902 2258 2958 2303 et
2984 2249 3175 2306 beatus
3202 2254 3445 2324 prmeipit
3471 2254 3656 2327 Augu—

2074 2330 2250 2386 stinus
2268 2347 2367 2402 pro
2387 2334 2638 2391 onmibus
2658 2336 3044 2395 ecclesiastica:
3060 2340 3280 2411 pietatis
3304 2343 3656 2401 intercessio-

2074 2435 2173 2474 nes
2222 2419 2339 2477 fieri
2385 2422 2613 2491 debere,
2640 2440 2909 2494 asserens,
2951 2444 3050 2499 pro
3098 2431 3238 2488 bono
3280 2433 3652 2501 intercedere,

2074 2510 2295 2567 facienti
2339 2513 2622 2583 proficere.
2669 2516 2777 2573 Sed
2819 2526 2875 2574 et
2902 2519 2969 2574 de
2994 2521 3250 2577 thesauro
3292 2524 3652 2580 humanarum
3680 2532 3693 2544 ‘

2075 2620 2255 2662 rerum
2278 2646 2293 2671 ,
2324 2622 2484 2677 quem
2517 2608 2774 2665 Dominus
2801 2608 2960 2668 Jesus
2984 2614 3142 2668 nobis
3170 2616 3409 2684 gratuita
3448 2600 3653 2688 pietate

2074 2698 2344 2771 concessit
2360 2739 2374 2761 ,
2397 2699 2601 2770 aliquid
2626 2717 2726 2771 per
2749 2704 3187 2774 metropolitanas
3210 2707 3453 2764 civitates
3478 2720 3652 2766 trans-

2048 2789 2360 2878 ‘misimus;
2392 2802 2589 2847 vestrae
2619 2808 2834 2864 quoque
2862 2795 3167 2863 dilectioni,
3202 2800 3269 2854 ad
3305 2801 3560 2871 gaudium
3602 2813 3656 2858 et

2075 2880 2375 2951 gratiarum
2399 2882 2642 2938 actiones
2665 2884 2776 2940 Deo
2794 2887 3170 2958 omnipotenti,
3193 2890 3426 2962 dirigere
3445 2893 3629 2948 studui
3645 2923 3660 2935 -

2075 2987 2197 3026 mus
2228 2988 2392 3027 unum
2423 2972 2731 3041 baltheum,
2760 2983 2831 3029 .et
2869 2993 3033 3031 unum
3063 2979 3670 3050 gladiumllunuiscum,

388 3088 489 3129 suo
518 3071 695 3128 itineri
716 3112 732 3137 ,
760 3050 944 3126 secum
971 3069 1281 3125 necessaria
1310 3075 1610 3139 portantes.
1643 3067 1750 3124 Sed
1775 3067 1971 3139 proba-
1998 3050 2044 3114 C
2076 3071 2132 3119 et
2182 3063 2289 3120 duo
2341 3064 2502 3136 pallia
2553 3066 2759 3132 serica,
2800 3077 3068 3137 quatenus
3106 3071 3305 3143 ubique
3353 3073 3408 3129 in
3460 3075 3661 3145 populo

387 3165 571 3220 vimus
599 3164 860 3235 quosdam
891 3160 1261 3217 fraudulenter
1283 3160 1592 3231 negotiandi
1616 3175 1781 3217 causa
1809 3174 1869 3216 se
1895 3160 1975 3215 iu-

390 3253 727 3319 termiscere,
753 3253 901 3308 lucra
931 3260 1221 3319 sectantes,
1242 3267 1352 3308 non
1375 3251 1621 3324 religioni
1644 3252 1969 3308 servientes.

389 3347 447 3402 Si
479 3347 616 3401 tales
662 3345 804 3401 inter
830 3360 926 3400 eos
954 3343 1318 3410 inveniantur,
1351 3343 1485 3399 locis
1513 3342 1832 3415 opportunis
1862 3351 1975 3399 stac

394 3446 515 3492 tuta
542 3436 757 3493 solvant
781 3436 1026 3502 telonea;
1052 3433 1235 3490 caeteri
1261 3433 1490 3490 absoluti
1515 3434 1717 3490 vadaut
1742 3434 1796 3489 in
1818 3447 1973 3505 pace.

396 3528 475 3583 De
502 3526 926 3600 negotiatoribus
956 3540 1173 3597 quoque
1201 3526 1467 3596 scripsisti
1497 3525 1686 3592 nobis,
1719 3540 1855 3596 quos
1883 3539 1975 3581 vo-

397 3617 578 3675 lumus
601 3632 667 3674 ex
694 3618 954 3674 mandato
981 3625 1171 3672 nostro
1200 3624 1263 3670 ut
1287 3616 1680 3686 protectionem
1707 3625 1762 3671 et
1786 3625 1973 3687 patro-

393 3710 600 3766 cinium
626 3709 862 3766 habeant
888 3709 942 3763 in
970 3722 1137 3780 regno
1162 3716 1351 3763 nostro
1373 3706 1629 3779 legitime,
1650 3707 1806 3778 juxta
1831 3709 1976 3764 auti-

389 3817 557 3873 quam
579 3801 1027 3858 consuetudinem
1052 3799 1381 3871 negotiandi.
1409 3799 1475 3855 Et
1500 3800 1545 3856 si
1569 3800 1623 3855 iu
1649 3800 1831 3871 aliquo
1857 3800 1978 3856 loco

393 3890 597 3963 injhsta
627 3889 936 3963 affligantur
960 3890 1333 3961 oppressione,
1366 3889 1663 3947 reclameut
1692 3906 1751 3947 se
1777 3892 1844 3947 ad
1876 3907 1978 3949 nos

389 3982 480 4039 vel
504 3990 721 4039 nostros
744 3981 990 4052 judices,
1022 3989 1078 4036 et
1115 3979 1330 4052 plenam
1365 3979 1675 4049 jubebimus
1707 3982 1978 4053 justitiam

393 4073 534 4131 fieri.
568 4072 833 4130 Similiter
864 4082 921 4130 et
947 4073 1119 4129 nostri
1140 4115 1154 4139 ,
1186 4073 1229 4128 si
1259 4072 1462 4144 aliquid
1490 4072 1592 4130 sub
1616 4083 1796 4130 vestra
1822 4084 1978 4145 pote-

400 4171 542 4222 state
569 4164 753 4236 injusti
780 4163 1081 4234 patiantur,
1102 4163 1399 4219 reclameut
1424 4179 1483 4219 se
1505 4164 1575 4219 ad
1595 4172 1790 4220 vestrae
1814 4164 1981 4236 tequi-

400 4256 531 4312 tatis
547 4254 837 4325 judicium,
862 4270 929 4311 ne
950 4254 1128 4325 aliqua
1157 4255 1298 4310 inter
1319 4263 1536 4311 nostros
1554 4254 1752 4311 alicubi
1773 4255 1980 4313 oboriri
2034 4281 2051 4293 ο

392 4349 565 4420 possit
597 4347 955 4419 perturbatio.
996 4347 1073 4402 De
1112 4344 1425 4402 Odhbertho
1464 4361 1595 4402 vero
1633 4348 1976 4418 presbytero,

393 4438 486 4511 qui
525 4440 593 4497 de
629 4440 797 4496 Roma
838 4440 1087 4505 rediens,
1131 4455 1232 4510 pro
1272 4440 1368 4494 Dei
1414 4454 1632 4506 amore,
1672 4448 1733 4494 ut
1773 4439 1978 4495 referre
2004 4420 2057 4480 Ῐ)

395 4528 568 4596 solet,
594 4530 932 4600 peregrinari
957 4530 1167 4596 volens,
1193 4545 1303 4585 non
1325 4544 1423 4586 vos
1447 4545 1705 4586 accusare
1733 4530 1973 4597 veniens,

394 4622 534 4676 sciat
560 4620 780 4678 dilectio
809 4630 992 4678 vestra
1014 4662 1029 4688 ,
1059 4621 1205 4692 quod
1233 4637 1357 4677 eum
1398 4636 1521 4675 cum
1564 4621 1775 4677 caeteris
1815 4636 1976 4677 exsu-

396 4713 536 4769 libus
559 4713 650 4784 qui
683 4714 876 4770 timore
906 4714 1099 4771 mortis
1124 4713 1449 4769 subvuostrae
1474 4712 1823 4781 protectionis
1849 4728 1979 4768 eou-

395 4805 650 4879 fugerunt
679 4807 816 4873 alas,
849 4805 1074 4863 Romam
1110 4804 1440 4869 direximus,
1472 4812 1531 4858 ut
1561 4803 1662 4859 sub
1688 4806 1976 4874 praesentia

382 4898 599 4958 domini
630 4898 943 4972 apostolici,
985 4908 1042 4955 et
1077 4896 1145 4954 Ν.
1187 4896 1585 4967 archiepiscopi
1630 4897 1828 4962 vestri,
1869 4914 1976 4969 quo

393 5001 485 5058 le,
515 4996 580 5047 ut
608 4988 780 5049 vestri
817 4988 1169 5047 innatuerunt
1198 4985 1419 5057 apices,
1463 4993 1590 5041 voto
1637 4987 1977 5044 constrinxe-

2075 3154 2384 3211 Christiano
2425 3157 2605 3212 divina
2642 3159 2968 3228 praedicetur
3001 3161 3319 3221 clementia.
3364 3174 3420 3222 et
3461 3182 3657 3221 nomen

2075 3242 2290 3299 Domini
2320 3246 2492 3302 nostri
2521 3243 2650 3302 Iesu
2676 3246 2881 3303 Christi
2909 3249 3244 3320 glorificetur
3272 3254 3325 3308 iu
3367 3264 3652 3310 mternum.

2074 3331 2180 3388 Pro
2208 3335 2364 3391 nobis
2400 3337 2710 3408 nostrisque
2747 3337 3023 3407 fidelibus,
3070 3341 3179 3397 imo
3219 3352 3274 3398 et
3314 3360 3412 3415 pro
3456 3356 3657 3401 cuncto

2075 3430 2271 3500 populo
2310 3430 2654 3498 Christiano,
2696 3435 2946 3490 assiduas
2985 3434 3105 3491 fieri
3146 3436 3358 3493 faciatis
3398 3438 3660 3494 interceso

2077 3523 2297 3590 siones,
2348 3523 2727 3595 deprecamur,
2781 3535 3049 3595 quatenus
3098 3528 3385 3583 mitissima
3435 3531 3656 3600 superni

2076 3617 2221 3689 regis
2254 3616 2535 3690 [bonitas]
2569 3634 2792 3689 regnum
2822 3628 3025 3676 sancta:
3053 3620 3315 3676 Eeclesim
3339 3630 3659 3693 protegere,

2082 3709 2359 3776 exaltare,
2410 3718 2468 3765 et
2517 3710 2749 3766 dilatare
2798 3712 3064 3784 dignetur.
3121 3712 3266 3769 Deus
3315 3714 3662 3784 omnipotens

2077 3802 2358 3873 dignitatis
2381 3812 2580 3859 vestrm
2605 3803 2978 3860 excellentiam
3008 3806 3076 3861 ad
3106 3805 3326 3861 tutelam
3352 3815 3679 3862 sauctmsme

2078 3891 2339 3948 Ecclesiae
2381 3892 2620 3965 longaeva
2660 3896 3023 3967 prosperitate
3063 3896 3388 3969 incolumem
3432 3913 3657 3954 conser-

2080 3998 2207 4039 vare
2233 3984 2503 4054 dignetur,
2534 3985 3035 4044 desiderantissime
3064 3987 3251 4045 frater.

2153 4162 2305 4234 Smpe
2331 4177 2565 4233 sequens
2590 4180 2789 4236 agnum
2815 4165 2992 4237 lupus,
3018 4173 3104 4222 est
3128 4181 3159 4220 a
3184 4181 3316 4222 voce
3344 4174 3606 4231 retentus,

2222 4252 2378 4324 Saepe
2402 4253 2619 4309 avidum
2645 4254 2856 4326 fugiens
2882 4256 3106 4327 respicit
3126 4271 3264 4328 agna
3289 4256 3495 4327 lupum.

2154 4343 2309 4414 Saepe
2331 4360 2495 4400 canes
2519 4344 2836 4415 leporesque
2856 4348 3048 4402 umbra
3073 4346 3307 4403 cubuere
3332 4348 3435 4402 sub
3459 4363 3588 4411 una,

2224 4434 2291 4489 Et
2317 4434 2470 4491 stetit
2498 4435 2554 4491 in
2580 4451 2712 4492 saxo
2739 4437 2983 4506 proxima
3011 4438 3240 4494 caerulea
3270 4437 3544 4511 [Cervula]
3572 4455 3589 4504 ;

2151 4522 2219 4577 Et
2243 4523 2361 4580 sine
2387 4523 2480 4580 lite
2500 4524 2699 4595 loquax
2724 4542 2846 4582 cum
2874 4527 3107 4584 Palladis
3128 4528 3257 4584 alite
3280 4529 3470 4584 cornix

2224 4612 2412 4680 Sedit,
2438 4623 2496 4670 et
2517 4616 2759 4686 accipitri
2781 4616 2968 4688 juncta
2994 4619 3246 4674 columba
3270 4617 3390 4674 fuit.

2152 4705 2447 4776 Deceptum
2472 4708 2568 4764 risi
2594 4708 2687 4778 qui
2715 4724 2773 4765 se
2796 4709 3088 4766 simulabat
3110 4727 3295 4767 amare
3318 4728 3334 4777 ;

2225 4794 2280 4848 lu
2311 4794 2531 4866 laqueos
2555 4812 2758 4869 auceps
2782 4799 3166 4872 decideratque
3192 4816 3339 4857 suos.

2054 4892 2057 4897 '
2150 4881 2323 4939 lntrat
2345 4901 2499 4942 amor
2524 4896 2759 4955 mentes,
2784 4905 2885 4945 usu
2910 4890 3196 4946 didiscitur
3219 4906 3384 4956 usus;

2224 4974 2326 5042 Qui
2352 4977 2556 5047 poterit
2579 4994 2768 5034 sanum
2799 4978 3021 5051 ﬁngere,
3049 4996 3215 5037 sanus
3236 4980 3364 5037 erit.
