3960 6416
383 360 387 365 τ
420 332 556 386 N343

1703 334 1761 393 s.
1803 300 2053 392 Laoms
2088 336 2293 393 nam
2331 340 2398 395 ιιι
2440 306 2453 311 ’

3526 349 3670 407 1044

413 463 629 506 omnem
653 450 913 505 honorem
937 463 1260 520 omnemque
1284 451 1667 507 auctoritatem
1693 450 1905 516 abdico,
1926 458 1982 505 et

2084 452 2229 519 μένου
2272 476 2381 523 μοι,
2409 461 2556 511 τσῦτε
2585 457 2864 528 ἀξιώματος
2907 461 3200 534 ὑπερόπτης
3242 465 3554 534 καθέστηκα,
3581 475 3672 525 καί

411 541 480 595 ab
511 539 637 595 aula
672 538 820 611 regia
849 539 1204 610 civilibusque
1236 542 1557 600 tumultibus
1592 558 1680 599 me
1712 541 1984 607 avellens,

413 645 688 688 recessum
712 632 1000 701 quemdam
1024 647 1320 704 rupemque
1340 649 1586 706 asperam
1610 643 1668 689 et
1684 650 1823 705 pene
1842 635 1988 690 inac-

408 736 618 777 cessam
637 728 955 791 occupatus,
978 722 1170 778 stadiis
1195 739 1303 780 non
1327 725 1517 794 paucis
1537 725 1682 780 circa
1701 724 1986 794 Proponti-

407 814 492 869 dis
516 813 799 885 regionem
826 829 859 868 a
885 814 1035 885 regia
1059 814 1281 871 civitate
1303 816 1544 880 discedo,
1566 817 1750 886 ibique
1770 823 1985 871 aetatem

407 922 571 977 agere
589 908 826 977 vitaeque
845 907 1104 962 solitariae
1118 906 1298 978 (cujus
1315 908 1617 963 incredibili
1638 908 1873 977 quodam
1893 907 1986 962 de-

405 997 611 1052 siderio
637 995 957 1065 jamdudum
982 1005 1109 1051 ante
1139 996 1384 1068 tenebar)
1429 997 1730 1065 periculum
1772 996 1983 1063 facere,

402 1102 586 1157 neque
613 1087 740 1142 alibi
770 1103 934 1157 quam
963 1086 1057 1142 illo
1094 1087 1150 1141 in
1192 1086 1313 1142 loco
1338 1095 1642 1142 extremum
1666 1087 1794 1141 vitae
1819 1087 1985 1158 spiri-

406 1187 522 1231 tum
546 1177 729 1241 edere,
754 1176 984 1232 firmiter
1002 1176 1143 1245 apud
1170 1190 1256 1230 me
1275 1176 1565 1231 constituo.
1594 1175 1704 1232 Sed
1727 1177 1985 1247 quoniam

404 1269 524 1323 ﬁeri
558 1269 748 1337 nequit
774 1274 833 1322 ut
871 1267 1055 1322 omnia
1094 1267 1344 1321 omnibus
1389 1282 1455 1321 ex
1503 1267 1669 1322 animi
1716 1268 1984 1323 sententia

402 1359 696 1415 succedant
734 1357 823 1431 (in
874 1358 1059 1413 multis
1084 1372 1319 1427 namque
1344 1357 1502 1427 quasi
1531 1358 1710 1414 fatalis
1737 1357 1984 1428 quadam

401 1449 705 1506 necessitas
730 1449 1061 1515 dominatur,
1106 1448 1438 1518 humanique
1481 1456 1709 1504 conatus
1737 1448 1942 1503 exitum
1965 1487 1981 1513 ,

403 1553 510 1594 non
540 1537 758 1607 qualem
784 1538 970 1602 homo,
1000 1537 1097 1592 sed
1122 1535 1339 1607 qualem
1367 1536 1510 1592 Deus
1534 1527 1680 1603 vult,
1721 1552 1830 1592 non
1857 1551 1983 1591 raro

400 1626 760 1700 sortiuntur),
786 1626 1001 1682 accedit
1044 1625 1151 1682 hoc
1196 1625 1415 1696 ipsum,
1463 1641 1656 1696 nempe
1707 1634 1769 1680 ut
1815 1625 1981 1681 animi

401 1720 772 1790 propositique
812 1718 920 1775 mei
953 1733 1049 1789 spe
1091 1717 1410 1783 frustrarer,
1458 1726 1514 1774 et
1560 1719 1692 1774 mihi
1739 1733 1973 1788 quoque.

401 1809 616 1865 Etenim
645 1824 677 1863 a
707 1817 863 1880 grata
890 1807 982 1863 illa
1006 1807 1291 1877 amicaque
1321 1806 1629 1873 solitudine,
1658 1807 1844 1863 nescio
1871 1822 1981 1878 quo
2004 1794 2056 1855 B

393 1898 599 1969 judicio
629 1897 815 1971 (Deus,
847 1899 941 1968 qui
973 1898 1244 1969 permisit,
1270 1906 1365 1954 aut
1392 1898 1469 1954 ita
1497 1898 1662 1954 etiam
1689 1898 1979 1965 ordinavit,

400 1985 596 2056 novit),
620 1987 686 2040 ad
714 1986 924 2057 regium
949 1986 1211 2056 palatium
1239 1986 1570 2051 abstractus,
1596 1994 1744 2043 certe
1767 1985 1982 2043 illorum
2017 2064 2022 2069 _

398 2076 676 2132 voluntate
699 2078 790 2146 qui
822 2093 921 2149 per
950 2078 1003 2132 id
1032 2086 1247 2147 tempus
1280 2077 1432 2148 regni
1461 2077 1597 2133 solia
1623 2078 1978 2145 obtinebant,

398 2164 789 2234 communique
834 2164 1000 2219 totius
1041 2164 1172 2220 cleri
1214 2179 1280 2219 ac
1318 2172 1574 2231 senatus,
1613 2165 1983 2221 inexcusabile

398 2254 671 2322 quoddam
698 2263 752 2309 et
779 2253 1090 2309 inevitabile
1114 2252 1326 2309 facinus
1357 2253 1783 2309 machinantium
1805 2293 1822 2319 ,
1862 2252 1979 2311 suf-

401 2346 574 2415 fragio
604 2344 770 2416 (quod
794 2344 958 2416 regia:
985 2343 1223 2400 civitatis
1252 2343 1453 2414 prtesul
1481 2343 1594 2401 vita
1622 2344 1978 2412 excessisset,

399 2445 455 2492 et
493 2444 551 2492 ut
588 2437 752 2493 homo
786 2436 1026 2492 debitum
1071 2436 1430 2507 exsolvisset)
1475 2436 1545 2493 ad
1590 2437 1736 2494 hanc
1774 2438 1983 2508 episco-

398 2530 576 2602 palem
605 2531 792 2587 sedem
818 2530 1021 2586 invitus
1039 2570 1056 2597 ,
1098 2530 1441 2600 multumque
1469 2530 1774 2588 reclamans
1802 2532 1982 2603 (testis

399 2632 487 2678 est
511 2622 645 2678 mihi
673 2622 837 2693 Deus)
866 2630 1155 2692 provectus
1172 2662 1189 2687 ,
1223 2630 1281 2678 et
1307 2622 1587 2694 tyrannide
1612 2622 1793 2692 potius
1815 2637 1980 2692 quam

397 2711 665 2779 consulto,
697 2721 793 2769 aut
818 2712 927 2768 ulla
956 2713 1180 2769 omnino
1207 2713 1590 2783 persuasione,
1633 2712 1754 2770 aliis
1777 2712 1976 2782 guber-

399 2809 595 2889 nandis
616 2807 902 2879 pmfectus
926 2821 1070 2864 sum.

469 2977 607 3046 Quia
648 2992 800 3049 ergo,
842 2976 970 3033 licet
1013 2976 1230 3041 invitus,
1274 2976 1413 3032 colla
1451 2977 1582 3046 jugo
1625 2975 1975 3040 submittere,

2084 551 2179 605 τῆς
2203 544 2465 615 βασιλείου
2494 546 2646 608 αὐλῆς
2687 553 2771 605 καί
2801 557 2903 605 τῶν
2952 553 3176 608 ἀστικῶν
3217 557 3447 631 θορύϐων
3482 560 3665 634 πόρβω

2084 655 2185 690 που
2216 636 2542 708 ἀπαγόμενος
2569 637 2927 713 διεσκήνωμαι,
2969 644 3220 715 ίσχατιάν
3255 653 3382 717 γοῦν
3423 671 3540 707 τινα
3567 673 3664 707 κι-

2083 726 2392 798 ταλαμϐἁνω
2429 731 2515 784 καί
2551 731 2865 804 ἀκρώρειαν,
2890 738 3148 809 τραχεῖάν
3180 759 3235 792 τε
3269 734 3433 795 οὖσαν
3472 740 3667 798 καὶδυ-

2084 819 2398 895 σπρὸσοδον⁰
2427 821 2654 885 σταδίοις
2694 822 2846 887 οὗτος
2871 828 3053 900 ὀλίγοις
3083 833 3203 904 περὶ
3245 836 3336 890 τὴν
3364 834 3664 905 Προπόντιον

2082 914 2284 985 χώραν,
2312 920 2403 968 τοῦ
2432 914 2694 985 βασιλείου
2720 917 3012 991 διειργόμην
3045 919 3430 997 Ιδιειργιμὲνην]
3452 922 3659 990 ἄστεος,

2080 998 2342 1059 κάνταῦθα
2422 1006 2519 1069 τὰς
2572 1006 2840 1083 διατριϐὰς
2891 1013 3147 1066 ποιεῖσθαι
3200 1012 3512 1078 ἐσπούδαζον
3529 1057 3544 1083 ,
3591 1020 3663 1076 ῶς

2081 1090 2184 1168 ἄρα
2215 1097 2260 1149 εί
2299 1094 2575 1170 δυναίμην,
2598 1105 2692 1154 τοῦ
2729 1105 2983 1176 μονήρους
3015 1103 3132 1173 βίου
3174 1105 3531 1176 ίφαπτὸμινος,
3577 1110 3662 1161 καί

2081 1193 2234 1242 τοῦτο
2274 1190 2374 1262 γὰρ
2420 1191 2699 1262 ἠπειγόμην
2743 1195 2798 1248 ίκ
2835 1194 3096 1257 πλείονος.
3131 1196 3212 1250 καί
3255 1217 3333 1257 τις
3374 1196 3505 1271 ἴρως
3541 1195 3659 1269 εἶχε

2080 1284 2173 1337 τῆς
2207 1279 2416 1353 ἕρημίας
2455 1283 2541 1337 καὶ
2583 1283 2819 1351 ἡσυχίας
2872 1281 3192 1350 δεινότατος,
3242 1291 3369 1359 μήτε
3411 1289 3663 1358 auulsa;

2080 1385 2170 1420 ποι
2195 1368 2256 1422 τὸ
2295 1368 2459 1446 τέρμα
2483 1377 2575 1430 τῆς
2603 1374 2756 1435 ζωῆς.
2795 1370 2827 1432 ἦ
2853 1373 3065 1429 ίνταῦοα
3110 1376 3483 1446 ἀπολήψεσθαι.
3530 1372 3689 1434 ’Δλλν

2079 1453 2256 1515 ἔπειδή
2307 1478 2364 1528 γε
2406 1462 2465 1513 οῦ
2521 1464 2680 1517 πᾶσιν
2728 1460 2936 1519 ἅπαντα
2990 1465 3124 1521 κατά
3168 1469 3370 1540 γνώμην
3416 1470 3661 1525 ίκεαίνιιν

2080 1540 2183 1599 οἶόν
2227 1566 2333 1633 τε,-
2353 1546 2459 1603 ἀλλ’
2477 1546 2617 1604 ἔστιν
2664 1551 2735 1621 ἐφ’
2756 1548 2831 1612 οἷς
2878 1555 2964 1608 καὶ
3004 1556 3063 1609 τὸ
3104 1558 3276 1626 χρεὼν
3317 1556 3660 1633 ίπρυτάνευσε

2080 1635 2165 1687 καί
2204 1635 2274 1694 ὦς
2308 1629 2368 1688 ἂν
2401 1635 2633 1708 βούλοιτο
2675 1640 2801 1701 Θεὸς
2819 1678 2835 1702 ,
2866 1640 2925 1696 τὸ
2966 1642 3129 1716 πέρας
3170 1651 3269 1699 τῶν
3313 1629 3663 1719 ﬁliumin-ms

2079 1721 2356 1781 επιτίθησυ
2381 1726 2669 1792 συμϐίϐηκε
2701 1735 2854 1784 τοῦτο
2877 1732 3045 1785 τοίνυν
3066 1736 3149 1787 καί
3184 1734 3262 1788 ἐπ’
3282 1735 3419 1805 ipsi.
3448 1738 3536 1790 ιαί
3558 1744 3661 1791 τῶν

2081 1814 2212 1867 κατά
2269 1819 2386 1868 νοῦν
2431 1812 2768 1891 διημάρτηκα,
2816 1822 2898 1873 καί
2945 1820 3033 1874 οὐκ
3068 1817 3182 1877 οἶδα
3227 1819 3300 1883 οἷς
3353 1827 3597 1898 κρίμασιν
3631 1825 3660 1881 ὃ

2080 1905 2249 1955 ταῦτα
2300 1907 2680 1981 συγχωρήσας,
2731 1910 2817 1962 καί
2864 1900 3094 1983 παριδών
3134 1912 3256 1972 Θεὸς
3309 1913 3656 1979 ἐξεπίσταται,

2080 1988 2423 2051 ἀπεσπάσθη»
2461 2001 2553 2054 τῆς
2587 1995 2728 2064 φίλης
2763 1998 2995 2071 ὲρημίας,
3039 2002 3125 2054 καί
3162 2002 3249 2055 ίπί
3281 2007 3371 2060 την
3408 2002 3661 2074 βασίλειον

2081 2079 2273 2153 [πάλιν]
2298 2081 2490 2153 ἤχθην,
2523 2086 2593 2146 ὡς
2622 2086 2725 2141 ῦπό
2762 2096 2870 2158 Θεῷ
2897 2092 3153 2167 μάρτυρι.
3188 2091 3337 2165 ψόφῳ
3374 2098 3460 2149 καί
3493 2100 3661 2170 κρίσει

2079 2179 2180 2227 τῶν
2223 2181 2498 2233 τηνικαῦτα
2537 2176 2586 2230 ἓν
2622 2178 2729 2239 τοῖς
2767 2179 3044 2251 βασιλείοις
3085 2181 3416 2259 ίνιδρυμὲνων
3457 2187 3656 2252 θώκοις,

2079 2269 2166 2317 τοῦ
2209 2285 2265 2319 τε
2304 2261 2466 2320 κοινοῦ
2518 2273 2609 2328 τῆς
2646 2265 2949 2332 Ἐκκλησίας
3007 2272 3148 2347 ίεροῦ
3199 2280 3528 2346 συστήματος
3571 2281 3660 2333 καί

2078 2361 2171 2413 τῆς
2201 2355 2485 2426 συγκλήτου
2523 2356 2732 2429 βουλῆς,
2760 2360 3223 2434 συμϐραϐευὸντων
3244 2367 3574 2441 ἀπαραίτητά
3601 2388 3657 2423 τε

2078 2444 2160 2533 καί
2204 2444 2584 2519 ἀσυγχώρητα,
2636 2447 2845 2523 ἐπείπερ
2899 2449 2996 2510 ἤδη
3033 2461 3126 2513 τῆς
3164 2453 3427 2524 βασιλίδος
3462 2455 3486 2511 ὁ
3525 2459 3649 2533 πρό-

2080 2531 2226 2624 εδρος
2281 2535 2366 2591 τὸν
2416 2537 2529 2609 βίον
2576 2541 2872 2611 μετήλλαξεν
2893 2581 2910 2605 ,
2950 2534 3036 2599 οἷά
3091 2565 3190 2619 περ
3246 2545 3509 2624 ἄνθρωπος
3568 2531 3658 2606 τὸν

2078 2622 2405 2700 ἀνθρώπινον,
2437 2625 2541 2699 οἶγε
2576 2629 2738 2684 καίτοι
2770 2630 2927 2687 πολλά
2962 2622 3347 2706 ὑπερτιθέμενον
3372 2641 3455 2692 καὶ
3480 2640 3658 2694 ἀπαυ-

2103 2713 2462 2785 ϐαδιαζόμενον
2499 2717 2584 2772 ἐπὶ
2629 2717 2712 2773 τὸν
2752 2719 3003 2794 ίερατικὸν
3037 2730 3235 2789 τουτονί
3277 2727 3447 2799 Θρὸνον
3492 2734 3655 2805 προὰ·

2077 2830 2230 2883 γαγον
2255 2852 2271 2878 ,
2319 2813 2615 2889 τυραννίδος
2694 2819 2881 2890 μᾶλλον
2948 2819 2979 2880 ἦ
3038 2823 3244 2886 πειθοῦς
3304 2822 3448 2899 ἴργον
3514 2826 3658 2898 ⁹γινό-

2078 2920 2242 2971 μενον.

2147 2991 2289 3048 Ἐπεῖ
2325 2988 2411 3049 οὖν
2457 3000 2540 3052 καί
2575 3004 2645 3069 μή
2689 3001 2993 3073 βουλῷιενος
3034 3006 3121 3061 τὸν
3161 3008 3311 3079 ζυγὸν
3355 3006 3497 3064 τὸνῗε
3532 3011 3659 3062 ὐπέο

317 3137 321 3141 ν
399 3069 815 3138 animarumque
850 3083 1038 3124 curam
1078 3082 1255 3138 neque
1281 3066 1473 3138 digne,
1517 3080 1695 3136 neque
1726 3064 1976 3171 charitati

2084 3082 2290 3160 δραμον,
2323 3089 2404 3141 καί
2433 3092 2529 3149 τάς
2551 3064 2816 3166 σροντίδας
2843 3064 3187 3171 ἀναδέδεγμαί
3217 3064 3308 3154 οὐκ
3343 3101 3511 3165 ἀξίως.
3544 3100 3659 3157 οῦδὲ

396 3174 615 3231 quoque
664 3158 802 3215 satis
846 3166 1214 3214 consentanee
1264 3156 1544 3227 suscipere
1592 3162 1814 3212 coactus
1859 3153 1935 3209 fui
1962 3195 1977 3220 ,
2006 3144 2124 3231 Coc;

396 3251 551 3305 varia
582 3250 933 3321 apprimeque
976 3249 1233 3319 perplexa
1280 3249 1450 3304 totius
1490 3247 1710 3313 malitia;
1744 3246 1982 3303 auctoris

398 3341 834 3398 machinamenta
862 3357 928 3397 ac
963 3341 1209 3410 laqueos,
1248 3340 1717 3410 malignorumque
1762 3353 1829 3394 ac
1868 3338 1984 3392 ina-

398 3432 778 3503 spectabilium
799 3432 1090 3503 spirituum
1113 3430 1365 3495 insultes,
1391 3431 1741 3500 innatamque
1762 3444 1981 3485 eorum-

398 3523 525 3578 dem
555 3521 817 3577 smvitiem
856 3536 963 3576 non
1000 3536 1190 3592 parum
1218 3529 1424 3586 metuo,
1455 3535 1525 3575 ne
1551 3518 1805 3575 videlicet
1833 3519 1983 3574 inco-

399 3612 660 3682 gitantcm
706 3611 1069 3680 omnibusque
1102 3609 1363 3665 virtutum
1410 3607 1747 3664 ornamentis
1791 3606 1981 3676 prazsi-

400 3704 614 3772 diisqne
645 3702 963 3757 destitutum
1002 3708 1225 3770 repente
1261 3699 1518 3755 invadant
1562 3698 1785 3770 (norunt
1835 3699 1980 3752 enim

400 3810 490 3850 me
516 3795 572 3848 in
600 3792 973 3862 spiritualibus
1001 3792 1306 3862 divinisque
1333 3790 1817 3846 exercitationibus
1852 3804 1981 3845 nec-

401 3884 530 3939 dum
569 3883 705 3939 satis
743 3882 1087 3948 institutum,
1134 3882 1231 3938 sed
1263 3895 1443 3953 neque
1484 3882 1739 3949 ignorant
1765 3897 1982 3952 quoque

400 3973 536 4028 artis
562 3972 839 4044 pugnandi
865 3972 1125 4028 adversus
1153 3971 1302 4043 ipsos
1335 3971 1598 4026 hactenus
1635 3986 1722 4026 me
1760 3971 1981 4025 minime

399 4068 638 4138 peritum
664 4063 831 4137 esse),
847 4079 951 4121 nec
970 4080 1080 4119 non
1111 4073 1458 4133 peccatorum
1470 4061 1666 4130 jaculis
1693 4061 1981 4117 convulne-

403 4165 548 4224 rent,
567 4172 741 4227 eaque
765 4156 977 4213 ratione
1000 4156 1425 4212 ecclesiasticum
1452 4164 1668 4226 gregem
1693 4154 1978 4224 dissipent,

402 4264 470 4304 ac
499 4248 670 4304 aciem
699 4248 840 4304 bene
868 4248 1171 4303 ordinatam
1201 4247 1548 4311 conturbent,
1580 4253 1637 4301 et
1665 4245 1833 4300 ruinae
1863 4253 1980 4300 tan-

403 4340 527 4394 dem
567 4338 784 4394 indocte
826 4337 1182 4408 imperiteqne
1226 4335 1471 4406 praelium
1511 4336 1793 4407 dirigentis
1822 4345 1978 4406 petu-

402 4430 606 4487 lantius
647 4429 925 4487 insultent.
975 4429 1060 4486 Ad
1095 4431 1213 4485 haec
1249 4443 1374 4485 cum
1400 4428 1612 4484 videam
1646 4428 1977 4484 dominatum

402 4535 622 4579 omnem
657 4521 874 4578 invidia:
907 4520 1224 4590 plerumque
1248 4518 1816 4590 obtrectationumque
1856 4519 1979 4575 telis

404 4612 702 4668 obnoxium
745 4625 868 4666 esse
891 4650 907 4676 ,
958 4609 1311 4666 invidentium
1356 4609 1508 4666 dolos
1558 4609 1980 4679 eorumdemque

404 4701 728 4772 pravitatem
778 4716 886 4756 non
935 4699 1284 4755 mediocriter
1312 4706 1618 4768 suspectam
1667 4698 1875 4763 habeo,
1919 4708 1981 4754 ut

405 4792 499 4861 qui
527 4806 618 4848 res
643 4802 859 4848 nostras
884 4792 998 4847 sive
1031 4791 1188 4855 bene,
1220 4790 1338 4844 sive
1366 4804 1524 4844 secus
1553 4789 1848 4855 habentes,
1886 4806 1980 4845 cu-

405 4882 706 4938 riosissime
751 4881 1047 4938 observare
1088 4880 1282 4936 solent.
1333 4878 1470 4934 Nam
1519 4880 1645 4935 dum
1693 4882 1875 4937 trabes
1920 4882 1976 4938 in

405 4971 580 5028 oculis
609 4972 724 5027 suis
752 4986 861 5026 non
889 4971 1362 5036 animadvertunt,
1402 4984 1578 5040 neque
1606 4970 1978 5042 lippitudinem

407 5066 524 5122 suis
551 5063 848 5120 luminibus
871 5062 1114 5119 adimere
1147 5069 1430 5134 satagunt,
1476 5062 1705 5118 aliorum
1744 5063 1979 5121 festucas

406 5157 623 5213 curiose
649 5153 961 5223 inquirunt,
993 5167 1286 5225 rerumque
1313 5153 1604 5210 admodum
1635 5154 1875 5211 tenuium
1901 5155 1979 5210 vi-

407 5249 653 5319 liumque
677 5251 736 5302 et
758 5244 959 5301 nullius
984 5260 1121 5316 pene
1148 5246 1405 5302 momenti
1430 5261 1593 5303 causa
1622 5245 1831 5316 linguas
1854 5260 1981 5301 suas

406 5349 599 5397 contra
644 5330 908 5411 primates
955 5338 1121 5408 impie
1166 5338 1568 5408 virulenterquc
1614 5346 1878 5401 exerunt,
1924 5345 1982 5392 ct

407 5434 662 5503 utrinque
686 5428 1054 5487 amarulenter
1077 5429 1445 5499 scelerateque
1464 5426 1792 5498 jaculantur.

483 5527 682 5582 Verum
724 5522 1023 5582 certamine
1069 5523 1172 5578 hoc
1219 5535 1341 5576 cum
1390 5520 1476 5575 his
1523 5525 1687 5572 tautze
1728 5517 1981 5590 potentiae
2032 5547 2047 5566 ο

413 5616 661 5673 hostibus
688 5624 963 5687 suscepto,
1006 5611 1161 5682 cujus
1199 5612 1427 5668 alterius
1464 5624 1623 5682 opem
1652 5625 1717 5665 ac
1745 5611 1981 5682 patroci-

415 5709 563 5765 nium
593 5708 871 5780 implorem
902 5703 1275 5771 commodius,
1327 5715 1491 5774 quam
1542 5699 1681 5757 illius
1727 5702 1818 5772 qui
1867 5702 1980 5757 brec

2125 3198 2151 3238 ς
2200 3188 2423 3254 προσῆκε
2460 3189 2522 3257 τῇ
2568 3184 2781 3262 χάριτι,
2819 3184 3018 3244 δέδοικα
3053 3192 3143 3260 μὲν
3179 3198 3383 3266 πρῶτον
3414 3192 3508 3254 τὰς
3540 3213 3659 3249 ποι-

2080 3268 2218 3329 κίλας
2271 3274 2359 3325 καί
2407 3271 2757 3337 πολυπλόκους
2822 3282 3213 3357 μηχανουργίας
3265 3278 3355 3337 τοῦ
3410 3289 3657 3353 σοφιστοῦ

2079 3367 2170 3421 τῆς
2205 3362 2405 3428 κακίας,
2430 3365 2516 3417 καί
2552 3371 2651 3418 τῶν
2695 3374 2924 3440 πονηρῶν
2964 3373 3046 3424 καί
3094 3373 3323 3447 ἀοράτων
3351 3376 3659 3444 πνευμάτων

2078 3456 2168 3511 τήν
2218 3454 2597 3523 ἐπανάστασιν,
2629 3463 2827 3528 μήποτε
2870 3462 3058 3534 γυμνὸν
3091 3466 3174 3518 καί
3222 3455 3415 3520 ἄοπλον
3457 3473 3558 3522 τῶν
3598 3468 3657 3523 ἔκ

2079 3550 2171 3603 τῆς
2226 3545 2412 3613 ἀρετῆς
2461 3549 2860 3621 κατορθωμάτων
2926 3553 3280 3624 ίπειλημμίνα.
3329 3553 3489 3611 Οῦπω
3553 3562 3657 3631 γάρ

2078 3650 2141 3701 με
2173 3640 2277 3692 τοῖς
2306 3643 2667 3705 πνευματικοῖς
2692 3639 2772 3691 καί
2798 3640 2945 3702 θείοις
2979 3638 3465 3715 παιδοτριϐοῦμενον
3494 3641 3653 3714 ἔγνω-

2078 3745 2203 3790 σαν,
2234 3725 2265 3785 ἢ
2297 3734 2360 3801 τῇ
2396 3727 2510 3783 κατ’
2531 3729 2695 3783 αὐτῶν
2742 3731 3206 3805 ίγγιγυμνασμίνον
3231 3733 3262 3795 ἦ
3289 3732 3655 3808 διαγωνισάμε-

2078 3836 2159 3868 νον
2184 3815 2318 3891 πάλῃ
2345 3817 2722 3891 προσέϐλεψαν,
2752 3827 2859 3882 τοῖς
2889 3829 2980 3882 τῆς
3008 3821 3269 3896 ἁμαρτίας
3293 3827 3655 3901 τιτρώσκοντες

2079 3905 2249 3976 βέλεσι
2282 3909 2340 3963 τὸ
2379 3906 2673 3971 ἐκκλησίας
2716 3910 2966 3968 θεόλικτον
2992 3915 3318 3990 ῦπορρήξωσι
3346 3918 3539 3988 στῖφος,
3570 3921 3655 3970 καί

2079 4003 2168 4055 τὴν
2196 3996 2438 4054 εὔτακτον
2464 4002 2651 4062 ταύτης
2681 4005 3008 4076 παράστασιν
3033 4002 3434 4077 διαλυμήνωνται
3461 4015 3534 4080 τῷ
3558 4015 3651 4063 τοῦ

2079 4086 2310 4148 ἀϐούλως
2362 4093 2446 4144 καί
2494 4093 2699 4161 ἀμαθῶς
2750 4095 3154 4170 ταξιαρχοῦντος
3204 4097 3654 4169 ἐπικαγχάσαντες

2079 4183 2337 4250 πτώματι.
2359 4178 2572 4239 Ἐπειτα
2605 4181 2659 4239 δέ
2694 4182 2812 4238 ἰδών
2839 4188 2924 4240 καί
2951 4193 3043 4246 τῆς
3074 4188 3249 4259 ἀρχῆς
3279 4189 3336 4243 τὸ
3362 4189 3653 4245 ίπείσακτον

2080 4275 2166 4326 καί
2195 4274 2446 4346 ἐπίφθονον
2480 4282 2580 4329 τῶν
2622 4276 2998 4347 βασκαινόντων
3044 4276 3314 4337 ὖπείδομαι
3350 4280 3409 4334 τὸ
3451 4278 3654 4355 δολερὸν

2080 4361 2164 4414 καί
2203 4361 2507 4424 κνκόηθεςοῖ⁵
2534 4368 2695 4436 πάντῃ
2739 4365 2993 4437 ἐπιτηρεῖν
3040 4364 3388 4432 σπουδάζουσι
3431 4370 3498 4424 τά
3531 4370 3656 4440 ἡμί-

2080 4472 2206 4527 τερα
2249 4448 2307 4507 εὖ
2346 4472 2400 4508 τε
2431 4455 2512 4507 καί
2543 4454 2611 4514 ὡς
2636 4454 2819 4526 ἑτέρως
2849 4452 3061 4526 ἔχοντα.
3093 4458 3196 4516 Τάς
3223 4460 3313 4528 μὲν
3343 4455 3521 4517 δοκοὺς
3546 4466 3656 4520 τοῖς

2084 4542 2276 4598 ίκυτῶν
2364 4545 2678 4616 ἐπικειμένας
2715 4548 2773 4600 οὐ
2811 4547 3074 4617 βλέποντες
3109 4544 3352 4619 ὄμμασιν,
3398 4548 3513 4604 οῦόί
3558 4555 3654 4609 τήν

2082 4635 2240 4709 λήμην
2270 4637 2369 4691 ἀπὸ
2393 4643 2493 4692 τῶν
2516 4638 2775 4709 ὀφθαλμῶν
2796 4639 3145 4715 προκαθαίρειν
3171 4640 3481 4713 αἱρούμενοι,
3509 4639 3657 4696 ἀλλό-

2083 4749 2202 4803 τρια
2247 4727 2299 4783 δέ
2346 4729 2508 4803 κάρφη
2547 4730 3004 4804 περιεργαζόμενοι,
3032 4734 3119 4785 καὶ
3162 4739 3387 4807 σμικρῶν
3415 4728 3542 4803 ἄγαν
3569 4735 3655 4788 καί

2084 4820 2288 4876 εὐτελῶν
2310 4814 2498 4886 ἕνεκεν,
2527 4824 2613 4875 καί
2642 4828 2729 4876 τοῦ
2757 4821 2969 4894 μηδενος
3004 4820 3155 4895 λόγου
3200 4826 3348 4888 ἀξίων
3372 4827 3466 4886 τὰς
3492 4825 3656 4895 γλώσ·

2085 4931 2186 4971 σας
2222 4910 2315 4970 τὰς
2342 4909 2536 4965 ἑαυτῶν
2572 4905 2702 4967 κατά
2743 4918 2842 4968 τῶν
2883 4912 3212 4988 προεχόντων
3260 4913 3473 4973 ἀνοσίως
3511 4912 3653 4968 ὁπλί-

2080 5002 2252 5065 ζουσι,
2293 5003 2371 5055 ’ταί
2423 5002 2769 5077 ἀμφοτέρωθεν
2816 5011 3010 5078 πικρῶς
3058 5008 3143 5059 καί
3192 5003 3478 5061 ἀδικώτατα
3525 5004 3655 5079 βάλ-

2075 5092 2242 5148 λουσι.

2145 5518 2287 5576 ’Λλλά
2322 5521 2522 5575 τουτονί
2562 5518 2957 5596 ἀναδεδέγμενος
2996 5526 3080 5578 τὸν
3115 5524 3284 5598 ἀγῶνα
3300 5565 3314 5589 ,
3346 5535 3443 5581 τινι
3484 5524 3656 5580 λοιπὸν

2080 5606 2263 5686 ἀρωγῶ
2295 5612 2386 5667 καὶ
2425 5612 2734 5688 συλλήπτορι
2777 5618 3065 5686 χρήσομαι,
3094 5615 3124 5676 ἦ
3169 5624 3243 5687 τῷ
3280 5624 3440 5672 ταῦτα
3485 5638 3656 5689 παρα-

2083 5709 2342 5774 χωροῦντι
2406 5699 2543 5775 ervi»;
2567 5705 2688 5780 llap‘
2718 5702 2774 5760 οὗ
2824 5707 3004 5770 ἔξιιτῶ
3057 5707 3212 5784 ῥοπὴν
3269 5710 3351 5763 καί
3392 5708 3650 5779 βοίθειτεν,
