3960 6408
278 377 413 434 1013

1688 354 2073 418 EPlSTOLA‘S.

3384 338 3520 391 fil-H5

274 491 612 561 εὖσπλάγχνῳ
636 487 723 541 καί
748 488 946 557 εὸμενεῖ
968 475 1158 555 ὄμματι
1200 482 1287 538 έπί
1314 485 1406 543 τήν
1431 479 1551 551 ίμήν
1576 475 1842 547 έπιϐλίψαι

1968 467 2212 533 permisit,
2242 465 2346 522 hoc
2370 473 2453 522 est
2483 462 2618 520 Dei?
2663 461 2795 534 Ejus
2822 457 3051 532 proinde
3075 456 3334 561 virtutem
3361 452 3521 561 auxi-

278 579 625 654 μετριότητα,
657 578 909 651 κρατῆσαί
951 595 1008 631 τε
1048 582 1138 635 τῆς
1190 573 1369 648 χειρὸς
1405 579 1497 632 τῆς
1541 568 1733 633 δεξιᾶς,
1764 567 1850 621 καί

275 670 527 744 όδηγῆσαι
550 668 683 743 πρός
706 688 760 723 τε
783 667 844 724 τό
867 668 1022 721 αὐτοῦ
1047 666 1235 727 θέλημα
1258 667 1344 719 καί
1375 660 1476 718 τᾶν
1512 659 1851 737 ίγχιιρισθέν·

274 783 377 818 των
402 762 533 836 πρὸς
564 761 817 834 σωτηρίαν
846 758 1162 835 κυϐέρνησιν.
1202 753 1301 818 ὀς
1324 776 1381 830 γε
1409 757 1492 810 καί
1518 752 1853 809 ἀναϐάλλεται

275 851 361 905 έπί
379 856 486 908 τοῖς
511 846 799 921 δυσχερέσι
833 848 1036 907 τούτοις
1063 849 1148 902 καί
1171 848 1393 901 ἀνιῶσιν’
1433 844 1465 902 ἦ
1495 842 1581 899 διά
1611 848 1701 901 τήν
1729 842 1853 913 ἠμει-

277 941 431 1013 τέραν
463 938 639 992 κακίαν
671 940 760 990 καί
795 935 1059 1007 βελτίωσιν
1107 936 1368 1007 ἐπανάγων
1401 935 1555 1003 ἡμᾶς,
1584 930 1615 991 ἦ
1641 930 1768 1007 πρὸς
1792 929 1853 983 τὸ

279 1030 477 1082 έκείνων
510 1028 583 1086 είς
626 1027 761 1096 ἡμᾶς
800 1026 1263 1101 παρηυμνοῦσθαι
1303 1027 1364 1080 τό
1444 1029 1730 1098 κακοῦργον
1770 1020 1855 1074 καί

276 1116 590 1192 δύστροπον,
621 1117 690 1174 ὥς
724 1110 783 1168 ἄν
808 1118 878 1184 μή
1133 1115 1314 1188 πικρία
1355 1112 1597 1174 ὕπουλος,
1623 1112 1672 1164 ίν
1696 1108 1853 1182 ψυχῇ

278 1206 501 1281 δολερῶς
558 1206 950 1277 έμφωλεύουσα,
998 1205 1105 1263 ἀλλ’
1125 1209 1197 1269 είς
1245 1199 1509 1283 προῦπτον
1553 1203 1736 1269 ἐξέλθοι
1769 1204 1855 1256 καί

280 1297 492 1367 έμφανᾶς
514 1295 571 1351 τό
600 1294 966 1370 κρυπτόμενον.

1951 560 2190 629 itumque
2224 557 2427 629 iugiter
2469 558 2684 622 invoco,
2729 553 3111 621 eumdemque,
3161 555 3224 603 ut
3264 543 3528 601 benevolo
3588 593 3594 599 .

1951 649 2395 718 misericordique
2417 647 2576 704 oculo
2603 644 2673 701 ad
2700 658 2879 699 meam
2904 642 3225 698 tenuitatem
3250 636 3528 707 respiciat,

1950 742 2253 810 dextraque
2278 753 2442 794 manu
2471 751 2561 791 me
2589 735 2805 799 fulciat,
2839 740 2896 789 et
2923 733 2990 787 ad
3017 746 3171 787 suam
3196 728 3532 784 voluntatem

1951 830 2356 900 salutaremqne
2410 826 2751 883 subditorum
2810 822 3257 894 gubernationem
3316 829 3535 886 semper

1951 920 2180 991 dirigat,
2210 918 2374 974 etiam
2407 925 2574 986 atque
2599 914 2764 970 etiam
2792 927 2946 983 rogo.
2988 910 3091 978 Qui
3132 908 3351 979 quidem
3389 905 3436 960 si
3478 904 3533 959 in

1951 1011 2314 1082 przesentibus
2337 1006 2746 1063 diﬂicultatibus
2786 1018 2853 1058 ac
2889 1000 3155 1057 molestiis
3181 1013 3339 1068 opem
3376 1011 3533 1051 suam

1952 1102 2238 1158 obscurius
2261 1099 2505 1155 declarat
2524 1138 2538 1162 ,
2574 1097 2628 1151 id
2663 1101 2888 1167 propter
2915 1099 3158 1148 nostram
3187 1088 3385 1145 accidit
3424 1102 3536 1141 ma-

1954 1193 2126 1248 litiam
2155 1207 2264 1263 quo
2294 1190 2551 1245 nimirum
2582 1188 2684 1242 hac
2711 1200 2810 1241 nos
2837 1184 3048 1240 ratione
3085 1183 3152 1235 ad
3186 1180 3313 1235 vita:
3349 1183 3536 1233 emen-

1953 1284 2226 1340 dationem
2267 1281 2506 1345 alliciat;
2566 1278 2650 1333 vel
2697 1276 2821 1332 ideo
2867 1289 3019 1339 sane,
3068 1287 3176 1343 quo
3220 1271 3435 1326 illorum
3484 1268 3539 1322 in

1953 1389 2055 1430 nos
2083 1371 2472 1443 malignitatem
2502 1383 2568 1424 ac
2595 1366 3008 1438 perversitatem
3032 1363 3213 1434 palam
3242 1360 3439 1423 faciat,
3470 1374 3540 1413 ne

1953 1462 2307 1520 subdolorum
2335 1460 2625 1515 virulentia
2669 1457 2867 1515 callide
2906 1456 2964 1511 in
3007 1455 3193 1511 animo
3230 1451 3537 1514 occultata,

1955 1559 2174 1617 maneat
2200 1552 2474 1623 incognita
2494 1591 2509 1617 ,
2554 1549 2654 1605 sed
2693 1547 3053 1619 quodcunque
3074 1544 3352 1609 occultum
3382 1542 3540 1597 abdi-

1955 1654 2179 1716 tmnque
2203 1645 2257 1699 in
2288 1643 2503 1697 illorum
2537 1639 2735 1695 animis
2764 1636 3055 1702 delitescit,
3085 1635 3142 1692 id
3171 1641 3347 1690 totum
3375 1632 3431 1687 iu
3460 1631 3533 1687 lu-

1955 1751 2074 1792 cem
2102 1734 2432 1808 proferatur.

353 1849 413 1902 Ei
443 1845 500 1904 δᾶ
541 1844 751 1921 ἀδελφός
797 1847 900 1905 ύπὸ
946 1846 1155 1920 ἀδελφοῦ
1205 1832 1571 1918 βοηθούμενος,
1613 1844 1683 1903 ὥς
1711 1841 1858 1902 πόλις

2030 1825 2167 1893 Quia
2194 1840 2327 1895 ergo
2351 1824 2522 1880 frater
2562 1839 2592 1879 a
2636 1823 2810 1879 fratre
2848 1819 3099 1891 adjutus,
3142 1827 3229 1876 est
3256 1817 3421 1874 veluti
3457 1818 3539 1873 ci—

284 1942 484 2014 ὀχυρά,
530 1943 614 1995 καί
656 1941 1069 2014 μεμοχλευμίνον
1109 1939 1396 2011 βασίλειον,
1446 1938 1582 1992 κατά
1622 1938 1709 1994 τόν
1721 1934 1862 1990 Σολο-

317 2000 357 2011 η
394 2000 406 2014 .
468 2000 478 2004 τ
656 2000 667 2007 -
723 2000 733 2014 .
790 2000 832 2011 ,-
921 2000 929 2011 .
1109 2000 1119 2011 .
1381 2000 1390 2005 -
1876 2000 1882 2019 ,

284 2035 562 2101 μώντειον,
610 2033 742 2102 ἡμᾶς
794 2032 1141 2095 νενουθέτηκε,
1184 2028 1363 2100 δέομαι
1418 2030 1508 2100 μίν
1566 2030 1656 2082 καί
1705 2022 1862 2081 ἄλλων

285 2119 523 2176 πλειόνων
554 2122 732 2193 εύχῶν
773 2126 845 2183 εἷς
879 2121 1129 2194 βοήθειαν,
1160 2120 1386 2193 μάλιστα
1425 2118 1480 2175 δέ
1520 2121 1724 2175 πάντων
1770 2124 1863 2179 τῆς

286 2210 429 2278 ὑμῶν
472 2210 521 2263 ίν
551 2211 804 2280 πνεύματι
841 2212 1197 2270 ποθεινοτάτης
1234 2212 1317 2263 καί
1361 2210 1501 2283 ίερᾶς
1531 2206 1866 2281 άδελφότητος

287 2303 458 2376 ἱεραῖς
506 2302 687 2374 εὐχαῖς
727 2305 814 2358 καί
857 2305 987 2379 πρὸς
1033 2302 1157 2358 Θεὸν
1196 2302 1478 2374 μεσιτείαις
1516 2294 1862 2375 κεχρὴσομαι,

291 2395 359 2449 ὡς
392 2392 640 2462 μεγίστην
674 2392 792 2463 ἡμῖν
830 2392 1076 2464 φέρουσαι
1115 2387 1286 2449 ὄνησίν
1315 2410 1372 2446 τε
1401 2392 1485 2444 καί
1517 2389 1864 2463 έπικούρησιν,

289 2478 368 2535 οἷα
398 2488 509 2554 θεῷ
545 2481 950 2546 πλησιαζούσαις
968 2523 985 2549 ,
1029 2484 1113 2535 καί
1150 2481 1281 2555 πρός
1325 2480 1383 2536 τό
1420 2477 1524 2535 ἅνω
1563 2481 1650 2534 καί
1696 2479 1867 2552 νοερόν

291 2573 677 2649 ἀναφερομίναις
718 2573 1099 2645 θυσιαστήριον,
1155 2571 1386 2644 καθαρῶς
1424 2566 1868 2643 προσομιλούντων

290 2663 432 2732 ὑμῶν
458 2665 545 2717 καί
577 2662 938 2735 ἀκροωμένων,
973 2666 1230 2732 σιγώντων
1265 2678 1321 2715 τε
1362 2661 1452 2713 καί
1496 2657 1867 2729 ἐπιϐοωμένων,

292 2753 517 2827 καθάπερ
560 2751 607 2805 oi
648 2753 772 2823 περί
808 2750 1035 2804 Μωυσέα
1079 2752 1164 2804 καί
1207 2749 1435 2822 Σαμουὴλ
1477 2748 1753 2812 ἠκούοντο,
1785 2751 1871 2803 καί

294 2842 345 2896 εἴ
365 2863 443 2904 τις
472 2838 618 2901 ἄλλος
658 2841 771 2896 κατ’
786 2842 975 2901 αύτούς
1012 2843 1130 2914 περί
1173 2846 1248 2910 τῷ
1275 2841 1547 2911 πνεύματι.
1591 2839 1681 2892 Διά
1717 2844 1869 2894 τοῦτο

291 2933 699 3005 συλλαμϐάνεσθέ
742 2953 840 3004 μου
868 2941 932 3006 τῇ
973 2923 1225 3007 ἀσθενείᾳ,
1260 2932 1345 2986 καί
1382 2937 1574 3006 χεῖρας
1612 2929 1755 2992 ὁσίας
1797 2931 1871 3011 είς

295 3020 427 3085 ὕφος
453 3019 684 3097 διάρατε.
716 3022 1039 3094 Πεπείσμεθα
1066 3022 1168 3096 γάρ
1194 3023 1397 3076 ὑπεῖναι
1428 3022 1531 3076 ἀπὸ
1549 3027 1644 3081 τῆς
1670 3022 1871 3098 παρῤη·

292 3118 409 3174 σίας
435 3118 525 3173 τήν
555 3112 789 3184 δύναμιν,
824 3111 1007 3168 ἄνωθεν
1032 3115 1156 3182 ἡμῖν
1198 3113 1286 3167 τόν
1332 3109 1471 3167 ἵλεον
1504 3112 1750 3175 ἕλκοντες,
1784 3113 1871 3168 καί

293 3207 438 3261 ἵλεων
460 3208 550 3262 τόν
568 3207 694 3261 Θεὸν
713 3208 834 3279 ἡμῖν
856 3205 1199 3280 ίργαζόμενοι,
1221 3202 1519 3274 δυναμῶσαι
1540 3206 1626 3259 καί
1647 3204 1871 3278 έπιρρῶ-

297 3317 391 3351 σαι
416 3297 477 3351 τό
503 3296 710 3356 ἀσθενές
742 3315 799 3351 τε
821 3299 905 3351 καί
925 3293 1121 3361 ἄτονον,
1147 3298 1229 3350 καί
1253 3296 1338 3350 τόν
1364 3296 1573 3368 θώρακα
1598 3295 1874 3367 ἠμφιεσμέ-

293 3408 413 3448 νους
449 3394 542 3448 τῆς
577 3389 805 3449 πίστεως
832 3391 911 3444 καί
946 3392 1039 3448 τὴν
1080 3387 1467 3462 περικεφαλαίαν
1510 3385 1874 3458 περιϐαλλομέ-

294 3501 435 3547 νους,
460 3488 639 3541 στῆναι
660 3483 900 3554 γενναίως
920 3482 1050 3556 πρὸς
1073 3482 1168 3541 τάς
1194 3480 1370 3554 ἀρχάς
1392 3481 1477 3533 καί
1502 3480 1594 3539 τάς
1619 3480 1871 3544 ίξουσίας,

297 3576 380 3627 καί
402 3576 522 3635 τούς
551 3576 962 3653 κοσμοκράτορας
983 3579 1076 3629 τοῦ
1119 3571 1336 3633 σκότους
1358 3578 1446 3629 τοῦ
1479 3573 1658 3631 αἰῶνος
1686 3572 1874 3626 τούτου

297 3667 427 3735 πρὸς
471 3667 540 3720 τά
581 3668 898 3735 πνευματικά
938 3675 1032 3726 τῆς
1078 3668 1360 3736 πονηρίας,
1400 3666 1531 3740 πρός
1574 3664 1637 3724 ἃς
1689 3665 1811 3737 ἡμῖν
1842 3665 1875 3723 ἠ

298 3758 433 3815 πάλη
479 3757 800 3820 καθέστηκεν,
832 3755 1034 3830 έδραίόν
1065 3775 1120 3811 τε
1157 3758 1242 3810 καί
1278 3756 1626 3813 ἀκατάϐλητον
1651 3764 1741 3815 τῆς
1768 3755 1873 3825 ψυ·

299 3854 403 3916 χῆς
439 3846 757 3920 φυλαχθῆναι
799 3843 1242 3918 [διαφυλαχθῖπαι]
1287 3845 1344 3898 τὸ
1381 3845 1643 3909 σύντονον,
1674 3842 1749 3898 ἔτι
1788 3846 1877 3899 καί

297 3940 426 4012 πρὸς
460 3940 790 3998 ἀπειθοῦντας
817 3940 902 3992 καί
944 3938 1330 4001 ἀντιτείνοντας,
1365 3938 1548 3997 αἰσίως
1584 3940 1669 3992 καί
1702 3934 1876 4002 δεξιῶς

298 4029 551 4102 φέρεσθαι,
592 4030 675 4082 καί
729 4033 798 4088 ὡς
840 4029 989 4083 τέκνα
1034 4029 1255 4089 τούτους
1302 4034 1394 4087 τῆς
1437 4027 1722 4089 Ἐκκλησίας
1761 4029 1875 4083 υίο-

297 4121 571 4185 ποιεῖσθαι,
600 4123 683 4175 καί
729 4120 968 4197 πρόϐατα
1015 4120 1217 4193 λογικῆς
1256 4119 1468 4194 [λογικά]
1511 4129 1605 4183 τῆς
1644 4122 1876 4184 ίκλεκτῆς

296 4218 387 4267 τοῦ
412 4218 632 4288 Χριστοῦ
661 4213 877 4283 ποίμνης
907 4214 1316 4287 καταρτίζοντες,
1344 4214 1431 4265 καί
1541 4213 1650 4287 Θείᾳ
1675 4210 1876 4287 μάνδρᾳ

296 4309 391 4362 τῆς
411 4300 699 4363 Ἐκκλησίας
743 4302 1082 4367 ἐναυλίζεσθαι
1126 4304 1622 4377 παρασκευάζοντες,
1644 4304 1877 4362 ἀνάλωτα

297 4402 404 4455 τοῖς
436 4391 651 4456 ἀνηλεῶς
686 4395 1064 4471 σπαράσσουσι
1106 4394 1277 4458 λύκοις
1324 4398 1551 4470 γίνεσθαι
1598 4405 1710 4460 τοῖς
1757 4397 1873 4470 ὁμου

296 4484 431 4542 νοίας
453 4486 537 4537 καί
560 4485 844 4555 συμπνοίας
877 4485 1187 4558 σημάντροις
1221 4486 1674 4558 ίσφραγισμένους,
1700 4489 1873 4543 ἀνεπι-

300 4576 602 4638 ﬂeuisti-iw:
650 4580 733 4632 καί
785 4579 1044 4654 ἀτρώτους
1093 4575 1422 4652 ἐπάρχοντας
1467 4577 1834 4651 [διαμένοντας]
1854 4624 1870 4648 ,

294 4667 379 4721 ἶνα
427 4676 490 4742 τῇ
533 4669 732 4725 πάντων
776 4670 916 4740 ἡμῶν
968 4669 1150 4742 κεφαλῇ
1194 4678 1400 4744 Χριστῷ
1437 4677 1508 4737 τῷ
1546 4672 1874 4748 ἀρχιποίμενι

297 4758 674 4815 ύποτάσσοιντο
727 4764 813 4815 καί
867 4762 1054 4820 εὐήνιον
1103 4762 1242 4832 αὐτῷ
1297 4763 1381 4816 τόν
1429 4764 1633 4833 αὐχένα
1684 4764 1873 4835 ὑπονέ-

296 4866 449 4921 ροιεν.

369 5091 675 5165 καθαρθῆναι
711 5091 765 5149 δέ
798 5097 933 5168 ἡμᾶς
962 5101 1045 5151 καί
1083 5097 1456 5174 λαμπρωοῆναι
1475 5137 1489 5161 ,
1525 5102 1607 5154 καί
1644 5102 1876 5171 γενέσθαι

297 5177 461 5233 τέλεια
501 5180 692 5236 τελείου
735 5187 896 5257 φωτὸς
943 5188 1230 5256 γεννήματα
1252 5225 1268 5251 ,
1306 5187 1438 5241 ὥστε
1494 5185 1739 5243 δύνασθαι
1788 5193 1875 5244 καί

295 5262 465 5329 ἄλλοις
493 5269 815 5341 μεταδιδόναι
840 5275 1199 5351 λαμπρότητος
1223 5280 1305 5333 καί
1332 5277 1645 5352 καθάρσεως,
1676 5277 1875 5339 δοθῆναι

298 5355 353 5412 δέ
398 5362 515 5433 ἡμῖν
559 5362 701 5435 λόγον
734 5362 786 5419 έν
831 5367 1013 5431 ἀνοίξει
1038 5374 1129 5423 τοῦ
1161 5368 1420 5440 στόματος
1448 5370 1522 5429 είς
1553 5371 1610 5426 τό
1653 5370 1873 5449 πληροῦν

298 5451 416 5509 τούς
435 5452 780 5525 ἀκροωμένους
799 5458 1109 5528 πνεύματος,
1138 5462 1218 5515 καί
1245 5457 1526 5536 κηρύσσειν
1576 5462 1762 5525 ἀόκνως
1790 5467 1872 5519 καί

297 5545 691 5603 συπονωτάτως
731 5552 831 5599 τῶν
875 5545 979 5600 καθ’
999 5550 1136 5621 ἡμᾶς
1176 5554 1475 5621 μυστηρίων
1506 5557 1599 5612 τήν
1638 5552 1868 5621 δύναμιν,

304 5634 484 5704 χάριτι
511 5640 600 5686 τοῦ
631 5643 925 5707 τρανοῦντος
952 5636 1187 5708 γλῶσσαν
1208 5637 1504 5711 μογγιλεῖλον
1523 5641 1866 5718 [pomi-ﬁmo],

301 5723 383 5773 καὶ
422 5721 577 5783 πόδας
625 5724 798 5798 ὀρθοῦν
837 5725 1114 5798 δυναμένου
1165 5729 1507 5799 χωλεύοντας,
1554 5739 1633 5788 καί
1667 5738 1871 5811 τρέχιιν

1899 4530 1952 4590 D

1960 1918 2103 1973 vitas
2142 1916 2383 1983 munita,
2428 1915 2800 1986 palatiumque
2841 1914 3113 1986 repagulis
3155 1912 3541 1976 obfirmatum,

1961 2007 2413 2079 quemadmodum
2426 2006 2681 2061 Salomon
2700 2004 2897 2061 alicubi
2917 2011 3150 2060 testatur
3165 2000 3347 2075 (Prov.
3364 2001 3541 2073 xvnt),

1961 2099 2255 2171 plurimum
2290 2099 2510 2170 quidem
2545 2098 2811 2153 orationis
2840 2097 3092 2167 imploro,
3139 2096 3281 2150 sicut
3308 2092 3544 2165 plurima

1963 2208 2179 2265 quoque
2213 2192 2451 2264 praesidii
2489 2190 2746 2263 indigeo:
2778 2197 2837 2245 at
2870 2189 3116 2245 omnium
3143 2202 3275 2242 vero
3312 2184 3547 2241 maxime

1965 2290 2184 2341 sanctas
2203 2289 2408 2339 saneta:
2439 2289 2495 2337 et
2529 2282 2587 2336 in
2622 2281 2816 2352 spiritu
2847 2279 3325 2336 desideratissimze
3353 2275 3544 2331 frater-

1966 2376 2157 2433 nitatis
2182 2383 2379 2432 vestra:
2402 2389 2596 2446 preces
2634 2382 2690 2429 et
2728 2373 2797 2429 ad
2833 2373 3003 2428 Deum
3032 2371 3449 2427 intercessiones
3492 2368 3547 2423 in

1965 2469 2255 2541 praesentia
2280 2475 2496 2538 exopto,
2527 2467 2857 2538 easdemque
2890 2479 3236 2535 summopere
3264 2463 3546 2527 desidero;

1968 2574 2093 2615 cum
2130 2560 2277 2615 enim
2308 2567 2413 2614 tua:
2443 2573 2635 2629 preces
2669 2558 2815 2614 haud
2860 2573 3019 2614 secus
3060 2564 3222 2627 atque
3252 2554 3453 2627 Moysis
3496 2560 3554 2608 et

1970 2649 2270 2716 Samuelis,
2307 2659 2402 2705 aut
2431 2651 2479 2706 si
2507 2651 2778 2723 quispiam
2807 2651 2947 2707 alius
2974 2665 3216 2720 unquam
3245 2649 3332 2704 his
3358 2646 3552 2704 similis

1967 2740 2209 2805 exstitit,
2253 2742 2324 2796 ob
2364 2741 2447 2796 sui
2487 2741 2781 2811 puritatem
2821 2741 3058 2802 maxime
3102 2741 3214 2796 Deo
3259 2738 3554 2809 appropin-

1969 2839 2166 2902 quent,
2196 2839 2451 2902 rectaque
2479 2832 2548 2886 ad
2574 2831 2798 2887 cceleste
2826 2831 2958 2887 illud
2984 2839 3041 2885 et
3070 2831 3352 2900 spirituale
3380 2829 3555 2884 altare

1970 2923 2231 2987 ferantur,
2262 2937 2368 2979 non
2403 2922 2712 2978 dubitamus
2747 2922 2877 2992 quin
2909 2922 3203 2977 maximam
3249 2920 3352 2976 illic
3395 2921 3554 2977 nobis

1969 3029 2127 3084 opem
2176 3013 2571 3084 utilitatemque
2614 3013 2857 3068 allatura?
2909 3013 3039 3068 sint.
3102 3012 3270 3083 Opem
3320 3013 3551 3083 proinde

1972 3121 2108 3162 mea:
2135 3105 2275 3162 ferte
2302 3105 2637 3169 infirmitati,
2673 3112 2999 3176 sanctasque
3029 3113 3239 3161 vestras
3271 3122 3465 3164 manus
3500 3108 3554 3163 in

1973 3196 2143 3252 altum
2171 3196 2459 3252 sustollite.
2501 3196 2835 3253 Confidimus
2860 3198 3006 3253 enim
3037 3196 3333 3253 etlleaciam
3361 3207 3557 3255 vestra:

1972 3288 2186 3343 fiduciae
2213 3303 2321 3344 non
2353 3288 2657 3345 defuturam
2681 3331 2696 3357 ,
2738 3292 2835 3346 sed
2867 3290 2963 3346 Dei
3000 3290 3427 3348 misericordiam
3463 3293 3557 3349 be-

1971 3379 2418 3449 nignitatemque,
2449 3395 2548 3451 per
2574 3381 2714 3435 hanc
2742 3388 3088 3451 provocatam
3110 3422 3124 3449 ,
3152 3391 3385 3453 repente
3399 3384 3559 3440 nobis

1973 3467 2302 3534 adfuturam,
2330 3478 2686 3540 nostramque
2713 3470 3106 3539 inﬁrmitatem,
3131 3489 3195 3528 ae
3217 3474 3555 3531 debilitatem

1973 3559 2416 3615 conﬁrmaturam
2439 3562 3041 3634 eorroboraturamque,
3058 3578 3167 3633 quo
3187 3564 3311 3619 fidei
3331 3564 3555 3621 loricam

1974 3649 2171 3717 induti,
2196 3659 2251 3706 et
2274 3651 2389 3723 spei
2416 3651 2567 3724 galea
2595 3653 2932 3709 circumtccti
2954 3652 3171 3728 (Ephes.
3194 3672 3246 3710 γι
3267 3672 3291 3722 ς’
3313 3655 3344 3711 Ι
3373 3655 3555 3712 Thess.

1974 3741 2057 3814 v),
2084 3742 2353 3814 intrepide
2384 3746 2776 3813 potestatibus,
2816 3746 3188 3817 principibus,
3219 3756 3274 3802 et
3308 3746 3561 3804 tenebra-

1975 3848 2096 3887 rum
2133 3834 2314 3888 steculi
2354 3834 2516 3902 hujus
2550 3839 2937 3905 potentatibus,
2967 3841 3183 3909 spiritui
3207 3857 3422 3912 quoque
3445 3858 3561 3899 ma-

1975 3921 2140 3987 litiaa,
2190 3922 2509 3992 quibuscum
2552 3936 2812 3996 perpetua
2856 3929 3011 3984 nobis
3053 3930 3195 3986 lucta
3238 3932 3558 3998 intercedit,

1974 4014 2324 4081 obsistamus,
2350 4022 2407 4070 et
2433 4016 2682 4071 stabilem
2715 4017 3204 4090 ineoncussamque
3230 4022 3397 4077 animi
3427 4040 3560 4079 con-

1975 4104 2228 4159 stantiam
2259 4104 2628 4171 retineamus;
2688 4107 2917 4163 rebelles
2965 4119 3227 4178 prmterea
3274 4112 3556 4184 hucusque

1976 4197 2344 4263 adversantes,
2389 4197 2581 4253 dextre
2610 4197 2974 4269 decenterque
3003 4198 3222 4258 Christo
3249 4203 3558 4260 lucrifacia-

1977 4300 2128 4351 mus,
2160 4293 2218 4340 et
2240 4286 2407 4342 veluti
2438 4288 2743 4358 adoptionis
2770 4289 2919 4345 filios.
2938 4300 3139 4347 sancta:
3175 4292 3269 4350 Dei
3306 4294 3559 4351 Ecclesizc

1976 4377 2345 4443 rcstituamus,
2373 4393 2503 4435 oves
2530 4379 2599 4435 ad
2626 4381 2744 4436 [nec
2772 4382 3054 4438 rationalis
3081 4384 3353 4457 eiectique
3379 4390 3558 4459 gregis

1978 4468 2195 4525 Christo
2222 4469 2588 4540 perﬁciamus,
2637 4482 2694 4529 et
2735 4474 2789 4529 in
2831 4481 3016 4532 sacras
3049 4477 3306 4535 Ecclesia:
3347 4478 3554 4545 caulas,

1978 4573 2045 4612 ne
2088 4573 2121 4612 a
2165 4557 2307 4630 lupis
2348 4558 2657 4616 immaniter
2692 4563 2991 4620 dilacerare
3032 4565 3209 4623 solitis
3249 4569 3556 4640 capiantur,

1977 4646 2331 4714 inducamus,
2379 4665 2495 4720 quo
2526 4666 2716 4709 onmcs
2755 4654 2970 4710 tandem
3008 4658 3383 4715 consensionis
3424 4675 3576 4715 con-.

1977 4737 2282 4809 cordimque
2308 4739 2600 4812 signaculis
2622 4743 2840 4809 muniti,
2862 4744 3023 4801 nullis
3045 4745 3300 4818 deinceps
3325 4747 3557 4816 insidiis,

1937 4894 1939 4897 ι
1978 4830 2138 4886 nullis
2167 4831 2542 4903 discerpantur
2575 4837 2877 4903 morsibus,
2924 4839 3019 4893 sed
3053 4837 3270 4897 Christo
3311 4844 3554 4900 omnium

1976 4934 2220 4980 nostrum
2247 4926 2409 4996 capiti
2440 4926 2815 4998 subiiciantur,
2838 4932 3121 5004 eidemque
3147 4950 3316 5005 prona
3343 4943 3401 4992 et
3426 4939 3557 4995 obc-

1975 5014 2178 5070 dientia
2206 5016 2343 5071 colla
2368 5018 2704 5074 submittant.

2045 5105 2230 5172 Orate,
2259 5105 2505 5173 obsecro,
2532 5107 2906 5181 instanterque
2943 5123 3149 5187 rogate,
3177 5124 3236 5171 ut
3265 5117 3407 5173 idem
3438 5119 3557 5191 ipse

1975 5211 2076 5252 nos
2130 5195 2436 5252 illuminare
2484 5214 2549 5254 ac
2598 5202 2896 5260 emundare
2950 5207 3235 5279 dignetur,
3298 5226 3405 5280 quo
3459 5210 3556 5266 filii

1972 5283 2227 5355 perfecta:
2273 5286 2411 5343 lucis
2455 5287 2631 5345 elYecti
2658 5330 2673 5356 ,
2727 5292 2864 5349 alios
2896 5311 3111 5367 quoque
3160 5298 3464 5354 illuminare
3502 5310 3559 5356 et

1974 5374 2268 5460 emundare
2286 5375 2592 5446 valeamus;
2621 5395 2926 5439 sermonem
2947 5386 3295 5445 nihilominus
3319 5388 3374 5443 in
3397 5404 3556 5460 aper-

1981 5453 2127 5522 tione
2149 5467 2262 5524 oris
2285 5468 2674 5539 subministret,
2701 5489 2807 5543 quo
2828 5477 3103 5537 auditores
3122 5487 3338 5537 nostros
3360 5483 3555 5552 spiritu

1978 5559 2399 5631 adimpleamus,
2442 5571 2499 5619 et
2538 5567 2918 5636 mysteriorum
2962 5579 3267 5628 nostrorum
3296 5575 3552 5632 virtutem

1977 5650 2204 5722 impigre
2248 5669 2548 5725 magnaque
2591 5673 2712 5712 cum
2755 5663 3101 5720 contentione
3132 5665 3557 5735 deprzediccmus

1979 5744 2119 5802 illius
2161 5761 2373 5818 semper
2408 5747 2577 5818 gratia
2616 5749 2825 5806 subnixi
2857 5752 3069 5824 (Ep/ws.
3100 5755 3200 5823 vi),
3237 5760 3330 5832 qui
3364 5760 3549 5815 balbu-
