3960 6402
357 376 375 429 I
387 374 490 429 019

420 1012 524 1065 Kal
549 1009 598 1065 οι
631 1009 692 1064 τὸ
715 1010 823 1065 νέον
854 1015 955 1064 τῶν
982 1009 1233 1080 Ῥωμαίων
1262 1004 1420 1080 ὄνομα
1448 1009 1853 1084 κληρωσάμενοι,
1881 1007 1919 1064 ἆ

350 1121 405 1156 τε
440 1097 503 1159 δή
544 1097 629 1153 in!
677 1097 784 1158 ίνός
825 1100 907 1152 καί
941 1103 1034 1153 τοῦ
1080 1098 1235 1152 αὐτοῦ
1279 1098 1505 1170 θεμελίου
1546 1095 1919 1170 ᾠκοδομημένα

351 1196 446 1249 τῆς
473 1191 722 1250 πίστεως.
756 1188 915 1257 φαμὲν
958 1184 1020 1244 δή
1058 1193 1157 1241 τῶν
1197 1188 1493 1242 ἀποστόλων
1532 1191 1618 1242 καί
1653 1194 1919 1264 προφητῶν

351 1273 622 1349 πανσόφων
658 1276 1090 1347 τεχνιτευμάτων,
1117 1277 1342 1336 τεθέντος
1388 1279 1745 1352 ἀκρογωνιαίου
1782 1277 1918 1332 λίθου

352 1375 449 1424 τοῦ
510 1369 711 1425 πάντων
754 1369 896 1436 ἡμῶν
942 1373 1170 1440 Σωτῆρος
1227 1371 1452 1441 Χριστοῦ
1502 1369 1590 1421 καί
1632 1371 1781 1429 Θεοῦ,
1812 1362 1922 1420 κατ’

353 1455 491 1512 οὐδὲν
539 1458 589 1510 ἓν
634 1459 808 1512 πίστει
858 1456 925 1512 τά
965 1453 1179 1528 δεύτερα
1236 1451 1335 1508 τῶν
1390 1454 1751 1528 πρεσϐυτέρων
1792 1455 1923 1509 ἀπο·

352 1549 617 1624 φερόμεθα.
665 1548 742 1603 ἐν
772 1547 873 1622 γὰρ
917 1554 977 1621 τῇ
1008 1547 1273 1621 Ἐκκλησίᾳ
1309 1552 1399 1602 τοῦ
1432 1553 1561 1602 Θιοῦ
1598 1547 1686 1601 οὐκ
1722 1544 1836 1602 ἔστι
1863 1544 1921 1603 τὸ

332 1640 852 1715 ¹προαριθμούμενον,
903 1640 1128 1712 καθάπερ
1168 1634 1258 1692 οῦκ
1307 1636 1445 1693 ἔστιν
1487 1635 1775 1704 Ἰουδαῖος,
1817 1639 1921 1709 οὐχ

342 1726 543 1797 Ἐλλην,
575 1732 634 1787 ού
665 1731 920 1807 βάρϐαρος
958 1728 1034 1800 [οὐ
1060 1725 1299 1798 Σκύθης],
1329 1730 1387 1784 ού
1425 1728 1624 1793 δοῦλος,
1654 1731 1741 1785 οὐκ
1778 1727 1918 1783 ίλεύ·

354 1824 517 1895 θιρος,
554 1821 677 1877 ἀλλά
704 1822 890 1880 πάντες
922 1821 974 1874 ἓν
995 1827 1204 1895 Χριστῷ
1243 1814 1296 1871 ἵν
1325 1820 1493 1891 ἐσμεν.
1539 1818 1806 1894 Τοιγάρτοι
1837 1821 1921 1873 καί
1945 1812 1995 1872 Β

357 1915 408 1966 ἐν
440 1915 554 1983 ἡμῖν
592 1911 619 1966 ό
664 1913 799 1971 θεῖος
836 1911 1025 1971 Παῦλος
1058 1911 1358 1985 κομπαζίτω
1385 1911 1470 1963 καί
1502 1906 1567 1964 αὖ
1578 1910 1739 1979 χείτω
1767 1910 1920 1980 μίγα,

357 2006 440 2058 καί
463 2001 778 2071 σεμνυνίσθω
798 2002 1067 2056 συνάπτων
1090 2006 1203 2059 τοῖς
1229 1998 1459 2059 παλαιοῖς
1479 1999 1547 2052 τά
1565 1999 1672 2060 νέα,
1699 2000 1779 2052 καί
1801 2017 1925 2068 συγ-

358 2096 536 2165 κρίνων
576 2092 636 2145 ἓν,
674 2111 729 2146 τε
779 2089 1000 2161 δόγμασι
1031 2092 1116 2144 καί
1146 2090 1484 2161 κηρύγμασιν.
1519 2084 1591 2141 Ού
1650 2090 1729 2141 καί
1780 2088 1923 2158 ἡμεῖς

356 2190 470 2243 ταῖς
533 2180 884 2241 διδασκαλίαις
966 2183 1049 2235 καὶ
1119 2181 1395 2239 ὑποθήκαις
1463 2179 1698 2248 ίπόμενοι
1754 2175 1924 2250 ίφάἷς

356 2273 664 2343 ὲρῤιζὼμεθα
731 2273 1111 2344 κραταιούμενοι
1156 2278 1218 2343 τῇ
1266 2270 1502 2343 ὁμολογίᾳ
1562 2277 1653 2331 τῆς
1702 2272 1924 2330 πίστεως

358 2365 518 2432 ἡμῶν,
562 2366 614 2416 ἐν
660 2359 690 2436 ᾖ
721 2362 999 2431 ἑστήκαμεν
1045 2362 1132 2415 καί
1172 2361 1510 2431 καυχώμεθα,
1541 2363 1622 2417 καί
1667 2361 1762 2419 τάς
1805 2361 1926 2430 ὁμε-

357 2459 511 2527 τὲρας
553 2451 851 2523 ὑπολήψεις,
894 2453 949 2508 αἷ
982 2453 1110 2511 τινές
1150 2450 1277 2506 ποτέ
1321 2453 1424 2507 είσι
1468 2452 1588 2524 περί
1624 2454 1715 2508 τήν
1761 2449 1925 2510 οὕτως

357 2545 535 2599 εὐκλεᾶ
575 2547 661 2598 καί
703 2545 971 2614 ἀμώμητον
1008 2544 1137 2612 ἡμῖν
1164 2541 1434 2611 θρησκείαν
1474 2540 1923 2612 ἀνακεκαλυμμένῳ

357 2639 620 2711 προσώπῳ
665 2633 982 2707 διαπρυσίοις
1039 2634 1397 2708 κηρύσσομεν,
1439 2633 1544 2703 μεθ’
1558 2630 1618 2694 ἧς
1672 2640 1747 2705 τῷ
1813 2639 1924 2705 Θεῷ

358 2728 679 2800 ὶατριύομεν,
706 2728 789 2779 καί
815 2726 873 2783 ἦν
911 2725 1146 2780 ἀναπνεῖν
1170 2722 1461 2784 διαπαντὸς,
1484 2721 1515 2781 ἦ
1541 2719 1738 2794 [Ηανά.
1765 2720 1920 2790 forte,

445 2820 533 2872 τὸν
576 2818 701 2891 ἀίρα
724 2855 739 2877 ,
768 2816 976 2874 ἀκλινῶς
1028 2812 1248 2885 ἔχομεν’
1304 2811 1335 2888 ᾖ
1374 2816 1459 2867 καί
1500 2812 1923 2883 συναπίρχεσθαι

356 2913 447 2964 τῆς
474 2902 655 2960 ἐνθένδε
690 2908 823 2968 ζωῆς
859 2902 1351 2978 κατισχυριζόμεθα,
1394 2909 1457 2975 τῇ
1509 2898 1693 2956 ἀνωθεν
1741 2902 1923 2975 χάριτι

357 2994 725 3065 δυναμούμενοι
770 2997 855 3049 καὶ
896 2993 1282 3068 φρουρούμενοι,
1330 2994 1398 3053 ὡς
1447 2991 1535 3044 ούκ
1583 2988 1727 3045 ἔστιν
1773 2986 1923 3048 ἄλλην

358 3085 567 3140 ὁδεῦσαι
600 3084 631 3145 ἢ
678 3084 908 3144 ἐπιϐῆναι
934 3084 964 3144 ἣ
998 3087 1064 3139 τὰ
1100 3092 1193 3144 τῆς
1221 3084 1485 3156 παρούσης
1514 3085 1645 3145 ζωῆς
1670 3076 1726 3134 εὖ
1752 3081 1923 3135 θίσθαι

1798 358 2149 417 EPISTOLE
2167 401 2175 413 .

1946 481 1994 537 A
2020 485 2078 531 et
2104 476 2228 541 alia,
2268 475 2362 530 sed
2393 489 2499 529 una
2526 472 2823 542 eademque
2860 469 2981 526 ςαξιὶ
3022 476 3288 538 terraque
3315 466 3593 533 Ecclesia;

3457 358 3595 413 1050

2015 580 2184 634 quare
2220 579 2320 623 nec
2355 563 2629 619 immerito
2671 577 2833 619 unam
2874 561 3073 630 ubique
3100 573 3331 629 eamque
3360 558 3597 614 indivul-

2016 669 2130 710 sam
2179 669 2277 723 per
2318 652 2441 708 ﬁdei
2485 653 2828 707 concordiam
2871 651 3193 707 societatem
3232 649 3581 713 obtinemus;

2015 759 2191 813 neque
2224 743 2371 799 enim
2407 743 2463 798 in
2497 742 2680 797 Iudaea
2709 750 2915 797 tantum
2944 750 3104 799 notus
3138 749 3225 799 est
3258 741 3403 796 Deus
3424 778 3439 803 ,
3485 740 3582 795 sed

2014 835 2164 890 omni
2201 835 2255 889 in
2290 833 2440 900 loco,
2479 848 2799 904 quocunque
2834 847 2988 889 mens
3023 847 3284 893 sensusve
3309 831 3581 901 attingere

2018 929 2219 993 potest.
2404 937 2409 942 ·

2090 1014 2243 1070 Unde
2287 1021 2343 1069 et
2385 1027 2485 1069 nos
2525 1027 2776 1083 quoque,
2823 1013 2917 1083 qui
2964 1027 3127 1070 novae-
3159 1013 3345 1070 Rome
3387 1025 3587 1067 nomen

2016 1104 2195 1161 sortiti
2228 1118 2448 1171 sumus,
2492 1113 2749 1173 tanquam
2786 1119 2951 1174 super
2986 1120 3096 1160 uno
3131 1104 3431 1173 eodemque
3468 1102 3592 1158 ﬁdei
3646 1102 3649 1105 ’

2016 1196 2389 1262 fundamento,
2420 1196 2783 1266 apostolorum
2814 1196 3072 1253 nimirum
3099 1203 3158 1251 et
3182 1196 3591 1266 prophetarum,

2016 1286 2542 1356 sapientissimon
2566 1286 2756 1356 utique
2780 1286 3201 1341 architectorum
3216 1325 3232 1351 ,
3268 1284 3487 1344 Christo
3513 1284 3599 1338 in-

2020 1376 2181 1431 terim
2226 1384 2282 1431 et
2325 1376 2455 1440 Deo,
2485 1375 2726 1430 omnium
2753 1382 2998 1430 nostrum
3032 1373 3314 1433 Salvatore
3350 1386 3451 1443 pro
3497 1388 3597 1428 an-

2019 1467 2194 1539 gulari
2239 1465 2419 1536 lapide
2465 1474 2522 1520 et
2571 1465 2922 1521 fundamento
2956 1463 3264 1529 substrata,
3304 1463 3556 1519 aediﬁcati
3576 1501 3594 1528 ,

2018 1557 2167 1629 quod
2189 1558 2405 1627 quidem
2433 1557 2502 1612 ad
2528 1555 2654 1611 ﬁdei
2678 1555 3047 1626 integritatem
3076 1553 3288 1616 attinet,
3314 1552 3591 1609 veteribus

2023 1647 2282 1703 Romanis
2307 1661 2649 1717 nequaquam
2704 1646 2968 1701 cedimus.
3015 1642 3153 1699 Nam
3182 1643 3237 1698 in
3262 1642 3465 1698 sanctis
3498 1643 3595 1698 Dei

2022 1737 2279 1794 Ecclesiis
2308 1751 2417 1791 non
2452 1743 2537 1791 est
2568 1735 2767 1805 prioris
2795 1742 2891 1789 aut
2914 1733 3235 1805 posterioris
3263 1732 3423 1798 ratio,
3455 1732 3598 1787 sicut

2022 1844 2198 1899 neque
2223 1827 2395 1884 Judaei
2427 1842 2642 1898 quoque
2675 1836 2731 1882 et
2756 1826 2966 1892 Graeci,
3011 1826 3155 1881 servi
3201 1833 3262 1880 et
3303 1824 3493 1886 liberi,
3542 1832 3599 1879 et

2020 1919 2240 1976 barbari
2267 1926 2325 1974 et
2352 1917 2566 1989 Scytha
2583 1956 2600 1982 ,
2630 1917 2726 1972 sed
2754 1930 2947 1973 omnes
2969 1930 3139 1973 unum
3177 1915 3231 1973 in
3258 1913 3477 1971 Christo
3494 1929 3596 1969 .su-

2021 2026 2144 2067 mus
2170 2009 2395 2081 (Colon.
2422 2009 2533 2080 tu).
2583 2008 2927 2077 Quapropter
2968 2014 3026 2062 et
3072 2006 3140 2063 de
3187 2004 3343 2063 nobis
3382 2018 3597 2073 quoque

2020 2101 2176 2157 divus
2193 2099 2391 2155 Paulus
2416 2097 2694 2169 glorietur,
2717 2094 3108 2164 magniﬁcoque
3133 2094 3353 2157 sentiat,
3377 2100 3432 2147 et
3457 2106 3595 2149 nova

2021 2190 2259 2260 antiquis
2285 2189 2639 2259 coniungens,
2666 2187 2967 2257 dogmaque
2993 2184 3232 2255 dogmati
3253 2223 3270 2250 ,
3314 2194 3370 2239 et
3403 2183 3599 2252 praedi-

2023 2283 2291 2337 cationem
2338 2277 2709 2352 praedicationi
2761 2275 3141 2341 committens,
3206 2289 3272 2331 ex
3323 2287 3479 2342 aequo
3526 2273 3593 2326 de

2020 2371 2265 2439 utrisque
2290 2370 2509 2440 gestiat.
2564 2365 2847 2436 Siquidem
2873 2380 2974 2423 nos
2998 2379 3153 2433 aeque
3188 2378 3255 2419 ac
3290 2362 3404 2428 illi,
3452 2361 3597 2416 illius

2021 2462 2325 2517 doctrinam
2357 2468 2417 2516 et
2442 2459 2841 2515 institutionem
2865 2455 3097 2513 assecuti
3127 2469 3335 2519 sumus,
3376 2454 3431 2508 in
3467 2452 3599 2508 illis-

2020 2568 2128 2622 que
2156 2552 2504 2609 consistimus
2530 2551 2759 2607 radicati
2776 2589 2792 2615 ,
2831 2557 2889 2606 et
2916 2550 2970 2605 in
3001 2549 3125 2607 ﬁdei
3153 2555 3357 2605 nostrae
3383 2546 3597 2602 confes-

2020 2642 2173 2697 sione
2197 2639 2502 2697 conﬁrmati
2528 2659 2542 2694 :
2575 2640 2631 2695 in
2656 2655 2764 2711 qua
2791 2641 2958 2696 etiam
2984 2647 3190 2697 stamus
3217 2645 3275 2693 et
3298 2636 3596 2707 gloriamur

2020 2742 2371 2800 nostramque
2398 2747 2561 2801 quam
2594 2732 2662 2787 de
2690 2732 2950 2802 religione
2987 2745 3159 2799 usque
3195 2730 3330 2785 adeo
3360 2728 3597 2799 gloriosa

2020 2830 2077 2878 et
2106 2822 2377 2891 inculpata
2406 2822 2670 2878 habemus
2697 2820 3233 2888 sententiam'aperta
3253 2818 3597 2887 revelataque

2021 2909 2159 2966 facie
2186 2911 2581 2980 praedicamus;
2608 2910 2664 2966 in
2689 2924 2798 2980 qua
2834 2918 2891 2965 et
2925 2910 3036 2964 Deo
3060 2923 3276 2978 quoque
3307 2908 3594 2972 servimus,

2020 3009 2078 3058 et
2109 3002 2238 3057 dum
2268 3000 2596 3069 spirabimus
2634 3000 2913 3055 indefense
2947 3012 3300 3070 perseverare
3321 3037 3336 3062 ,
3386 2995 3596 3053 ccclesti

2025 3091 2202 3163 gratia
2225 3090 2562 3147 corroborati
2588 3089 3046 3159 constabilitique,
3071 3104 3139 3144 ex
3163 3089 3266 3143 hac
3286 3088 3397 3142 vita
3422 3088 3599 3143 disce-

355 3174 387 3233 ἣ
429 3182 528 3230 τῶν
552 3174 600 3226 ἕν
622 3180 685 3243 τῇ
703 3173 952 3247 μελλούσῃ
997 3173 1332 3245 ἀποκειμένων
1379 3178 1483 3230 τοῖς
1530 3171 1683 3233 ἀξίοις
1726 3163 1924 3239 ἀγαθῶν

2025 3150 2154 3237 dere
2180 3188 2558 3250 peroptamus;
2592 3194 2692 3236 nec
2720 3179 2863 3235 enim
2892 3150 2997 3233 alia
3027 3150 3111 3233 est
3136 3179 3249 3242 via,
3276 3186 3337 3232 ut
3356 3192 3594 3247 praesen-

362 3265 473 3320 ἐπιτ
481 3264 736 3328 εύξασθαι.

429 3523 683 3600 ιΟμολογῶ
716 3527 881 3582 τοίνυν
918 3522 1176 3583 πιστεύειν
1204 3526 1277 3587 εἰς
1312 3525 1400 3581 ἕνα
1425 3524 1549 3580 Θεὸν
1575 3524 1772 3598 Πατέρα
1797 3544 1928 3578 παν⁶

357 3619 674 3694 τοκράτορα,
702 3620 790 3673 τόν
836 3619 1036 3675 πάντων
1076 3622 1286 3696 ποιητήν
1320 3619 1401 3672 καί
1438 3614 1687 3673 δεσπότην
1717 3620 1800 3671 καὶ
1832 3611 1926 3667 κύ-

358 3724 484 3783 ριον⁸
515 3711 600 3763 καί
624 3710 695 3768 είς
737 3710 822 3764 τόν
860 3711 970 3762 Υἱόν
1000 3712 1156 3764 αὐτοῦ
1201 3711 1285 3763 τόν
1336 3718 1578 3781 μονογενῆ
1629 3711 1717 3765 τόν
1754 3709 1928 3778 κύριον

359 3803 497 3869 ἡμῶν
535 3801 728 3857 Ἰησοῦν
766 3801 1001 3874 Χριστὸν,
1032 3802 1116 3855 τὸν
1158 3801 1378 3857 ἀληθινόν
1422 3801 1563 3866 Θεὸν,
1591 3801 1677 3854 τὸν
1704 3801 1927 3870 προοιιὼ-

357 3911 455 3943 υτον
492 3889 665 3962 Λόγον,
694 3889 774 3942 τόν
807 3890 1052 3962 ἀνάρχως
1097 3892 1183 3944 καί
1216 3890 1488 3978 ἀφράστως
1525 3889 1573 3953 ἐξ
1608 3890 1763 3943 αὐτοῦ
1811 3907 1927 3958 γινο

358 3981 592 4043 ηθὲντα,
643 3978 879 4039 ἀλήπτως
929 3983 1011 4032 καί
1064 3977 1402 4054 ἀπερινοήτως
1454 3980 1601 4051 πάσῃ
1650 3983 1798 4051 νοητῇ
1846 3977 1930 4029 καί

359 4071 570 4140 αίσθητῇ
617 4072 797 4123 κτίσει·
850 4071 933 4123 καί
975 4070 1045 4129 είς
1085 4072 1143 4123 τὸ
1195 4074 1392 4138 Πνεῦμα
1432 4075 1525 4129 τῆς
1568 4067 1819 4131 ἀληθείας,
1868 4067 1929 4122 τό

325 4154 331 4160 ’
361 4158 649 4234 ζωαρχικὸν
673 4162 759 4212 καί
780 4160 1039 4229 πανάγιον⁶
1062 4156 1257 4232 Τριάδα
1283 4156 1566 4227 όμοούσιον,
1597 4152 1925 4227 ύπερούσιον,

361 4252 595 4328 ἀόρατον,
640 4251 1008 4316 ἀκατάληπτον,
1048 4252 1360 4322 ἀχώριστον,
1391 4247 1739 4309 ἀναλλοίωτον,
1770 4246 1930 4305 ἁπλῆν

361 4345 444 4397 καί
488 4343 649 4416 ἀμερῆ
689 4344 775 4395 καί
819 4342 1103 4403 ἀσύνθετον,
1141 4338 1478 4399 ἀδιάστατον,
1507 4336 1688 4401 ἀΐδιον,
1718 4338 1930 4405 ἀσώμα-

2022 3279 2133 3326 tem
2163 3271 2305 3326 hanc
2328 3271 2492 3327 vitam
2520 3278 2667 3326 recte
2695 3276 2989 3338 sancteque
3017 3268 3391 3333 instituamus,
3424 3269 3593 3323 bona-

2023 3374 2128 3431 que
2151 3374 2273 3430 quae
2296 3359 2472 3429 dignis
2499 3359 2556 3414 in
2581 3358 2763 3414 futuro
2789 3357 2985 3414 saeculo
3010 3357 3248 3428 reposita
3274 3364 3420 3422 sunt,
3444 3361 3598 3412 certo

2024 3465 2440 3520 consequamur.
2576 3461 2583 3466 '

2092 3539 2290 3596 Fateor
2309 3539 2536 3608 proinde
2562 3554 2649 3596 me
2672 3540 2893 3597 credere
2918 3540 2975 3596 in
3001 3555 3166 3597 unum
3188 3540 3356 3597 Deum
3376 3522 3597 3595 Patrem

2015 3628 2480 3699 omnipotentem,
2524 3629 2767 3685 omnium
2797 3628 3091 3693 factorem.
3131 3628 3373 3685 omnium
3404 3628 3595 3685 herum

2024 3729 2082 3777 et
2104 3720 2413 3784 dominum;
2439 3728 2492 3775 et
2513 3720 2569 3775 in
2586 3718 2779 3777 Filium
2807 3720 2925 3790 ejus
2952 3720 3284 3789 unigenitum
3312 3718 3595 3774 Dominum

2026 3817 2273 3863 nostrum
2320 3807 2503 3863 Jesum
2525 3807 2857 3878 .Christum,
2901 3822 3088 3863 verum
3120 3808 3322 3872 Deum,
3354 3792 3591 3862 Verbum

2026 3906 2289 3954 aeternum
2305 3936 2321 3961 ,
2357 3890 2654 3965 ab,':eterno
2680 3896 3047 3961 ineﬁ'abiliter,
3075 3894 3598 3965 incomprehensibi-

2027 3985 2173 4051 liter,
2204 3984 2471 4054 modoque
2498 3998 2659 4053 quem
2690 3983 2829 4041 nulla
2850 4023 2864 4047 ,
2907 3998 3081 4051 neque
3115 3983 3391 4053 spiritalis,
3421 3996 3597 4050 neque

2028 4077 2300 4135 sensibilis
2321 4083 2573 4132 creatura
2602 4075 2814 4144 assequi
2844 4084 3050 4145 potest,
3078 4091 3146 4131 ex
3177 4074 3338 4129 Patre
3368 4081 3588 4140 natum;

1993 4189 2000 4195 ·
2026 4176 2083 4225 et
2112 4168 2166 4223 in
2193 4166 2456 4236 Spiritum
2492 4173 2737 4222 sanctum
2765 4164 3037 4221 viviﬁcum
3071 4180 3137 4221 ac
3169 4164 3592 4220 sanctissimum.

2027 4257 2201 4315 Credo
2237 4257 2293 4315 in
2333 4257 2672 4317 homousiam
2711 4256 3064 4321 Trinitatem,
3105 4254 3596 4326 supersubstantia-

2028 4348 2131 4404 lem
2148 4388 2164 4414 ,
2196 4347 2633 4419 inaspectabllem
2649 4387 2664 4413 ,
2693 4346 3289 4417 ineomprehensibilem
3309 4385 3325 4412 ,
3353 4346 3595 4415 imparti-

361 4452 467 4496 τον,
503 4427 698 4497 ἅπειον,
740 4427 957 4496 όίποσον,
1005 4429 1261 4501 ὁμότιμον,
1309 4426 1541 4499 ὁμόδοξον
1580 4430 1661 4483 καί
1705 4426 1922 4498 όμόθεον⁶

2027 4438 2211 4502 bilem,
2225 4435 2639 4503 inalterabilem,
2652 4445 2930 4500 aeternam,
2950 4436 3253 4500 indivisam,
3269 4433 3591 4504 simplicem,

361 4526 521 4596 ἀναφῆ
549 4543 603 4579 τε
639 4525 722 4577 καί
749 4522 1087 4595 ἀφηλάγητον,
1128 4526 1216 4579 καί
1259 4524 1666 4592 ἀσχημάτιστον,
1709 4522 1923 4593 ἀπιιρά·

361 4615 538 4686 γαθον,
593 4620 696 4686 φῶς
749 4614 1058 4684 ἀειλαμπὲς,
1118 4614 1424 4685 τριλαμπίς,
1480 4613 1794 4689 ύπίρφωτον,
1846 4597 1926 4666 ἀεί

363 4704 614 4765 ὡσαύτως
646 4707 733 4758 καί
768 4706 898 4761 κατά
943 4707 1008 4759 τὰ
1065 4706 1193 4761 αὐτὰ
1234 4702 1494 4776 ἔχουσαν·
1539 4706 1743 4761 πάντων
1806 4708 1922 4759 ἰπο-

362 4799 542 4851 πτικῆν
591 4797 675 4848 καί
712 4795 1018 4856 τελειωτικήν
1049 4794 1282 4866 δύναμιν,
1318 4799 1450 4850 πᾶσι
1480 4802 1587 4851 τοῖς
1624 4793 1837 4868 λογικοῖς
1867 4812 1923 4849 τε

364 4888 443 4939 καί
473 4875 660 4961 νοιροῖς
678 4923 693 4950 ,
723 4892 907 4961 verpa};
949 4889 1033 4941 καί
1067 4888 1265 4962 ἀμερῶς
1290 4892 1354 4959 τῇ
1379 4887 1592 4961 προνοίᾳ
1618 4880 1924 4959 [προχύσιι]

362 4980 449 5030 τοῦ
511 4976 643 5028 θείου
696 4976 857 5048 φωτός
907 4976 1294 5047 ἒπιλάμπουσαν
1358 4975 1609 5047 ἀναλόγως
1659 4981 1773 5034 ταῖς
1830 4981 1930 5030 τῶν

366 5066 700 5138 φωτιζομίνων
749 5066 1114 5139 παραδοχαῐς,
1151 5070 1235 5121 καί
1277 5069 1408 5141 πρὶς
1450 5069 1509 5123 τό
1542 5063 1670 5122 εἶναι
1714 5064 1820 5137 [καὶ
1864 5061 1923 5121 εὖ

365 5154 508 5226 εἶναι]
538 5157 873 5235 διατηροῦσαν
921 5161 1260 5233 ἕνηύφεστῶσι
1300 5162 1574 5237 πράγμασι
1616 5163 1698 5216 καί
1741 5161 1801 5215 ού
1839 5159 1927 5230 ψι-

367 5250 469 5309 λοῖς
510 5250 725 5320 ὀνόμασι
762 5254 1148 5324 γνωριζομένην,
1187 5257 1279 5324 μιᾷ
1313 5252 1529 5318 θεότητι,
1574 5253 1655 5307 καί
1700 5252 1922 5325 ἐξουσίᾳ,

367 5343 447 5392 καὶ
471 5341 703 5416 βασιλείᾳ
749 5340 1090 5414 δοξαζομένην,
1122 5347 1205 5399 καί
1231 5343 1670 5419 προσκυνουμένην
1706 5341 1805 5396 om;
1826 5341 1927 5397 1rd:-

306 5448 310 5451 ‘
365 5451 458 5491 σης
501 5430 754 5504 ἐρωμένης
780 5435 861 5487 καί
889 5435 1107 5509 ἀοράτου
1134 5436 1363 5521 κτίσεως.

2026 4528 2202 4584 omnis
2228 4527 2416 4598 partis,
2444 4528 2624 4583 omnis
2649 4526 3073 4596 compositionis,
3111 4526 3287 4581 omnis
3324 4524 3592 4593 corporis,

2022 4618 2199 4674 omnis
2242 4617 2561 4688 quantitatis
2612 4624 2667 4671 et
2712 4616 2987 4686 qualitatis
3030 4624 3346 4685 expertem,
3396 4615 3589 4670 eodem

2023 4711 2264 4776 honore,
2312 4708 2502 4764 eadem
2539 4706 2708 4778 gloria
2733 4746 2749 4772 ,
2795 4706 2982 4761 eadem
3020 4706 3218 4763 deitate
3259 4704 3591 4775 pollentem,

2022 4798 2153 4857 nulli
2181 4813 2355 4868 neque
2378 4797 2578 4862 tactui,
2616 4812 2791 4867 neque
2819 4797 3093 4852 contactui
3118 4796 3331 4853 obviam
3353 4835 3369 4861 ,
3414 4794 3595 4850 omnis

2026 4888 2212 4958 ﬁgura:
2239 4896 2544 4953 exsortem,
2577 4886 2782 4942 inﬁnite
2810 4887 3035 4951 bonam,
3070 4885 3252 4941 lumen
3277 4885 3598 4943 defectionis

2026 4980 2300 5046 nesciam,
2350 4979 2616 5043 trilueem,
2646 4976 3176 5048 supersplendidam,
3224 4991 3437 5047 semper
3479 4975 3596 5046 pari

2025 5070 2293 5140 similique
2319 5071 2478 5125 modo
2501 5069 2766 5132 aﬁ‘ectam,
2792 5070 3042 5126 virtutem
3065 5069 3245 5127 omnia
3271 5069 3593 5131 intuentem,

2024 5160 2309 5228 omniaque
2332 5158 2731 5228 perﬁcientem;
2772 5158 3024 5214 omnibus
3050 5174 3174 5214 cum
3200 5159 3408 5213 ratione
3424 5197 3439 5222 ,
3477 5166 3592 5211 tum

2024 5248 2300 5304 intellectu
2325 5262 2537 5317 quoque
2565 5248 2804 5318 przcditis
2832 5249 3184 5319 spiritualiter
3204 5248 3592 5317 indivulseque,

2026 5346 2082 5393 et
2104 5337 2331 5408 proinde
2353 5352 2451 5408 per
2478 5337 2673 5392 divina:
2699 5338 2839 5393 lucis
2867 5339 3076 5394 radium
3106 5347 3447 5411 praesentem,
3476 5338 3598 5393 illu-
3659 5353 3671 5364 '

2012 5434 2231 5489 minata
2269 5439 2326 5488 et
2356 5431 2645 5488 existentia
2682 5432 2899 5496 omnia,
2947 5440 3058 5487 tam
3093 5432 3150 5487 in
3188 5446 3305 5486 esse
3336 5446 3497 5499 quam
3543 5431 3595 5485 in

2026 5524 2166 5580 bene
2192 5536 2312 5578 esse
2340 5521 2747 5587 convenienter,
2778 5533 2942 5593 prout
2968 5521 3227 5589 cujusque
3253 5529 3443 5574 natura
3474 5518 3597 5581 fert,

2029 5620 2479 5677 conservantcm;
2527 5611 2583 5667 in
2621 5612 2784 5668 rebus
2817 5610 3265 5675 subsistentibus,
3309 5618 3364 5664 et
3402 5625 3508 5663 non
3548 5611 3601 5663 in

2027 5706 2159 5764 solis
2197 5704 2460 5774 nudisque
2496 5703 2805 5761 nominibus
2837 5701 3139 5776 cognitam;
3165 5715 3270 5757 una
3295 5699 3598 5762 divinitate,
