3960 6408
249 369 386 427 1055

1693 340 2071 400 EPISTOLIE.

3351 316 3498 372 ,1034

247 487 526 565 ὡρισμένον
570 486 867 558 μυστήριον,
899 476 976 532 ἐπ’
994 474 1239 543 ίσχάτων
1268 469 1320 526 δὲ
1345 473 1442 523 τῶν
1471 463 1669 539 χρόνων
1698 463 1822 516 ἀπο·
1852 510 1856 519 ,

1965 465 2055 511 nte
2073 454 2253 510 omnia
2274 450 2468 508 saecula
2495 441 2913 518 pra'deﬂnitum,
2959 435 3014 490 in
3038 429 3346 488 novissimis
3371 441 3501 482 vero

1961 564 1966 565 '
2015 562 2059 565 λ’*
2080 545 2252 565 ’κ-⁵¹--·-
2287 543 2348 565 Α)
2382 540 2542 565 ἈΛ-ιε·
2572 533 2791 565 ιιι-νηη-ιῖ
2820 527 3045 565 nonaria.
3085 522 3315 565 cnlnlram
3346 527 3501 565 nale-

246 576 481 647 καλυφθὶν
528 573 610 626 ίπί
657 569 886 642 σωτηρίᾳ
931 564 1126 622 παντὸς
1171 565 1262 615 τοῦ
1310 559 1481 630 γίνους
1530 555 1670 619 ἡμῶν
1693 591 1708 614 ,
1739 552 1824 604 καί

247 639 560 723 ὶπιτίλεσθέν
587 659 672 714 διά
714 639 809 717 τῆς.
831 656 1046 727 μεγάλης
1074 647 1533 722 συγκαταξάσεως,
1559 643 1640 696 καί
1664 639 1825 713 άῤῥη·

246 781 339 817 του
382 756 667 824 οίκονομίας
696 757 788 805 τοῦ
830 750 940 807 ἑνὸς
965 755 1056 806 τῆς
1087 744 1258 816 ἁγίας,
1290 742 1376 795 καί
1404 739 1654 801 ζωοποιοῦ
1682 731 1825 806 τριά-

250 852 338 911 δος
365 851 588 922 Χριστοῦ
619 847 708 898 τοῦ
751 841 983 898 ἀληθινοῦ
1009 841 1136 891 Θεοῦ
1175 835 1346 902 ἡμῶν·
1372 829 1458 883 ἵνα
1487 825 1598 881 ὅθεν
1625 825 1742 894 ἡμῖν
1767 820 1825 874 τὸ

251 941 371 998 εἶναι
399 939 591 1013 ὑπῆρξε
617 934 703 990 διά
737 938 825 991 την
849 929 1040 1002 ἄφατον
1067 928 1222 982 αὐτοῦ
1261 921 1571 992 άγαθὸτητα,
1614 915 1828 968 ἐντεῦθεν

251 1037 334 1088 καί
361 1033 418 1087 τὸ
445 1023 504 1084 εὖ
531 1024 656 1082 εἶναι
684 1027 807 1096 ἡμῖν
851 1020 1148 1096 χαρισθείη.
1194 1014 1446 1086 Ὁμολογῶ
1487 1004 1576 1062 οὖν
1618 1009 1699 1060 καί
1736 1025 1823 1058 πι-

250 1127 453 1188 στεύω,
497 1120 648 1177 αὐτὸν
701 1119 786 1172 τὸν
831 1116 921 1170 ἕνα
969 1121 1059 1171 τῆς
1105 1114 1401 1183 ζωαρχεκῆς
1443 1104 1530 1156 καί
1579 1100 1828 1172 μακαρίας

252 1212 466 1289 Τριάδος
493 1210 581 1266 τὸν
606 1213 697 1264 τοῦ
725 1210 852 1260 Θεοῦ
881 1203 998 1258 Υίὸν
1019 1203 1114 1254 ’καί
1146 1195 1305 1270 Δὸγον
1339 1195 1426 1248 τὸν
1462 1197 1536 1264 τῷ
1564 1191 1720 1263 Πατρί
1747 1189 1831 1240 καί

255 1313 330 1379 τῷ
391 1304 518 1375 ἁγίῳ
576 1300 824 1370 Πνξύματι
897 1291 1072 1351 ἆίδίως
1135 1285 1684 1362 συμπροσκυνούμενον
1745 1279 1832 1331 καί

255 1369 709 1460 συνδοξαζόμενον,
742 1388 810 1445 ὡς
858 1383 1124 1453 ὁμοούσιον
1179 1380 1266 1430 καί
1311 1375 1586 1448 σύνθρονον
1634 1369 1831 1440 ἀπείρῳ

257 1481 598 1557 φιλανθ-ρωπίᾳ
642 1471 927 1544 κινούμενον
973 1470 1106 1542 πρὸς
1136 1463 1298 1522 οἶκτον
1340 1459 1432 1519 τοῦ
1476 1463 1660 1515 οἰκείου
1707 1457 1834 1512 πλά-

212 1585 215 1596 ’
259 1593 492 1642 σματος,
549 1567 754 1639 εὐδοκία
801 1569 1025 1636 πατρικῇ
1067 1561 1145 1612 καί
1203 1561 1498 1625 οἰκτιρμοῖς,
1550 1553 1734 1624 χάριτί
1777 1567 1833 1602 τε

259 1669 346 1720 καί
389 1663 628 1736 συνεργίᾳ
673 1664 764 1712 τοῦ
796 1655 1043 1724 παναγίου
1092 1651 1397 1719 Πνεῦματος,
1440 1644 1738 1698 κατελθόντα
1781 1640 1836 1692 ίκ

260 1764 359 1808 τῶν
405 1755 626 1829 οὐρανῶν
674 1755 788 1807 τοῖς
850 1745 1126 1816 ἀνθρώποις
1189 1741 1708 1810 συναναστραφῆναι,
1753 1731 1836 1783 ἵνα

257 1846 380 1903 τοὺς
427 1840 817 1914 κατακριθέντας
864 1836 998 1904 ἡμᾶς
1036 1831 1195 1886 πάλαι
1233 1837 1294 1899 τῇ
1351 1826 1578 1900 ἁμαρτίᾳ
1623 1824 1706 1876 καὶ

259 1943 452 2011 τρυφῆς
479 1930 861 1988 ἐκπεπτωκότας
893 1924 1226 2002 παραδείσου,
1267 1924 1348 1976 καί
1377 1908 1628 1994 regem;
1653 1917 1839 1971 ὑπινη-

257 2028 539 2101 νεγμὲνους
588 2023 777 2098 χάριτι
840 2023 1193 2085 άνασῶσηται,
1243 2019 1326 2069 καί
1381 2015 1518 2072 θείας
1577 2009 1841 2067 κοινωνςῦς

267 2119 624 2194 ἀπεργάσηται
679 2116 898 2185 φύσεως.
945 2112 1236 2168 Ἐνοικήσας
1286 2107 1382 2179 γὰρ
1431 2106 1482 2158 ἓν
1535 2111 1596 2173 τῇ
1650 2100 1844 2174 γαστρί

265 2219 356 2271 τῆς
411 2209 677 2286 Παρθένου,
733 2209 819 2261 καί
868 2203 1049 2278 κυρίως
1101 2202 1189 2255 καί
1246 2195 1438 2257 άληθῶς
1467 2194 1714 2250 Θεοτὸκου
1762 2192 1848 2244 καί

265 2297 446 2371 ψυχὴν
484 2281 579 2352 *καί
622 2296 791 2372 σάρκα
842 2293 1281 2366 προκαθαρθιίσης
1324 2295 1396 2361 τῷ
1441 2285 1714 2355 Πνεῦματι,
1759 2281 1847 2333 καί

272 2388 388 2446 ὅλον
440 2390 510 2449 εἰς
562 2387 741 2442 ἑαυτὸν
806 2383 1078 2454 ἀνειληφὼς
1124 2381 1176 2444 ἒξ
1239 2380 1395 2437 αὐτῆς
1456 2377 1515 2430 τὸ
1573 2374 1847 2446 ἡμέτερον,

268 2483 446 2556 ὥσπερ
489 2480 538 2532 ίν
576 2481 722 2552 ἀρχῇ
762 2475 1172 2541 ζωοπλαστήσας
1207 2471 1293 2526 τᾶν
1333 2467 1610 2541 ἄνθρωπον,
1632 2462 1848 2538 προῆλθε

268 2570 392 2630 Θεὸς
421 2569 824 2644 σεσαρκωμίνος,
834 2565 1007 2638 μείνας
1036 2565 1190 2616 τοῦτο
1227 2556 1358 2632 ὅπερ
1383 2554 1440 2615 ἦν
1467 2554 1615 2626 Θερς.

348 2830 584 2904 Παρθένον
612 2828 699 2882 καί
725 2827 854 2898 μετά
890 2824 1037 2880 τόκον
1071 2827 1162 2882 τήν
1191 2821 1459 2896 ὑπερφυῶς
1488 2819 1579 2872 καί
1613 2817 1852 2894 ἆρρήτως

276 2927 527 2975 τεκοῦσαν
561 2922 914 2991 συντηρήσας,
945 2913 1191 2986 μηδαμῶς
1229 2919 1321 2972 τῆς
1366 2911 1498 2965 κατᾶ
1537 2910 1687 2980 φύσιν
1714 2925 1854 2980 παρ-

275 3011 438 3069 θενίας
463 3009 749 3083 τραπείσης
769 3008 841 3067 είς
865 3003 1068 3068 ἔνδειξιν
1090 3003 1244 3060 άληθῆ
1263 3007 1355 3062 τῆς
1375 2998 1507 3054 κατὰ
1525 3003 1615 3057 τήν
1637 2994 1856 3071 πρόοδον

279 3103 438 3156 αὐτοῦ
484 3103 576 3159 τῆς
619 3102 896 3170 γεννήσεως
949 3093 1194 3171 ἀτρεψίας
1237 3093 1322 3146 καί
1363 3089 1695 3145 ἆναλλοιώτου
1737 3083 1856 3141 δια-

281 3201 455 3262 μονῆς.
503 3202 560 3246 ιο
587 3188 659 3264 τῷ
707 3193 866 3264 ηατρί
902 3183 1002 3260 γάρ
1050 3189 1307 3258 συμφυής,

280 3285 414 3339 κατά
461 3283 652 3343 πάντα,
703 3283 870 3354 χωρὶς
915 3278 1173 3350 ἁμαρτίας
1224 3273 1516 3347 γενόμενος,
1559 3271 1859 3342 σπέρματος

281 3372 514 3446 ’Λξραάμ
557 3369 979 3440 ίπιλαμϐάνεταε,
1024 3365 1402 3441 παραπλησίως
1459 3364 1583 3434 ἡμῖν
1645 3380 1862 3414 κεκοινω-

283 3466 444 3523 νηκὼς
484 3462 701 3530 αἵματος
745 3461 825 3513 καὶ
853 3457 1062 3534 σαρκὸς’
1105 3459 1272 3531 σάρκα
1313 3452 1694 3525 ἔμψυχωμίνην
1730 3449 1864 3505 δινεί-

282 3554 404 3627 ληφε
451 3555 605 3624 ψυχῇ
652 3556 824 3626 λογικῇ
871 3553 958 3607 καὶ
994 3556 1143 3621 νοερᾷ
1185 3547 1419 3618 οὐδαμῶς
1459 3549 1865 3621 προῦποστᾶσαν

288 3653 379 3704 τῆς
414 3642 571 3715 ἄκρας
615 3613 862 3706 ίνώσεως,
908 3643 1034 3696 ἀλλὰ
1225 3613 1354 3718 σάρξ
1407 3613 1656 3708 ἔμψυχος
1695 3613 1866 3709 λογικίῆ

289 3733 375 3786 ἐπί
410 3738 504 3790 τῆς
536 3732 670 3785 κατὰ
713 3730 927 3806 Χριστὸν
969 3729 1230 3800 συμφυΐας
1273 3730 1598 3792 πιστιῦεται,
1640 3727 1700 3779 οὔ
1749 3723 1876 3779 κατά

294 3825 454 3896 χάριν
489 3823 756 3882 σκηνώσας
800 3823 850 3874 ἄν
887 3821 1026 3892 ἡμῖν,
1076 3817 1319 3878 ἀλλ’ὄλος
1358 3816 1446 3890 ὅλῃ
1487 3825 1549 3891 τῇ
1591 3816 1877 3889 ἁνθρωπείᾳ

293 3919 444 3989 φύσει
487 3915 838 3985 συμπλακείς’
891 3913 1212 3983 άσυγχύτως
1236 3949 1252 3974 ,
1296 3914 1378 3966 καί
1427 3907 1744 3982 άδιαιρίτως,
1789 3909 1879 3959 καί

298 4008 568 4079 ὑπερουῶς
606 4008 696 4062 τήν
725 4004 904 4057 ἕνωσιν
949 4003 1312 4078 ἐργασάμενος,
1342 4001 1424 4054 ἵνα
1450 4000 1503 4054 αί
1540 3998 1876 4052 συνελθοῦσαι

298 4099 472 4153 οὐσίαι
527 4093 758 4154 θεότητὸς
807 4113 863 4150 τε
909 4096 996 4147 καὶ
1026 4091 1433 4165 ὼθρωπότητος,
1463 4091 1513 4143 ἓν
1557 4085 1770 4145 ἰδιότητι
1813 4093 1876 4162 τῇ

301 4193 426 4244 κατά
452 4190 601 4262 φύσιν
627 4186 944 4259 διαμείνωσι,
973 4188 1057 4239 καί
1085 4182 1329 4256 ιοὐδαμῶς
1359 4185 1428 4243 είς
1459 4180 1674 4240 ἀλλήλας
1724 4199 1880 4250 μετα-

305 4281 480 4335 ϐὦσεν.
511 4283 567 4333 Ei
604 4281 690 4333 καί
733 4290 758 4317 ⁸
802 4276 1122 4335 κατακλίσεις
1170 4281 1241 4347 τῷ
1279 4273 1412 4345 λόγῳ
1465 4278 1558 4331 τῆς
1618 4267 1879 4342 συμφυΐας

305 4376 637 4445 παραχωρεῖν
685 4367 905 4426 εὐσεϐῶς
952 4372 1162 4438 νοοῦμεν
1207 4362 1291 4419 διά
1336 4367 1427 4421 τὴν
1477 4367 1576 4415 τῶν
1624 4359 1880 4428 ὀνομάτων

309 4461 572 4524 ἐπίζευξιν,
613 4459 806 4533 ἐπινοίᾳ
847 4460 948 4532 γάρ
986 4455 1112 4530 μόνη
1149 4457 1234 4509 καί
1273 4455 1326 4508 οὐ
1373 4449 1646 4527 πράγματι
1702 4448 1876 4504 διΐσα-

309 4553 426 4699 :91:
472 4549 772 4642 δοξάζομεν,
823 4549 906 4606 διά
954 4555 1045 4611 την
1099 4548 1336 4626 ὑπερφυᾶ
1385 4553 1485 4603 τῶν
1549 4542 1881 4601 συνελθόντων

337 4660 506 4695 νωσιν.

337 4660 506 4695 νωσιν.

395 5379 462 5435 To
504 5375 772 5453 μοναδικὸν
797 5374 850 5431 δί
881 5377 965 5430 καί
986 5376 1167 5430 ἕνεαῖον
1193 5377 1284 5431 τῆς
1309 5365 1673 5424 ὑποστάσεως,
1705 5370 1893 5433 φυλατ-

327 5471 500 5524 τεσθαι
565 5464 867 5536 πιστεύομεν
935 5461 1155 5534 ἄτμητον
1217 5462 1299 5513 καί
1363 5455 1582 5529 άρραγές
1643 5449 1892 5519 διαμένον

331 5556 688 5614 καταϐαλέσθω
735 5557 833 5628 γάρ
863 5555 892 5612 ἡ
931 5547 1279 5625 φαντασιὼδης
1307 5551 1396 5601 τοῦ
1439 5545 1728 5600 ἀπατεῶνος
1796 5539 1895 5592 Ευ-

402 5686 680 5767 ‘JVCI‘iIIS,
710 5687 834 5767 κατὰ
858 5685 1170 5767 κλάογξιςῖι...ἷ
1195 5682 1312 5752 περί
1347 5687 1542 5758 χωρεῖν
1569 5694 1580 5729 :
1609 5685 1666 5730 ut
1687 5674 1755 5729 sit
1781 5688 1902 5767 δορα

337 5760 533 5827 tentia;
591 5757 872 5812 secundum
923 5742 1292 5825 appellmioue's
1325 5742 1593 5813 ,"rutionc
1648 5742 1901 5801 umuralia

1924 545 2256 617 temporibus
2284 543 2351 598 ad
2382 540 2546 597 totius
2572 533 2793 591 humani
2820 527 3045 600 generis
3085 522 3316 580 salutem
3346 527 3502 590 pate-

1923 611 2148 700 factum,
2169 644 2226 689 et
2249 649 2344 703 per
2365 643 2615 699 magnum
2639 624 2788 679 illum
2813 615 3291 682 admirabilemque
3317 611 3500 674 unius,

1924 732 2126 782 sancta:
2150 700 2482 788 viviﬁczeque
2509 713 2792 770 Trinitatis
2817 722 3084 779 personm,
3111 702 3312 758 Christi
3343 700 3504 754 nimi-

1926 832 2047 872 rum
2103 815 2215 870 veri
2272 811 2367 866 Dei
2407 806 2600 870 nostri,
2656 803 2976 857 descensum
3001 837 3015 861 ,
3073 791 3506 858 ineﬂ‘abilemque

1925 905 2166 972 ejusdem
2192 899 2650 972 dispensationem
2678 895 3138 951 consummatum;
3162 891 3222 938 ut
3240 883 3380 937 unde
3408 896 3506 950 per

1928 971 2357 1066 inexplicabilem
2388 989 2556 1060 ipsius
2590 985 2886 1040 bonitatem
2915 993 3036 1034 esse
3067 991 3280 1032 eramus
3307 971 3536 1033 sortiti“

1928 1090 2056 1145 inde
2090 1089 2255 1144 etiam
2283 1085 2456 1154 ipsum
2482 1081 2623 1136 bene
2648 1090 2769 1132 esse
2807 1072 3197 1141 acciperemus.
3237 1064 3509 1120 Conﬁteor

1930 1180 2112 1248 itaque
2154 1184 2209 1232 et
2252 1153 2416 1230 credo
2453 1169 2672 1224 unicum
2702 1160 3126 1234 opulentissima:
3158 1153 3512 1212 beatissima:-

1930 1241 2040 1337 que
2061 1263 2344 1320 Trinitatis
2387 1256 2747 1329 suppositum,
2795 1253 2969 1321 ipsum
3012 1247 3261 1302 videlicet
3300 1243 3394 1298 Dei
3424 1241 3513 1296 Fi-

1929 1334 2060 1411 lium
2086 1363 2144 1412 et
2171 1347 2587 1418 Verbum,quod
2615 1359 2738 1399 cum
2761 1341 2874 1395 Deo
2887 1338 3047 1392 Patre
3077 1344 3132 1390 ct
3161 1334 3363 1404 Spiritu
3388 1347 3512 1386 san-

1931 1456 2019 1502 cto
2041 1446 2096 1500 in
2123 1457 2282 1498 omne
2302 1454 2476 1496 savum
2500 1433 2659 1491 simul
2682 1431 2938 1485 adoratur
2955 1434 3012 1481 et
3047 1422 3512 1494 conglorilicatur,

1932 1548 1993 1594 ut
2019 1546 2144 1610 pote
2169 1534 2360 1589 iisdem
2384 1523 2738 1586 cocssentiale
2763 1530 2818 1576 et
2838 1517 3109 1588 coaequale
3135 1510 3514 1577 existens,'in-

1935 1603 2086 1685 ﬁni-ta
2148 1623 2480 1693 benignitate
2528 1625 2584 1673 et
2629 1611 2999 1670 misericordia
3057 1621 3183 1677 erga
3239 1603 3518 1675 proprium

1934 1719 2144 1789 plasma
2176 1721 2404 1776 motum,
2434 1706 2727 1764 accedente
2768 1704 2873 1757 huc
2902 1709 3126 1770 paterna
3155 1694 3430 1748 voluntate
3466 1699 3522 1745 et

1745 1829 1838 1881 τῆς
1867 1829 1912 1886 Β
1935 1779 2310 1868 miseratione,
2357 1809 2415 1856 et
2454 1797 2629 1854 sancti
2658 1806 2870 1864 quoque
2904 1789 3137 1859 Spiritus
3161 1783 3356 1856 gratia,
3381 1779 3522 1850 ejus—

1940 1898 2170 1965 demque
2213 1889 2590 1962 cooperatione
2626 1885 2692 1939 de
2728 1881 2865 1937 coelo
2903 1877 3268 1940 descendisse,
3307 1881 3363 1928 et
3396 1887 3522 1928 cum

1941 1984 2250 2042 hominibus
2277 1984 2651 2035 oonversatum
2681 1987 2823 2034 esse,
2853 1985 2959 2038 quo
2991 1982 3088 2020 nos
3116 1964 3315 2019 dudum
3355 1977 3526 2032 prop-

1944 2089 2027 2135 ter
2055 2083 2335 2148 peccatum
2366 2072 2672 2130 damnatos,
2703 2072 2758 2117 et
2784 2079 2814 2118 e
2835 2057 3072 2131 paradisi
3107 2056 3312 2112 deliciis
3338 2051 3525 2122 expul-

1946 2186 2051 2234 sos,
2083 2163 2524 2236 corruptionique
2564 2156 2858 2218 obnoxios,
2889 2166 2984 2222 per
3006 2148 3234 2220 gratiam
3274 2143 3527 2204 salvaret,

1946 2271 2003 2317 et
2031 2259 2228 2316 divinae
2245 2233 2477 2310 vnaturte
2498 2248 2796 2320 participes
2822 2243 3077 2298 elliceret.
3117 2240 3173 2294 ln
3204 2245 3359 2290 utero
3385 2233 3530 2290 enim

1949 2351 2188 2424 Virginis
2208 2363 2336 2403 vere
2367 2343 2691 2417 proprieque
2717 2336 2963 2407 Deiparze
2994 2330 3324 2390 inhabitans,
3344 2334 3398 2380 ct
3431 2339 3530 2393 per

1951 2421 2212 2517 Spiritum
2240 2446 2488 2496 sanetum
2518 2434 2756 2488 animam
2779 2436 2834 2484 et
2855 2441 3076 2482 carnem
3106 2423 3210 2478 sibi
3243 2421 3530 2489 adaptans,

1951 2511 2230 2605 totamque
2246 2539 2485 2586 nostram
2504 2534 2751 2581 naturam
2762 2561 2777 2585 ,
2792 2515 3242 2590 quemadmodum
3260 2511 3533 2568 hominem

1953 2630 2007 2684 in
2034 2599 2302 2698 principio
2329 2621 2580 2682 (iunxerat,
2609 2613 2713 2671 sibi
2735 2611 3031 2672 asciscens,
3055 2603 3257 2676 prodiit
3283 2601 3426 2656 Deus
3463 2599 3540 2652 in-

1953 2722 2231 2774 carn‘atus.

2024 2805 2300 2876 Virginem
2329 2812 2565 2870 quoque,
2601 2809 2721 2866 qua:
2746 2787 3236 2863 supernaturaliter
3260 2792 3315 2840 et
3343 2780 3537 2838 inell'a-

1954 2872 2146 2954 biliter‘
2160 2896 2464 2963 pepererat,
2488 2892 2613 2956 post
2643 2890 2860 2953 partum
2884 2879 3148 2948 virginem
3167 2872 3539 2935 conservavit,

1957 2987 2268 3060 virginitate
2306 2981 2452 3038 illius
2477 2977 2773 3034 secundum
2801 2980 3050 3028 naturam
3090 2967 3234 3024 nulla
3279 2981 3346 3020 ex
3387 2971 3541 3034 parte

1959 3054 2234 3133 demutata
2269 3077 2361 3124 aut
2400 3065 2723 3122 labefactata
2743 3101 2758 3126 ,
2789 3060 2858 3114 ad
2890 3054 3280 3126 designandum
3321 3067 3417 3121 per
3451 3065 3542 3104 se-

1350 3182 1377 3237 ὃ
1418 3181 1692 3252 ὁμοούσιος
1739 3179 1856 3247 ημῖν

1961 3165 2151 3223 cundte
2168 3159 2467 3218 nativitatis
2489 3167 2825 3227 processum,
2852 3148 3052 3204 nullam
3082 3157 3306 3216 prorsus
3335 3149 3544 3196 natura:

1965 3259 2109 3316 illius
2136 3254 2434 3312 accessisse
2462 3247 2847 3307 mutationem,
2891 3246 2985 3295 aut
3015 3235 3410 3292 alterationem.
3443 3231 3547 3299 Qui

1965 3364 2096 3421 ergo
2145 3345 2384 3417 ejusdem
2427 3348 2511 3396 est
2564 3353 2689 3393 cum
2745 3335 2906 3388 Patre
2958 3337 3167 3384 natura:
3191 3366 3206 3391 ,
3251 3323 3406 3378 nobis
3453 3336 3551 3391 per

1967 3441 2146 3497 omnia
2166 3480 2182 3504 ,
2214 3442 2438 3509 peccato
2469 3439 2682 3487 tantum
2713 3425 2924 3482 secluso
2943 3463 2958 3490 ,
2990 3421 3166 3476 factus
3193 3425 3276 3474 est
3296 3430 3548 3471 coessen-

1969 3532 2148 3595 tialis;
2196 3507 2401 3583 etenim
2425 3521 2632 3579 semine
2662 3518 2937 3572 Abraham
2963 3518 3248 3582 suscepto,
3284 3507 3464 3564 carnis
3499 3512 3556 3560 et

1971 3622 2267 3694 sanguinis,
2297 3616 2521 3689 perinde
2543 3627 2609 3667 ac
2643 3625 2784 3666 unus
2809 3625 2875 3664 ex
2905 3605 3081 3670 nobis,
3111 3603 3286 3658 factus
3315 3608 3398 3655 est
3424 3613 3551 3668 par-

1971 3693 2158 3785 ticeps,
2183 3721 2512 3778 carnemque
2537 3705 2718 3759 anima
2746 3699 3080 3770 intelligente
3109 3693 3444 3750 viviﬁcatam
3472 3706 3558 3744 as-

1972 3782 2221 3875 sumpsit,
2266 3800 2415 3856 nullo
2462 3785 2682 3866 quidem
2726 3800 2886 3862 pacto
2936 3798 3062 3844 ante
3098 3801 3366 3842 summam
3411 3782 3556 3837 illam

1971 3895 2226 3950 unionem
2255 3888 2690 3961 praeexistentem
2714 3922 2730 3947 ,
2772 3881 2867 3936 sed
2897 3876 3055 3933 simul
3095 3890 3316 3930 carnem
3342 3913 3357 3938 ,
3397 3870 3560 3927 simul

1978 3986 2156 4040 anima
2213 3979 2440 4039 rationis
2485 3981 2736 4044 compote
2777 3971 3073 4025 animatam
3100 4005 3116 4031 ,
3162 3963 3322 4020 simul
3381 3963 3559 4021 Verbo

1977 4078 2219 4141 unitam;
2269 4087 2371 4128 nec
2406 4082 2624 4125 rursum
2667 4061 2964 4119 secundum
3010 4057 3180 4114 solam
3223 4054 3453 4126 gratiam
3503 4054 3561 4106 in

1979 4173 2166 4222 nostra
2197 4170 2387 4217 natura
2415 4154 2718 4218 habitavit,
2757 4151 2852 4206 sed
2880 4157 3026 4203 totus
3051 4145 3151 4201 toti
3183 4145 3432 4199 humanae
3467 4157 3561 4196 na-

1981 4267 2118 4313 turae
2141 4252 2460 4322 coniunctus
2479 4289 2494 4314 ,
2522 4243 2886 4305 inconl‘usam,
2917 4237 3239 4294 indivulsam
3259 4276 3273 4299 ,
3301 4249 3560 4305 superna-

1981 4345 2314 4414 turalemque
2361 4338 2615 4394 unionem
2661 4340 2916 4401 operatus
2953 4334 3038 4384 est
3068 4339 3084 4380 :
3125 4325 3306 4380 divina
3337 4323 3565 4378 enimet

1902 4447 1953 4505 1)
1982 4443 2214 4496 humana
2259 4442 2451 4488 natura
2498 4429 2639 4482 inter
2682 4440 2742 4478 se
2787 4429 3048 4477 coeuntes
3102 4418 3159 4472 in
3197 4414 3428 4470 naturali
3465 4429 3562 4468 sua

1979 4527 2311 4602 proprietate
2351 4520 2702 4582 indemutatte
2757 4512 3054 4583 persistunt
3088 4513 3565 4577 perseverantque,

1903 4692 1906 4696 .
1980 4594 2097 4677 nec
2119 4616 2227 4672 ulla
2269 4629 2335 4669 ex
2363 4619 2519 4682 parte
2544 4609 2597 4662 in
2635 4621 2694 4660 se
2717 4613 2908 4659 mutuo
2944 4598 3426 4655 transformamur.
3468 4594 3566 4647 Vc—

1985 4717 2290 4767 rumtamen
2332 4708 2552 4775 propter
2575 4694 2874 4752 naturalem
2901 4691 3046 4746 illam
3080 4689 3368 4744 coitionem
3396 4691 3451 4738 et
3471 4699 3566 4737 co-

1983 4801 2187 4874 pulam,
2205 4795 2482 4852 nominum
2505 4803 2720 4860 quoque
2741 4778 3284 4839 communicationem
3304 4782 3566 4830 mutuam-

1986 4907 2092 4962 que
2117 4883 2598 4958 reciprocationem
2621 4878 2706 4948 pie
2729 4871 3128 4931 concedendam
3165 4867 3569 4930 existimamus,

1989 4957 2420 5057 quandoquidem
2448 4979 2668 5044 prOpter
2693 4967 2973 5039 physicam
3007 4961 3150 5016 illam
3173 4957 3573 5014 admirandam-

1989 5090 2094 5148 que
2123 5070 2432 5129 coeuntium
2463 5073 2780 5120 naturarum
2802 5060 2943 5114 inter
2965 5071 3024 5111 se
3049 5054 3328 5115 unionem,
3358 5064 3464 5103 non
3491 5063 3569 5113 re,

1991 5138 2088 5222 sed
2121 5162 2234 5218 sola
2274 5154 2676 5227 imaginatione,
2701 5151 2862 5205 unius
2902 5146 3254 5219 ejusdemque
3283 5138 3571 5210 quamdam

1993 5259 2082 5314 hic
2111 5251 2513 5310 distinctionem
2539 5243 2848 5300 statuimus.

2067 5352 2236 5405 Porro
2275 5353 2454 5400 autem
2479 5381 2494 5407 ,
2541 5338 2684 5407 quod
2713 5352 2836 5393 cum
2873 5343 3194 5390 naturarum
3231 5327 3575 5386 distinctione

1997 5455 2240 5517 personae
2265 5433 2611 5506 singularitas
2634 5428 2981 5499 ejusdemque
3002 5426 3184 5481 unitas
3208 5419 3471 5478 indivnlsa
3494 5419 3576 5472 in-

1993 5508 2409 5601 ittterruplaque
2432 5538 2648 5596 semper
2678 5520 2943 5577 consistat
2970 5519 3393 5588 permaneatch
3426 5508 3576 5575 (nam

1998 5667 2391 5735 εο·ι]υησιὶοιιὶδ.
2421 5682 2508 5719 cas
2540 5666 2590 5720 in
2621 5681 2673 5718 se
2697 5661 2911 5716 invitent
2943 5657 3185 5714 exsistere
3205 5653 3285 5723 pic
3310 5645 3599 5722 ἰηιε’11ἱυιι-ς

2001 5759 2132 5800 mus.
2167 5741 2488 5797 llanoums.

3589 5599 3599 5622 ο
