3960 6402
164 384 168 387 μ
225 347 362 402 4057

1667 330 2051 386 EPISTOLA'I.

3333 328 3471 384 1058

220 462 532 528 πνεύμασιν,
585 459 652 520 ὡς
699 457 724 511 ὁ
770 463 1030 530 κορυφαῖος
1078 453 1160 505 καί
1201 452 1332 508 θεῖος
1387 446 1536 518 ἔφησε
1587 448 1794 519 Πέτρος,

1911 456 2021 495 cum
2059 456 2163 509 qua
2210 440 2388 494 anima
2443 449 2496 495 et
2523 455 2636 510 ipse
2662 455 2876 512 quoque
2907 443 2974 496 ad
3005 441 3206 496 inferos
3250 442 3475 498 descen-

221 551 484 623 πορευθείς
533 547 734 619 ἐκήρυξε
776 553 866 604 τήν
914 546 1214 605 ἀνάστασιν,
1250 544 1334 594 καί
1382 545 1469 596 τήν
1517 537 1796 609 ἐλευθερίαν

223 645 305 696 καί
332 639 688 710 ἀπολύτρωσίν
709 636 1014 708 ἐχαρίσατο,
1038 633 1316 704 ἀφθαρσίας
1343 627 1397 684 δί
1431 630 1546 702 ἡμῖν
1572 630 1797 701 ἀπαρχή

222 733 442 802 γέγονεν’
488 731 538 782 ίν
585 726 625 800 ᾧ
674 727 994 801 πρωτότοκος
1034 726 1088 779 ἐκ
1133 731 1232 779 τῶν
1275 731 1461 798 νεκρῶν
1499 723 1795 779 ἀνεϐίωσεν.

235 824 418 878 Δνέστη
455 822 552 894 γάρ
595 821 663 878 ὡς
705 820 847 878 Θεὸς.
887 820 1124 876 πατήσας
1167 815 1252 869 τὸν
1306 814 1530 879 θάνατον,
1574 809 1794 886 προοδοο

225 919 384 966 ποιῶν
440 912 581 982 πάσῃ
638 910 794 984 σαρκί
841 912 931 966 τήν
991 907 1300 971 ἀνάστασιν,
1351 907 1436 959 καί
1488 904 1798 963 συνέστησεν

222 1002 383 1069 ἡμᾶς,
409 1001 530 1060 τούς
562 997 811 1058 πεσόντας
840 1005 915 1072 τῷ
939 1004 1032 1059 τῆς
1059 995 1314 1070 ἁμαρτίας
1335 997 1597 1066 πτώματι.

291 1439 600 1494 Ἐπιστάντα
637 1435 691 1492 δὲ
737 1439 863 1509 μετά
890 1441 981 1495 την
1022 1435 1306 1492 ἀνάστασιν
1339 1444 1452 1498 ταῖς
1482 1439 1688 1508 γυναιξί,
1714 1440 1798 1493 καί

223 1537 315 1590 τήν
361 1531 530 1605 χαρὰν
574 1532 749 1589 αὐταῖς
793 1526 1212 1602 προαγγείλαντα,
1245 1528 1330 1580 καί
1374 1531 1463 1584 τήν
1486 1528 1540 1579 ίκ
1577 1533 1666 1580 τοῦ
1710 1528 1798 1585 θή-

223 1623 332 1686 λεος
389 1624 509 1694 ἡμῖν
561 1618 880 1688 ἐνσκήφασαν
930 1618 1092 1674 λύπην
1145 1617 1796 1690 ἐξαφανίσαντα,’ὀφθὲντα

225 1709 279 1764 δὲ
323 1713 406 1762 καί
450 1715 547 1768 τοῖς
596 1709 882 1764 θεσπεσίοις
935 1708 1086 1759 αὐτοῦ
1140 1705 1392 1776 μαθηταῖς
1441 1704 1626 1764 τὸτῆς
1675 1707 1797 1758 ἀνα⁸

1902 533 2001 598 dit,
2052 531 2242 600 iisque,
2291 532 2381 600 qui
2414 532 2466 585 in
2493 546 2656 586 carne
2684 541 2843 586 erant
2878 533 3158 601 spiritibus
3197 531 3479 601 (quemad-

1900 624 2117 677 modum
2168 623 2532 692 apostolorum
2562 624 2876 693 coryphreus
2903 622 3117 677 divinus
3141 623 3336 677 Petrus
3376 639 3475 678 ex-

1898 711 2096 784 ponit),
2130 712 2584 766 resurrectionem
2613 711 2956 780 praedicavit,
2978 710 3386 781 libertatemque
3425 720 3482 766 et

1902 801 2324 870 redemptionem
2355 799 2672 868 impertivit,
2700 806 2754 853 et
2781 799 2936 853 nobis
2985 814 3220 868 quoque,
3268 807 3330 853 ut
3354 809 3481 870 pote

1897 887 2290 960 primogenitus
2335 895 2696 952 mortuorum,
2743 902 2841 956 per
2883 889 3332 942 resurrectionem
3382 888 3482 941 ali-
3519 931 3528 940 .

1899 983 2041 1049 quod
2082 977 2504 1048 incorruptionis
2546 977 2870 1046 principium
2918 977 3126 1030 exstitit
3177 990 3192 1030 :
3241 978 3482 1031 surrexit

1897 1069 2042 1124 enim
2071 1078 2131 1123 ut
2178 1069 2339 1133 Deus,
2390 1075 2620 1122 mortem
2666 1066 3042 1135 pessumdans,
3093 1065 3470 1135 universasque

1897 1159 2049 1215 carni
2078 1159 2145 1213 ad
2171 1159 2626 1214 resurrectionem
2646 1158 2787 1210 viam
2811 1155 3182 1226 patefaciens;
3219 1171 3338 1222 nos,
3369 1157 3467 1226 qui

1895 1249 2104 1320 peccati
2150 1264 2278 1304 casu
2309 1249 2365 1302 in
2391 1254 2620 1302 mortem
2655 1247 3088 1311 concideramus,
3131 1261 3237 1300 una
3289 1261 3476 1301 secum

1897 1342 2294 1414 quodammodo
2313 1341 2603 1396 suscitans.

1967 1436 2142 1491 Credo
2164 1435 2482 1490 mulieribus
2525 1441 2649 1503 post
2677 1433 3131 1487 resurrectionem
3163 1445 3315 1484 suam
3343 1431 3476 1485 asti-

1897 1527 2048 1589 tisse,
2080 1527 2409 1595 tristitiaque
2458 1539 2578 1594 qua:
2607 1540 2671 1580 ex
2700 1524 2926 1578 muliere
2963 1524 3031 1577 ad
3057 1538 3156 1576 nos
3184 1523 3482 1577 devenerat

1897 1613 2114 1676 abolita,
2137 1613 2389 1682 gaudium
2408 1612 2756 1680 lmtitiamque
2778 1612 2880 1666 illis
2905 1612 3272 1666 annuntiasse.
3299 1610 3477 1666 Credo

1897 1703 2092 1758 divinis
2120 1704 2396 1773 discipulis
2421 1705 2599 1757 vivum
2635 1719 2755 1758 sese
2775 1704 3106 1769 exhibuisse,
3136 1720 3247 1759 suae
3296 1720 3475 1759 resur-

224 1800 457 1856 στάσεως
486 1798 641 1851 αὑτοῦ
681 1796 1017 1866 πιστούμενον
1056 1797 1356 1868 μυστήριον·
1401 1795 1487 1848 καί
1514 1792 1794 1857 δεικνύντα,

1911 1793 2155 1847 rectionis
2187 1793 2502 1862 mysterium
2523 1791 2900 1858 conﬁrmasse,
2932 1808 2996 1847 ac
3039 1794 3311 1863 quomodo
3340 1794 3484 1848 idem

227 1886 446 1968 [vin-121';
487 1889 641 1948 αὐτὸς
678 1885 735 1946 ἦν
769 1890 848 1940 καί
897 1887 996 1958 πρὸ
1036 1893 1127 1944 τῆς
1171 1884 1496 1942 ἀναστάσεως
1515 1881 1599 1939 διά
1627 1904 1679 1939 τε
1708 1893 1798 1944 τῆς

219 1989 485 2062 βρώσεως,
521 1987 607 2038 καὶ
653 1990 743 2040 τῆς
793 1984 878 2034 τοῦ
927 1984 1082 2049 σοφοῦ
1141 1982 1302 2051 Θωμᾶ
1352 1981 1484 2033 κατά
1533 1982 1627 2036 τήν
1665 1980 1799 2032 θείαν

223 2074 444 2142 πλευράν
489 2075 714 2141 ἐπαφῆς,
767 2069 1100 2139 ἀναληφθέντα
1148 2087 1201 2122 τε
1249 2069 1320 2128 εἰς
1370 2069 1493 2129 τούς
1535 2069 1798 2142 οὐρανούς,

226 2167 309 2218 καί
355 2163 656 2218 καθεσθέντα
704 2162 755 2213 ἐκ
796 2160 967 2224 δεξιῶν
1004 2165 1094 2212 τοῦ
1128 2164 1257 2212 Θεοῦ
1307 2161 1391 2213 καί
1432 2159 1622 2232 Πατρός
1671 2160 1802 2227 μετά

227 2263 316 2309 τοῦ
370 2256 804 2329 προσλήμματος,
850 2250 1029 2324 μεθόύ
1078 2248 1221 2311 αὖθις
1275 2251 1535 2307 ἐλεύσεται
1580 2252 1631 2305 ίν
1683 2248 1803 2320 δόξῃ

225 2347 502 2418 θεοπρεπεῖ
554 2349 636 2399 καί
684 2346 886 2414 ἐξουσίᾳ
941 2353 1001 2412 τῇ
1041 2344 1167 2397 κατά
1203 2344 1374 2402 πάσης
1436 2343 1672 2403 κτίσεως,
1720 2343 1806 2394 καί

226 2442 401 2509 κριτής
436 2438 801 2493 καθεσθήσεται
844 2435 1036 2504 ἑκάστῳ
1080 2435 1209 2488 κατά
1239 2434 1294 2488 τὸ
1330 2433 1624 2502 βεϐιωμένον
1671 2432 1804 2488 ἀπο·

227 2527 417 2588 διδῶς’
456 2525 650 2588 πάντας
693 2529 793 2602 γάρ
840 2529 976 2597 ἡμᾶς
1022 2527 1362 2601 φανερωθῆναι
1408 2524 1489 2580 δεὶ⁹
1511 2525 1805 2600 ἔμπροσθεν

227 2625 316 2672 τοῦ
346 2617 571 2690 βήματος
614 2623 706 2672 τοῦ
736 2621 986 2690 Χριστοῦ.

300 2711 435 2764 Μετά
474 2715 639 2763 ταῦτα
668 2706 897 2764 πιστεύω
929 2710 1012 2762 καί
1049 2707 1240 2782 σαρκὸς
1282 2707 1575 2771 ἀνάστασιν,
1601 2707 1738 2766 ἡνίκα
1774 2707 1806 2764 ἦ

229 2805 320 2856 τοῦ
370 2801 563 2871 κόσμου
617 2799 1091 2872 μεταστοιχείωσις
1133 2800 1358 2870 γίνηται,
1403 2797 1486 2852 ἵνα
1533 2798 1594 2853 τὸ
1638 2795 1807 2854 θνητὸν

230 2893 366 2961 ἡμῶν
410 2891 682 2951 ἐνδύσηται
719 2893 1018 2956 ἀθανασίαν,
1049 2893 1132 2946 καί
1180 2891 1239 2944 τὸ
1268 2889 1480 2964 φθαρτὸν
1525 2889 1810 2963 ἀφθαρσίαν

231 2979 582 3052 περιϐάληται.
638 2979 891 3052 Ὀμολογῶ
939 2981 1024 3034 καί
1081 2975 1134 3032 ἓν
1189 2979 1462 3052 βάπτισμα
1514 2979 1586 3038 είς
1633 2975 1809 3046 ἄφεσιν

231 3070 515 3140 ἁμαρτιῶν,
546 3073 603 3128 τὸ
652 3076 725 3132 είς
773 3073 971 3148 Πατέρα
1000 3075 1086 3125 καί
1133 3074 1245 3126 Υίὸν
1294 3073 1377 3124 καί
1423 3069 1563 3142 ἅγιον
1607 3067 1806 3139 Πνεῦμα

231 3163 520 3234 τελούμενον
556 3165 688 3220 κατά
729 3169 820 3222 τήν
869 3163 1187 3236 εύαγγελικην
1215 3163 1295 3216 καί
1330 3161 1460 3214 θείαν
1491 3157 1800 3235 παράδοσιν.

229 3262 405 3310 Ταῦτα
460 3263 549 3314 τῆς
602 3253 865 3328 ὀρθοδὸξου
915 3256 999 3306 καί
1054 3253 1195 3326 ίερᾶς
1244 3254 1383 3321 ἡμῶν
1439 3251 1671 3327 λατρείας
1716 3270 1805 3304 σε-

233 3349 426 3417 ϐάσμια
470 3347 699 3420 δόγματα
737 3349 819 3399 καί
857 3349 1116 3418 μυστήρια
1165 3346 1296 3399 κατά
1349 3365 1403 3399 τε
1448 3349 1538 3403 την
1583 3340 1807 3417 παραδο-

231 3441 397 3493 οεῐσαν
442 3441 562 3508 ἡμῖν
609 3439 749 3512 παρά
793 3444 890 3492 τῶν
959 3439 1081 3490 θείην
1141 3444 1494 3508 μυσταγωγῶν
1533 3434 1722 3505 ύψηλήν
1754 3457 1805 3490 τε

233 3533 317 3584 καί
364 3531 795 3604 ἀκραιρνεστάτην
842 3528 1111 3599 θεολογίαν,
1143 3529 1226 3580 καί
1269 3532 1359 3586 τὴν
1398 3530 1647 3600 σωτήριον
1690 3529 1809 3600 περί

232 3624 367 3690 ἡμᾶς
393 3629 484 3676 τοῦ
514 3628 638 3676 Θεοῦ
667 3621 818 3694 λόγου
858 3623 1160 3691 οἰκονομίαν,
1193 3622 1276 3672 καὶ
1305 3616 1409 3672 ὅσα
1445 3620 1643 3677 τούτοις
1670 3641 1806 3688 συμ-

235 3713 473 3766 ϐαίνοντα
519 3712 763 3783 ἐφάμιλλα
809 3713 1111 3786 κηρύγματα
1156 3709 1286 3778 μετά
1325 3707 1500 3770 πάσης
1536 3710 1808 3780 ἀποδοχῆς

235 3807 322 3859 καί
349 3809 575 3864 πίστεως
600 3812 836 3879 συντηρῶ
863 3824 918 3860 τε
947 3805 1024 3858 καί
1055 3805 1373 3874 ἀσπάζομαι.

307 4135 656 4208 Ἀποδίχομαι
701 4137 755 4192 δὲ
811 4142 895 4192 καί
939 4139 1117 4202 ἔξαιτνῦ
1154 4138 1244 4198 τάς
1290 4157 1343 4192 τε
1397 4138 1674 4211 πρεσϐείας
1724 4136 1807 4190 καί

241 4231 368 4303 πρὸς
412 4231 536 4283 Θεὸν
588 4230 849 4293 ἐντεύξεις·
905 4237 1104 4304 πρῶτον
1141 4232 1230 4299 μὲν
1282 4232 1365 4284 καί
1420 4230 1683 4305 ἐξαίρετον,
1717 4235 1807 4287 τῆς

243 4323 496 4394 πανάγνσυ
535 4325 622 4376 καί
660 4324 976 4392 παναμὼμου
1027 4324 1114 4376 καί
1167 4323 1494 4396 ἀειπαρθίνου
1547 4320 1808 4380 δεσποίνης

245 4414 382 4482 ἡμῶν
405 4417 738 4488 Θεομήτοροςο
765 4411 941 4467 ἔπειτα
962 4421 1060 4467 τῶν
1096 4415 1232 4468 θείων
1268 4416 1350 4467 καί
1377 4411 1614 4489 οῧρανίων
1652 4409 1806 4465 δυνά-

244 4513 522 4575 μιωνντῶν
565 4506 721 4578 ἀγίων
757 4509 843 4560 καί
871 4512 1200 4577 πανευφήμων
1245 4506 1674 4567 ἀποστόλων,τῶν
1704 4526 1804 4572 μα·-

247 4595 428 4666 καρίων
473 4601 755 4668 προξητῶν.
790 4598 871 4648 καί
916 4593 1120 4659 ἐνδόξων
1163 4597 1248 4648 καί
1293 4595 1569 4650 καλλινίκων
1606 4591 1805 4668 μαρτύο

247 4703 370 4754 ρων,
401 4687 482 4736 καί
529 4685 786 4759 Θεοφὸρων
829 4687 1080 4752 Πατέρων,
1134 4689 1215 4740 καί
1261 4687 1462 4742 πάντων
1507 4692 1605 4740 τῶν
1653 4685 1807 4756 ἁγίων

249 4783 346 4827 τῶν
391 4773 480 4828 ἀπ’
499 4779 678 4834 αἰῶνος
725 4777 1169 4848 εύαρεστησάντων
1213 4772 1285 4846 τῷ
1348 4775 1548 4849 κυρίῳ·
1589 4774 1630 4828 οἱ
1679 4780 1805 4840 ζῶσι

252 4866 523 4927 διαπαντὸς
547 4869 594 4921 ίν
620 4871 771 4938 αὐτῷ·
799 4869 975 4940 ψυχαί
997 4872 1096 4942 γάρ
1125 4867 1326 4924 δικαίων
1355 4869 1404 4922 ἐν
1436 4870 1577 4940 χειρί
1605 4873 1802 4944 κυρίου·

255 4963 322 5020 ὡς
358 4964 600 5032 μεγίστην
634 4961 892 5032 σωτηρίαν
937 4960 1159 5015 ίντεῦθιν
1207 4960 1390 5030 ψυχῆς
1437 4961 1524 5014 καί
1579 4961 1813 5030 σώματος

257 5053 619 5123 καρπούμενος.

326 5317 588 5383 ῐιροσκυνῶ
627 5307 680 5362 δέ
727 5312 812 5362 καί
834 5309 1249 5381 περιπτύσσομαε
1273 5306 1339 5361 τὰ
1374 5305 1628 5378 σεϐάσμια
1655 5306 1816 5360 αὐτῶν

255 5399 486 5467 λείψανα,
521 5401 588 5459 ὡς
635 5401 854 5471 ἰατρεῖον
894 5399 1135 5468 ψυχικῶν
1172 5417 1226 5450 τε
1264 5399 1346 5451 καί
1381 5402 1678 5465 σωματικῶν
1718 5417 1817 5448 πσ-

257 5492 489 5559 Οηράτων
531 5487 878 5562 τυγχάνοντα.
929 5487 1148 5558 ’Λνυμνῶ
1180 5483 1269 5542 οὖν
1311 5489 1476 5542 αὐτῶν
1513 5494 1601 5546 την
1640 5494 1818 5559 σεμνὴν

259 5581 342 5630 καί
385 5576 551 5631 ἔνθεον
580 5579 834 5633 πολιτείαν
876 5579 956 5629 καί
992 5580 1112 5636 τοὺς
1162 5575 1418 5649 ἀοιδίμους
1444 5578 1605 5630 αὐτῶν
1630 5581 1820 5648 ἀγῶνας

261 5672 342 5722 καί
393 5667 606 5735 ἄθλους,
649 5671 868 5744 γεραίρει)
917 5668 1005 5726 τὸς
1061 5668 1250 5731 θὴνας,
1295 5671 1376 5720 καί
1425 5676 1533 5727 ταῖς
1576 5670 1819 5725 ἀνωτάτω

1899 1883 2014 1953 ipse
2061 1883 2234 1949 foret,
2264 1883 2355 1952 qui
2404 1890 2529 1938 ante
2567 1884 3139 1953 resurrectionem,per
3176 1886 3469 1940 manduca—

1899 1972 2102 2026 tioncm
2129 1973 2376 2041 sacrique
2411 1971 2618 2038 lateris,
2653 1972 2796 2042 quod
2826 1973 3044 2042 sapiens
3079 1971 3312 2028 Thomas
3340 1989 3471 2028 con-

1899 2063 2172 2128 trectavit,
2203 2045 2611 2128 exh'ibitionem,
2662 2063 3080 2116 demonstrasse.
3121 2062 3295 2117 Credo
3321 2065 3476 2119 deni-

1901 2166 2006 2220 que
2033 2159 2369 2220 assumptum
2408 2151 2606 2205 essein
2640 2150 2827 2216 cmlos,
2850 2158 2907 2205 et
2941 2151 3009 2205 ad
3061 2151 3340 2206 dexteram
3389 2152 3485 2208 Dei

1901 2240 2080 2295 Patris
2133 2240 2464 2305 consedisse,
2512 2247 2732 2294 etcum
2789 2247 3065 2309 assumpto
3092 2255 3318 2310 corpore
3369 2257 3477 2296 non

1903 2330 2107 2398 absque
2133 2329 2327 2400 gloria,
2366 2329 2655 2398 divinaque
2683 2329 2964 2399 majestate
2997 2329 3126 2384 olim
3155 2332 3328 2386 denuo
3349 2347 3484 2386 ven-

1905 2428 2084 2474 turum
2133 2435 2272 2484 esse,
2305 2417 2542 2487 iudicem
2570 2433 2866 2483 sessurum,
2896 2428 2950 2472 et
2987 2419 3284 2489 unicuique
3318 2420 3478 2490 juxta

1903 2512 2028 2566 vita:
2077 2525 2187 2565 suae
2230 2510 2474 2565 rationes
2532 2509 2912 2564 redditurum:
2951 2524 3139 2566 omnes
3193 2513 3337 2566 enim
3382 2529 3486 2567 nos

1903 2597 2241 2655 manifestari
2275 2606 2486 2666 oportet
2513 2608 2638 2652 ante
2677 2597 2910 2652 tribunal
2933 2597 3156 2653 Christi.

1975 2687 2150 2742 Credo
2181 2695 2463 2756 postquam
2504 2686 2736 2740 mundus
2770 2687 2857 2740 hic
2885 2685 3048 2741 fuerit
3078 2688 3383 2754 innovatus,
3427 2697 3484 2744 et

1907 2778 2301 2848 quodammodo
2359 2777 2886 2843 transclementatus,
2932 2785 2987 2830 et
3039 2779 3220 2832 carnis
3274 2795 3490 2848 quoque

1909 2867 2364 2923 resurrectionem
2391 2865 2647 2930 futuram,
2679 2881 2784 2934 quo
2805 2867 3060 2920 nimirum
3094 2876 3336 2921 nostrum
3383 2871 3492 2923 hoc

1908 2957 2135 3012 mortale
2193 2955 2381 3010 induat
2410 2955 2872 3009 immortalitatem
2915 2963 2969 3010 et
3009 2956 3359 3026 corruptibile
3403 2957 3485 3012 in-

1911 3047 2312 3116 corruptionem
2365 3045 2544 3117 (Rom.
2599 3045 2736 3116 xtv).
2792 3044 3066 3100 Conﬁteor
3115 3047 3276 3100 etiam
3322 3064 3490 3102 unum

1833 3120 1878 3182 C
1907 3138 2173 3208 baptisma
2213 3137 2268 3191 in
2298 3136 2668 3192 remissionem
2697 3145 3060 3206 peccatorum,
3112 3137 3252 3206 quod
3289 3152 3486 3193 secun-

1905 3230 2032 3284 dum
2080 3227 2447 3299 evangelicam
2481 3225 2938 3296 apostolicamque
2981 3228 3328 3282 traditionem
3353 3241 3483 3298 per-

1905 3321 2086 3376 ﬁcitur
2114 3321 2170 3376 in
2197 3321 2417 3375 nomine
2453 3319 2651 3384 Patris,
2677 3329 2731 3374 et
2770 3320 2913 3386 Filii,
2952 3329 3005 3374 et
3033 3319 3267 3391 Spiritus
3291 3321 3487 3375 sancti.

1906 3412 2029 3468 Haec
2077 3412 2381 3468 veneranda
2446 3413 2731 3466 orthodoxi
2779 3413 3027 3483 sacrique
3080 3414 3256 3467 cultus
3314 3413 3490 3468 nostri

1906 3505 2156 3574 dogmata
2200 3504 2490 3573 divinaque
2531 3503 2810 3574 mysteria,
2842 3519 2961 3574 qute
3001 3503 3154 3574 juxta
3202 3505 3486 3559 sublimem

1905 3592 2437 3661 sincerissimamque
2481 3591 2803 3662 theologiam
2841 3593 3009 3646 divini
3032 3595 3281 3663 sacrique
3308 3595 3494 3648 docto-

1906 3699 1993 3738 res
2016 3682 2170 3738 nobis
2191 3683 2560 3747 tradiderunt,
2589 3691 2699 3736 tum
2736 3681 3028 3737 salutarem
3065 3698 3278 3752 quoque
3318 3683 3486 3738 divini

1904 3773 2059 3825 verbi
2095 3787 2223 3842 erga
2250 3786 2350 3825 nos
2378 3772 2861 3839 dispensationem,
2895 3779 3008 3825 tum
3037 3781 3263 3826 cmtcras
3305 3786 3495 3827 omnes

1905 3861 2058 3914 hisce
2091 3859 2296 3915 similes
2321 3869 2374 3914 et
2402 3869 2796 3915 consentaneas
2840 3862 3117 3915 doctrinas
3147 3863 3492 3931 prmdicatio-

1906 3965 2109 4019 nesque
2147 3965 2268 4004 cum
2304 3951 2450 4004 omni
2501 3952 2868 4019 acccptatione
2899 3959 2951 4004 et
2979 3950 3081 4005 ﬁde
3110 3952 3410 4019 amplector
3431 3963 3489 4006 et

1907 4057 2082 4098 SCI’VO.

1975 4132 2274 4187 Exosculor
2295 4132 2644 4187 nihilominus
2683 4140 2739 4185 et
2765 4140 2957 4201 expeto
2987 4139 3292 4186 sanctorum
3341 4132 3484 4201 apud

1905 4223 2078 4279 Deum
2123 4223 2424 4294 patrocinia
2469 4231 2526 4277 et
2575 4223 3039 4278 intercessiones:
3071 4223 3247 4292 primo
3275 4223 3493 4293 quidem

1906 4316 2284 4386 prmcipueque
2327 4313 2684 4368 sanctissimae
2713 4321 2770 4368 et
2797 4313 3307 4367 immaculatissimac
3343 4328 3492 4367 sem-

1909 4422 2008 4478 per
2036 4407 2264 4478 virginis
2298 4422 2361 4462 ac
2394 4405 2625 4462 dominre
2653 4414 2852 4460 nostra:
2877 4405 2969 4459 Dei
3000 4406 3209 4470 matris,
3240 4420 3364 4459 mox
3391 4421 3486 4460 ve-

1912 4513 1972 4552 ro
2019 4497 2323 4552 divinarum
2381 4495 2790 4566 cmlestiumque
2838 4495 3115 4557 virtutum,
3173 4505 3487 4551 sanctorum

1911 4589 2524 4658 laudatissimorumque
2583 4587 2973 4657 apostolorum,
3028 4589 3309 4641 beatorum
3363 4602 3492 4656 pro-

1907 4681 2209 4750 phetarum,
2229 4677 2734 4749 gleriosissimorum
2749 4679 3165 4732 invictissimum
3174 4693 3332 4747 mque
3349 4694 3493 4732 mar-

1902 4780 2112 4841 tyrum,
2142 4768 2446 4824 divinorum
2470 4769 2711 4832 Palmm,
2740 4783 2802 4824 ac
2832 4769 3075 4822 omnium
3101 4767 3332 4838 denique
3360 4783 3486 4822 san-

1909 4868 2143 4925 ctorum,
2169 4858 2262 4928 qui
2286 4859 2354 4913 ab
2385 4857 2541 4912 initio
2562 4859 2744 4912 mundi
2794 4858 3022 4913 Domino
3047 4857 3388 4927 placuerunt,
3435 4867 3492 4911 ct

1917 4952 2119 5021 absque
2140 4949 2250 5003 ullo
2277 4950 2497 5004 omnino
2528 4949 2634 5003 ﬁne
2682 4949 2736 5003 in
2769 4949 2886 5018 ipso
2911 4957 2964 5003 et
2992 4965 3088 5020 per
3111 4949 3284 5018 ipsum
3306 4951 3494 5004 vivunt

1917 5042 2134 5112 (animae
2149 5039 2568 5107 enimjustorum
2594 5041 2644 5093 in
2660 5055 2819 5092 manu
2837 5039 2931 5095 Dei
2944 5047 3069 5093 sunt
3091 5039 3244 5111 [Sap.
3271 5055 3354 5103 ιιι,
3381 5038 3432 5111 l]
3452 5044 3490 5108 ),

1915 5136 1977 5181 ut
2017 5127 2109 5196 qui
2140 5127 2432 5180 maximam
2477 5127 2603 5181 hinc
2639 5128 2833 5182 anima:
2869 5129 3217 5198 corporisque
3267 5129 3494 5184 salutem

1916 5233 2241 5286 consequar.

1987 5309 2166 5362 Adero
2199 5307 2328 5361 item
2355 5316 2411 5363 et
2441 5308 2729 5364 exosculor
2754 5310 3090 5365 venerandas
3130 5311 3340 5366 illorum
3364 5311 3496 5366 reli-

1919 5401 2096 5469 quias,
2135 5399 2332 5468 quippe
2359 5414 2477 5468 qua:
2507 5408 2709 5453 certam
2757 5402 3058 5456 animorum
3103 5417 3500 5472 corporumque

1923 5489 2126 5543 morbis
2152 5489 2405 5553 salutem,
2463 5490 2891 5560 mctlicinamque
2922 5492 3219 5548 conferant.
3255 5491 3502 5560 Suscipio

1923 5590 2182 5650 prmterea
2215 5595 2277 5633 ac
2302 5580 2461 5633 laudo
2507 5582 2868 5635 venerandam
2899 5584 3243 5652 divinamque
3291 5585 3502 5639 illorum

1927 5672 2414 5739 conversationem,
2457 5671 2946 5740 celeberrimosquc
2972 5675 3280 5729 COI‘IUI’Itit‘ﬂ)
3309 5690 3508 5738 agones
