  <div class='ocr_page' id='page_1' title='image "/cluster/home/n/w/nwhite01/storage/ocr_20150623/102/umn.31951002477395f/537.png"; bbox 0 0 3960 6418; ppageno 0'>
   <div class='ocr_carea' id='block_1_1' title="bbox 490 293 628 350">
    <p class='ocr_par' dir='ltr' id='par_1_1' title="bbox 490 293 628 350">
     <span class='ocr_line' id='line_1_1' title="bbox 490 293 628 350; baseline 0 0"><span class='ocrx_word' id='word_1_1' title='bbox 490 293 628 350; x_wconf 73' lang='grc'><strong>1059</strong></span> 
     </span>
    </p>
   </div>
   <div class='ocr_carea' id='block_1_2' title="bbox 1789 296 2480 354">
    <p class='ocr_par' dir='ltr' id='par_1_2' title="bbox 1789 296 2480 354">
     <span class='ocr_line' id='line_1_2' title="bbox 1789 296 2480 354; baseline 0.003 -2"><span class='ocrx_word' id='word_1_2' title='bbox 1789 297 1845 353; x_wconf 86' lang='lat' dir='ltr'><strong>S.</strong></span> <span class='ocrx_word' id='word_1_3' title='bbox 1885 296 2136 354; x_wconf 77' lang='lat' dir='ltr'><strong>LEONIS</strong></span> <span class='ocrx_word' id='word_1_4' title='bbox 2173 297 2374 354; x_wconf 70' lang='grc' dir='ltr'><strong>ΡΑΡΑΞ</strong></span> <span class='ocrx_word' id='word_1_5' title='bbox 2417 300 2480 354; x_wconf 82' lang='grc' dir='ltr'>ιιι</span> 
     </span>
    </p>
   </div>
   <div class='ocr_carea' id='block_1_3' title="bbox 3602 311 3748 366">
    <p class='ocr_par' dir='ltr' id='par_1_3' title="bbox 3602 311 3748 366">
     <span class='ocr_line' id='line_1_3' title="bbox 3602 311 3748 366; baseline 0.007 -1"><span class='ocrx_word' id='word_1_6' title='bbox 3602 311 3748 366; x_wconf 76' lang='grc'>1060</span> 
     </span>
    </p>
   </div>
   <div class='ocr_carea' id='block_1_4' title="bbox 483 406 2042 494">
    <p class='ocr_par' dir='ltr' id='par_1_4' title="bbox 483 406 2042 478">
     <span class='ocr_line' id='line_1_4' title="bbox 483 406 2042 478; baseline 0.001 -16"><span class='ocrx_word' id='word_1_7' title='bbox 483 416 540 462; x_wconf 85' lang='lat' dir='ltr'><strong>et</strong></span> <span class='ocrx_word' id='word_1_8' title='bbox 573 420 802 477; x_wconf 88' lang='lat' dir='ltr'><strong>pugnas,</strong></span> <span class='ocrx_word' id='word_1_9' title='bbox 835 406 1042 462; x_wconf 87' lang='lat' dir='ltr'><strong>honoro</strong></span> <span class='ocrx_word' id='word_1_10' title='bbox 1079 421 1293 478; x_wconf 89' lang='lat' dir='ltr'><strong>quoque</strong></span> <span class='ocrx_word' id='word_1_11' title='bbox 1319 418 1374 466; x_wconf 91' lang='lat' dir='ltr'><strong>et</strong></span> <span class='ocrx_word' id='word_1_12' title='bbox 1421 424 1648 466; x_wconf 80' lang='lat' dir='ltr'><strong>veneror</strong></span> <span class='ocrx_word' id='word_1_13' title='bbox 1674 419 2042 466; x_wconf 86' lang='lat' dir='ltr'><strong>sacrosanctas</strong></span> 
     </span>
    </p>
   </div>
   <div class='ocr_carea' id='block_1_5' title="bbox 2148 406 3731 494">
    <p class='ocr_par' dir='ltr' id='par_1_5' title="bbox 2152 417 3731 494">
     <span class='ocr_line' id='line_1_5' title="bbox 2152 417 3731 494; baseline 0.011 -26"><span class='ocrx_word' id='word_1_14' title='bbox 2152 420 2324 483; x_wconf 85' lang='grc' dir='ltr'>τιμαῖς</span> <span class='ocrx_word' id='word_1_15' title='bbox 2357 422 2583 487; x_wconf 69' lang='grc' dir='ltr'>στεφανῶ</span> <span class='ocrx_word' id='word_1_16' title='bbox 2603 419 2811 479; x_wconf 67' lang='grc' dir='ltr'>αὐτούς.</span> <span class='ocrx_word' id='word_1_17' title='bbox 2847 417 2927 474; x_wconf 80' lang='grc' dir='ltr'>ὅτε</span> <span class='ocrx_word' id='word_1_18' title='bbox 2952 419 3084 494; x_wconf 78' lang='grc' dir='ltr'>ύπίρ</span> <span class='ocrx_word' id='word_1_19' title='bbox 3112 431 3202 485; x_wconf 70' lang='grc' dir='ltr'>τῆς</span> <span class='ocrx_word' id='word_1_20' title='bbox 3227 421 3369 488; x_wconf 79' lang='grc' dir='ltr'>δόξης</span> <span class='ocrx_word' id='word_1_21' title='bbox 3399 435 3488 482; x_wconf 83' lang='grc' dir='ltr'><strong>τοῦ</strong></span> <span class='ocrx_word' id='word_1_22' title='bbox 3522 431 3731 485; x_wconf 78' lang='grc' dir='ltr'>πάντων</span> 
     </span>
    </p>
   </div>
   <div class='ocr_carea' id='block_1_6' title="bbox 482 496 2057 573">
    <p class='ocr_par' dir='ltr' id='par_1_6' title="bbox 482 496 2057 573">
     <span class='ocr_line' id='line_1_6' title="bbox 482 496 2057 573; baseline 0.003 -22"><span class='ocrx_word' id='word_1_23' title='bbox 482 496 694 552; x_wconf 86' lang='lat' dir='ltr'><strong>illorum</strong></span> <span class='ocrx_word' id='word_1_24' title='bbox 726 499 940 552; x_wconf 82' lang='lat' dir='ltr'><strong>tumbas</strong></span> <span class='ocrx_word' id='word_1_25' title='bbox 977 507 1034 552; x_wconf 91' lang='lat' dir='ltr'><strong>et</strong></span> <span class='ocrx_word' id='word_1_26' title='bbox 1062 501 1400 568; x_wconf 88' lang='lat' dir='ltr'><strong>sepulturas;</strong></span> <span class='ocrx_word' id='word_1_27' title='bbox 1434 501 1627 573; x_wconf 90' lang='lat' dir='ltr'><strong>dignos</strong></span> <span class='ocrx_word' id='word_1_28' title='bbox 1666 502 1897 570; x_wconf 88' lang='lat' dir='ltr'><strong>denique</strong></span> <span class='ocrx_word' id='word_1_29' title='bbox 1938 501 2057 556; x_wconf 82' lang='lat' dir='ltr'><strong>illos</strong></span> 
     </span>
    </p>
   </div>
   <div class='ocr_carea' id='block_1_7' title="bbox 480 588 2053 658">
    <p class='ocr_par' dir='ltr' id='par_1_7' title="bbox 480 588 2053 658">
     <span class='ocr_line' id='line_1_7' title="bbox 480 588 2053 658; baseline 0.001 -14"><span class='ocrx_word' id='word_1_30' title='bbox 480 588 627 658; x_wconf 87' lang='lat' dir='ltr'><strong>ipsos</strong></span> <span class='ocrx_word' id='word_1_31' title='bbox 656 601 872 652; x_wconf 88' lang='lat' dir='ltr'><strong>censeo,</strong></span> <span class='ocrx_word' id='word_1_32' title='bbox 931 589 1021 658; x_wconf 86' lang='lat' dir='ltr'><strong>qui</strong></span> <span class='ocrx_word' id='word_1_33' title='bbox 1071 591 1299 646; x_wconf 91' lang='lat' dir='ltr'><strong>summis</strong></span> <span class='ocrx_word' id='word_1_34' title='bbox 1349 593 1648 648; x_wconf 82' lang='lat' dir='ltr'><strong>honoribus</strong></span> <span class='ocrx_word' id='word_1_35' title='bbox 1695 591 2053 658; x_wconf 74' lang='lat' dir='ltr'><strong>decorentur,</strong></span> 
     </span>
    </p>
   </div>
   <div class='ocr_carea' id='block_1_8' title="bbox 479 677 2056 751">
    <p class='ocr_par' dir='ltr' id='par_1_8' title="bbox 479 677 2056 751">
     <span class='ocr_line' id='line_1_8' title="bbox 479 677 2056 751; baseline 0.003 -20"><span class='ocrx_word' id='word_1_36' title='bbox 479 677 836 748; x_wconf 79' lang='lat' dir='ltr'><strong>maximisque</strong></span> <span class='ocrx_word' id='word_1_37' title='bbox 863 678 1110 734; x_wconf 84' lang='lat' dir='ltr'><strong>laudibus</strong></span> <span class='ocrx_word' id='word_1_38' title='bbox 1134 681 1453 746; x_wconf 84' lang='lat' dir='ltr'><strong>evehantur,</strong></span> <span class='ocrx_word' id='word_1_39' title='bbox 1482 682 1737 751; x_wconf 83' lang='lat' dir='ltr'><strong>quoniam</strong></span> <span class='ocrx_word' id='word_1_40' title='bbox 1757 695 1855 750; x_wconf 88' lang='lat' dir='ltr'><strong>pro</strong></span> <span class='ocrx_word' id='word_1_41' title='bbox 1883 681 2056 751; x_wconf 90' lang='lat' dir='ltr'><strong>gloria</strong></span> 
     </span>
    </p>
   </div>
   <div class='ocr_carea' id='block_1_9' title="bbox 478 766 2058 841">
    <p class='ocr_par' dir='ltr' id='par_1_9' title="bbox 478 766 2058 841">
     <span class='ocr_line' id='line_1_9' title="bbox 478 766 2058 841; baseline 0.004 -21"><span class='ocrx_word' id='word_1_42' title='bbox 478 766 574 822; x_wconf 87' lang='lat' dir='ltr'><strong>Dei</strong></span> <span class='ocrx_word' id='word_1_43' title='bbox 590 768 831 822; x_wconf 92' lang='lat' dir='ltr'><strong>omnium</strong></span> <span class='ocrx_word' id='word_1_44' title='bbox 859 778 1101 824; x_wconf 86' lang='lat' dir='ltr'><strong>nostrum</strong></span> <span class='ocrx_word' id='word_1_45' title='bbox 1117 769 1415 825; x_wconf 84' lang='lat' dir='ltr'><strong>Salvatoris</strong></span> <span class='ocrx_word' id='word_1_46' title='bbox 1431 772 1746 841; x_wconf 84' lang='lat' dir='ltr'><strong>sanguinem</strong></span> <span class='ocrx_word' id='word_1_47' title='bbox 1767 786 1924 826; x_wconf 90' lang='lat' dir='ltr'><strong>suum</strong></span> <span class='ocrx_word' id='word_1_48' title='bbox 1938 785 2058 841; x_wconf 87' lang='lat' dir='ltr'><strong>pro-</strong></span> 
     </span>
    </p>
   </div>
   <div class='ocr_carea' id='block_1_10' title="bbox 477 858 2056 932">
    <p class='ocr_par' dir='ltr' id='par_1_10' title="bbox 477 858 2056 932">
     <span class='ocr_line' id='line_1_10' title="bbox 477 858 2056 932; baseline 0.004 -19"><span class='ocrx_word' id='word_1_49' title='bbox 477 858 751 925; x_wconf 79' lang='lat' dir='ltr'><strong>fuderunt,</strong></span> <span class='ocrx_word' id='word_1_50' title='bbox 776 869 832 915; x_wconf 90' lang='lat' dir='ltr'><strong>et</strong></span> <span class='ocrx_word' id='word_1_51' title='bbox 867 861 1009 916; x_wconf 86' lang='lat' dir='ltr'><strong>hanc</strong></span> <span class='ocrx_word' id='word_1_52' title='bbox 1057 861 1257 916; x_wconf 82' lang='lat' dir='ltr'><strong>ﬂuxam</strong></span> <span class='ocrx_word' id='word_1_53' title='bbox 1300 873 1729 932; x_wconf 71' lang='lat' dir='ltr'><strong>pmsentemque</strong></span> <span class='ocrx_word' id='word_1_54' title='bbox 1767 864 1954 930; x_wconf 85' lang='lat' dir='ltr'><strong>vitam,</strong></span> <span class='ocrx_word' id='word_1_55' title='bbox 1985 863 2056 919; x_wconf 92' lang='lat' dir='ltr'><strong>ob</strong></span> 
     </span>
    </p>
   </div>
   <div class='ocr_carea' id='block_1_11' title="bbox 477 951 2056 1024">
    <p class='ocr_par' dir='ltr' id='par_1_11' title="bbox 477 951 2056 1024">
     <span class='ocr_line' id='line_1_11' title="bbox 477 951 2056 1024; baseline 0.003 -19"><span class='ocrx_word' id='word_1_56' title='bbox 477 966 628 1006; x_wconf 86' lang='lat' dir='ltr'><strong>suam</strong></span> <span class='ocrx_word' id='word_1_57' title='bbox 656 951 711 1006; x_wconf 91' lang='lat' dir='ltr'><strong>in</strong></span> <span class='ocrx_word' id='word_1_58' title='bbox 735 953 903 1008; x_wconf 91' lang='lat' dir='ltr'><strong>Deum</strong></span> <span class='ocrx_word' id='word_1_59' title='bbox 923 954 1243 1008; x_wconf 87' lang='lat' dir='ltr'><strong>charitatem</strong></span> <span class='ocrx_word' id='word_1_60' title='bbox 1270 955 1512 1010; x_wconf 88' lang='lat' dir='ltr'><strong>animose</strong></span> <span class='ocrx_word' id='word_1_61' title='bbox 1537 963 1878 1024; x_wconf 81' lang='lat' dir='ltr'><strong>Sprevernnt,</strong></span> <span class='ocrx_word' id='word_1_62' title='bbox 1917 955 2056 1009; x_wconf 85' lang='lat' dir='ltr'><strong>vivi-</strong></span> 
     </span>
    </p>
   </div>
   <div class='ocr_carea' id='block_1_12' title="bbox 484 1039 2051 1114">
    <p class='ocr_par' dir='ltr' id='par_1_12' title="bbox 484 1039 2051 1114">
     <span class='ocr_line' id='line_1_12' title="bbox 484 1039 2051 1114; baseline 0.003 -20"><span class='ocrx_word' id='word_1_63' title='bbox 484 1039 725 1111; x_wconf 81' lang='lat' dir='ltr'><strong>ﬁcasque</strong></span> <span class='ocrx_word' id='word_1_64' title='bbox 751 1057 815 1097; x_wconf 92' lang='lat' dir='ltr'><strong>ac</strong></span> <span class='ocrx_word' id='word_1_65' title='bbox 840 1043 1103 1098; x_wconf 75' lang='lat' dir='ltr'><strong>salutares</strong></span> <span class='ocrx_word' id='word_1_66' title='bbox 1131 1043 1271 1098; x_wconf 91' lang='lat' dir='ltr'><strong>illius</strong></span> <span class='ocrx_word' id='word_1_67' title='bbox 1295 1044 1670 1114; x_wconf 90' lang='lat' dir='ltr'><strong>perpessiones</strong></span> <span class='ocrx_word' id='word_1_68' title='bbox 1691 1045 1885 1099; x_wconf 87' lang='lat' dir='ltr'><strong>imitati</strong></span> <span class='ocrx_word' id='word_1_69' title='bbox 1907 1053 2051 1100; x_wconf 91' lang='lat' dir='ltr'><strong>sunt.</strong></span> 
     </span>
    </p>
   </div>
   <div class='ocr_carea' id='block_1_13' title="bbox 477 1127 2052 1201">
    <p class='ocr_par' dir='ltr' id='par_1_13' title="bbox 477 1127 2052 1201">
     <span class='ocr_line' id='line_1_13' title="bbox 477 1127 2052 1201; baseline 0.003 -17"><span class='ocrx_word' id='word_1_70' title='bbox 477 1127 823 1200; x_wconf 86' lang='lat' dir='ltr'><strong>Complector</strong></span> <span class='ocrx_word' id='word_1_71' title='bbox 850 1131 1034 1186; x_wconf 87' lang='lat' dir='ltr'><strong>itidem</strong></span> <span class='ocrx_word' id='word_1_72' title='bbox 1061 1132 1402 1201; x_wconf 87' lang='lat' dir='ltr'><strong>suscipioque</strong></span> <span class='ocrx_word' id='word_1_73' title='bbox 1426 1148 1534 1188; x_wconf 91' lang='lat' dir='ltr'><strong>non</strong></span> <span class='ocrx_word' id='word_1_74' title='bbox 1580 1133 1754 1188; x_wconf 92' lang='lat' dir='ltr'><strong>solum</strong></span> <span class='ocrx_word' id='word_1_75' title='bbox 1782 1148 2052 1189; x_wconf 85' lang='lat' dir='ltr'><strong>veneran-</strong></span> 
     </span>
    </p>
   </div>
   <div class='ocr_carea' id='block_1_14' title="bbox 485 1221 2053 1291">
    <p class='ocr_par' dir='ltr' id='par_1_14' title="bbox 485 1221 2053 1291">
     <span class='ocr_line' id='line_1_14' title="bbox 485 1221 2053 1291; baseline 0.004 -16"><span class='ocrx_word' id='word_1_76' title='bbox 485 1221 583 1276; x_wconf 90' lang='lat' dir='ltr'><strong>das</strong></span> <span class='ocrx_word' id='word_1_77' title='bbox 609 1221 809 1276; x_wconf 83' lang='lat' dir='ltr'><strong>Christi</strong></span> <span class='ocrx_word' id='word_1_78' title='bbox 833 1224 1072 1277; x_wconf 90' lang='lat' dir='ltr'><strong>omnium</strong></span> <span class='ocrx_word' id='word_1_79' title='bbox 1101 1223 1399 1278; x_wconf 86' lang='lat' dir='ltr'><strong>Salvatoris</strong></span> <span class='ocrx_word' id='word_1_80' title='bbox 1425 1226 1596 1279; x_wconf 88' lang='lat' dir='ltr'><strong>nostri</strong></span> <span class='ocrx_word' id='word_1_81' title='bbox 1629 1225 1836 1291; x_wconf 91' lang='lat' dir='ltr'><strong>iconas,</strong></span> <span class='ocrx_word' id='word_1_82' title='bbox 1861 1234 1917 1282; x_wconf 90' lang='lat' dir='ltr'><strong>et</strong></span> <span class='ocrx_word' id='word_1_83' title='bbox 1959 1242 2053 1282; x_wconf 85' lang='lat' dir='ltr'><strong>ve-</strong></span> 
     </span>
    </p>
   </div>
   <div class='ocr_carea' id='block_1_15' title="bbox 479 1311 2049 1386">
    <p class='ocr_par' dir='ltr' id='par_1_15' title="bbox 479 1311 2049 1386">
     <span class='ocr_line' id='line_1_15' title="bbox 479 1311 2049 1386; baseline 0.004 -22"><span class='ocrx_word' id='word_1_84' title='bbox 479 1311 748 1366; x_wconf 87' lang='lat' dir='ltr'><strong>nerabiles</strong></span> <span class='ocrx_word' id='word_1_85' title='bbox 794 1312 1150 1367; x_wconf 73' lang='lat' dir='ltr'><strong>sanctissima:</strong></span> <span class='ocrx_word' id='word_1_86' title='bbox 1178 1313 1270 1368; x_wconf 89' lang='lat' dir='ltr'><strong>Dei</strong></span> <span class='ocrx_word' id='word_1_87' title='bbox 1299 1315 1486 1369; x_wconf 87' lang='lat' dir='ltr'><strong>matris</strong></span> <span class='ocrx_word' id='word_1_88' title='bbox 1533 1315 1814 1386; x_wconf 76' lang='lat' dir='ltr'><strong>imagines,</strong></span> <span class='ocrx_word' id='word_1_89' title='bbox 1862 1331 2049 1371; x_wconf 88' lang='lat' dir='ltr'><strong>verum</strong></span> 
     </span>
    </p>
   </div>
   <div class='ocr_carea' id='block_1_16' title="bbox 477 1403 2052 1476">
    <p class='ocr_par' dir='ltr' id='par_1_16' title="bbox 477 1403 2052 1476">
     <span class='ocr_line' id='line_1_16' title="bbox 477 1403 2052 1476; baseline 0.002 -20"><span class='ocrx_word' id='word_1_90' title='bbox 477 1416 662 1456; x_wconf 84' lang='lat' dir='ltr'><strong>sacras</strong></span> <span class='ocrx_word' id='word_1_91' title='bbox 706 1416 919 1472; x_wconf 90' lang='lat' dir='ltr'><strong>quoque</strong></span> <span class='ocrx_word' id='word_1_92' title='bbox 969 1411 1278 1458; x_wconf 88' lang='lat' dir='ltr'><strong>sanctorum</strong></span> <span class='ocrx_word' id='word_1_93' title='bbox 1319 1404 1558 1458; x_wconf 92' lang='lat' dir='ltr'><strong>omnium</strong></span> <span class='ocrx_word' id='word_1_94' title='bbox 1585 1403 1785 1474; x_wconf 83' lang='lat' dir='ltr'><strong>elIigies</strong></span> <span class='ocrx_word' id='word_1_95' title='bbox 1824 1419 2052 1476; x_wconf 89' lang='lat' dir='ltr'><strong>eamque</strong></span> 
     </span>
    </p>
   </div>
   <div class='ocr_carea' id='block_1_17' title="bbox 473 1494 2049 1564">
    <p class='ocr_par' dir='ltr' id='par_1_17' title="bbox 473 1494 2049 1564">
     <span class='ocr_line' id='line_1_17' title="bbox 473 1494 2049 1564; baseline 0.003 -17"><span class='ocrx_word' id='word_1_96' title='bbox 473 1495 879 1549; x_wconf 76' lang='lat' dir='ltr'><strong>venerationem</strong></span> <span class='ocrx_word' id='word_1_97' title='bbox 913 1494 1016 1550; x_wconf 85' lang='lat' dir='ltr'><strong>illis</strong></span> <span class='ocrx_word' id='word_1_98' title='bbox 1040 1494 1290 1560; x_wconf 79' lang='lat' dir='ltr'><strong>exhibeo,</strong></span> <span class='ocrx_word' id='word_1_99' title='bbox 1320 1511 1482 1564; x_wconf 87' lang='lat' dir='ltr'><strong>quam</strong></span> <span class='ocrx_word' id='word_1_100' title='bbox 1513 1496 1686 1551; x_wconf 87' lang='lat' dir='ltr'><strong>honor</strong></span> <span class='ocrx_word' id='word_1_101' title='bbox 1717 1511 1904 1552; x_wconf 91' lang='lat' dir='ltr'><strong>eorum</strong></span> <span class='ocrx_word' id='word_1_102' title='bbox 1933 1511 2049 1551; x_wconf 83' lang='lat' dir='ltr'><strong>me-</strong></span> 
     </span>
    </p>
   </div>
   <div class='ocr_carea' id='block_1_18' title="bbox 474 1583 1654 1655">
    <p class='ocr_par' dir='ltr' id='par_1_18' title="bbox 474 1583 1654 1655">
     <span class='ocr_line' id='line_1_18' title="bbox 474 1583 1654 1655; baseline -0.002 -18"><span class='ocrx_word' id='word_1_103' title='bbox 474 1584 580 1638; x_wconf 88' lang='lat' dir='ltr'><strong>rito</strong></span> <span class='ocrx_word' id='word_1_104' title='bbox 607 1583 866 1655; x_wconf 88' lang='lat' dir='ltr'><strong>postulat.</strong></span> <span class='ocrx_word' id='word_1_105' title='bbox 1643 1633 1654 1639; x_wconf 87' lang='grc'><strong>,.</strong></span> 
     </span>
    </p>
   </div>
   <div class='ocr_carea' id='block_1_19' title="bbox 549 1673 2047 1749">
    <p class='ocr_par' dir='ltr' id='par_1_19' title="bbox 549 1673 2047 1749">
     <span class='ocr_line' id='line_1_19' title="bbox 549 1673 2047 1749; baseline 0.005 -23"><span class='ocrx_word' id='word_1_106' title='bbox 549 1673 813 1728; x_wconf 82' lang='lat' dir='ltr'><strong>Amanter</strong></span> <span class='ocrx_word' id='word_1_107' title='bbox 889 1684 1147 1746; x_wconf 79' lang='lat' dir='ltr'><strong>praeterea</strong></span> <span class='ocrx_word' id='word_1_108' title='bbox 1202 1687 1620 1749; x_wconf 89' lang='lat' dir='ltr'><strong>reverenterque</strong></span> <span class='ocrx_word' id='word_1_109' title='bbox 1677 1695 1927 1746; x_wconf 86' lang='lat' dir='ltr'><strong>veneror,</strong></span> <span class='ocrx_word' id='word_1_110' title='bbox 1991 1687 2047 1736; x_wconf 91' lang='lat' dir='ltr'><strong>et</strong></span> 
     </span>
    </p>
   </div>
   <div class='ocr_carea' id='block_1_20' title="bbox 2159 504 3742 590">
    <p class='ocr_par' dir='ltr' id='par_1_20' title="bbox 2159 504 3742 590">
     <span class='ocr_line' id='line_1_20' title="bbox 2159 504 3742 590; baseline 0.015 -37"><span class='ocrx_word' id='word_1_111' title='bbox 2159 504 2298 572; x_wconf 65' lang='grc' dir='ltr'>ὐμῶν</span> <span class='ocrx_word' id='word_1_112' title='bbox 2337 512 2562 578; x_wconf 65' lang='grc' dir='ltr'>Σωτῆρος</span> <span class='ocrx_word' id='word_1_113' title='bbox 2588 512 2716 560; x_wconf 88' lang='grc' dir='ltr'>Θεοῦ</span> <span class='ocrx_word' id='word_1_114' title='bbox 2742 509 2800 563; x_wconf 87' lang='grc' dir='ltr'><strong>τὸ</strong></span> <span class='ocrx_word' id='word_1_115' title='bbox 2829 506 2954 580; x_wconf 80' lang='grc' dir='ltr'>αἷμα</span> <span class='ocrx_word' id='word_1_116' title='bbox 2995 511 3220 581; x_wconf 79' lang='grc' dir='ltr'>ίξίχεαν,</span> <span class='ocrx_word' id='word_1_117' title='bbox 3251 519 3334 568; x_wconf 88' lang='grc' dir='ltr'><strong>καί</strong></span> <span class='ocrx_word' id='word_1_118' title='bbox 3371 527 3462 578; x_wconf 78' lang='grc' dir='ltr'>τῆς</span> <span class='ocrx_word' id='word_1_119' title='bbox 3492 527 3742 590; x_wconf 74' lang='grc' dir='ltr'>προσκαίο</span> 
     </span>
    </p>
   </div>
   <div class='ocr_carea' id='block_1_21' title="bbox 2154 592 3748 681">
    <p class='ocr_par' dir='ltr' id='par_1_21' title="bbox 2154 592 3748 681">
     <span class='ocr_line' id='line_1_21' title="bbox 2154 592 3748 681; baseline 0.016 -38"><span class='ocrx_word' id='word_1_120' title='bbox 2154 611 2249 665; x_wconf 91' lang='grc' dir='ltr'><strong>ρου</strong></span> <span class='ocrx_word' id='word_1_121' title='bbox 2285 595 2417 656; x_wconf 78' lang='grc' dir='ltr'>ζωῆς</span> <span class='ocrx_word' id='word_1_122' title='bbox 2456 592 2540 648; x_wconf 87' lang='grc' dir='ltr'><strong>διά</strong></span> <span class='ocrx_word' id='word_1_123' title='bbox 2566 601 2654 654; x_wconf 77' lang='grc' dir='ltr'><strong>την</strong></span> <span class='ocrx_word' id='word_1_124' title='bbox 2698 599 2767 656; x_wconf 82' lang='grc' dir='ltr'>εἰς</span> <span class='ocrx_word' id='word_1_125' title='bbox 2807 600 2958 653; x_wconf 73' lang='grc' dir='ltr'>αὐτόν</span> <span class='ocrx_word' id='word_1_126' title='bbox 2995 603 3194 672; x_wconf 80' lang='grc' dir='ltr'>ἀγάπην</span> <span class='ocrx_word' id='word_1_127' title='bbox 3230 608 3623 679; x_wconf 75' lang='grc' dir='ltr'>κατεφρόνησαν.</span> <span class='ocrx_word' id='word_1_128' title='bbox 3653 635 3748 681; x_wconf 84' lang='grc' dir='ltr'>μι-</span> 
     </span>
    </p>
   </div>
   <div class='ocr_carea' id='block_1_22' title="bbox 2154 685 3736 774">
    <p class='ocr_par' dir='ltr' id='par_1_22' title="bbox 2154 685 3736 774">
     <span class='ocr_line' id='line_1_22' title="bbox 2154 685 3736 774; baseline 0.015 -39"><span class='ocrx_word' id='word_1_129' title='bbox 2154 685 2312 753; x_wconf 90' lang='grc' dir='ltr'>μηταί</span> <span class='ocrx_word' id='word_1_130' title='bbox 2347 690 2438 739; x_wconf 87' lang='grc' dir='ltr'><strong>τοῦ</strong></span> <span class='ocrx_word' id='word_1_131' title='bbox 2487 689 2730 748; x_wconf 82' lang='grc' dir='ltr'>ζωοποιοῦ</span> <span class='ocrx_word' id='word_1_132' title='bbox 2770 693 2855 744; x_wconf 84' lang='grc' dir='ltr'><strong>καί</strong></span> <span class='ocrx_word' id='word_1_133' title='bbox 2891 695 3145 766; x_wconf 80' lang='grc' dir='ltr'><strong>σωτηρίου</strong></span> <span class='ocrx_word' id='word_1_134' title='bbox 3188 695 3381 757; x_wconf 86' lang='grc' dir='ltr'>πάθους</span> <span class='ocrx_word' id='word_1_135' title='bbox 3411 700 3568 754; x_wconf 78' lang='grc' dir='ltr'>αὐτοῦ</span> <span class='ocrx_word' id='word_1_136' title='bbox 3593 705 3736 774; x_wconf 80' lang='grc' dir='ltr'>γενόο</span> 
     </span>
    </p>
   </div>
   <div class='ocr_carea' id='block_1_23' title="bbox 2153 774 3738 863">
    <p class='ocr_par' dir='ltr' id='par_1_23' title="bbox 2153 774 3738 863">
     <span class='ocr_line' id='line_1_23' title="bbox 2153 774 3738 863; baseline 0.012 -38"><span class='ocrx_word' id='word_1_137' title='bbox 2153 792 2312 842; x_wconf 84' lang='grc' dir='ltr'>μενοι,</span> <span class='ocrx_word' id='word_1_138' title='bbox 2338 774 2689 844; x_wconf 77' lang='grc' dir='ltr'><strong>ἀσπαζόμενος</strong></span> <span class='ocrx_word' id='word_1_139' title='bbox 2712 776 2816 848; x_wconf 80' lang='grc' dir='ltr'>ἅμα</span> <span class='ocrx_word' id='word_1_140' title='bbox 2837 787 2898 850; x_wconf 78' lang='grc' dir='ltr'>τῇ</span> <span class='ocrx_word' id='word_1_141' title='bbox 2924 788 3013 836; x_wconf 85' lang='grc' dir='ltr'><strong>τοῦ</strong></span> <span class='ocrx_word' id='word_1_142' title='bbox 3035 785 3238 838; x_wconf 85' lang='grc' dir='ltr'>πάντων</span> <span class='ocrx_word' id='word_1_143' title='bbox 3261 795 3486 858; x_wconf 76' lang='grc' dir='ltr'><strong>Σωτῆρος</strong></span> <span class='ocrx_word' id='word_1_144' title='bbox 3506 797 3738 863; x_wconf 77' lang='grc' dir='ltr'><strong>Χριστοῦ</strong></span> 
     </span>
    </p>
   </div>
   <div class='ocr_carea' id='block_1_24' title="bbox 2151 863 3736 954">
    <p class='ocr_par' dir='ltr' id='par_1_24' title="bbox 2151 863 3736 954">
     <span class='ocr_line' id='line_1_24' title="bbox 2151 863 3736 954; baseline 0.013 -38"><span class='ocrx_word' id='word_1_145' title='bbox 2151 863 2412 938; x_wconf 77' lang='grc' dir='ltr'>σεϐασμίᾳ</span> <span class='ocrx_word' id='word_1_146' title='bbox 2460 865 2606 920; x_wconf 75' lang='grc' dir='ltr'>εἰκόνι</span> <span class='ocrx_word' id='word_1_147' title='bbox 2656 875 2747 928; x_wconf 77' lang='grc' dir='ltr'><strong>τῆς</strong></span> <span class='ocrx_word' id='word_1_148' title='bbox 2786 889 2840 924; x_wconf 87' lang='grc' dir='ltr'><strong>τε</strong></span> <span class='ocrx_word' id='word_1_149' title='bbox 2869 870 3126 944; x_wconf 83' lang='grc' dir='ltr'>πανάγνου</span> <span class='ocrx_word' id='word_1_150' title='bbox 3165 878 3249 929; x_wconf 84' lang='grc' dir='ltr'><strong>καί</strong></span> <span class='ocrx_word' id='word_1_151' title='bbox 3298 882 3614 954; x_wconf 67' lang='grc' dir='ltr'>Θεομὴτορος</span> <span class='ocrx_word' id='word_1_152' title='bbox 3652 888 3736 938; x_wconf 76' lang='grc' dir='ltr'><strong>καί</strong></span> 
     </span>
    </p>
   </div>
   <div class='ocr_carea' id='block_1_25' title="bbox 2151 955 3734 1040">
    <p class='ocr_par' dir='ltr' id='par_1_25' title="bbox 2151 955 3734 1040">
     <span class='ocr_line' id='line_1_25' title="bbox 2151 955 3734 1040; baseline 0.011 -33"><span class='ocrx_word' id='word_1_153' title='bbox 2151 955 2274 1013; x_wconf 81' lang='grc' dir='ltr'>τοὺς</span> <span class='ocrx_word' id='word_1_154' title='bbox 2301 957 2527 1017; x_wconf 85' lang='grc' dir='ltr'>σεπτούς</span> <span class='ocrx_word' id='word_1_155' title='bbox 2554 959 2634 1010; x_wconf 84' lang='grc' dir='ltr'><strong>καί</strong></span> <span class='ocrx_word' id='word_1_156' title='bbox 2663 955 2840 1029; x_wconf 85' lang='grc' dir='ltr'>ἁγίους</span> <span class='ocrx_word' id='word_1_157' title='bbox 2869 961 3032 1014; x_wconf 81' lang='grc' dir='ltr'>αὐτῶν</span> <span class='ocrx_word' id='word_1_158' title='bbox 3057 971 3409 1040; x_wconf 72' lang='grc' dir='ltr'>χαρακτῆρας,</span> <span class='ocrx_word' id='word_1_159' title='bbox 3428 971 3734 1040; x_wconf 74' lang='grc' dir='ltr'>προσνέμων</span> 
     </span>
    </p>
   </div>
   <div class='ocr_carea' id='block_1_26' title="bbox 2153 1045 3163 1122">
    <p class='ocr_par' dir='ltr' id='par_1_26' title="bbox 2153 1045 3163 1122">
     <span class='ocr_line' id='line_1_26' title="bbox 2153 1045 3163 1122; baseline 0.008 -23"><span class='ocrx_word' id='word_1_160' title='bbox 2153 1045 2327 1106; x_wconf 76' lang='grc' dir='ltr'>αὐτοῖς</span> <span class='ocrx_word' id='word_1_161' title='bbox 2351 1051 2442 1105; x_wconf 73' lang='grc' dir='ltr'>τήν</span> <span class='ocrx_word' id='word_1_162' title='bbox 2468 1047 2598 1102; x_wconf 87' lang='grc' dir='ltr'>κατά</span> <span class='ocrx_word' id='word_1_163' title='bbox 2623 1053 2774 1119; x_wconf 73' lang='grc' dir='ltr'>τιμήν</span> <span class='ocrx_word' id='word_1_164' title='bbox 2801 1052 3163 1122; x_wconf 80' lang='grc' dir='ltr'><strong>προσκύνησιν.</strong></span> 
     </span>
    </p>
   </div>
   <div class='ocr_carea' id='block_1_27' title="bbox 2219 1664 3721 1754">
    <p class='ocr_par' dir='ltr' id='par_1_27' title="bbox 2219 1664 3721 1754">
     <span class='ocr_line' id='line_1_27' title="bbox 2219 1664 3721 1754; baseline 0.015 -34"><span class='ocrx_word' id='word_1_165' title='bbox 2219 1664 2346 1741; x_wconf 84' lang='grc' dir='ltr'>Πρὸς</span> <span class='ocrx_word' id='word_1_166' title='bbox 2390 1669 2589 1730; x_wconf 79' lang='grc' dir='ltr'><strong>τούτοις</strong></span> <span class='ocrx_word' id='word_1_167' title='bbox 2634 1671 2906 1736; x_wconf 79' lang='grc' dir='ltr'><strong>ἀσπασίως</strong></span> <span class='ocrx_word' id='word_1_168' title='bbox 2959 1673 3286 1750; x_wconf 74' lang='grc' dir='ltr'>ἀποδέχομαι</span> <span class='ocrx_word' id='word_1_169' title='bbox 3329 1683 3410 1736; x_wconf 80' lang='grc' dir='ltr'><strong>καί</strong></span> <span class='ocrx_word' id='word_1_170' title='bbox 3445 1693 3576 1754; x_wconf 83' lang='grc' dir='ltr'><strong>τιμῶ</strong></span> <span class='ocrx_word' id='word_1_171' title='bbox 3620 1683 3721 1750; x_wconf 81' lang='grc' dir='ltr'><strong>τάς</strong></span> 
     </span>
    </p>
   </div>
   <div class='ocr_carea' id='block_1_28' title="bbox 472 1745 2042 1842">
    <p class='ocr_par' dir='ltr' id='par_1_28' title="bbox 472 1762 2042 1842">
     <span class='ocr_line' id='line_1_28' title="bbox 472 1762 2042 1842; baseline 0.005 -23"><span class='ocrx_word' id='word_1_172' title='bbox 472 1762 765 1834; x_wconf 86' lang='lat' dir='ltr'><strong>amplector</strong></span> <span class='ocrx_word' id='word_1_173' title='bbox 809 1774 1013 1835; x_wconf 86' lang='lat' dir='ltr'><strong>septem</strong></span> <span class='ocrx_word' id='word_1_174' title='bbox 1062 1783 1248 1824; x_wconf 90' lang='lat' dir='ltr'><strong>sacras</strong></span> <span class='ocrx_word' id='word_1_175' title='bbox 1287 1777 1342 1824; x_wconf 91' lang='lat' dir='ltr'><strong>et</strong></span> <span class='ocrx_word' id='word_1_176' title='bbox 1376 1771 1737 1826; x_wconf 71' lang='lat' dir='ltr'><strong>meumenicas</strong></span> <span class='ocrx_word' id='word_1_177' title='bbox 1791 1772 2042 1842; x_wconf 83' lang='lat' dir='ltr'><strong>synodos,</strong></span> 
     </span>
    </p>
   </div>
   <div class='ocr_carea' id='block_1_29' title="bbox 2148 1745 3722 1842">
    <p class='ocr_par' dir='ltr' id='par_1_29' title="bbox 2149 1755 3722 1834">
     <span class='ocr_line' id='line_1_29' title="bbox 2149 1755 3722 1834; baseline 0.016 -24"><span class='ocrx_word' id='word_1_178' title='bbox 2149 1755 2296 1829; x_wconf 89' lang='grc' dir='ltr'>ἁγίας</span> <span class='ocrx_word' id='word_1_179' title='bbox 2343 1765 2429 1814; x_wconf 86' lang='grc' dir='ltr'><strong>καί</strong></span> <span class='ocrx_word' id='word_1_180' title='bbox 2478 1761 2818 1830; x_wconf 78' lang='grc' dir='ltr'>οίκουμενικάς</span> <span class='ocrx_word' id='word_1_181' title='bbox 2856 1767 2986 1822; x_wconf 70' lang='grc' dir='ltr'>ἑπτά</span> <span class='ocrx_word' id='word_1_182' title='bbox 3025 1770 3268 1832; x_wconf 78' lang='grc' dir='ltr'><strong>συνόδους</strong></span> <span class='ocrx_word' id='word_1_183' title='bbox 3305 1777 3389 1830; x_wconf 74' lang='grc' dir='ltr'><strong>καί</strong></span> <span class='ocrx_word' id='word_1_184' title='bbox 3424 1779 3491 1831; x_wconf 83' lang='grc' dir='ltr'><strong>τά</strong></span> <span class='ocrx_word' id='word_1_185' title='bbox 3530 1780 3579 1832; x_wconf 81' lang='grc' dir='ltr'>ὲν</span> <span class='ocrx_word' id='word_1_186' title='bbox 3622 1782 3722 1834; x_wconf 86' lang='grc' dir='ltr'>αύ-</span> 
     </span>
    </p>
   </div>
   <div class='ocr_carea' id='block_1_30' title="bbox 469 1854 2048 1932">
    <p class='ocr_par' dir='ltr' id='par_1_30' title="bbox 469 1854 2048 1932">
     <span class='ocr_line' id='line_1_30' title="bbox 469 1854 2048 1932; baseline 0.006 -25"><span class='ocrx_word' id='word_1_187' title='bbox 469 1854 756 1924; x_wconf 90' lang='lat' dir='ltr'><strong>omniaque</strong></span> <span class='ocrx_word' id='word_1_188' title='bbox 796 1858 1251 1925; x_wconf 88' lang='lat' dir='ltr'><strong>supernaturalia,</strong></span> <span class='ocrx_word' id='word_1_189' title='bbox 1293 1868 1348 1914; x_wconf 90' lang='lat' dir='ltr'><strong>et</strong></span> <span class='ocrx_word' id='word_1_190' title='bbox 1397 1860 1657 1915; x_wconf 89' lang='lat' dir='ltr'><strong>salutaria</strong></span> <span class='ocrx_word' id='word_1_191' title='bbox 1703 1862 1956 1932; x_wconf 79' lang='lat' dir='ltr'><strong>dogmata</strong></span> <span class='ocrx_word' id='word_1_192' title='bbox 1991 1871 2048 1917; x_wconf 92' lang='lat' dir='ltr'><strong>et</strong></span> 
     </span>
    </p>
   </div>
   <div class='ocr_carea' id='block_1_31' title="bbox 471 1943 2043 2018">
    <p class='ocr_par' dir='ltr' id='par_1_31' title="bbox 471 1943 2043 2018">
     <span class='ocr_line' id='line_1_31' title="bbox 471 1943 2043 2018; baseline 0.003 -18"><span class='ocrx_word' id='word_1_193' title='bbox 471 1943 709 2009; x_wconf 86' lang='lat' dir='ltr'><strong>decreta,</strong></span> <span class='ocrx_word' id='word_1_194' title='bbox 739 1961 860 2015; x_wconf 67' lang='lat' dir='ltr'><strong>quae</strong></span> <span class='ocrx_word' id='word_1_195' title='bbox 883 1962 912 1999; x_wconf 88' lang='lat' dir='ltr'><strong>a</strong></span> <span class='ocrx_word' id='word_1_196' title='bbox 959 1946 1164 2002; x_wconf 85' lang='lat' dir='ltr'><strong>sanctis</strong></span> <span class='ocrx_word' id='word_1_197' title='bbox 1213 1956 1267 2002; x_wconf 91' lang='lat' dir='ltr'><strong>et</strong></span> <span class='ocrx_word' id='word_1_198' title='bbox 1295 1948 1493 2004; x_wconf 89' lang='lat' dir='ltr'><strong>divinis</strong></span> <span class='ocrx_word' id='word_1_199' title='bbox 1539 1949 1793 2005; x_wconf 86' lang='lat' dir='ltr'><strong>Patribus</strong></span> <span class='ocrx_word' id='word_1_200' title='bbox 1822 1952 2043 2018; x_wconf 90' lang='lat' dir='ltr'><strong>nostris,</strong></span> 
     </span>
    </p>
   </div>
   <div class='ocr_carea' id='block_1_32' title="bbox 469 2033 2046 2112">
    <p class='ocr_par' dir='ltr' id='par_1_32' title="bbox 469 2033 2046 2112">
     <span class='ocr_line' id='line_1_32' title="bbox 469 2033 2046 2112; baseline 0.006 -25"><span class='ocrx_word' id='word_1_201' title='bbox 469 2047 606 2102; x_wconf 88' lang='lat' dir='ltr'><strong>quos</strong></span> <span class='ocrx_word' id='word_1_202' title='bbox 617 2034 743 2089; x_wconf 91' lang='lat' dir='ltr'><strong>olim</strong></span> <span class='ocrx_word' id='word_1_203' title='bbox 773 2033 1007 2105; x_wconf 88' lang='lat' dir='ltr'><strong>Spiritus</strong></span> <span class='ocrx_word' id='word_1_204' title='bbox 1031 2046 1252 2092; x_wconf 89' lang='lat' dir='ltr'><strong>sanctus</strong></span> <span class='ocrx_word' id='word_1_205' title='bbox 1276 2039 1343 2092; x_wconf 89' lang='lat' dir='ltr'><strong>ad</strong></span> <span class='ocrx_word' id='word_1_206' title='bbox 1367 2039 1659 2094; x_wconf 85' lang='lat' dir='ltr'><strong>Ecclesiam</strong></span> <span class='ocrx_word' id='word_1_207' title='bbox 1672 2056 1824 2094; x_wconf 91' lang='lat' dir='ltr'><strong>suam</strong></span> <span class='ocrx_word' id='word_1_208' title='bbox 1858 2056 2046 2112; x_wconf 85' lang='lat' dir='ltr'><strong>regen-</strong></span> 
     </span>
    </p>
   </div>
   <div class='ocr_carea' id='block_1_33' title="bbox 471 2122 2043 2194">
    <p class='ocr_par' dir='ltr' id='par_1_33' title="bbox 471 2122 2043 2194">
     <span class='ocr_line' id='line_1_33' title="bbox 471 2122 2043 2194; baseline 0.006 -18"><span class='ocrx_word' id='word_1_209' title='bbox 471 2122 595 2176; x_wconf 86' lang='lat' dir='ltr'><strong>dam</strong></span> <span class='ocrx_word' id='word_1_210' title='bbox 622 2129 1050 2194; x_wconf 87' lang='lat' dir='ltr'><strong>pascendamque</strong></span> <span class='ocrx_word' id='word_1_211' title='bbox 1086 2126 1338 2192; x_wconf 89' lang='lat' dir='ltr'><strong>instituit,</strong></span> <span class='ocrx_word' id='word_1_212' title='bbox 1364 2127 1418 2180; x_wconf 93' lang='lat' dir='ltr'><strong>in</strong></span> <span class='ocrx_word' id='word_1_213' title='bbox 1453 2127 1560 2182; x_wconf 90' lang='lat' dir='ltr'><strong>illis</strong></span> <span class='ocrx_word' id='word_1_214' title='bbox 1595 2135 1812 2183; x_wconf 78' lang='lat' dir='ltr'><strong>exstant</strong></span> <span class='ocrx_word' id='word_1_215' title='bbox 1836 2131 2043 2186; x_wconf 88' lang='lat' dir='ltr'><strong>sancita</strong></span> 
     </span>
    </p>
   </div>
   <div class='ocr_carea' id='block_1_34' title="bbox 471 2212 929 2269">
    <p class='ocr_par' dir='ltr' id='par_1_34' title="bbox 471 2212 929 2269">
     <span class='ocr_line' id='line_1_34' title="bbox 471 2212 929 2269; baseline 0 0"><span class='ocrx_word' id='word_1_216' title='bbox 471 2221 526 2269; x_wconf 90' lang='lat' dir='ltr'><strong>et</strong></span> <span class='ocrx_word' id='word_1_217' title='bbox 552 2212 929 2269; x_wconf 86' lang='lat' dir='ltr'><strong>determinata.</strong></span> 
     </span>
    </p>
   </div>
   <div class='ocr_carea' id='block_1_35' title="bbox 542 2302 2042 2376">
    <p class='ocr_par' dir='ltr' id='par_1_35' title="bbox 542 2302 2042 2376">
     <span class='ocr_line' id='line_1_35' title="bbox 542 2302 2042 2376; baseline 0.009 -21"><span class='ocrx_word' id='word_1_218' title='bbox 542 2302 598 2356; x_wconf 86' lang='lat' dir='ltr'><strong>In</strong></span> <span class='ocrx_word' id='word_1_219' title='bbox 648 2304 840 2372; x_wconf 89' lang='lat' dir='ltr'><strong>primis</strong></span> <span class='ocrx_word' id='word_1_220' title='bbox 886 2306 1101 2376; x_wconf 87' lang='lat' dir='ltr'><strong>quidem</strong></span> <span class='ocrx_word' id='word_1_221' title='bbox 1161 2323 1371 2363; x_wconf 90' lang='lat' dir='ltr'><strong>sacram</strong></span> <span class='ocrx_word' id='word_1_222' title='bbox 1419 2309 1522 2364; x_wconf 78' lang='lat'><strong>518</strong></span> <span class='ocrx_word' id='word_1_223' title='bbox 1569 2311 2042 2368; x_wconf 88' lang='lat' dir='ltr'><strong>celeherrimorum</strong></span> 
     </span>
    </p>
   </div>
   <div class='ocr_carea' id='block_1_36' title="bbox 474 2389 2044 2469">
    <p class='ocr_par' dir='ltr' id='par_1_36' title="bbox 474 2389 2044 2469">
     <span class='ocr_line' id='line_1_36' title="bbox 474 2389 2044 2469; baseline 0.009 -26"><span class='ocrx_word' id='word_1_224' title='bbox 474 2389 697 2445; x_wconf 83' lang='lat' dir='ltr'><strong>Patrum</strong></span> <span class='ocrx_word' id='word_1_225' title='bbox 725 2394 1007 2463; x_wconf 84' lang='lat' dir='ltr'><strong>synodum,</strong></span> <span class='ocrx_word' id='word_1_226' title='bbox 1032 2396 1122 2464; x_wconf 92' lang='lat' dir='ltr'><strong>qui</strong></span> <span class='ocrx_word' id='word_1_227' title='bbox 1139 2397 1409 2465; x_wconf 91' lang='lat' dir='ltr'><strong>quondam</strong></span> <span class='ocrx_word' id='word_1_228' title='bbox 1434 2399 1575 2469; x_wconf 92' lang='lat' dir='ltr'><strong>apud</strong></span> <span class='ocrx_word' id='word_1_229' title='bbox 1601 2399 1834 2454; x_wconf 55' lang='lat' dir='ltr'><strong>Nicaeam</strong></span> <span class='ocrx_word' id='word_1_230' title='bbox 1857 2401 2044 2456; x_wconf 84' lang='lat' dir='ltr'><strong>civita-</strong></span> 
     </span>
    </p>
   </div>
   <div class='ocr_carea' id='block_1_37' title="bbox 465 2483 2038 2557">
    <p class='ocr_par' dir='ltr' id='par_1_37' title="bbox 465 2483 2038 2557">
     <span class='ocr_line' id='line_1_37' title="bbox 465 2483 2038 2557; baseline 0.009 -24"><span class='ocrx_word' id='word_1_231' title='bbox 465 2488 576 2534; x_wconf 88' lang='lat' dir='ltr'><strong>tem</strong></span> <span class='ocrx_word' id='word_1_232' title='bbox 606 2489 795 2535; x_wconf 89' lang='lat' dir='ltr'><strong>contra</strong></span> <span class='ocrx_word' id='word_1_233' title='bbox 823 2483 1044 2553; x_wconf 91' lang='lat' dir='ltr'><strong>impium</strong></span> <span class='ocrx_word' id='word_1_234' title='bbox 1067 2494 1123 2540; x_wconf 91' lang='lat' dir='ltr'><strong>et</strong></span> <span class='ocrx_word' id='word_1_235' title='bbox 1146 2486 1413 2542; x_wconf 80' lang='lat' dir='ltr'><strong>furiosum</strong></span> <span class='ocrx_word' id='word_1_236' title='bbox 1440 2489 1628 2544; x_wconf 82' lang='lat' dir='ltr'><strong>Arium</strong></span> <span class='ocrx_word' id='word_1_237' title='bbox 1652 2501 2038 2557; x_wconf 82' lang='lat' dir='ltr'><strong>convenerunt,</strong></span> 
     </span>
    </p>
   </div>
   <div class='ocr_carea' id='block_1_38' title="bbox 464 2571 2042 2649">
    <p class='ocr_par' dir='ltr' id='par_1_38' title="bbox 464 2571 2042 2649">
     <span class='ocr_line' id='line_1_38' title="bbox 464 2571 2042 2649; baseline 0.01 -27"><span class='ocrx_word' id='word_1_238' title='bbox 464 2583 587 2639; x_wconf 68' lang='lat' dir='ltr'><strong>qua:</strong></span> <span class='ocrx_word' id='word_1_239' title='bbox 627 2579 682 2625; x_wconf 92' lang='lat' dir='ltr'><strong>et</strong></span> <span class='ocrx_word' id='word_1_240' title='bbox 728 2571 1018 2641; x_wconf 87' lang='lat' dir='ltr'><strong>impietatis</strong></span> <span class='ocrx_word' id='word_1_241' title='bbox 1059 2586 1334 2631; x_wconf 87' lang='lat' dir='ltr'><strong>auctorem</strong></span> <span class='ocrx_word' id='word_1_242' title='bbox 1370 2578 1438 2632; x_wconf 88' lang='lat' dir='ltr'><strong>ab</strong></span> <span class='ocrx_word' id='word_1_243' title='bbox 1472 2578 1710 2634; x_wconf 87' lang='lat' dir='ltr'><strong>Ecclesia</strong></span> <span class='ocrx_word' id='word_1_244' title='bbox 1739 2579 1963 2649; x_wconf 89' lang='lat' dir='ltr'><strong>expulit,</strong></span> <span class='ocrx_word' id='word_1_245' title='bbox 1986 2590 2042 2637; x_wconf 86' lang='lat' dir='ltr'><strong>et</strong></span> 
     </span>
    </p>
   </div>
   <div class='ocr_carea' id='block_1_39' title="bbox 465 2657 2037 2735">
    <p class='ocr_par' dir='ltr' id='par_1_39' title="bbox 465 2657 2037 2735">
     <span class='ocr_line' id='line_1_39' title="bbox 465 2657 2037 2735; baseline 0.01 -25"><span class='ocrx_word' id='word_1_246' title='bbox 465 2657 626 2712; x_wconf 80' lang='lat' dir='ltr'><strong>fidem</strong></span> <span class='ocrx_word' id='word_1_247' title='bbox 654 2674 838 2714; x_wconf 89' lang='lat' dir='ltr'><strong>veram</strong></span> <span class='ocrx_word' id='word_1_248' title='bbox 878 2671 1189 2734; x_wconf 84' lang='lat' dir='ltr'><strong>rectamque</strong></span> <span class='ocrx_word' id='word_1_249' title='bbox 1230 2681 1328 2735; x_wconf 89' lang='lat' dir='ltr'><strong>per</strong></span> <span class='ocrx_word' id='word_1_250' title='bbox 1343 2665 1704 2720; x_wconf 84' lang='lat' dir='ltr'><strong>sacrumillud</strong></span> <span class='ocrx_word' id='word_1_251' title='bbox 1719 2675 1776 2720; x_wconf 89' lang='lat' dir='ltr'><strong>et</strong></span> <span class='ocrx_word' id='word_1_252' title='bbox 1797 2669 2037 2724; x_wconf 85' lang='lat' dir='ltr'><strong>divinum</strong></span> 
     </span>
    </p>
   </div>
   <div class='ocr_carea' id='block_1_40' title="bbox 463 2747 2038 2829">
    <p class='ocr_par' dir='ltr' id='par_1_40' title="bbox 463 2747 2038 2829">
     <span class='ocr_line' id='line_1_40' title="bbox 463 2747 2038 2829; baseline 0.009 -28"><span class='ocrx_word' id='word_1_253' title='bbox 463 2747 765 2817; x_wconf 88' lang='lat' dir='ltr'><strong>symbolum</strong></span> <span class='ocrx_word' id='word_1_254' title='bbox 794 2751 947 2806; x_wconf 91' lang='lat' dir='ltr'><strong>nobis</strong></span> <span class='ocrx_word' id='word_1_255' title='bbox 982 2755 1248 2823; x_wconf 81' lang='lat' dir='ltr'><strong>exposuit,</strong></span> <span class='ocrx_word' id='word_1_256' title='bbox 1283 2766 1336 2810; x_wconf 89' lang='lat' dir='ltr'><strong>et</strong></span> <span class='ocrx_word' id='word_1_257' title='bbox 1363 2757 1530 2811; x_wconf 88' lang='lat' dir='ltr'><strong>Deum</strong></span> <span class='ocrx_word' id='word_1_258' title='bbox 1553 2756 1809 2824; x_wconf 83' lang='lat' dir='ltr'><strong>Verbum,</strong></span> <span class='ocrx_word' id='word_1_259' title='bbox 1835 2759 2038 2829; x_wconf 90' lang='lat' dir='ltr'><strong>Deique</strong></span> 
     </span>
    </p>
   </div>
   <div class='ocr_carea' id='block_1_41' title="bbox 463 2836 2034 2914">
    <p class='ocr_par' dir='ltr' id='par_1_41' title="bbox 463 2836 2034 2914">
     <span class='ocr_line' id='line_1_41' title="bbox 463 2836 2034 2914; baseline 0.01 -23"><span class='ocrx_word' id='word_1_260' title='bbox 463 2836 659 2892; x_wconf 81' lang='lat' dir='ltr'><strong>Filium</strong></span> <span class='ocrx_word' id='word_1_261' title='bbox 684 2854 788 2894; x_wconf 90' lang='lat' dir='ltr'><strong>non</strong></span> <span class='ocrx_word' id='word_1_262' title='bbox 816 2853 1152 2909; x_wconf 87' lang='lat' dir='ltr'><strong>creaturam,</strong></span> <span class='ocrx_word' id='word_1_263' title='bbox 1185 2855 1245 2900; x_wconf 92' lang='lat' dir='ltr'><strong>ut</strong></span> <span class='ocrx_word' id='word_1_264' title='bbox 1265 2847 1385 2914; x_wconf 89' lang='lat' dir='ltr'><strong>ille,</strong></span> <span class='ocrx_word' id='word_1_265' title='bbox 1419 2849 1512 2902; x_wconf 89' lang='lat' dir='ltr'><strong>sed</strong></span> <span class='ocrx_word' id='word_1_266' title='bbox 1541 2847 1689 2904; x_wconf 88' lang='lat' dir='ltr'><strong>Patri</strong></span> <span class='ocrx_word' id='word_1_267' title='bbox 1718 2850 2034 2906; x_wconf 90' lang='lat' dir='ltr'><strong>homousion</strong></span> 
     </span>
    </p>
   </div>
   <div class='ocr_carea' id='block_1_42' title="bbox 460 2935 2033 3003">
    <p class='ocr_par' dir='ltr' id='par_1_42' title="bbox 460 2935 2033 3003">
     <span class='ocr_line' id='line_1_42' title="bbox 460 2935 2033 3003; baseline 0.01 -21"><span class='ocrx_word' id='word_1_268' title='bbox 460 2936 514 2982; x_wconf 88' lang='lat' dir='ltr'><strong>et</strong></span> <span class='ocrx_word' id='word_1_269' title='bbox 537 2938 744 2984; x_wconf 89' lang='lat' dir='ltr'><strong>certum</strong></span> <span class='ocrx_word' id='word_1_270' title='bbox 769 2947 1060 3003; x_wconf 85' lang='lat' dir='ltr'><strong>verumque</strong></span> <span class='ocrx_word' id='word_1_271' title='bbox 1091 2935 1280 3001; x_wconf 91' lang='lat' dir='ltr'><strong>Deum,</strong></span> <span class='ocrx_word' id='word_1_272' title='bbox 1304 2947 1360 2993; x_wconf 87' lang='lat' dir='ltr'><strong>et</strong></span> <span class='ocrx_word' id='word_1_273' title='bbox 1401 2953 1580 2994; x_wconf 89' lang='lat' dir='ltr'><strong>rerum</strong></span> <span class='ocrx_word' id='word_1_274' title='bbox 1610 2943 1850 2996; x_wconf 89' lang='lat' dir='ltr'><strong>omnium</strong></span> <span class='ocrx_word' id='word_1_275' title='bbox 1877 2957 2033 2997; x_wconf 82' lang='lat' dir='ltr'><strong>crea-</strong></span> 
     </span>
    </p>
   </div>
   <div class='ocr_carea' id='block_1_43' title="bbox 468 3023 1525 3082">
    <p class='ocr_par' dir='ltr' id='par_1_43' title="bbox 468 3023 1525 3082">
     <span class='ocr_line' id='line_1_43' title="bbox 468 3023 1525 3082; baseline 0.008 -10"><span class='ocrx_word' id='word_1_276' title='bbox 468 3026 640 3072; x_wconf 88' lang='lat' dir='ltr'><strong>torem</strong></span> <span class='ocrx_word' id='word_1_277' title='bbox 663 3033 783 3075; x_wconf 91' lang='lat' dir='ltr'><strong>esse</strong></span> <span class='ocrx_word' id='word_1_278' title='bbox 804 3023 1102 3080; x_wconf 85' lang='lat' dir='ltr'><strong>orthodoxe</strong></span> <span class='ocrx_word' id='word_1_279' title='bbox 1125 3026 1525 3082; x_wconf 81' lang='lat' dir='ltr'><strong>determinavit.</strong></span> 
     </span>
    </p>
   </div>
   <div class='ocr_carea' id='block_1_44' title="bbox 2144 1851 3722 1947">
    <p class='ocr_par' dir='ltr' id='par_1_44' title="bbox 2144 1851 3722 1947">
     <span class='ocr_line' id='line_1_44' title="bbox 2144 1851 3722 1947; baseline 0.014 -44"><span class='ocrx_word' id='word_1_280' title='bbox 2144 1858 2261 1912; x_wconf 87' lang='grc' dir='ltr'><strong>ταίς</strong></span> <span class='ocrx_word' id='word_1_281' title='bbox 2289 1851 2687 1926; x_wconf 75' lang='grc' dir='ltr'>δογματισθίντα</span> <span class='ocrx_word' id='word_1_282' title='bbox 2713 1861 2797 1913; x_wconf 79' lang='grc' dir='ltr'><strong>καί</strong></span> <span class='ocrx_word' id='word_1_283' title='bbox 2817 1863 3142 1936; x_wconf 74' lang='grc' dir='ltr'><strong>κηρυχθέντα</strong></span> <span class='ocrx_word' id='word_1_284' title='bbox 3168 1865 3274 1919; x_wconf 86' lang='grc' dir='ltr'>θεῖά</span> <span class='ocrx_word' id='word_1_285' title='bbox 3299 1887 3350 1920; x_wconf 87' lang='grc' dir='ltr'><strong>τε</strong></span> <span class='ocrx_word' id='word_1_286' title='bbox 3381 1871 3465 1922; x_wconf 86' lang='grc' dir='ltr'><strong>καί</strong></span> <span class='ocrx_word' id='word_1_287' title='bbox 3484 1870 3722 1947; x_wconf 64' lang='grc' dir='ltr'>ὑπερφυῆ</span> 
     </span>
    </p>
   </div>
   <div class='ocr_carea' id='block_1_45' title="bbox 2143 1945 3724 2034">
    <p class='ocr_par' dir='ltr' id='par_1_45' title="bbox 2143 1945 3724 2034">
     <span class='ocr_line' id='line_1_45' title="bbox 2143 1945 3724 2034; baseline 0.013 -39"><span class='ocrx_word' id='word_1_288' title='bbox 2143 1945 2226 1996; x_wconf 90' lang='grc' dir='ltr'><strong>καί</strong></span> <span class='ocrx_word' id='word_1_289' title='bbox 2265 1950 2490 2022; x_wconf 75' lang='grc' dir='ltr'>σωτήρια</span> <span class='ocrx_word' id='word_1_290' title='bbox 2536 1945 2766 2020; x_wconf 79' lang='grc' dir='ltr'>δόγματα</span> <span class='ocrx_word' id='word_1_291' title='bbox 2813 1952 2957 2025; x_wconf 72' lang='grc' dir='ltr'>παρά</span> <span class='ocrx_word' id='word_1_292' title='bbox 3003 1959 3102 2006; x_wconf 86' lang='grc' dir='ltr'><strong>τῶν</strong></span> <span class='ocrx_word' id='word_1_293' title='bbox 3139 1953 3290 2008; x_wconf 87' lang='grc' dir='ltr'>ὁσίων</span> <span class='ocrx_word' id='word_1_294' title='bbox 3339 1960 3423 2012; x_wconf 88' lang='grc' dir='ltr'><strong>καί</strong></span> <span class='ocrx_word' id='word_1_295' title='bbox 3460 1945 3724 2034; x_wconf 57' lang='grc' dir='ltr'>Θεοφόρων</span> 
     </span>
    </p>
   </div>
   <div class='ocr_carea' id='block_1_46' title="bbox 2144 2035 3720 2120">
    <p class='ocr_par' dir='ltr' id='par_1_46' title="bbox 2144 2035 3720 2120">
     <span class='ocr_line' id='line_1_46' title="bbox 2144 2035 3720 2120; baseline 0.011 -33"><span class='ocrx_word' id='word_1_296' title='bbox 2144 2035 2374 2110; x_wconf 82' lang='grc' dir='ltr'>Πατίρων</span> <span class='ocrx_word' id='word_1_297' title='bbox 2423 2038 2584 2108; x_wconf 77' lang='grc' dir='ltr'>ἡμῶν,</span> <span class='ocrx_word' id='word_1_298' title='bbox 2631 2037 2720 2099; x_wconf 80' lang='grc' dir='ltr'><strong>οῦς</strong></span> <span class='ocrx_word' id='word_1_299' title='bbox 2771 2041 2903 2095; x_wconf 82' lang='grc' dir='ltr'>κατά</span> <span class='ocrx_word' id='word_1_300' title='bbox 2948 2045 3119 2114; x_wconf 88' lang='grc' dir='ltr'>καιρὸν</span> <span class='ocrx_word' id='word_1_301' title='bbox 3156 2042 3292 2099; x_wconf 70' lang='grc' dir='ltr'>ἔθετο</span> <span class='ocrx_word' id='word_1_302' title='bbox 3331 2048 3387 2101; x_wconf 85' lang='grc' dir='ltr'><strong>τὸ</strong></span> <span class='ocrx_word' id='word_1_303' title='bbox 3438 2055 3634 2120; x_wconf 79' lang='grc' dir='ltr'><strong>Πνεῦμα</strong></span> <span class='ocrx_word' id='word_1_304' title='bbox 3660 2052 3720 2104; x_wconf 87' lang='grc' dir='ltr'><strong>τὸ</strong></span> 
     </span>
    </p>
   </div>
   <div class='ocr_carea' id='block_1_47' title="bbox 2142 2120 3570 2196">
    <p class='ocr_par' dir='ltr' id='par_1_47' title="bbox 2142 2120 3570 2196">
     <span class='ocr_line' id='line_1_47' title="bbox 2142 2120 3570 2196; baseline 0.014 -22"><span class='ocrx_word' id='word_1_305' title='bbox 2142 2120 2284 2194; x_wconf 80' lang='grc' dir='ltr'>ἅγιον</span> <span class='ocrx_word' id='word_1_306' title='bbox 2321 2129 2595 2196; x_wconf 77' lang='grc' dir='ltr'>ποιμαίνειν</span> <span class='ocrx_word' id='word_1_307' title='bbox 2623 2133 2712 2187; x_wconf 77' lang='grc' dir='ltr'><strong>την</strong></span> <span class='ocrx_word' id='word_1_308' title='bbox 2738 2127 3025 2188; x_wconf 78' lang='grc' dir='ltr'>Ἐκκλησίαν</span> <span class='ocrx_word' id='word_1_309' title='bbox 3064 2136 3222 2189; x_wconf 77' lang='grc' dir='ltr'>αὐτοῦ</span> <span class='ocrx_word' id='word_1_310' title='bbox 3251 2140 3332 2191; x_wconf 85' lang='grc' dir='ltr'><strong>καί</strong></span> <span class='ocrx_word' id='word_1_311' title='bbox 3366 2135 3570 2194; x_wconf 76' lang='grc' dir='ltr'>διέπειν.</span> 
     </span>
    </p>
   </div>
   <div class='ocr_carea' id='block_1_48' title="bbox 2211 2305 3690 2382">
    <p class='ocr_par' dir='ltr' id='par_1_48' title="bbox 2211 2305 3690 2382">
     <span class='ocr_line' id='line_1_48' title="bbox 2211 2305 3690 2382; baseline 0.011 -27"><span class='ocrx_word' id='word_1_312' title='bbox 2211 2309 2392 2372; x_wconf 83' lang='grc' dir='ltr'>Πρῶτα</span> <span class='ocrx_word' id='word_1_313' title='bbox 2435 2305 2524 2372; x_wconf 80' lang='grc' dir='ltr'>μὲν</span> <span class='ocrx_word' id='word_1_314' title='bbox 2562 2309 2652 2363; x_wconf 76' lang='grc' dir='ltr'>τήν</span> <span class='ocrx_word' id='word_1_315' title='bbox 2681 2307 2732 2360; x_wconf 81' lang='grc' dir='ltr'><strong>ίν</strong></span> <span class='ocrx_word' id='word_1_316' title='bbox 2768 2310 2945 2382; x_wconf 74' lang='grc' dir='ltr'>Νικαίᾳ</span> <span class='ocrx_word' id='word_1_317' title='bbox 2985 2309 3322 2366; x_wconf 66' lang='grc' dir='ltr'>συνελθοῦσαν</span> <span class='ocrx_word' id='word_1_318' title='bbox 3361 2320 3459 2366; x_wconf 85' lang='grc' dir='ltr'>τῶν</span> <span class='ocrx_word' id='word_1_319' title='bbox 3494 2314 3690 2374; x_wconf 86' lang='grc' dir='ltr'>τιη’άοι</span> 
     </span>
    </p>
   </div>
   <div class='ocr_carea' id='block_1_49' title="bbox 2141 2385 3716 2468">
    <p class='ocr_par' dir='ltr' id='par_1_49' title="bbox 2141 2385 3716 2468">
     <span class='ocr_line' id='line_1_49' title="bbox 2141 2385 3716 2468; baseline 0.012 -25"><span class='ocrx_word' id='word_1_320' title='bbox 2141 2385 2297 2459; x_wconf 86' lang='grc' dir='ltr'>δίμων</span> <span class='ocrx_word' id='word_1_321' title='bbox 2333 2394 2566 2468; x_wconf 78' lang='grc' dir='ltr'>Πατὲρων</span> <span class='ocrx_word' id='word_1_322' title='bbox 2595 2396 2732 2466; x_wconf 78' lang='grc' dir='ltr'>ἡμῶν</span> <span class='ocrx_word' id='word_1_323' title='bbox 2770 2396 2978 2450; x_wconf 70' lang='grc' dir='ltr'>σύνοδον</span> <span class='ocrx_word' id='word_1_324' title='bbox 2996 2438 3010 2461; x_wconf 92' lang='grc'><em>,</em></span> <span class='ocrx_word' id='word_1_325' title='bbox 3043 2402 3175 2454; x_wconf 85' lang='grc' dir='ltr'>κατά</span> <span class='ocrx_word' id='word_1_326' title='bbox 3203 2407 3291 2455; x_wconf 84' lang='grc' dir='ltr'><strong>τοῦ</strong></span> <span class='ocrx_word' id='word_1_327' title='bbox 3322 2399 3612 2467; x_wconf 74' lang='grc' dir='ltr'>δυσσεϐοῦς</span> <span class='ocrx_word' id='word_1_328' title='bbox 3634 2413 3716 2462; x_wconf 70' lang='grc' dir='ltr'><strong>καί</strong></span> 
     </span>
    </p>
   </div>
   <div class='ocr_carea' id='block_1_50' title="bbox 2139 2479 3716 2558">
    <p class='ocr_par' dir='ltr' id='par_1_50' title="bbox 2139 2479 3716 2558">
     <span class='ocr_line' id='line_1_50' title="bbox 2139 2479 3716 2558; baseline 0.012 -25"><span class='ocrx_word' id='word_1_329' title='bbox 2139 2481 2417 2550; x_wconf 83' lang='grc' dir='ltr'>μανιώδους</span> <span class='ocrx_word' id='word_1_330' title='bbox 2445 2479 2650 2556; x_wconf 80' lang='grc' dir='ltr'>’Δρείου·</span> <span class='ocrx_word' id='word_1_331' title='bbox 2702 2482 2754 2540; x_wconf 83' lang='grc' dir='ltr'>ὃν</span> <span class='ocrx_word' id='word_1_332' title='bbox 2789 2495 2880 2547; x_wconf 79' lang='grc' dir='ltr'>τῆς</span> <span class='ocrx_word' id='word_1_333' title='bbox 2918 2488 3207 2550; x_wconf 82' lang='grc' dir='ltr'>Ἐκκλησίας</span> <span class='ocrx_word' id='word_1_334' title='bbox 3255 2493 3507 2558; x_wconf 81' lang='grc' dir='ltr'>ἔξῶσασα,</span> <span class='ocrx_word' id='word_1_335' title='bbox 3541 2498 3716 2552; x_wconf 82' lang='grc' dir='ltr'>πίστιν</span> 
     </span>
    </p>
   </div>
   <div class='ocr_carea' id='block_1_51' title="bbox 2139 2573 3718 2660">
    <p class='ocr_par' dir='ltr' id='par_1_51' title="bbox 2139 2573 3718 2660">
     <span class='ocr_line' id='line_1_51' title="bbox 2139 2573 3718 2660; baseline 0.013 -36"><span class='ocrx_word' id='word_1_336' title='bbox 2139 2573 2254 2641; x_wconf 71' lang='grc' dir='ltr'>ἡμῖν</span> <span class='ocrx_word' id='word_1_337' title='bbox 2285 2573 2436 2635; x_wconf 80' lang='grc' dir='ltr'>ἀληθῆ</span> <span class='ocrx_word' id='word_1_338' title='bbox 2463 2579 2544 2630; x_wconf 78' lang='grc' dir='ltr'><strong>καί</strong></span> <span class='ocrx_word' id='word_1_339' title='bbox 2580 2578 2851 2639; x_wconf 81' lang='grc' dir='ltr'>εύθυτάτην</span> <span class='ocrx_word' id='word_1_340' title='bbox 2887 2577 2969 2634; x_wconf 76' lang='grc' dir='ltr'><strong>διά</strong></span> <span class='ocrx_word' id='word_1_341' title='bbox 2999 2589 3087 2634; x_wconf 86' lang='grc' dir='ltr'><strong>τοῦ</strong></span> <span class='ocrx_word' id='word_1_342' title='bbox 3122 2584 3257 2658; x_wconf 77' lang='grc' dir='ltr'>ἱεροῦ</span> <span class='ocrx_word' id='word_1_343' title='bbox 3294 2588 3378 2640; x_wconf 79' lang='grc' dir='ltr'><strong>καί</strong></span> <span class='ocrx_word' id='word_1_344' title='bbox 3411 2589 3544 2642; x_wconf 87' lang='grc' dir='ltr'>θείου</span> <span class='ocrx_word' id='word_1_345' title='bbox 3581 2611 3718 2660; x_wconf 81' lang='grc' dir='ltr'>συμ-</span> 
     </span>
    </p>
   </div>
   <div class='ocr_carea' id='block_1_52' title="bbox 2140 2665 3710 2747">
    <p class='ocr_par' dir='ltr' id='par_1_52' title="bbox 2140 2665 3710 2747">
     <span class='ocr_line' id='line_1_52' title="bbox 2140 2665 3710 2747; baseline 0.01 -28"><span class='ocrx_word' id='word_1_346' title='bbox 2140 2665 2286 2720; x_wconf 75' lang='grc' dir='ltr'>ϐόλον</span> <span class='ocrx_word' id='word_1_347' title='bbox 2326 2669 2615 2741; x_wconf 65' lang='grc' dir='ltr'>ἐξεφώνησυ</span> <span class='ocrx_word' id='word_1_348' title='bbox 2652 2674 2739 2725; x_wconf 77' lang='grc' dir='ltr'><strong>τὸν</strong></span> <span class='ocrx_word' id='word_1_349' title='bbox 2772 2673 2915 2747; x_wconf 23' lang='grc' dir='ltr'>Θεὸν,</span> <span class='ocrx_word' id='word_1_350' title='bbox 2942 2676 3122 2745; x_wconf 82' lang='grc' dir='ltr'>Λόγον,</span> <span class='ocrx_word' id='word_1_351' title='bbox 3155 2681 3241 2730; x_wconf 82' lang='grc' dir='ltr'><strong>καί</strong></span> <span class='ocrx_word' id='word_1_352' title='bbox 3279 2684 3366 2732; x_wconf 87' lang='grc' dir='ltr'><strong>τοῦ</strong></span> <span class='ocrx_word' id='word_1_353' title='bbox 3410 2686 3539 2734; x_wconf 88' lang='grc' dir='ltr'>Θεοῦ</span> <span class='ocrx_word' id='word_1_354' title='bbox 3580 2679 3710 2745; x_wconf 80' lang='grc' dir='ltr'>Υίὸν,</span> 
     </span>
    </p>
   </div>
   <div class='ocr_carea' id='block_1_53' title="bbox 2137 2759 3716 2846">
    <p class='ocr_par' dir='ltr' id='par_1_53' title="bbox 2137 2759 3716 2846">
     <span class='ocr_line' id='line_1_53' title="bbox 2137 2759 3716 2846; baseline 0.011 -36"><span class='ocrx_word' id='word_1_355' title='bbox 2137 2759 2195 2810; x_wconf 82' lang='grc' dir='ltr'><strong>ού</strong></span> <span class='ocrx_word' id='word_1_356' title='bbox 2252 2760 2446 2831; x_wconf 80' lang='grc' dir='ltr'>κτίσμα</span> <span class='ocrx_word' id='word_1_357' title='bbox 2493 2759 2811 2826; x_wconf 82' lang='grc' dir='ltr'>κατάὐτὸν,</span> <span class='ocrx_word' id='word_1_358' title='bbox 2871 2763 3141 2834; x_wconf 70' lang='grc' dir='ltr'>ὸμεούσιον</span> <span class='ocrx_word' id='word_1_359' title='bbox 3193 2766 3244 2822; x_wconf 83' lang='grc' dir='ltr'>δὲ</span> <span class='ocrx_word' id='word_1_360' title='bbox 3292 2766 3364 2842; x_wconf 75' lang='grc' dir='ltr'><strong><em>τῷ</em></strong></span> <span class='ocrx_word' id='word_1_361' title='bbox 3415 2775 3576 2846; x_wconf 78' lang='grc' dir='ltr'>Πατρί</span> <span class='ocrx_word' id='word_1_362' title='bbox 3631 2777 3716 2829; x_wconf 78' lang='grc' dir='ltr'><strong>καί</strong></span> 
     </span>
    </p>
   </div>
   <div class='ocr_carea' id='block_1_54' title="bbox 2138 2849 3717 2923">
    <p class='ocr_par' dir='ltr' id='par_1_54' title="bbox 2138 2849 3717 2923">
     <span class='ocr_line' id='line_1_54' title="bbox 2138 2849 3717 2923; baseline 0.011 -23"><span class='ocrx_word' id='word_1_363' title='bbox 2138 2849 2486 2923; x_wconf 84' lang='grc' dir='ltr'>συνάναρχον,</span> <span class='ocrx_word' id='word_1_364' title='bbox 2521 2853 2589 2912; x_wconf 84' lang='grc' dir='ltr'>ὡς</span> <span class='ocrx_word' id='word_1_365' title='bbox 2613 2854 2733 2906; x_wconf 82' lang='grc' dir='ltr'>Θεὸν</span> <span class='ocrx_word' id='word_1_366' title='bbox 2761 2853 2980 2912; x_wconf 80' lang='grc' dir='ltr'>ἀληθινὸν</span> <span class='ocrx_word' id='word_1_367' title='bbox 3009 2859 3090 2910; x_wconf 83' lang='grc' dir='ltr'><strong>καί</strong></span> <span class='ocrx_word' id='word_1_368' title='bbox 3116 2859 3324 2917; x_wconf 85' lang='grc' dir='ltr'>κτίστην</span> <span class='ocrx_word' id='word_1_369' title='bbox 3354 2867 3451 2914; x_wconf 83' lang='grc' dir='ltr'><strong>τῶν</strong></span> <span class='ocrx_word' id='word_1_370' title='bbox 3479 2862 3717 2918; x_wconf 81' lang='grc' dir='ltr'>ἁπάντων</span> 
     </span>
    </p>
   </div>
   <div class='ocr_carea' id='block_1_55' title="bbox 2136 2936 2784 3014">
    <p class='ocr_par' dir='ltr' id='par_1_55' title="bbox 2136 2936 2784 3014">
     <span class='ocr_line' id='line_1_55' title="bbox 2136 2936 2784 3014; baseline 0.006 -22"><span class='ocrx_word' id='word_1_371' title='bbox 2136 2936 2404 3013; x_wconf 82' lang='grc' dir='ltr'>ὸρθοδόξως</span> <span class='ocrx_word' id='word_1_372' title='bbox 2434 2939 2784 3014; x_wconf 82' lang='grc' dir='ltr'>ίδογμάτισεν.</span> 
     </span>
    </p>
   </div>
   <div class='ocr_carea' id='block_1_56' title="bbox 527 3108 2042 3196">
    <p class='ocr_par' dir='ltr' id='par_1_56' title="bbox 527 3108 2039 3190">
     <span class='ocr_line' id='line_1_56' title="bbox 527 3108 2039 3190; baseline 0.004 -22"><span class='ocrx_word' id='word_1_373' title='bbox 527 3108 739 3170; x_wconf 89' lang='lat' dir='ltr'><strong>Deinde</strong></span> <span class='ocrx_word' id='word_1_374' title='bbox 752 3127 878 3169; x_wconf 86' lang='lat' dir='ltr'><strong>vero</strong></span> <span class='ocrx_word' id='word_1_375' title='bbox 909 3113 1006 3167; x_wconf 81' lang='grc'><strong>150</strong></span> <span class='ocrx_word' id='word_1_376' title='bbox 1026 3124 1332 3170; x_wconf 91' lang='lat' dir='ltr'><strong>sanctorum</strong></span> <span class='ocrx_word' id='word_1_377' title='bbox 1362 3118 1921 3190; x_wconf 65' lang='lat' dir='ltr'><strong>div-&#39;inissimorumque</strong></span> <span class='ocrx_word' id='word_1_378' title='bbox 1941 3120 2039 3174; x_wconf 86' lang='lat' dir='ltr'><strong>Pa-</strong></span> 
     </span>
    </p>
   </div>
   <div class='ocr_carea' id='block_1_57' title="bbox 2148 3108 3716 3196">
    <p class='ocr_par' dir='ltr' id='par_1_57' title="bbox 2208 3110 3716 3196">
     <span class='ocr_line' id='line_1_57' title="bbox 2208 3110 3716 3196; baseline 0.011 -30"><span class='ocrx_word' id='word_1_379' title='bbox 2208 3110 2337 3169; x_wconf 77' lang='grc' dir='ltr'>Εἶτα</span> <span class='ocrx_word' id='word_1_380' title='bbox 2368 3120 2455 3174; x_wconf 79' lang='grc' dir='ltr'>τήν</span> <span class='ocrx_word' id='word_1_381' title='bbox 2483 3116 2763 3185; x_wconf 72' lang='grc' dir='ltr'>μετάύτήν</span> <span class='ocrx_word' id='word_1_382' title='bbox 2810 3120 2856 3172; x_wconf 78' lang='grc' dir='ltr'>ἕν</span> <span class='ocrx_word' id='word_1_383' title='bbox 2905 3118 3066 3192; x_wconf 73' lang='grc' dir='ltr'>ταύτῃ</span> <span class='ocrx_word' id='word_1_384' title='bbox 3112 3128 3174 3196; x_wconf 75' lang='grc' dir='ltr'>τῇ</span> <span class='ocrx_word' id='word_1_385' title='bbox 3216 3121 3439 3194; x_wconf 76' lang='grc' dir='ltr'>βκσιλὸδι</span> <span class='ocrx_word' id='word_1_386' title='bbox 3477 3132 3576 3179; x_wconf 85' lang='grc' dir='ltr'>τῶν</span> <span class='ocrx_word' id='word_1_387' title='bbox 3615 3128 3716 3182; x_wconf 85' lang='grc' dir='ltr'>πό·</span> 
     </span>
    </p>
   </div>
   <div class='ocr_carea' id='block_1_58' title="bbox 461 3205 2041 3282">
    <p class='ocr_par' dir='ltr' id='par_1_58' title="bbox 461 3205 2041 3282">
     <span class='ocr_line' id='line_1_58' title="bbox 461 3205 2041 3282; baseline 0.003 -19"><span class='ocrx_word' id='word_1_388' title='bbox 461 3215 604 3264; x_wconf 90' lang='lat' dir='ltr'><strong>trum</strong></span> <span class='ocrx_word' id='word_1_389' title='bbox 617 3205 901 3279; x_wconf 86' lang='lat' dir='ltr'><strong>synodum,</strong></span> <span class='ocrx_word' id='word_1_390' title='bbox 929 3221 1048 3275; x_wconf 76' lang='lat' dir='ltr'><strong>qua:</strong></span> <span class='ocrx_word' id='word_1_391' title='bbox 1064 3215 1185 3277; x_wconf 89' lang='lat' dir='ltr'><strong>post</strong></span> <span class='ocrx_word' id='word_1_392' title='bbox 1202 3207 1432 3263; x_wconf 58' lang='lat' dir='ltr'><strong>Nicaeam</strong></span> <span class='ocrx_word' id='word_1_393' title='bbox 1458 3209 1510 3263; x_wconf 93' lang='lat' dir='ltr'><strong>in</strong></span> <span class='ocrx_word' id='word_1_394' title='bbox 1538 3210 1640 3264; x_wconf 89' lang='lat' dir='ltr'><strong>hac</strong></span> <span class='ocrx_word' id='word_1_395' title='bbox 1664 3211 1804 3282; x_wconf 88' lang='lat' dir='ltr'><strong>regia</strong></span> <span class='ocrx_word' id='word_1_396' title='bbox 1825 3212 2041 3270; x_wconf 85' lang='lat' dir='ltr'><strong>civitate</strong></span> 
     </span>
    </p>
   </div>
   <div class='ocr_carea' id='block_1_59' title="bbox 468 3295 2042 3368">
    <p class='ocr_par' dir='ltr' id='par_1_59' title="bbox 468 3295 2042 3368">
     <span class='ocr_line' id='line_1_59' title="bbox 468 3295 2042 3368; baseline 0.002 -16"><span class='ocrx_word' id='word_1_397' title='bbox 468 3305 654 3353; x_wconf 87' lang='lat' dir='ltr'><strong>coacta</strong></span> <span class='ocrx_word' id='word_1_398' title='bbox 686 3295 1052 3350; x_wconf 84' lang='lat' dir='ltr'><strong>Macedonium</strong></span> <span class='ocrx_word' id='word_1_399' title='bbox 1083 3296 1455 3366; x_wconf 87' lang='lat' dir='ltr'><strong>impiissimum</strong></span> <span class='ocrx_word' id='word_1_400' title='bbox 1485 3297 1716 3368; x_wconf 87' lang='lat' dir='ltr'><strong>Spiritus</strong></span> <span class='ocrx_word' id='word_1_401' title='bbox 1745 3301 1914 3355; x_wconf 88' lang='lat' dir='ltr'><strong>sancti</strong></span> <span class='ocrx_word' id='word_1_402' title='bbox 1944 3301 2042 3355; x_wconf 86' lang='lat' dir='ltr'><strong>im-</strong></span> 
     </span>
    </p>
   </div>
   <div class='ocr_carea' id='block_1_60' title="bbox 460 3389 2041 3460">
    <p class='ocr_par' dir='ltr' id='par_1_60' title="bbox 460 3389 2041 3460">
     <span class='ocr_line' id='line_1_60' title="bbox 460 3389 2041 3460; baseline 0.004 -18"><span class='ocrx_word' id='word_1_403' title='bbox 460 3397 812 3460; x_wconf 87' lang='lat' dir='ltr'><strong>pugnatorcm</strong></span> <span class='ocrx_word' id='word_1_404' title='bbox 840 3389 1239 3454; x_wconf 77' lang='lat' dir='ltr'><strong>exauctoravit,</strong></span> <span class='ocrx_word' id='word_1_405' title='bbox 1262 3390 1554 3445; x_wconf 85' lang='lat' dir='ltr'><strong>ostendens</strong></span> <span class='ocrx_word' id='word_1_406' title='bbox 1586 3391 1737 3446; x_wconf 91' lang='lat' dir='ltr'><strong>illum</strong></span> <span class='ocrx_word' id='word_1_407' title='bbox 1775 3408 1880 3447; x_wconf 92' lang='lat' dir='ltr'><strong>non</strong></span> <span class='ocrx_word' id='word_1_408' title='bbox 1923 3409 2041 3450; x_wconf 89' lang='lat' dir='ltr'><strong>esse</strong></span> 
     </span>
    </p>
   </div>
   <div class='ocr_carea' id='block_1_61' title="bbox 457 3477 2043 3551">
    <p class='ocr_par' dir='ltr' id='par_1_61' title="bbox 457 3477 2043 3551">
     <span class='ocr_line' id='line_1_61' title="bbox 457 3477 2043 3551; baseline 0.006 -24"><span class='ocrx_word' id='word_1_409' title='bbox 457 3479 585 3547; x_wconf 86' lang='lat' dir='ltr'><strong>quid</strong></span> <span class='ocrx_word' id='word_1_410' title='bbox 607 3486 866 3541; x_wconf 84' lang='lat' dir='ltr'><strong>creatum,</strong></span> <span class='ocrx_word' id='word_1_411' title='bbox 892 3477 985 3532; x_wconf 91' lang='lat' dir='ltr'><strong>sed</strong></span> <span class='ocrx_word' id='word_1_412' title='bbox 1013 3493 1195 3532; x_wconf 90' lang='lat' dir='ltr'><strong>verum</strong></span> <span class='ocrx_word' id='word_1_413' title='bbox 1222 3479 1388 3532; x_wconf 85' lang='lat' dir='ltr'><strong>Deum</strong></span> <span class='ocrx_word' id='word_1_414' title='bbox 1415 3479 1562 3534; x_wconf 85' lang='lat' dir='ltr'><strong>Patri</strong></span> <span class='ocrx_word' id='word_1_415' title='bbox 1584 3480 1786 3536; x_wconf 89' lang='lat' dir='ltr'><strong>etFilio</strong></span> <span class='ocrx_word' id='word_1_416' title='bbox 1811 3497 1907 3551; x_wconf 85' lang='lat' dir='ltr'><strong>per</strong></span> <span class='ocrx_word' id='word_1_417' title='bbox 1926 3497 2043 3536; x_wconf 90' lang='lat' dir='ltr'><strong>om-</strong></span> 
     </span>
    </p>
   </div>
   <div class='ocr_carea' id='block_1_62' title="bbox 466 3568 2042 3641">
    <p class='ocr_par' dir='ltr' id='par_1_62' title="bbox 466 3568 2042 3641">
     <span class='ocr_line' id='line_1_62' title="bbox 466 3568 2042 3641; baseline 0.004 -19"><span class='ocrx_word' id='word_1_418' title='bbox 466 3568 556 3622; x_wconf 87' lang='lat' dir='ltr'><strong>nia</strong></span> <span class='ocrx_word' id='word_1_419' title='bbox 608 3569 945 3631; x_wconf 90' lang='lat' dir='ltr'><strong>homousion,</strong></span> <span class='ocrx_word' id='word_1_420' title='bbox 988 3569 1178 3624; x_wconf 88' lang='lat' dir='ltr'><strong>eadem</strong></span> <span class='ocrx_word' id='word_1_421' title='bbox 1213 3584 1426 3624; x_wconf 89' lang='lat' dir='ltr'><strong>sacrum</strong></span> <span class='ocrx_word' id='word_1_422' title='bbox 1462 3572 1765 3640; x_wconf 91' lang='lat' dir='ltr'><strong>symbolum</strong></span> <span class='ocrx_word' id='word_1_423' title='bbox 1809 3571 2042 3641; x_wconf 88' lang='lat' dir='ltr'><strong>Spiritus</strong></span> 
     </span>
    </p>
   </div>
   <div class='ocr_carea' id='block_1_63' title="bbox 456 3658 2040 3733">
    <p class='ocr_par' dir='ltr' id='par_1_63' title="bbox 456 3658 2040 3733">
     <span class='ocr_line' id='line_1_63' title="bbox 456 3658 2040 3733; baseline 0.005 -21"><span class='ocrx_word' id='word_1_424' title='bbox 456 3659 628 3712; x_wconf 81' lang='lat' dir='ltr'><strong>sancti</strong></span> <span class='ocrx_word' id='word_1_425' title='bbox 657 3660 834 3733; x_wconf 75' lang='lat' dir='ltr'><strong>verbis</strong></span> <span class='ocrx_word' id='word_1_426' title='bbox 860 3658 1032 3714; x_wconf 79' lang='lat' dir='ltr'><strong>fusius</strong></span> <span class='ocrx_word' id='word_1_427' title='bbox 1057 3660 1364 3730; x_wconf 76' lang='lat' dir='ltr'><strong>explicavit,</strong></span> <span class='ocrx_word' id='word_1_428' title='bbox 1410 3663 1540 3730; x_wconf 86' lang='lat' dir='ltr'><strong>quin</strong></span> <span class='ocrx_word' id='word_1_429' title='bbox 1567 3671 1622 3717; x_wconf 92' lang='lat' dir='ltr'><strong>et</strong></span> <span class='ocrx_word' id='word_1_430' title='bbox 1649 3662 2040 3732; x_wconf 79' lang='lat' dir='ltr'><strong>Apollinarium</strong></span> 
     </span>
    </p>
   </div>
   <div class='ocr_carea' id='block_1_64' title="bbox 463 3750 2038 3822">
    <p class='ocr_par' dir='ltr' id='par_1_64' title="bbox 463 3750 2038 3822">
     <span class='ocr_line' id='line_1_64' title="bbox 463 3750 2038 3822; baseline 0.004 -19"><span class='ocrx_word' id='word_1_431' title='bbox 463 3750 832 3805; x_wconf 80' lang='lat' dir='ltr'><strong>Laodicenum</strong></span> <span class='ocrx_word' id='word_1_432' title='bbox 863 3767 1082 3822; x_wconf 90' lang='lat' dir='ltr'><strong>quoque</strong></span> <span class='ocrx_word' id='word_1_433' title='bbox 1111 3754 1387 3807; x_wconf 80' lang='lat' dir='ltr'><strong>imminent</strong></span> <span class='ocrx_word' id='word_1_434' title='bbox 1423 3768 1548 3809; x_wconf 84' lang='lat' dir='ltr'><strong>vere</strong></span> <span class='ocrx_word' id='word_1_435' title='bbox 1579 3753 1838 3808; x_wconf 84' lang='lat' dir='ltr'><strong>stolidum</strong></span> <span class='ocrx_word' id='word_1_436' title='bbox 1864 3760 1920 3809; x_wconf 91' lang='lat' dir='ltr'><strong>et</strong></span> <span class='ocrx_word' id='word_1_437' title='bbox 1949 3752 2038 3810; x_wconf 86' lang='lat' dir='ltr'><strong>in-</strong></span> 
     </span>
    </p>
   </div>
   <div class='ocr_carea' id='block_1_65' title="bbox 462 3845 1911 3916">
    <p class='ocr_par' dir='ltr' id='par_1_65' title="bbox 462 3845 1911 3916">
     <span class='ocr_line' id='line_1_65' title="bbox 462 3845 1911 3916; baseline 0.005 -19"><span class='ocrx_word' id='word_1_438' title='bbox 462 3859 658 3902; x_wconf 87' lang='lat' dir='ltr'><strong>sanum</strong></span> <span class='ocrx_word' id='word_1_439' title='bbox 690 3845 756 3898; x_wconf 85' lang='lat' dir='ltr'><strong>ah</strong></span> <span class='ocrx_word' id='word_1_440' title='bbox 800 3845 1041 3901; x_wconf 73' lang='lat' dir='ltr'><strong>Ecclesia</strong></span> <span class='ocrx_word' id='word_1_441' title='bbox 1068 3847 1297 3916; x_wconf 85' lang='lat' dir='ltr'><strong>pepulit.</strong></span> <span class='ocrx_word' id='word_1_442' title='bbox 1906 3910 1911 3915; x_wconf 57' lang='grc'>,</span> 
     </span>
    </p>
   </div>
   <div class='ocr_carea' id='block_1_66' title="bbox 531 3923 2040 3999">
    <p class='ocr_par' dir='ltr' id='par_1_66' title="bbox 531 3923 2040 3999">
     <span class='ocr_line' id='line_1_66' title="bbox 531 3923 2040 3999; baseline 0.007 -21"><span class='ocrx_word' id='word_1_443' title='bbox 531 3923 658 3979; x_wconf 74' lang='grc' dir='ltr'>Ροδι</span> <span class='ocrx_word' id='word_1_444' title='bbox 681 3930 821 3980; x_wconf 83' lang='lat' dir='ltr'><strong>hanc</strong></span> <span class='ocrx_word' id='word_1_445' title='bbox 846 3935 1026 3981; x_wconf 87' lang='lat' dir='ltr'><strong>autem</strong></span> <span class='ocrx_word' id='word_1_446' title='bbox 1063 3929 1301 3999; x_wconf 86' lang='lat' dir='ltr'><strong>suscipio</strong></span> <span class='ocrx_word' id='word_1_447' title='bbox 1344 3944 1554 3987; x_wconf 87' lang='lat' dir='ltr'><strong>sacram</strong></span> <span class='ocrx_word' id='word_1_448' title='bbox 1580 3933 1686 3989; x_wconf 75' lang='grc'><strong>200</strong></span> <span class='ocrx_word' id='word_1_449' title='bbox 1731 3944 2040 3990; x_wconf 87' lang='lat' dir='ltr'><strong>sanctorum</strong></span> 
     </span>
    </p>
   </div>
   <div class='ocr_carea' id='block_1_67' title="bbox 460 4015 2040 4094">
    <p class='ocr_par' dir='ltr' id='par_1_67' title="bbox 460 4015 2040 4094">
     <span class='ocr_line' id='line_1_67' title="bbox 460 4015 2040 4094; baseline 0.008 -26"><span class='ocrx_word' id='word_1_450' title='bbox 460 4015 677 4069; x_wconf 87' lang='lat' dir='ltr'><strong>Patrum</strong></span> <span class='ocrx_word' id='word_1_451' title='bbox 703 4016 1084 4088; x_wconf 86' lang='lat' dir='ltr'><strong>doctorumque</strong></span> <span class='ocrx_word' id='word_1_452' title='bbox 1107 4019 1380 4073; x_wconf 88' lang='lat' dir='ltr'><strong>hominum</strong></span> <span class='ocrx_word' id='word_1_453' title='bbox 1405 4023 1683 4092; x_wconf 91' lang='lat' dir='ltr'><strong>synodum,</strong></span> <span class='ocrx_word' id='word_1_454' title='bbox 1714 4040 1832 4094; x_wconf 72' lang='lat' dir='ltr'><strong>qua:</strong></span> <span class='ocrx_word' id='word_1_455' title='bbox 1851 4035 2040 4082; x_wconf 89' lang='lat' dir='ltr'><strong>contra</strong></span> 
     </span>
    </p>
   </div>
   <div class='ocr_carea' id='block_1_68' title="bbox 457 4106 2038 4182">
    <p class='ocr_par' dir='ltr' id='par_1_68' title="bbox 457 4106 2038 4182">
     <span class='ocr_line' id='line_1_68' title="bbox 457 4106 2038 4182; baseline 0.008 -23"><span class='ocrx_word' id='word_1_456' title='bbox 457 4121 713 4160; x_wconf 86' lang='lat' dir='ltr'><strong>vesanum</strong></span> <span class='ocrx_word' id='word_1_457' title='bbox 760 4106 1067 4163; x_wconf 86' lang='lat' dir='ltr'><strong>Nestorium</strong></span> <span class='ocrx_word' id='word_1_458' title='bbox 1103 4109 1547 4182; x_wconf 82' lang='lat' dir='ltr'><strong>blasphemasque</strong></span> <span class='ocrx_word' id='word_1_459' title='bbox 1589 4111 1830 4181; x_wconf 84' lang='lat' dir='ltr'><strong>ejusdem</strong></span> <span class='ocrx_word' id='word_1_460' title='bbox 1878 4132 2038 4173; x_wconf 81' lang='lat' dir='ltr'><strong>voces</strong></span> 
     </span>
    </p>
   </div>
   <div class='ocr_carea' id='block_1_69' title="bbox 456 4196 2042 4276">
    <p class='ocr_par' dir='ltr' id='par_1_69' title="bbox 456 4196 2042 4276">
     <span class='ocr_line' id='line_1_69' title="bbox 456 4196 2042 4276; baseline 0.009 -26"><span class='ocrx_word' id='word_1_461' title='bbox 456 4198 654 4267; x_wconf 75' lang='lat' dir='ltr'><strong>Ephesi</strong></span> <span class='ocrx_word' id='word_1_462' title='bbox 691 4199 841 4265; x_wconf 91' lang='lat' dir='ltr'><strong>coiit,</strong></span> <span class='ocrx_word' id='word_1_463' title='bbox 893 4196 1246 4273; x_wconf 89' lang='lat' dir='ltr'><strong>eumdemque</strong></span> <span class='ocrx_word' id='word_1_464' title='bbox 1297 4206 1466 4276; x_wconf 85' lang='lat' dir='ltr'><strong>gradu</strong></span> <span class='ocrx_word' id='word_1_465' title='bbox 1494 4215 1548 4260; x_wconf 88' lang='lat' dir='ltr'><strong>et</strong></span> <span class='ocrx_word' id='word_1_466' title='bbox 1589 4205 1705 4262; x_wconf 92' lang='lat' dir='ltr'><strong>loco</strong></span> <span class='ocrx_word' id='word_1_467' title='bbox 1766 4209 1954 4274; x_wconf 87' lang='lat' dir='ltr'><strong>movit,</strong></span> <span class='ocrx_word' id='word_1_468' title='bbox 1987 4219 2042 4264; x_wconf 82' lang='lat' dir='ltr'><strong>et</strong></span> 
     </span>
    </p>
   </div>
   <div class='ocr_carea' id='block_1_70' title="bbox 455 4282 2039 4366">
    <p class='ocr_par' dir='ltr' id='par_1_70' title="bbox 455 4282 2039 4366">
     <span class='ocr_line' id='line_1_70' title="bbox 455 4282 2039 4366; baseline 0.009 -24"><span class='ocrx_word' id='word_1_469' title='bbox 455 4282 616 4344; x_wconf 77' lang='lat' dir='ltr'><strong>unam</strong></span> <span class='ocrx_word' id='word_1_470' title='bbox 637 4305 757 4346; x_wconf 90' lang='lat' dir='ltr'><strong>esse</strong></span> <span class='ocrx_word' id='word_1_471' title='bbox 784 4290 982 4348; x_wconf 88' lang='lat' dir='ltr'><strong>Christi</strong></span> <span class='ocrx_word' id='word_1_472' title='bbox 1013 4302 1067 4348; x_wconf 91' lang='lat' dir='ltr'><strong>et</strong></span> <span class='ocrx_word' id='word_1_473' title='bbox 1091 4295 1184 4350; x_wconf 90' lang='lat' dir='ltr'><strong>Dei</strong></span> <span class='ocrx_word' id='word_1_474' title='bbox 1215 4297 1382 4352; x_wconf 86' lang='lat' dir='ltr'><strong>nostri</strong></span> <span class='ocrx_word' id='word_1_475' title='bbox 1412 4312 1719 4366; x_wconf 86' lang='lat' dir='ltr'><strong>personam,</strong></span> <span class='ocrx_word' id='word_1_476' title='bbox 1749 4299 1883 4354; x_wconf 90' lang='lat' dir='ltr'><strong>duas</strong></span> <span class='ocrx_word' id='word_1_477' title='bbox 1913 4316 2039 4356; x_wconf 83' lang='lat' dir='ltr'><strong>vero</strong></span> 
     </span>
    </p>
   </div>
   <div class='ocr_carea' id='block_1_71' title="bbox 451 4383 2037 4451">
    <p class='ocr_par' dir='ltr' id='par_1_71' title="bbox 451 4383 2037 4451">
     <span class='ocr_line' id='line_1_71' title="bbox 451 4383 2037 4451; baseline 0.011 -18"><span class='ocrx_word' id='word_1_478' title='bbox 451 4383 692 4451; x_wconf 80' lang='lat' dir='ltr'><strong>ejusdem</strong></span> <span class='ocrx_word' id='word_1_479' title='bbox 740 4394 960 4443; x_wconf 88' lang='lat' dir='ltr'><strong>naturas</strong></span> <span class='ocrx_word' id='word_1_480' title='bbox 1007 4388 1121 4444; x_wconf 87' lang='lat' dir='ltr'><strong>sine</strong></span> <span class='ocrx_word' id='word_1_481' title='bbox 1159 4390 1265 4445; x_wconf 91' lang='lat' dir='ltr'><strong>ulla</strong></span> <span class='ocrx_word' id='word_1_482' title='bbox 1309 4391 1628 4447; x_wconf 78' lang='lat' dir='ltr'><strong>confusione</strong></span> <span class='ocrx_word' id='word_1_483' title='bbox 1658 4408 1723 4446; x_wconf 87' lang='lat' dir='ltr'><strong>ac</strong></span> <span class='ocrx_word' id='word_1_484' title='bbox 1766 4393 2037 4451; x_wconf 86' lang='lat' dir='ltr'><strong>divisione</strong></span> 
     </span>
    </p>
   </div>
   <div class='ocr_carea' id='block_1_72' title="bbox 453 4473 2034 4552">
    <p class='ocr_par' dir='ltr' id='par_1_72' title="bbox 453 4473 2034 4552">
     <span class='ocr_line' id='line_1_72' title="bbox 453 4473 2034 4552; baseline 0.009 -26"><span class='ocrx_word' id='word_1_485' title='bbox 453 4473 594 4528; x_wconf 90' lang='lat' dir='ltr'><strong>inter</strong></span> <span class='ocrx_word' id='word_1_486' title='bbox 616 4489 673 4530; x_wconf 89' lang='lat' dir='ltr'><strong>se</strong></span> <span class='ocrx_word' id='word_1_487' title='bbox 701 4476 879 4532; x_wconf 87' lang='lat' dir='ltr'><strong>unitas</strong></span> <span class='ocrx_word' id='word_1_488' title='bbox 903 4478 1286 4546; x_wconf 80' lang='lat' dir='ltr'><strong>determinans,</strong></span> <span class='ocrx_word' id='word_1_489' title='bbox 1322 4499 1487 4552; x_wconf 86' lang='lat' dir='ltr'><strong>unum</strong></span> <span class='ocrx_word' id='word_1_490' title='bbox 1519 4500 1736 4539; x_wconf 88' lang='lat' dir='ltr'><strong>rursum</strong></span> <span class='ocrx_word' id='word_1_491' title='bbox 1761 4486 2034 4541; x_wconf 88' lang='lat' dir='ltr'><strong>eumdem-</strong></span> 
     </span>
    </p>
   </div>
   <div class='ocr_carea' id='block_1_73' title="bbox 452 4562 2034 4640">
    <p class='ocr_par' dir='ltr' id='par_1_73' title="bbox 452 4562 2034 4640">
     <span class='ocr_line' id='line_1_73' title="bbox 452 4562 2034 4640; baseline 0.01 -26"><span class='ocrx_word' id='word_1_492' title='bbox 452 4577 556 4632; x_wconf 86' lang='lat' dir='ltr'><strong>que</strong></span> <span class='ocrx_word' id='word_1_493' title='bbox 589 4562 754 4618; x_wconf 83' lang='lat' dir='ltr'><strong>Deum</strong></span> <span class='ocrx_word' id='word_1_494' title='bbox 783 4577 837 4620; x_wconf 91' lang='lat' dir='ltr'><strong>et</strong></span> <span class='ocrx_word' id='word_1_495' title='bbox 861 4567 1131 4624; x_wconf 90' lang='lat' dir='ltr'><strong>hominem</strong></span> <span class='ocrx_word' id='word_1_496' title='bbox 1166 4572 1325 4626; x_wconf 92' lang='lat' dir='ltr'><strong>simul</strong></span> <span class='ocrx_word' id='word_1_497' title='bbox 1351 4587 1471 4627; x_wconf 86' lang='lat' dir='ltr'><strong>esse</strong></span> <span class='ocrx_word' id='word_1_498' title='bbox 1515 4572 1817 4640; x_wconf 87' lang='lat' dir='ltr'><strong>declarans,</strong></span> <span class='ocrx_word' id='word_1_499' title='bbox 1863 4591 1927 4630; x_wconf 88' lang='lat' dir='ltr'><strong>ac</strong></span> <span class='ocrx_word' id='word_1_500' title='bbox 1951 4593 2034 4630; x_wconf 88' lang='lat' dir='ltr'><strong>sa-</strong></span> 
     </span>
    </p>
   </div>
   <div class='ocr_carea' id='block_1_74' title="bbox 450 4654 2034 4731">
    <p class='ocr_par' dir='ltr' id='par_1_74' title="bbox 450 4654 2034 4731">
     <span class='ocr_line' id='line_1_74' title="bbox 450 4654 2034 4731; baseline 0.009 -27"><span class='ocrx_word' id='word_1_501' title='bbox 450 4666 596 4706; x_wconf 87' lang='lat' dir='ltr'><strong>cram</strong></span> <span class='ocrx_word' id='word_1_502' title='bbox 624 4654 834 4708; x_wconf 82' lang='lat' dir='ltr'><strong>tan.lem</strong></span> <span class='ocrx_word' id='word_1_503' title='bbox 874 4655 1136 4727; x_wconf 78' lang='lat' dir='ltr'><strong>virginem</strong></span> <span class='ocrx_word' id='word_1_504' title='bbox 1171 4657 1391 4714; x_wconf 82' lang='lat' dir='ltr'><strong>Mariam</strong></span> <span class='ocrx_word' id='word_1_505' title='bbox 1425 4675 1550 4714; x_wconf 88' lang='lat' dir='ltr'><strong>vere</strong></span> <span class='ocrx_word' id='word_1_506' title='bbox 1576 4662 1898 4731; x_wconf 87' lang='lat' dir='ltr'><strong>proprieque</strong></span> <span class='ocrx_word' id='word_1_507' title='bbox 1925 4662 2034 4718; x_wconf 86' lang='lat' dir='ltr'><strong>dei-</strong></span> 
     </span>
    </p>
   </div>
   <div class='ocr_carea' id='block_1_75' title="bbox 451 4749 1194 4817">
    <p class='ocr_par' dir='ltr' id='par_1_75' title="bbox 451 4749 1194 4817">
     <span class='ocr_line' id='line_1_75' title="bbox 451 4749 1194 4817; baseline 0.012 -22"><span class='ocrx_word' id='word_1_508' title='bbox 451 4758 636 4810; x_wconf 83' lang='lat' dir='ltr'><strong>param</strong></span> <span class='ocrx_word' id='word_1_509' title='bbox 675 4760 792 4801; x_wconf 85' lang='lat' dir='ltr'><strong>esse</strong></span> <span class='ocrx_word' id='word_1_510' title='bbox 821 4749 1194 4817; x_wconf 88' lang='lat' dir='ltr'><strong>pronuntians.</strong></span> 
     </span>
    </p>
   </div>
   <div class='ocr_carea' id='block_1_76' title="bbox 521 4835 2033 4915">
    <p class='ocr_par' dir='ltr' id='par_1_76' title="bbox 521 4835 2033 4915">
     <span class='ocr_line' id='line_1_76' title="bbox 521 4835 2033 4915; baseline 0.008 -25"><span class='ocrx_word' id='word_1_511' title='bbox 521 4835 858 4906; x_wconf 83' lang='lat' dir='ltr'><strong>Complector</strong></span> <span class='ocrx_word' id='word_1_512' title='bbox 877 4849 1068 4908; x_wconf 90' lang='lat' dir='ltr'><strong>quarto</strong></span> <span class='ocrx_word' id='word_1_513' title='bbox 1109 4857 1321 4896; x_wconf 84' lang='lat' dir='ltr'><strong>sacram</strong></span> <span class='ocrx_word' id='word_1_514' title='bbox 1352 4841 1454 4896; x_wconf 81' lang='lat'><strong>650</strong></span> <span class='ocrx_word' id='word_1_515' title='bbox 1476 4842 1778 4897; x_wconf 89' lang='lat' dir='ltr'><strong>divinormu</strong></span> <span class='ocrx_word' id='word_1_516' title='bbox 1817 4844 2033 4915; x_wconf 86' lang='lat' dir='ltr'><strong>Deoque</strong></span> 
     </span>
    </p>
   </div>
   <div class='ocr_carea' id='block_1_77' title="bbox 451 4928 2030 5007">
    <p class='ocr_par' dir='ltr' id='par_1_77' title="bbox 451 4928 2030 5007">
     <span class='ocr_line' id='line_1_77' title="bbox 451 4928 2030 5007; baseline 0.009 -27"><span class='ocrx_word' id='word_1_517' title='bbox 451 4928 751 4984; x_wconf 77' lang='lat' dir='ltr'><strong>alliatorum</strong></span> <span class='ocrx_word' id='word_1_518' title='bbox 788 4930 1006 4986; x_wconf 84' lang='lat' dir='ltr'><strong>Patrum</strong></span> <span class='ocrx_word' id='word_1_519' title='bbox 1039 4932 1374 4989; x_wconf 87' lang='lat' dir='ltr'><strong>Chalcedone</strong></span> <span class='ocrx_word' id='word_1_520' title='bbox 1411 4941 1722 4989; x_wconf 89' lang='lat' dir='ltr'><strong>coactorum</strong></span> <span class='ocrx_word' id='word_1_521' title='bbox 1746 4937 2030 5007; x_wconf 84' lang='lat' dir='ltr'><strong>synodum,</strong></span> 
     </span>
    </p>
   </div>
   <div class='ocr_carea' id='block_1_78' title="bbox 448 5019 2036 5092">
    <p class='ocr_par' dir='ltr' id='par_1_78' title="bbox 448 5019 2036 5092">
     <span class='ocr_line' id='line_1_78' title="bbox 448 5019 2036 5092; baseline 0.008 -20"><span class='ocrx_word' id='word_1_522' title='bbox 448 5034 568 5088; x_wconf 82' lang='lat' dir='ltr'><strong>quae</strong></span> <span class='ocrx_word' id='word_1_523' title='bbox 597 5019 942 5090; x_wconf 87' lang='lat' dir='ltr'><strong>impiissimos</strong></span> <span class='ocrx_word' id='word_1_524' title='bbox 969 5021 1263 5092; x_wconf 69' lang='lat' dir='ltr'><strong>Eutychen)</strong></span> <span class='ocrx_word' id='word_1_525' title='bbox 1287 5031 1342 5077; x_wconf 92' lang='lat' dir='ltr'><strong>et</strong></span> <span class='ocrx_word' id='word_1_526' title='bbox 1358 5023 1694 5090; x_wconf 92' lang='lat' dir='ltr'><strong>Dioscorum,</strong></span> <span class='ocrx_word' id='word_1_527' title='bbox 1719 5026 2036 5083; x_wconf 83' lang='lat' dir='ltr'><strong>obscuram-</strong></span> 
     </span>
    </p>
   </div>
   <div class='ocr_carea' id='block_1_79' title="bbox 449 5112 2034 5180">
    <p class='ocr_par' dir='ltr' id='par_1_79' title="bbox 449 5112 2034 5180">
     <span class='ocr_line' id='line_1_79' title="bbox 449 5112 2034 5180; baseline 0.006 -16"><span class='ocrx_word' id='word_1_528' title='bbox 449 5126 552 5180; x_wconf 88' lang='lat' dir='ltr'><strong>que</strong></span> <span class='ocrx_word' id='word_1_529' title='bbox 577 5125 642 5164; x_wconf 89' lang='lat' dir='ltr'><strong>ac</strong></span> <span class='ocrx_word' id='word_1_530' title='bbox 672 5113 1009 5166; x_wconf 87' lang='lat' dir='ltr'><strong>tenebrosam</strong></span> <span class='ocrx_word' id='word_1_531' title='bbox 1041 5112 1350 5166; x_wconf 90' lang='lat' dir='ltr'><strong>corumdem</strong></span> <span class='ocrx_word' id='word_1_532' title='bbox 1385 5113 1755 5171; x_wconf 79' lang='lat' dir='ltr'><strong>confusionem</strong></span> <span class='ocrx_word' id='word_1_533' title='bbox 1782 5118 2034 5174; x_wconf 88' lang='lat' dir='ltr'><strong>condem-</strong></span> 
     </span>
    </p>
   </div>
   <div class='ocr_carea' id='block_1_80' title="bbox 451 5202 2033 5281">
    <p class='ocr_par' dir='ltr' id='par_1_80' title="bbox 451 5202 2033 5281">
     <span class='ocr_line' id='line_1_80' title="bbox 451 5202 2033 5281; baseline 0.004 -24"><span class='ocrx_word' id='word_1_534' title='bbox 451 5204 618 5258; x_wconf 83' lang='lat' dir='ltr'><strong>navit.</strong></span> <span class='ocrx_word' id='word_1_535' title='bbox 647 5202 741 5257; x_wconf 79' lang='lat' dir='ltr'><strong>ilis</strong></span> <span class='ocrx_word' id='word_1_536' title='bbox 780 5203 1124 5259; x_wconf 88' lang='lat' dir='ltr'><strong>anathemate</strong></span> <span class='ocrx_word' id='word_1_537' title='bbox 1148 5203 1428 5275; x_wconf 76' lang='lat' dir='ltr'><strong>iugulatis,</strong></span> <span class='ocrx_word' id='word_1_538' title='bbox 1470 5223 1634 5262; x_wconf 89' lang='lat' dir='ltr'><strong>unum</strong></span> <span class='ocrx_word' id='word_1_539' title='bbox 1682 5208 2033 5281; x_wconf 82' lang='lat' dir='ltr'><strong>eamdemque</strong></span> 
     </span>
    </p>
   </div>
   <div class='ocr_carea' id='block_1_81' title="bbox 447 5294 2030 5357">
    <p class='ocr_par' dir='ltr' id='par_1_81' title="bbox 447 5294 2030 5357">
     <span class='ocr_line' id='line_1_81' title="bbox 447 5294 2030 5357; baseline 0.005 -8"><span class='ocrx_word' id='word_1_540' title='bbox 447 5295 718 5350; x_wconf 81' lang='lat' dir='ltr'><strong>Christum</strong></span> <span class='ocrx_word' id='word_1_541' title='bbox 764 5294 930 5348; x_wconf 92' lang='lat' dir='ltr'><strong>Deum</strong></span> <span class='ocrx_word' id='word_1_542' title='bbox 960 5309 1025 5348; x_wconf 89' lang='lat' dir='ltr'><strong>ac</strong></span> <span class='ocrx_word' id='word_1_543' title='bbox 1054 5295 1342 5354; x_wconf 91' lang='lat' dir='ltr'><strong>Dominum</strong></span> <span class='ocrx_word' id='word_1_544' title='bbox 1389 5309 1633 5355; x_wconf 90' lang='lat' dir='ltr'><strong>nostrum</strong></span> <span class='ocrx_word' id='word_1_545' title='bbox 1667 5309 1720 5356; x_wconf 91' lang='lat' dir='ltr'><strong>et</strong></span> <span class='ocrx_word' id='word_1_546' title='bbox 1757 5302 2030 5357; x_wconf 88' lang='lat' dir='ltr'><strong>hominem</strong></span> 
     </span>
    </p>
   </div>
   <div class='ocr_carea' id='block_1_82' title="bbox 449 5383 2034 5458">
    <p class='ocr_par' dir='ltr' id='par_1_82' title="bbox 449 5383 2034 5458">
     <span class='ocr_line' id='line_1_82' title="bbox 449 5383 2034 5458; baseline 0.004 -19"><span class='ocrx_word' id='word_1_547' title='bbox 449 5384 767 5452; x_wconf 77' lang='lat' dir='ltr'><strong>perfectum,</strong></span> <span class='ocrx_word' id='word_1_548' title='bbox 805 5392 860 5438; x_wconf 93' lang='lat' dir='ltr'><strong>et</strong></span> <span class='ocrx_word' id='word_1_549' title='bbox 889 5383 1056 5438; x_wconf 90' lang='lat' dir='ltr'><strong>Deum</strong></span> <span class='ocrx_word' id='word_1_550' title='bbox 1099 5401 1310 5441; x_wconf 87' lang='lat' dir='ltr'><strong>rursum</strong></span> <span class='ocrx_word' id='word_1_551' title='bbox 1343 5387 1645 5458; x_wconf 77' lang='lat' dir='ltr'><strong>perfectum</strong></span> <span class='ocrx_word' id='word_1_552' title='bbox 1667 5406 1787 5447; x_wconf 90' lang='lat' dir='ltr'><strong>esse</strong></span> <span class='ocrx_word' id='word_1_553' title='bbox 1821 5391 1874 5447; x_wconf 89' lang='lat' dir='ltr'><strong>in</strong></span> <span class='ocrx_word' id='word_1_554' title='bbox 1898 5392 2034 5447; x_wconf 83' lang='lat' dir='ltr'><strong>dua-</strong></span> 
     </span>
    </p>
   </div>
   <div class='ocr_carea' id='block_1_83' title="bbox 450 5471 2040 5548">
    <p class='ocr_par' dir='ltr' id='par_1_83' title="bbox 450 5471 2040 5548">
     <span class='ocr_line' id='line_1_83' title="bbox 450 5471 2040 5548; baseline 0.006 -22"><span class='ocrx_word' id='word_1_555' title='bbox 450 5471 549 5526; x_wconf 87' lang='lat' dir='ltr'><strong>bus</strong></span> <span class='ocrx_word' id='word_1_556' title='bbox 574 5473 790 5542; x_wconf 83' lang='lat' dir='ltr'><strong>quidem</strong></span> <span class='ocrx_word' id='word_1_557' title='bbox 822 5472 1054 5536; x_wconf 86' lang='lat' dir='ltr'><strong>naturis,</strong></span> <span class='ocrx_word' id='word_1_558' title='bbox 1085 5474 1136 5528; x_wconf 90' lang='lat' dir='ltr'><strong>in</strong></span> <span class='ocrx_word' id='word_1_559' title='bbox 1171 5493 1275 5531; x_wconf 89' lang='lat' dir='ltr'><strong>una</strong></span> <span class='ocrx_word' id='word_1_560' title='bbox 1303 5493 1432 5532; x_wconf 89' lang='lat' dir='ltr'><strong>vero</strong></span> <span class='ocrx_word' id='word_1_561' title='bbox 1475 5493 1705 5548; x_wconf 88' lang='lat' dir='ltr'><strong>persona</strong></span> <span class='ocrx_word' id='word_1_562' title='bbox 1759 5479 2040 5536; x_wconf 79' lang='lat' dir='ltr'><strong>inconfuse</strong></span> 
     </span>
    </p>
   </div>
   <div class='ocr_carea' id='block_1_84' title="bbox 449 5561 1675 5637">
    <p class='ocr_par' dir='ltr' id='par_1_84' title="bbox 449 5561 1675 5637">
     <span class='ocr_line' id='line_1_84' title="bbox 449 5561 1675 5637; baseline 0.007 -21"><span class='ocrx_word' id='word_1_563' title='bbox 449 5561 822 5634; x_wconf 82' lang='lat' dir='ltr'><strong>indivulseque</strong></span> <span class='ocrx_word' id='word_1_564' title='bbox 839 5563 1159 5619; x_wconf 83' lang='lat' dir='ltr'><strong>existentem</strong></span> <span class='ocrx_word' id='word_1_565' title='bbox 1176 5567 1675 5637; x_wconf 69' lang='lat' dir='ltr'><strong>piedeprzedieavit.</strong></span> 
     </span>
    </p>
   </div>
   <div class='ocr_carea' id='block_1_85' title="bbox 518 5649 2033 5725">
    <p class='ocr_par' dir='ltr' id='par_1_85' title="bbox 518 5649 2033 5725">
     <span class='ocr_line' id='line_1_85' title="bbox 518 5649 2033 5725; baseline 0.008 -19"><span class='ocrx_word' id='word_1_566' title='bbox 518 5649 658 5707; x_wconf 62' lang='lat' dir='ltr'><strong>him</strong></span> <span class='ocrx_word' id='word_1_567' title='bbox 684 5655 930 5725; x_wconf 83' lang='lat' dir='ltr'><strong>quintam</strong></span> <span class='ocrx_word' id='word_1_568' title='bbox 955 5669 1166 5710; x_wconf 88' lang='lat' dir='ltr'><strong>rursum</strong></span> <span class='ocrx_word' id='word_1_569' title='bbox 1211 5673 1423 5714; x_wconf 88' lang='lat' dir='ltr'><strong>sacram</strong></span> <span class='ocrx_word' id='word_1_570' title='bbox 1455 5659 1554 5713; x_wconf 78' lang='lat'><strong>165</strong></span> <span class='ocrx_word' id='word_1_571' title='bbox 1593 5669 1903 5718; x_wconf 88' lang='lat' dir='ltr'><strong>sanctorum</strong></span> <span class='ocrx_word' id='word_1_572' title='bbox 1930 5660 2033 5718; x_wconf 84' lang='lat' dir='ltr'><strong>Pa-</strong></span> 
     </span>
    </p>
   </div>
   <div class='ocr_carea' id='block_1_86' title="bbox 2141 3201 3713 3291">
    <p class='ocr_par' dir='ltr' id='par_1_86' title="bbox 2141 3201 3713 3291">
     <span class='ocr_line' id='line_1_86' title="bbox 2141 3201 3713 3291; baseline 0.011 -36"><span class='ocrx_word' id='word_1_573' title='bbox 2141 3201 2262 3256; x_wconf 86' lang='grc' dir='ltr'>λεων</span> <span class='ocrx_word' id='word_1_574' title='bbox 2310 3207 2759 3280; x_wconf 80' lang='grc' dir='ltr'>συναθροισθεῖσαν</span> <span class='ocrx_word' id='word_1_575' title='bbox 2811 3216 2909 3262; x_wconf 85' lang='grc' dir='ltr'><strong>τῶν</strong></span> <span class='ocrx_word' id='word_1_576' title='bbox 2953 3211 3023 3280; x_wconf 87' lang='grc' dir='ltr'>ρν¹</span> <span class='ocrx_word' id='word_1_577' title='bbox 3061 3213 3412 3268; x_wconf 81' lang='grc' dir='ltr'>θεοπνεύστων</span> <span class='ocrx_word' id='word_1_578' title='bbox 3461 3220 3713 3291; x_wconf 58' lang='grc' dir='ltr'>Πατέρων*</span> 
     </span>
    </p>
   </div>
   <div class='ocr_carea' id='block_1_87' title="bbox 2140 3295 3717 3371">
    <p class='ocr_par' dir='ltr' id='par_1_87' title="bbox 2140 3295 3717 3371">
     <span class='ocr_line' id='line_1_87' title="bbox 2140 3295 3717 3371; baseline 0.011 -25"><span class='ocrx_word' id='word_1_579' title='bbox 2140 3295 2222 3346; x_wconf 82' lang='grc' dir='ltr'><strong>τὸν</strong></span> <span class='ocrx_word' id='word_1_580' title='bbox 2259 3296 2457 3350; x_wconf 79' lang='grc' dir='ltr'>ἀνόσιον</span> <span class='ocrx_word' id='word_1_581' title='bbox 2485 3301 2926 3371; x_wconf 76' lang='grc' dir='ltr'>πνευματομάχον</span> <span class='ocrx_word' id='word_1_582' title='bbox 2964 3304 3277 3358; x_wconf 83' lang='grc' dir='ltr'>καθελοῦσαν</span> <span class='ocrx_word' id='word_1_583' title='bbox 3314 3305 3606 3362; x_wconf 74' lang='grc' dir='ltr'>Μακεδόνων</span> <span class='ocrx_word' id='word_1_584' title='bbox 3634 3314 3717 3364; x_wconf 79' lang='grc' dir='ltr'><strong>καί</strong></span> 
     </span>
    </p>
   </div>
   <div class='ocr_carea' id='block_1_88' title="bbox 2141 3389 3714 3464">
    <p class='ocr_par' dir='ltr' id='par_1_88' title="bbox 2141 3389 3714 3464">
     <span class='ocr_line' id='line_1_88' title="bbox 2141 3389 3714 3464; baseline 0.011 -25"><span class='ocrx_word' id='word_1_585' title='bbox 2141 3390 2228 3443; x_wconf 78' lang='grc' dir='ltr'>τήν</span> <span class='ocrx_word' id='word_1_586' title='bbox 2257 3393 2347 3440; x_wconf 90' lang='grc' dir='ltr'><strong>τοῦ</strong></span> <span class='ocrx_word' id='word_1_587' title='bbox 2387 3389 2525 3459; x_wconf 78' lang='grc' dir='ltr'>ἱεροῦ</span> <span class='ocrx_word' id='word_1_588' title='bbox 2555 3391 2815 3462; x_wconf 65' lang='grc' dir='ltr'>συμϐόλου</span> <span class='ocrx_word' id='word_1_589' title='bbox 2848 3392 3035 3448; x_wconf 61' lang='grc' dir='ltr'>ἔννοιαν</span> <span class='ocrx_word' id='word_1_590' title='bbox 3079 3397 3465 3464; x_wconf 70' lang='grc' dir='ltr'>ἑξαπλὼσασαν,</span> <span class='ocrx_word' id='word_1_591' title='bbox 3496 3404 3580 3454; x_wconf 79' lang='grc' dir='ltr'><strong>καί</strong></span> <span class='ocrx_word' id='word_1_592' title='bbox 3607 3412 3714 3464; x_wconf 84' lang='grc' dir='ltr'>τοῖς</span> 
     </span>
    </p>
   </div>
   <div class='ocr_carea' id='block_1_89' title="bbox 2139 3477 3715 3562">
    <p class='ocr_par' dir='ltr' id='par_1_89' title="bbox 2139 3477 3715 3562">
     <span class='ocr_line' id='line_1_89' title="bbox 2139 3477 3715 3562; baseline 0.012 -32"><span class='ocrx_word' id='word_1_593' title='bbox 2139 3485 2230 3531; x_wconf 84' lang='grc' dir='ltr'><strong>τοῦ</strong></span> <span class='ocrx_word' id='word_1_594' title='bbox 2267 3477 2410 3549; x_wconf 90' lang='grc' dir='ltr'>ἁγίου</span> <span class='ocrx_word' id='word_1_595' title='bbox 2451 3483 2735 3552; x_wconf 86' lang='grc' dir='ltr'>Πνεύματος</span> <span class='ocrx_word' id='word_1_596' title='bbox 2765 3484 2928 3557; x_wconf 78' lang='grc' dir='ltr'>λόγοις</span> <span class='ocrx_word' id='word_1_597' title='bbox 2958 3487 3398 3562; x_wconf 68' lang='grc' dir='ltr'>ἕπιτρανὼσισαν,</span> <span class='ocrx_word' id='word_1_598' title='bbox 3442 3494 3560 3548; x_wconf 74' lang='grc' dir='ltr'>Θεὸν</span> <span class='ocrx_word' id='word_1_599' title='bbox 3593 3496 3715 3554; x_wconf 85' lang='grc' dir='ltr'>άλη-</span> 
     </span>
    </p>
   </div>
   <div class='ocr_carea' id='block_1_90' title="bbox 2140 3567 3714 3656">
    <p class='ocr_par' dir='ltr' id='par_1_90' title="bbox 2140 3567 3714 3656">
     <span class='ocr_line' id='line_1_90' title="bbox 2140 3567 3714 3656; baseline 0.015 -37"><span class='ocrx_word' id='word_1_600' title='bbox 2140 3568 2268 3620; x_wconf 79' lang='grc' dir='ltr'>θινὸν</span> <span class='ocrx_word' id='word_1_601' title='bbox 2305 3567 2567 3637; x_wconf 74' lang='grc' dir='ltr'>ὸμοούσιον</span> <span class='ocrx_word' id='word_1_602' title='bbox 2615 3581 2688 3646; x_wconf 64' lang='grc' dir='ltr'>τῷ</span> <span class='ocrx_word' id='word_1_603' title='bbox 2727 3578 2884 3650; x_wconf 82' lang='grc' dir='ltr'>Πατρί</span> <span class='ocrx_word' id='word_1_604' title='bbox 2930 3581 3015 3631; x_wconf 86' lang='grc' dir='ltr'><strong>καί</strong></span> <span class='ocrx_word' id='word_1_605' title='bbox 3053 3567 3126 3651; x_wconf 52' lang='lat' dir='ltr'><strong>vi;</strong></span> <span class='ocrx_word' id='word_1_606' title='bbox 3162 3581 3265 3652; x_wconf 78' lang='grc' dir='ltr'><strong>Υίῷ</strong></span> <span class='ocrx_word' id='word_1_607' title='bbox 3309 3586 3391 3636; x_wconf 82' lang='grc' dir='ltr'><strong>καί</strong></span> <span class='ocrx_word' id='word_1_608' title='bbox 3434 3585 3491 3637; x_wconf 80' lang='grc' dir='ltr'>οὐ</span> <span class='ocrx_word' id='word_1_609' title='bbox 3525 3587 3714 3656; x_wconf 81' lang='grc' dir='ltr'>κτίσμα</span> 
     </span>
    </p>
   </div>
   <div class='ocr_carea' id='block_1_91' title="bbox 2139 3659 3712 3750">
    <p class='ocr_par' dir='ltr' id='par_1_91' title="bbox 2139 3659 3712 3750">
     <span class='ocr_line' id='line_1_91' title="bbox 2139 3659 3712 3750; baseline 0.015 -38"><span class='ocrx_word' id='word_1_610' title='bbox 2139 3659 2284 3712; x_wconf 76' lang='grc' dir='ltr'>αὐτὸν</span> <span class='ocrx_word' id='word_1_611' title='bbox 2338 3661 2719 3734; x_wconf 68' lang='grc' dir='ltr'>βεϐαιώσασαν,</span> <span class='ocrx_word' id='word_1_612' title='bbox 2777 3669 2862 3720; x_wconf 84' lang='grc' dir='ltr'><strong>καί</strong></span> <span class='ocrx_word' id='word_1_613' title='bbox 2885 3666 3254 3745; x_wconf 78' lang='grc' dir='ltr'>’Δπολλινάριον</span> <span class='ocrx_word' id='word_1_614' title='bbox 3303 3675 3386 3727; x_wconf 90' lang='grc' dir='ltr'><strong>τὸν</strong></span> <span class='ocrx_word' id='word_1_615' title='bbox 3423 3676 3712 3750; x_wconf 76' lang='grc' dir='ltr'>Λαοδικία,</span> 
     </span>
    </p>
   </div>
   <div class='ocr_carea' id='block_1_92' title="bbox 2139 3745 3711 3829">
    <p class='ocr_par' dir='ltr' id='par_1_92' title="bbox 2139 3745 3711 3829">
     <span class='ocr_line' id='line_1_92' title="bbox 2139 3745 3711 3829; baseline 0.018 -27"><span class='ocrx_word' id='word_1_616' title='bbox 2139 3748 2222 3802; x_wconf 80' lang='grc' dir='ltr'><strong>τὸν</strong></span> <span class='ocrx_word' id='word_1_617' title='bbox 2251 3745 2404 3811; x_wconf 82' lang='grc' dir='ltr'>ὅντως</span> <span class='ocrx_word' id='word_1_618' title='bbox 2444 3749 2632 3824; x_wconf 75' lang='grc' dir='ltr'>ἄφρονα</span> <span class='ocrx_word' id='word_1_619' title='bbox 2668 3758 2752 3809; x_wconf 85' lang='grc' dir='ltr'><strong>καί</strong></span> <span class='ocrx_word' id='word_1_620' title='bbox 2788 3755 2996 3814; x_wconf 73' lang='grc' dir='ltr'>άνόητον</span> <span class='ocrx_word' id='word_1_621' title='bbox 3044 3768 3136 3820; x_wconf 78' lang='grc' dir='ltr'><strong>τῆς</strong></span> <span class='ocrx_word' id='word_1_622' title='bbox 3174 3762 3468 3825; x_wconf 71' lang='grc' dir='ltr'>Ἐκκ)-ητίας</span> <span class='ocrx_word' id='word_1_623' title='bbox 3513 3768 3711 3829; x_wconf 59' lang='lat' dir='ltr'><strong>duram-</strong></span> 
     </span>
    </p>
   </div>
   <div class='ocr_carea' id='block_1_93' title="bbox 2139 3841 2382 3911">
    <p class='ocr_par' dir='ltr' id='par_1_93' title="bbox 2139 3841 2382 3911">
     <span class='ocr_line' id='line_1_93' title="bbox 2139 3841 2382 3911; baseline 0 -19"><span class='ocrx_word' id='word_1_624' title='bbox 2139 3841 2382 3911; x_wconf 80' lang='grc' dir='ltr'>ρύξασαν.</span> 
     </span>
    </p>
   </div>
   <div class='ocr_carea' id='block_1_94' title="bbox 2208 3931 3707 4020">
    <p class='ocr_par' dir='ltr' id='par_1_94' title="bbox 2208 3931 3707 4020">
     <span class='ocr_line' id='line_1_94' title="bbox 2208 3931 3707 4020; baseline 0.013 -34"><span class='ocrx_word' id='word_1_625' title='bbox 2208 3931 2325 3986; x_wconf 78' lang='grc' dir='ltr'>Μεθ’</span> <span class='ocrx_word' id='word_1_626' title='bbox 2367 3933 2424 3990; x_wconf 77' lang='grc' dir='ltr'>ἣν</span> <span class='ocrx_word' id='word_1_627' title='bbox 2453 3940 2540 3993; x_wconf 76' lang='grc' dir='ltr'>τήν</span> <span class='ocrx_word' id='word_1_628' title='bbox 2568 3937 2618 3989; x_wconf 75' lang='grc' dir='ltr'>ὲν</span> <span class='ocrx_word' id='word_1_629' title='bbox 2655 3935 2845 4008; x_wconf 68' lang='grc' dir='ltr'><strong>Ἐφέσῳ</strong></span> <span class='ocrx_word' id='word_1_630' title='bbox 2874 3940 2932 3993; x_wconf 90' lang='grc' dir='ltr'><strong>τὸ</strong></span> <span class='ocrx_word' id='word_1_631' title='bbox 2969 3941 3213 4017; x_wconf 86' lang='grc' dir='ltr'>πρότερον</span> <span class='ocrx_word' id='word_1_632' title='bbox 3238 3951 3707 4020; x_wconf 78' lang='grc' dir='ltr'>συναγηγερμίνην.</span> 
     </span>
    </p>
   </div>
   <div class='ocr_carea' id='block_1_95' title="bbox 2138 4023 3712 4104">
    <p class='ocr_par' dir='ltr' id='par_1_95' title="bbox 2138 4023 3712 4104">
     <span class='ocr_line' id='line_1_95' title="bbox 2138 4023 3712 4104; baseline 0.013 -28"><span class='ocrx_word' id='word_1_633' title='bbox 2138 4029 2237 4076; x_wconf 86' lang='grc' dir='ltr'>τῶν</span> <span class='ocrx_word' id='word_1_634' title='bbox 2258 4023 2400 4095; x_wconf 77' lang='grc' dir='ltr'>ἱερῶν</span> <span class='ocrx_word' id='word_1_635' title='bbox 2421 4023 2691 4081; x_wconf 78' lang='grc' dir='ltr'>διακοσίων</span> <span class='ocrx_word' id='word_1_636' title='bbox 2718 4026 3031 4085; x_wconf 71' lang='grc' dir='ltr'>διδασκάλων</span> <span class='ocrx_word' id='word_1_637' title='bbox 3055 4033 3205 4104; x_wconf 87' lang='grc' dir='ltr'>ἁγίαν</span> <span class='ocrx_word' id='word_1_638' title='bbox 3229 4035 3438 4091; x_wconf 72' lang='grc' dir='ltr'>σύνοδον</span> <span class='ocrx_word' id='word_1_639' title='bbox 3463 4047 3590 4094; x_wconf 82' lang='grc' dir='ltr'>κατά</span> <span class='ocrx_word' id='word_1_640' title='bbox 3621 4053 3712 4096; x_wconf 76' lang='grc' dir='ltr'><strong>Νε-</strong></span> 
     </span>
    </p>
   </div>
   <div class='ocr_carea' id='block_1_96' title="bbox 2140 4115 3702 4202">
    <p class='ocr_par' dir='ltr' id='par_1_96' title="bbox 2140 4115 3702 4202">
     <span class='ocr_line' id='line_1_96' title="bbox 2140 4115 3702 4202; baseline 0.014 -37"><span class='ocrx_word' id='word_1_641' title='bbox 2140 4115 2344 4184; x_wconf 87' lang='grc' dir='ltr'>στορίου</span> <span class='ocrx_word' id='word_1_642' title='bbox 2369 4121 2460 4169; x_wconf 86' lang='grc' dir='ltr'><strong>τοῦ</strong></span> <span class='ocrx_word' id='word_1_643' title='bbox 2497 4119 2857 4193; x_wconf 69' lang='grc' dir='ltr'>ματαιόφρονος</span> <span class='ocrx_word' id='word_1_644' title='bbox 2893 4125 2975 4176; x_wconf 80' lang='grc' dir='ltr'><strong>καί</strong></span> <span class='ocrx_word' id='word_1_645' title='bbox 3010 4132 3110 4178; x_wconf 86' lang='grc' dir='ltr'>τῶν</span> <span class='ocrx_word' id='word_1_646' title='bbox 3149 4126 3330 4180; x_wconf 81' lang='grc' dir='ltr'>ἐκείνου</span> <span class='ocrx_word' id='word_1_647' title='bbox 3357 4129 3702 4202; x_wconf 77' lang='grc' dir='ltr'>βλασφημιῶν,</span> 
     </span>
    </p>
   </div>
   <div class='ocr_carea' id='block_1_97' title="bbox 2135 4197 3710 4289">
    <p class='ocr_par' dir='ltr' id='par_1_97' title="bbox 2135 4197 3710 4289">
     <span class='ocr_line' id='line_1_97' title="bbox 2135 4197 3710 4289; baseline 0.016 -33"><span class='ocrx_word' id='word_1_648' title='bbox 2135 4197 2187 4256; x_wconf 76' lang='grc' dir='ltr'><strong>δν</strong></span> <span class='ocrx_word' id='word_1_649' title='bbox 2207 4205 2502 4266; x_wconf 77' lang='grc' dir='ltr'>καθελοῦσα,</span> <span class='ocrx_word' id='word_1_650' title='bbox 2518 4212 2636 4280; x_wconf 86' lang='grc' dir='ltr'>μίαν</span> <span class='ocrx_word' id='word_1_651' title='bbox 2649 4217 2737 4266; x_wconf 83' lang='grc' dir='ltr'><strong>τοῦ</strong></span> <span class='ocrx_word' id='word_1_652' title='bbox 2758 4222 2987 4287; x_wconf 77' lang='grc' dir='ltr'>Χριστοῦ</span> <span class='ocrx_word' id='word_1_653' title='bbox 3010 4219 3088 4271; x_wconf 80' lang='grc' dir='ltr'><strong>καί</strong></span> <span class='ocrx_word' id='word_1_654' title='bbox 3115 4225 3240 4273; x_wconf 84' lang='grc' dir='ltr'>Θεοῦ</span> <span class='ocrx_word' id='word_1_655' title='bbox 3262 4222 3400 4289; x_wconf 77' lang='grc' dir='ltr'>ἡμῶν</span> <span class='ocrx_word' id='word_1_656' title='bbox 3417 4221 3521 4277; x_wconf 77' lang='grc' dir='ltr'>καθ’</span> <span class='ocrx_word' id='word_1_657' title='bbox 3533 4225 3710 4280; x_wconf 77' lang='grc' dir='ltr'>ἕνωσιν</span> 
     </span>
    </p>
   </div>
   <div class='ocr_carea' id='block_1_98' title="bbox 2138 4297 3710 4393">
    <p class='ocr_par' dir='ltr' id='par_1_98' title="bbox 2138 4297 3710 4393">
     <span class='ocr_line' id='line_1_98' title="bbox 2138 4297 3710 4393; baseline 0.017 -45"><span class='ocrx_word' id='word_1_658' title='bbox 2138 4297 2440 4362; x_wconf 80' lang='grc' dir='ltr'>ὑπόστασιν,</span> <span class='ocrx_word' id='word_1_659' title='bbox 2472 4305 2555 4356; x_wconf 85' lang='grc' dir='ltr'><strong>καί</strong></span> <span class='ocrx_word' id='word_1_660' title='bbox 2580 4297 2673 4358; x_wconf 74' lang='grc' dir='ltr'><strong>δύο</strong></span> <span class='ocrx_word' id='word_1_661' title='bbox 2711 4306 2886 4376; x_wconf 82' lang='grc' dir='ltr'>φύσεις</span> <span class='ocrx_word' id='word_1_662' title='bbox 2929 4309 3249 4381; x_wconf 64' lang='grc' dir='ltr'>ἀσυγχύτως</span> <span class='ocrx_word' id='word_1_663' title='bbox 3287 4317 3369 4368; x_wconf 87' lang='grc' dir='ltr'><strong>καί</strong></span> <span class='ocrx_word' id='word_1_664' title='bbox 3413 4314 3710 4393; x_wconf 69' lang='grc' dir='ltr'>ἁδιαιρὲτωτ</span> 
     </span>
    </p>
   </div>
   <div class='ocr_carea' id='block_1_99' title="bbox 2142 4389 3710 4479">
    <p class='ocr_par' dir='ltr' id='par_1_99' title="bbox 2142 4389 3710 4479">
     <span class='ocr_line' id='line_1_99' title="bbox 2142 4389 3710 4479; baseline 0.016 -39"><span class='ocrx_word' id='word_1_665' title='bbox 2142 4397 2302 4460; x_wconf 56' lang='grc' dir='ltr'>σοφῶς</span> <span class='ocrx_word' id='word_1_666' title='bbox 2339 4389 2660 4464; x_wconf 78' lang='grc' dir='ltr'>ἐδογμάτισε,</span> <span class='ocrx_word' id='word_1_667' title='bbox 2701 4399 2782 4450; x_wconf 85' lang='grc' dir='ltr'><strong>τὸν</strong></span> <span class='ocrx_word' id='word_1_668' title='bbox 2815 4401 2972 4454; x_wconf 71' lang='grc' dir='ltr'>αὑτὸν</span> <span class='ocrx_word' id='word_1_669' title='bbox 3007 4404 3129 4455; x_wconf 87' lang='grc' dir='ltr'>Θεὸν</span> <span class='ocrx_word' id='word_1_670' title='bbox 3159 4407 3245 4458; x_wconf 89' lang='grc' dir='ltr'><strong>καί</strong></span> <span class='ocrx_word' id='word_1_671' title='bbox 3282 4401 3542 4479; x_wconf 71' lang='grc' dir='ltr'>ἄνθρωπον</span> <span class='ocrx_word' id='word_1_672' title='bbox 3575 4410 3710 4464; x_wconf 72' lang='grc' dir='ltr'>άποο</span> 
     </span>
    </p>
   </div>
   <div class='ocr_carea' id='block_1_100' title="bbox 2135 4483 3710 4567">
    <p class='ocr_par' dir='ltr' id='par_1_100' title="bbox 2135 4483 3710 4567">
     <span class='ocr_line' id='line_1_100' title="bbox 2135 4483 3710 4567; baseline 0.016 -36"><span class='ocrx_word' id='word_1_673' title='bbox 2135 4483 2351 4552; x_wconf 78' lang='grc' dir='ltr'>φήνασα,</span> <span class='ocrx_word' id='word_1_674' title='bbox 2387 4487 2472 4537; x_wconf 84' lang='grc' dir='ltr'><strong>καί</strong></span> <span class='ocrx_word' id='word_1_675' title='bbox 2506 4490 2594 4543; x_wconf 79' lang='grc' dir='ltr'>τήν</span> <span class='ocrx_word' id='word_1_676' title='bbox 2620 4485 2768 4557; x_wconf 85' lang='grc' dir='ltr'>ἁγίαν</span> <span class='ocrx_word' id='word_1_677' title='bbox 2806 4494 3020 4566; x_wconf 82' lang='grc' dir='ltr'>Μαρίαν,</span> <span class='ocrx_word' id='word_1_678' title='bbox 3051 4495 3236 4567; x_wconf 77' lang='grc' dir='ltr'>κυρίως</span> <span class='ocrx_word' id='word_1_679' title='bbox 3265 4499 3347 4550; x_wconf 83' lang='grc' dir='ltr'><strong>καί</strong></span> <span class='ocrx_word' id='word_1_680' title='bbox 3369 4498 3560 4560; x_wconf 79' lang='grc' dir='ltr'>άληθῶς</span> <span class='ocrx_word' id='word_1_681' title='bbox 3585 4507 3710 4555; x_wconf 86' lang='grc' dir='ltr'>Θεο-</span> 
     </span>
    </p>
   </div>
   <div class='ocr_carea' id='block_1_101' title="bbox 2135 4566 2694 4643">
    <p class='ocr_par' dir='ltr' id='par_1_101' title="bbox 2135 4566 2694 4643">
     <span class='ocr_line' id='line_1_101' title="bbox 2135 4566 2694 4643; baseline 0.014 -23"><span class='ocrx_word' id='word_1_682' title='bbox 2135 4566 2280 4621; x_wconf 80' lang='grc' dir='ltr'>τόκον</span> <span class='ocrx_word' id='word_1_683' title='bbox 2319 4568 2694 4643; x_wconf 78' lang='grc' dir='ltr'>ὁμολογήσασα.</span> 
     </span>
    </p>
   </div>
   <div class='ocr_carea' id='block_1_102' title="bbox 2205 4846 3705 4936">
    <p class='ocr_par' dir='ltr' id='par_1_102' title="bbox 2205 4846 3705 4936">
     <span class='ocr_line' id='line_1_102' title="bbox 2205 4846 3705 4936; baseline 0.017 -37"><span class='ocrx_word' id='word_1_684' title='bbox 2205 4846 2337 4899; x_wconf 82' lang='grc' dir='ltr'><strong>Μετὰ</strong></span> <span class='ocrx_word' id='word_1_685' title='bbox 2372 4853 2538 4902; x_wconf 88' lang='grc' dir='ltr'>ταῦτα</span> <span class='ocrx_word' id='word_1_686' title='bbox 2562 4857 2661 4904; x_wconf 83' lang='grc' dir='ltr'><strong>τῶν</strong></span> <span class='ocrx_word' id='word_1_687' title='bbox 2689 4851 2736 4906; x_wconf 74' lang='grc' dir='ltr'>ἓν</span> <span class='ocrx_word' id='word_1_688' title='bbox 2765 4853 3061 4926; x_wconf 76' lang='grc' dir='ltr'>Καλχηδόνι</span> <span class='ocrx_word' id='word_1_689' title='bbox 3099 4859 3492 4936; x_wconf 82' lang='grc' dir='ltr'>συνδραμόντων</span> <span class='ocrx_word' id='word_1_690' title='bbox 3529 4866 3705 4930; x_wconf 56' lang='lat' dir='ltr'><strong>£53m-</strong></span> 
     </span>
    </p>
   </div>
   <div class='ocr_carea' id='block_1_103' title="bbox 2137 4936 3706 5027">
    <p class='ocr_par' dir='ltr' id='par_1_103' title="bbox 2137 4936 3706 5027">
     <span class='ocr_line' id='line_1_103' title="bbox 2137 4936 3706 5027; baseline 0.015 -40"><span class='ocrx_word' id='word_1_691' title='bbox 2137 4936 2259 4990; x_wconf 87' lang='grc' dir='ltr'>σίων</span> <span class='ocrx_word' id='word_1_692' title='bbox 2285 4937 2544 5010; x_wconf 87' lang='grc' dir='ltr'>τριάκοντα</span> <span class='ocrx_word' id='word_1_693' title='bbox 2569 4941 2740 4996; x_wconf 71' lang='grc' dir='ltr'>ἐνθέων</span> <span class='ocrx_word' id='word_1_694' title='bbox 2867 4947 3129 5021; x_wconf 70' lang='grc' dir='ltr'>Θεοφόρων</span> <span class='ocrx_word' id='word_1_695' title='bbox 3159 4953 3415 5027; x_wconf 75' lang='grc' dir='ltr'>Πατέρων.</span> <span class='ocrx_word' id='word_1_696' title='bbox 3447 4955 3559 5015; x_wconf 75' lang='grc' dir='ltr'>ἥτις</span> <span class='ocrx_word' id='word_1_697' title='bbox 3584 4959 3706 5016; x_wconf 85' lang='grc' dir='ltr'>τούς</span> 
     </span>
    </p>
   </div>
   <div class='ocr_carea' id='block_1_104' title="bbox 2135 5021 3704 5115">
    <p class='ocr_par' dir='ltr' id='par_1_104' title="bbox 2135 5021 3704 5115">
     <span class='ocr_line' id='line_1_104' title="bbox 2135 5021 3704 5115; baseline 0.011 -37"><span class='ocrx_word' id='word_1_698' title='bbox 2135 5021 2422 5091; x_wconf 71' lang='grc' dir='ltr'>δυσσεϐεῖς,</span> <span class='ocrx_word' id='word_1_699' title='bbox 2457 5026 2699 5101; x_wconf 73' lang='grc' dir='ltr'>εὐτυχία</span> <span class='ocrx_word' id='word_1_700' title='bbox 2722 5035 2801 5086; x_wconf 85' lang='grc' dir='ltr'><strong>καί</strong></span> <span class='ocrx_word' id='word_1_701' title='bbox 2839 5021 3138 5110; x_wconf 74' lang='grc' dir='ltr'>Διόσκορον,</span> <span class='ocrx_word' id='word_1_702' title='bbox 3162 5045 3243 5093; x_wconf 83' lang='grc' dir='ltr'>καὶ</span> <span class='ocrx_word' id='word_1_703' title='bbox 3280 5021 3370 5100; x_wconf 75' lang='grc' dir='ltr'>τήν</span> <span class='ocrx_word' id='word_1_704' title='bbox 3397 5042 3592 5115; x_wconf 79' lang='grc' dir='ltr'>ζοφώδη</span> <span class='ocrx_word' id='word_1_705' title='bbox 3623 5050 3704 5100; x_wconf 81' lang='grc' dir='ltr'>καὶ</span> 
     </span>
    </p>
   </div>
   <div class='ocr_carea' id='block_1_105' title="bbox 2137 5116 3705 5199">
    <p class='ocr_par' dir='ltr' id='par_1_105' title="bbox 2137 5116 3705 5199">
     <span class='ocr_line' id='line_1_105' title="bbox 2137 5116 3705 5199; baseline 0.015 -31"><span class='ocrx_word' id='word_1_706' title='bbox 2137 5116 2478 5191; x_wconf 75' lang='grc' dir='ltr'>ὶσκοτισμένην</span> <span class='ocrx_word' id='word_1_707' title='bbox 2515 5123 2678 5177; x_wconf 73' lang='grc' dir='ltr'>αὐτῶν</span> <span class='ocrx_word' id='word_1_708' title='bbox 2705 5125 2972 5198; x_wconf 84' lang='grc' dir='ltr'>σύγχυσιν</span> <span class='ocrx_word' id='word_1_709' title='bbox 3014 5129 3339 5197; x_wconf 81' lang='grc' dir='ltr'>κατεδίκασε,</span> <span class='ocrx_word' id='word_1_710' title='bbox 3367 5137 3452 5188; x_wconf 72' lang='grc' dir='ltr'><strong>καί</strong></span> <span class='ocrx_word' id='word_1_711' title='bbox 3489 5137 3705 5199; x_wconf 74' lang='grc' dir='ltr'>τούτους</span> 
     </span>
    </p>
   </div>
   <div class='ocr_carea' id='block_1_106' title="bbox 2134 5208 3702 5301">
    <p class='ocr_par' dir='ltr' id='par_1_106' title="bbox 2134 5208 3702 5301">
     <span class='ocr_line' id='line_1_106' title="bbox 2134 5208 3702 5301; baseline 0.013 -39"><span class='ocrx_word' id='word_1_712' title='bbox 2134 5208 2554 5282; x_wconf 73' lang='grc' dir='ltr'>ἀναθεματίσασα,</span> <span class='ocrx_word' id='word_1_713' title='bbox 2585 5214 2768 5269; x_wconf 75' lang='grc' dir='ltr'>τέλειον</span> <span class='ocrx_word' id='word_1_714' title='bbox 2808 5218 2968 5273; x_wconf 77' lang='grc' dir='ltr'>αὺτὸν</span> <span class='ocrx_word' id='word_1_715' title='bbox 3013 5221 3157 5286; x_wconf 82' lang='grc' dir='ltr'>Θεὸν,</span> <span class='ocrx_word' id='word_1_716' title='bbox 3186 5225 3272 5278; x_wconf 80' lang='grc' dir='ltr'><strong>καί</strong></span> <span class='ocrx_word' id='word_1_717' title='bbox 3297 5225 3481 5280; x_wconf 74' lang='grc' dir='ltr'>τέλειον</span> <span class='ocrx_word' id='word_1_718' title='bbox 3510 5223 3702 5301; x_wconf 77' lang='grc' dir='ltr'>ἄνθρω-</span> 
     </span>
    </p>
   </div>
   <div class='ocr_carea' id='block_1_107' title="bbox 2135 5305 3704 5389">
    <p class='ocr_par' dir='ltr' id='par_1_107' title="bbox 2135 5305 3704 5389">
     <span class='ocr_line' id='line_1_107' title="bbox 2135 5305 3704 5389; baseline 0.01 -33"><span class='ocrx_word' id='word_1_719' title='bbox 2135 5323 2228 5357; x_wconf 82' lang='grc' dir='ltr'><strong>πον</strong></span> <span class='ocrx_word' id='word_1_720' title='bbox 2252 5305 2338 5361; x_wconf 84' lang='grc' dir='ltr'><strong>τὸν</strong></span> <span class='ocrx_word' id='word_1_721' title='bbox 2365 5306 2512 5362; x_wconf 73' lang='grc' dir='ltr'>αὐτὸν</span> <span class='ocrx_word' id='word_1_722' title='bbox 2546 5310 2766 5382; x_wconf 79' lang='grc' dir='ltr'>Χριστὸν</span> <span class='ocrx_word' id='word_1_723' title='bbox 2786 5313 2869 5364; x_wconf 84' lang='grc' dir='ltr'><strong>καί</strong></span> <span class='ocrx_word' id='word_1_724' title='bbox 2893 5311 3013 5367; x_wconf 77' lang='grc' dir='ltr'>Θεὸν</span> <span class='ocrx_word' id='word_1_725' title='bbox 3043 5315 3182 5387; x_wconf 71' lang='grc' dir='ltr'>’ἁμῶν</span> <span class='ocrx_word' id='word_1_726' title='bbox 3205 5318 3252 5370; x_wconf 69' lang='grc' dir='ltr'>ἓν</span> <span class='ocrx_word' id='word_1_727' title='bbox 3282 5314 3374 5371; x_wconf 85' lang='grc' dir='ltr'><strong>δύο</strong></span> <span class='ocrx_word' id='word_1_728' title='bbox 3401 5319 3590 5389; x_wconf 70' lang='grc' dir='ltr'>φύσεσι</span> <span class='ocrx_word' id='word_1_729' title='bbox 3620 5321 3704 5372; x_wconf 67' lang='lat' dir='ltr'><strong>an!</strong></span> 
     </span>
    </p>
   </div>
   <div class='ocr_carea' id='block_1_108' title="bbox 2136 5394 3703 5482">
    <p class='ocr_par' dir='ltr' id='par_1_108' title="bbox 2136 5394 3703 5482">
     <span class='ocr_line' id='line_1_108' title="bbox 2136 5394 3703 5482; baseline 0.008 -34"><span class='ocrx_word' id='word_1_730' title='bbox 2136 5394 2420 5451; x_wconf 78' lang='grc' dir='ltr'>ὑποστάσει</span> <span class='ocrx_word' id='word_1_731' title='bbox 2470 5403 2562 5468; x_wconf 77' lang='grc' dir='ltr'><strong>μιᾷ</strong></span> <span class='ocrx_word' id='word_1_732' title='bbox 2614 5398 2936 5470; x_wconf 77' lang='grc' dir='ltr'>ἁσυγχύτως</span> <span class='ocrx_word' id='word_1_733' title='bbox 2984 5407 3066 5458; x_wconf 82' lang='grc' dir='ltr'><strong>καί</strong></span> <span class='ocrx_word' id='word_1_734' title='bbox 3121 5403 3423 5482; x_wconf 74' lang='grc' dir='ltr'>άδιαιρίτως</span> <span class='ocrx_word' id='word_1_735' title='bbox 3477 5405 3703 5470; x_wconf 63' lang='grc' dir='ltr'>εὐσεϐῶς</span> 
     </span>
    </p>
   </div>
   <div class='ocr_carea' id='block_1_109' title="bbox 2138 5489 2443 5562">
    <p class='ocr_par' dir='ltr' id='par_1_109' title="bbox 2138 5489 2443 5562">
     <span class='ocr_line' id='line_1_109' title="bbox 2138 5489 2443 5562; baseline 0.003 -20"><span class='ocrx_word' id='word_1_736' title='bbox 2138 5489 2443 5562; x_wconf 74' lang='grc' dir='ltr'>ἀνεκήρυξεν.</span> 
     </span>
    </p>
   </div>
   <div class='ocr_carea' id='block_1_110' title="bbox 2209 5662 3704 5751">
    <p class='ocr_par' dir='ltr' id='par_1_110' title="bbox 2209 5662 3704 5751">
     <span class='ocr_line' id='line_1_110' title="bbox 2209 5662 3704 5751; baseline 0.008 -35"><span class='ocrx_word' id='word_1_737' title='bbox 2209 5662 2320 5720; x_wconf 82' lang='grc' dir='ltr'>Ἐτι</span> <span class='ocrx_word' id='word_1_738' title='bbox 2351 5669 2444 5724; x_wconf 73' lang='grc' dir='ltr'><strong>μην</strong></span> <span class='ocrx_word' id='word_1_739' title='bbox 2487 5665 2566 5721; x_wconf 80' lang='grc' dir='ltr'><strong>καί</strong></span> <span class='ocrx_word' id='word_1_740' title='bbox 2601 5670 2690 5726; x_wconf 75' lang='grc' dir='ltr'>τήν</span> <span class='ocrx_word' id='word_1_741' title='bbox 2729 5665 2870 5730; x_wconf 77' lang='grc' dir='ltr'>αὖθις</span> <span class='ocrx_word' id='word_1_742' title='bbox 2900 5671 3009 5726; x_wconf 73' lang='grc' dir='ltr'>κατ’</span> <span class='ocrx_word' id='word_1_743' title='bbox 3029 5673 3182 5732; x_wconf 68' lang='grc' dir='ltr'>αὐτὴν</span> <span class='ocrx_word' id='word_1_744' title='bbox 3206 5677 3294 5737; x_wconf 75' lang='grc' dir='ltr'>τὴν</span> <span class='ocrx_word' id='word_1_745' title='bbox 3322 5674 3704 5751; x_wconf 70' lang='grc' dir='ltr'>Θεοφρούρητον</span> 
     </span>
    </p>
   </div>
  </div>
