3960 6428
213 287 347 343 ιοθι

1647 284 2022 342 EPISTOL/E.

3323 301 3462 357 1062

208 401 363 456 πόλιν
403 399 832 474 συγκροτηθεῖσαν
869 398 1018 469 άγίαν
1053 400 1289 471 πέμπτην
1318 398 1532 456 σύνοδον
1560 407 1660 456 τῶν
1684 404 1768 478 ρξι

1887 409 2031 456 trum
2071 403 2513 487 synodum,.qu:e
2547 405 2602 461 in
2632 407 2735 463 hac
2780 406 2976 464 iterum
3020 410 3200 467 divina
3244 410 3467 484 Deoque

206 493 363 565 ἁγίων
391 491 625 564 ιιατέρων
652 492 812 559 ἡμῶν,
843 492 953 552 ἥτις
984 493 1050 547 τὰ
1080 490 1344 567 Θεοδώρου
1371 495 1456 546 καί
1481 497 1781 569 Νεστορίου,

204 583 333 655 πρός
370 578 425 637 δέ
465 582 552 634 καί
586 577 890 653 Ὠριγένονς,
930 579 1148 651 Διδύμου
1188 601 1244 636 τε
1293 584 1382 636 καί
1415 583 1667 656 Βύαγρίου
1695 581 1786 635 καί

202 678 306 727 τῶν
350 669 473 741 ἀμφ’
490 671 678 729 αύτούς
705 668 986 736 κακοδόξων
1017 671 1181 727 ἀσεϐῆ
1228 669 1482 743 δόγματα,
1520 673 1649 732 τέως
1692 673 1785 741 μέν

205 763 349 835 παιρά
401 768 508 819 τοῖς
552 759 753 819 πολλοῖς
786 763 1133 836 κρυπτόμενα,
1180 767 1453 818 τηνικαῦτα
1492 758 1548 815 δέ
1590 767 1785 836 πικρῶς

208 848 485 923 ἀναφνὲντα
538 853 626 905 καί
679 850 1136 909 ἀναϐλαστήσαντα
1189 852 1387 922 έξέτεμε
1405 865 1421 881 ⁸
1479 849 1542 906 δι’
1562 847 1629 904 ὧν
1680 855 1784 927 γὰρ

210 938 358 995 αῦτοί
416 938 698 1011 ὖληρῲδουν
758 938 1184 1010 μυθολογημάτων
1206 976 1223 1001 ,
1270 936 1515 1010 ’1ουδαίκῇ
1578 957 1634 993 τε
1696 941 1787 994 καί

208 1027 459 1106 Ἑλληνικῇ
525 1030 710 1102 μᾶλλον
732 1067 750 1094 ,
808 1027 840 1087 ἦ
896 1034 1223 1103 Χριστιανικῇ
1282 1025 1401 1098 δόξῃ
1455 1026 1788 1085 έπηκολούθη-

209 1140 328 1173 σαν.

274 1224 419 1292 ἰεξῆς
464 1233 555 1287 τὴν
590 1228 735 1285 ἕκτην
774 1235 874 1282 τῶν
909 1227 984 1300 ρο¹
1031 1229 1175 1303 ἱερῶν
1211 1228 1402 1308 ἀνδρῶν
1443 1234 1783 1304 οίκουμενικην

208 1316 418 1373 σύνοδον
480 1321 562 1374 καί
617 1316 776 1378 αὑτήν
826 1323 956 1376 κατά
1007 1327 1162 1377 τοῦτο
1224 1322 1282 1377 τό
1335 1322 1589 1395 βασῧειον
1645 1320 1781 1380 ἄστυ

208 1413 539 1483 συνηγμένην,
567 1414 654 1466 καί
689 1419 788 1468 τῶν
815 1415 945 1468 κατὰ
972 1414 1190 1486 Χριστόν
1219 1415 1417 1485 φύσεων
1442 1416 1536 1475 τάς
1559 1435 1615 1471 τε
1653 1412 1780 1470 ἰδιό-

205 1521 362 1561 τητας
398 1503 485 1555 καί
519 1503 740 1574 φυσικὰς
778 1504 1032 1578 ἐνεργείας
1067 1506 1160 1560 καί
1194 1504 1419 1566 θελήσεις
1466 1506 1778 1581 κηρύξασαν,

204 1591 646 1662 άναθεματίσασαν
674 1589 728 1647 δέ
751 1591 1012 1666 Θεόδωρον
1035 1594 1125 1649 τόν
1155 1602 1248 1655 τῆς
1282 1597 1448 1670 Φαρὰν
1485 1596 1777 1663 ἐπίσκοπον,

205 1686 288 1736 καί
321 1684 577 1756 Ὀνώριον,
631 1683 806 1753 κύριον
837 1703 888 1738 τε
934 1687 1019 1739 καὶ
1060 1684 1282 1757 Σίργιον,
1326 1686 1539 1759 Πύρρον,
1590 1686 1781 1741 Παῦλον

204 1775 291 1827 καί
327 1773 530 1846 Πέτρον,
567 1775 687 1834 τούς
723 1778 1063 1848 συγχωρήσει
1109 1783 1239 1831 Θεοῦ
1278 1779 1409 1833 κατά
1453 1784 1544 1837 τήν
1579 1775 1779 1837 Ἐκκλη-

203 1864 322 1918 σίαν
372 1864 423 1916 έν
463 1871 527 1937 τῇ
583 1864 833 1938 ἱερωσύνῃ
882 1867 1262 1941 εἰσφθαρέντας⁶
1301 1865 1377 1923 ἴτι
1405 1869 1489 1923 καί
1522 1869 1781 1942 Μακάριον

203 1954 289 2008 τόν
313 1946 627 2024 ’Δντιοχέίας
677 1953 1027 2023 ὀνομασθέντα
1084 1957 1367 2033 πρόεδρον,
1409 1962 1494 2013 καί
1539 1960 1783 2031 Στέφανον

121 2109 132 2122 ,
202 2050 288 2104 τὸν
338 2050 524 2105 τούτου
571 2049 794 2119 μαθητήν
817 2065 833 2082 ⁸
874 2050 1002 2124 πρὸς
1046 2048 1100 2106 δέ
1151 2036 1233 2106 xuii
1283 2051 1652 2124 Πολυχρόνιον,
1691 2052 1780 2108 τόν

200 2140 507 2212 νηπιόφρονα
542 2141 775 2215 γέροντα·
815 2140 861 2195 οἳ
899 2138 949 2196 έν
995 2143 1202 2214 θέλημα,
1247 2145 1333 2198 καί
1374 2145 1493 2216 μίαν
1530 2143 1780 2217 ένέργειαν

203 2230 287 2286 hri
331 2237 423 2287 τοῦ
477 2238 704 2304 Σωτῆρος
779 2233 917 2303 ἡμῶν
976 2239 1206 2308 Χριστοῦ
1262 2235 1349 2288 καί
1406 2239 1535 2288 Θεοῦ
1603 2231 1780 2298 έδόξαο

204 2325 309 2386 ζον.

270 2501 380 2553 Ἐπί
414 2495 605 2559 ταύτης
634 2496 688 2554 δέ
728 2498 876 2553 πάλιν
902 2499 989 2551 καί
1025 2497 1157 2569 μετά
1184 2500 1351 2551 ταῦτα
1377 2499 1467 2555 τήν
1495 2496 1546 2549 έν
1588 2495 1779 2569 Νικαίᾳ

206 2589 266 2645 τό
293 2587 530 2662 διύτιρον
568 2589 910 2644 συνελθοῦσαν
934 2593 1031 2641 τῶν
1053 2588 1104 2640 έν
1140 2592 1247 2647 τοῖς
1273 2583 1381 2640 καθ’
1401 2586 1536 2655 ἡμᾶς
1562 2583 1777 2656 χρόνοις

201 2683 273 2755 ρν¹
324 2681 556 2753 Πατέρων
609 2679 823 2751 έεδόμην
860 2681 945 2733 καί
982 2678 1115 2754 ἱεράν
1151 2674 1363 2731 σύνοδον
1389 2717 1403 2740 ,
1448 2676 1559 2736 ἥτις
1602 2676 1778 2736 πάσας

201 2774 293 2830 τὰς
322 2771 687 2842 προλαεούσας
724 2769 873 2842 άγὶας
910 2766 1156 2826 συνόδους
1195 2766 1558 2840 έπεσφεεάγισε,
1586 2767 1676 2819 καί
1712 2764 1777 2820 τά

199 2861 396 2914 τούτων
431 2857 681 2931 δόγματα,
722 2865 822 2914 τῶν
869 2864 1073 2913 σεπτῶν
1120 2859 1206 2911 καί
1252 2858 1392 2933 ἱερῶν
1437 2854 1636 2910 εἰκόνων
1687 2859 1777 2914 τήν

199 2950 426 3020 ἀρχῆθεν
486 2946 894 3023 παραδεδομένην
963 2955 1026 3018 τῇ
1083 2946 1355 3019 Ἐκκλησία
1427 2940 1776 3019 προσκύνησιν

201 3040 487 3106 ἀνεδέξατο,
526 3041 751 3117 ὁρίσασα
792 3039 1157 3113 παραπλησίως
1194 3038 1352 3097 αύτάς
1396 3031 1469 3106 τῷ
1507 3036 1656 3107 τύπῳ
1685 3039 1770 3090 τοῦ

198 3137 441 3196 ζωοποιοῦ
514 3137 737 3206 σταυροῦ
803 3131 1215 3206 προσκυνεῖσθαι.
1286 3126 1622 3196 ’Δπεϐἁλομεν
1676 3126 1809 3189 τῆςξ

196 3226 486 3287 ἐκκλησέας
520 3228 642 3286 τούς
678 3223 919 3297 έφ’ῦϐρει
957 3224 1040 3277 καί
1087 3224 1414 3293 καταστρᾶφῇ
1456 3221 1650 3275 τούτων
1690 3240 1770 3274 κε-

201 3316 596 3388 ⁸οολιογήσιεινιιάς,
645 3315 733 3367 καί
777 3308 878 3369 τίν
925 3306 1242 3385 Χριστιανῶν
1295 3311 1766 3384 κατηγορήσαντας,

200 3403 280 3460 ὅτι
308 3408 377 3465 ὡς
403 3407 529 3463 θεοῖς
558 3405 733 3463 αὐτοῖς
760 3404 1170 3478 προσεκύνησαν’
1200 3401 1443 3455 τουτέστι
1471 3397 1765 3465 Θεοδόσιον,

199 3501 479 3566 Βασίλειον,
526 3502 773 3575 Σισίννιον,
798 3500 920 3559 τούς
973 3495 1266 3571 παροράσιι
1319 3500 1447 3550 Θεοῦ
1502 3494 1769 3569 ἶερατικῶν

194 3589 374 3663 θρόνων
413 3588 686 3663 ὅρξαντας.

264 3762 357 3815 Καί
384 3756 579 3820 ταύτας
613 3761 708 3820 τὰς
736 3760 999 3835 εἰρημένας
1027 3757 1173 3828 ἁγίας
1218 3760 1566 3832 οἰκουμενικάς
1613 3759 1767 3814 συνό-

193 3848 315 3909 δούς
358 3847 703 3919 ἀποδέχομαι,
732 3852 819 3903 καὶ
856 3851 1054 3904 πάντων
1076 3855 1175 3903 τῶν
1205 3848 1438 3919 ἐκκρίτων
1476 3851 1562 3902 καί
1599 3870 1766 3917 μακα-

188 3940 310 4015 ρίων
334 3938 565 4012 Πατέρων
598 3938 663 3992 τά
699 3958 753 3992 τε
779 3935 1007 4010 δόγματα
1041 3938 1126 3990 καὶ
1154 3940 1423 4006 πονήματα
1445 3938 1761 4009 ἀσπάζομαι,

190 4031 260 4090 ὥς
287 4028 611 4086 διδασναλίαν
643 4032 976 4091 ἀνεπίληπτον
999 4033 1085 4085 καί
1126 4032 1384 4105 σωτηρίας
1420 4032 1661 4097 θεμέλιον,
1686 4035 1765 4088 ναί

188 4118 277 4181 οῦς
301 4123 330 4179 ἠ
359 4121 588 4180 καθολική
607 4121 870 4181 Ἐκκλησία
896 4124 1166 4196 προσίεται
1193 4120 1542 4193 ἀποδέχομαι,
1565 4125 1651 4177 καί
1676 4121 1765 4184 οῦς

186 4209 533 4278 ἀποτρέπεται
569 4213 973 4286 ἀποστρέφομαι.
1011 4208 1381 4279 ’Δποϐἀλλομαι
1419 4209 1472 4266 δέ
1511 4214 1596 4266 καί
1635 4233 1765 4267 παν-

186 4300 339 4361 τελῶς
367 4302 723 4378 ὰποτρέπομαι
760 4304 881 4363 τούς
918 4302 1021 4358 ἀπό
1062 4305 1280 4375 Σίμωνος
1319 4309 1411 4358 τοῦ
1449 4302 1642 4378 Μάγου.
1678 4308 1763 4360 καί

1886 494 2097 551 addicta
2159 497 2375 553 civitate
2414 507 2622 565 coacta,
2675 499 2839 571 impia
2876 500 3163 570 Theodori,
3210 502 3467 572 Nestorii,

1883 583 2153 656 Origenis,
2193 587 2426 659 Didymi,
2449 588 2684 660 Evagrii,
2714 591 3150 662 reliquorumque
3177 594 3463 651 heretico-

1883 691 2006 731 rum
2038 676 2295 748 praedicta
2336 680 2660 734 sectantium
2688 680 2962 751 dogmata,
2997 683 3197 737 dudum
3249 684 3469 753 quidem

1881 776 2009 824 ante
2050 768 2191 839 apud
2231 768 2516 840 plerosque
2565 772 2802 836 occulta,
2843 787 2941 842 per
2987 773 3042 828 id
3080 788 3212 829 vero
3256 782 3467 846 tempus

1881 859 2107 915 acerbos
2132 860 2308 915 denuo
2345 874 2528 917 ramos
2560 861 2909 931 surculosque
2943 861 3292 931 proferentia,
3310 864 3461 935 justo

1882 948 2084 1003 excidit
2107 965 2122 1002 :
2142 964 2265 1019 qua:
2287 950 2432 1004 enim
2457 951 2558 1019 ipsi
2580 960 2761 1006 mente
2781 950 2952 1006 delira
2971 960 3025 1005 et
3043 951 3285 1008 fabulose
3304 954 3470 1024 profl—

1882 1038 2154 1104 tebantur,
2178 1053 2242 1095 ea
2255 1037 2562 1094 Judaeorum
2575 1048 2632 1095 et
2641 1055 2974 1111 paganorum
2993 1042 3364 1114 imaginationi
3376 1060 3470 1100 ve-

1880 1127 2019 1193 rius,
2051 1136 2215 1198 quam
2258 1127 2692 1184 Christianorum
2721 1129 2845 1185 fidei
2876 1132 3241 1186 consentanea
3285 1142 3465 1187 erant.

1948 1219 2081 1275 Post
2129 1221 2273 1276 hanc
2299 1228 2354 1276 et
2388 1228 2600 1275 sextam
2628 1235 2843 1291 quoque
2883 1229 3127 1276 sanctam
3155 1230 3210 1277 et
3236 1235 3472 1279 cacume-

1880 1313 2058 1368 nieam
2083 1312 2186 1367 170
2213 1321 2525 1379 sanctorum
2570 1313 2813 1369 virorum
2851 1314 3138 1385 synodum,
3178 1314 3375 1371 iterum
3403 1316 3461 1371 in

1880 1398 2025 1473 regia
2052 1401 2151 1456 hac
2170 1402 2305 1457 urbe
2345 1411 2723 1473 congregatam
2749 1417 3002 1469 veneror,
3041 1417 3162 1474 qua:
3179 1419 3281 1475 pro
3311 1412 3469 1459 natu.

1879 1507 2064 1547 rarum
2101 1490 2307 1547 Christi
2336 1492 2566 1558 ratione,
2596 1492 2838 1564 ejusdem
2863 1508 3078 1563 quoque
3105 1494 3468 1565 proprietates

1878 1581 2261 1652 naturalesque
2305 1585 2669 1654 operationes,
2707 1593 2764 1639 et
2782 1583 3084 1639 voluntates
3131 1585 3380 1641 distinxit
3396 1600 3465 1640 ac

1859 1672 2207 1743 praedicavit,
2249 1680 2305 1729 et
2346 1662 3035 1745 Theodorum'episcopum
3075 1674 3312 1743 Pharan,
3354 1676 3465 1731 Ho-

1808 1744 1854 1804 Β
1881 1762 2114 1829 norium,
2161 1761 2380 1834 Cyrum,
2417 1763 2686 1835 Sergium,
2737 1744 3029 1837 Pyrrhum,
3077 1765 3321 1832 Paulum,
3371 1764 3470 1822 Pe-

1879 1857 2042 1917 trum,
2070 1852 2160 1921 qui
2182 1852 2449 1922 permissu
2468 1854 2562 1908 Dei
2588 1869 2689 1925 per
2712 1855 3114 1925 corruptionem
3145 1863 3201 1909 et
3221 1855 3466 1912 fraudem

1879 1940 1937 1995 in
1965 1942 2221 1999 Ecclesiae
2248 1946 2614 2001 sacerdotium
2641 1946 2995 2018 irrepserant,
3039 1946 3330 2004 Macarium
3356 1949 3469 2005 An-

1879 2037 2093 2092 tiochiae
2126 2038 2448 2105 antistitem,
2474 2046 2530 2095 et
2568 2038 2901 2109 Stephanum
2955 2039 3174 2096 Macarii
3231 2041 3467 2113 discipu-

1878 2125 2011 2193 lum,
2039 2135 2095 2181 et
2141 2126 2557 2198 Polychronium
2586 2128 2844 2199 puerilem
2883 2129 3237 2199 insanumque
3275 2144 3462 2186 senem

1878 2217 2207 2272 anathemati
2235 2216 2463 2286 subjecit
2490 2235 2505 2271 :
2536 2233 2701 2273 unam
2725 2219 2869 2274 enim
2897 2219 2954 2275 hi
2984 2220 3248 2275 duntaxat
3277 2220 3468 2276 volun-

1878 2318 2067 2377 tatem,
2099 2326 2367 2382 unamque
2406 2312 2775 2382 operationem
2816 2311 3034 2370 Christo
3062 2311 3339 2370 Servatori
3361 2329 3464 2369 no-

1878 2410 1994 2458 stro
2024 2402 2362 2459 tribuendam
2399 2418 2521 2459 esse
2548 2405 2834 2461 docebant.

1947 2491 2169 2561 Recipio
2201 2490 2417 2547 tandem
2466 2493 2753 2563 septimam
2775 2504 2987 2549 sacram
3026 2494 3128 2550 150
3154 2504 3464 2553 sanctomm

1875 2582 2104 2638 Patrum
2131 2583 2396 2654 synodum
2440 2592 2627 2640 nostro
2660 2585 2765 2641 hoc
2799 2600 2914 2641 aevo
2942 2585 2996 2641 in
3025 2585 3241 2641 civitate
3285 2586 3462 2642 Nicaea

1875 2672 2052 2729 denuo
2082 2673 2431 2736 celebratam,
2457 2689 2577 2743 qua:
2614 2688 2804 2730 omnes
2859 2677 3227 2746 praecedentes
3271 2692 3457 2752 sacras

1875 2763 2110 2835 synodos
2138 2777 2435 2832 earumque
2477 2762 2731 2834 dogmata
2760 2779 2825 2818 ac
2862 2766 3077 2820 decreta
3118 2765 3462 2823 confirmavit

1875 2861 1929 2909 et
1955 2846 2354 2923 quodammodo
2373 2852 2705 2924 obsignavit,
2734 2869 3123 2924 sacrarumque
3143 2871 3208 2911 ar
3235 2871 3465 2912 venerao

1874 2942 2065 2998 bilium
2110 2942 2410 3013 imaginum
2450 2941 2653 2997 cultum
2682 2942 3163 3012 adorationemque
3182 2940 3295 3011 jam
3338 2944 3464 2999 inde

1875 3033 1943 3088 ab
1965 3033 2117 3089 initio
2140 3032 2396 3089 Ecclesiis
2426 3032 2679 3087 traditam
2706 3034 2944 3104 suscepit
2960 3032 3312 3105 definivitque
3342 3050 3449 3089 non

1872 3139 2030 3181 secus
2049 3125 2384 3180 venerandas
2411 3138 2533 3180 esse
2558 3132 2719 3195 atque
2744 3112 2974 3180 viviﬁcae
3000 3125 3178 3180 crucis
3204 3125 3456 3197 elligiem.

1866 3218 1973 3272 Eos
2023 3216 2248 3288 proinde
2309 3231 2376 3272 ex
2418 3214 2677 3272 Ecelesiis
2707 3214 2973 3284 ejicimus,
3012 3215 3103 3285 qui
3158 3216 3212 3270 in
3261 3216 3453 3271 harum

1867 3306 2243 3363 contumeliam
2272 3315 2326 3362 et
2354 3306 2691 3362 eversionem
2743 3305 2882 3361 futili
2937 3306 3257 3378 garrulitate
3300 3305 3460 3362 Cbri~

1867 3400 2058 3457 stianis
2084 3399 2368 3465 insultant,
2411 3401 2566 3471 quasi
2603 3401 2826 3458 deorum
2866 3402 2985 3458 loco
3041 3403 3305 3458 hactenus
3340 3403 3457 3458 illa.c

1865 3490 2096 3545 habeant
2119 3500 2568 3561 venerenturque,
2591 3492 2778 3562 quales
2802 3500 2928 3547 sunt
2954 3491 3290 3548 Theodosius
3317 3535 3331 3557 ,
3355 3493 3459 3547 Ba-

1866 3580 2039 3645 silius,
2066 3589 2122 3636 et
2149 3579 2445 3647 Sisinnius,
2491 3581 2579 3652 qui
2621 3582 2716 3637 Dei
2756 3582 3110 3652 permissioue
3130 3583 3451 3653 episcopali-

1864 3670 1966 3726 bus
1980 3671 2200 3727 sedibus
2214 3670 2496 3743 pmfuere.
2610 3678 2615 3681 ‘

1934 3758 2046 3815 llas
2070 3761 2250 3829 itaque
2278 3762 2565 3831 praedictas
2590 3777 2774 3817 sacras
2811 3770 2865 3818 et
2888 3761 3251 3818 meumenicas
3289 3777 3453 3835 syno-

1864 3847 1963 3902 dos
2012 3849 2269 3919 suscipio,
2323 3857 2379 3905 et
2417 3851 2657 3905 omnium
2716 3851 3014 3906 electorum
3062 3853 3455 3923 beatorumque

1863 3935 2083 3991 Patrum
2111 3935 2360 4009 dogmata
2404 3946 2459 3994 et.
2484 3939 2760 4009 opuscula,
2804 3948 2863 3994 ut
2889 3956 3007 4009 quae
3058 3939 3128 3994 ab
3177 3943 3324 3995 omni
3360 3957 3450 3997 re—

1862 4026 2220 4095 prehensione
2274 4027 2507 4083 alienam
2547 4029 2852 4084 doctrinam
2906 4028 3205 4098 salutisque
3254 4029 3449 4086 funda-

1864 4127 2103 4173 mentum
2149 4120 2481 4185 contineant,
2519 4133 2586 4175 ex
2622 4120 2803 4176 animo
2830 4119 3178 4190 complector,
3230 4120 3445 4176 demum

1862 4223 2211 4280 quoscunque
2239 4209 2477 4266 Ecclesia
2503 4212 2765 4267 catholica
2796 4211 3007 4281 recipit,
3032 4211 3150 4277 illos
3184 4226 3283 4282 ego
3306 4228 3449 4282 quo-

1863 4316 1968 4371 que
1989 4300 2211 4371 recipio,
2235 4312 2291 4356 et
2314 4317 2662 4374 quoscunque
2685 4303 2789 4359 ista
2812 4312 3113 4369 aversatur,
3143 4304 3261 4360 illos
3299 4306 3445 4376 ipsos

183 4391 349 4463 μέχρι
384 4396 475 4445 τοῦ
534 4390 685 4469 δεῦρο
721 4400 810 4455 τῆς
862 4393 1123 4454 εὐσεϐείας
1176 4396 1504 4448 παντάπασιν
1561 4396 1757 4450 ἀποπε-

1873 4399 1920 4444 et
1961 4403 2062 4461 ego
2110 4391 2294 4447 itidem
2350 4406 2591 4448 aversor.
2646 4392 2913 4449 Exsecror
2947 4393 3112 4448 etiam
3155 4394 3439 4465 modisque

184 4477 472 4545 πτωκότας,
509 4485 593 4536 καί
645 4480 817 4547 δόξαις
861 4490 1091 4559 πονηρῶν
1135 4483 1404 4557 δογμάτων
1446 4487 1529 4538 καί
1575 4487 1757 4560 φθορο-

182 4574 343 4624 ποιῶν
377 4570 704 4645 έμφυρέντας.
731 4575 813 4625 καί
854 4578 942 4632 τήν
979 4581 1080 4629 τῶν
1128 4573 1282 4645 άγίων
1318 4576 1601 4651 παράδοσιν
1641 4578 1762 4632 ἀθε-

180 4664 457 4725 τὴσαντας,
500 4666 584 4717 καί
627 4664 713 4719 τόν
749 4669 926 4739 πικρ’ν
961 4673 1059 4721 τῶν
1096 4669 1323 4731 ζιζανίων
1358 4670 1553 4746 σπόρον
1599 4693 1757 4727 συναο

179 4751 382 4820 ναμίξαι
414 4760 478 4825 τῇ
505 4763 597 4813 τῆς
631 4754 919 4832 όρθοδοξίας
948 4756 1143 4832 άρούρᾳ
1177 4758 1528 4830 τολμήσιντας
1565 4762 1756 4824 αύτούς

175 4859 233 4893 τε
286 4841 652 4913 άναθεματίζω,
698 4848 782 4900 καὶ
838 4848 1031 4907 πάντας
1076 4850 1195 4910 τούς
1246 4843 1521 4920 έπομένονς
1563 4855 1751 4920 αὐτοῖς,

175 4933 260 4984 καὶ
296 4934 366 4992 ὡς
402 4931 562 5003 λύμην
614 4943 706 4996 τῆς
755 4939 886 4992 κατὰ
921 4940 1141 5012 Χριστόν
1189 4940 1484 5002 Ἐκκλησίας
1520 4941 1754 5013 διαπτύῳ

176 5025 259 5076 καί
293 5031 368 5098 τῷ
393 5026 663 5100 άναθέματι
692 5029 1075 5084 καθυποϐἀλλω.
1107 5036 1271 5103 Ἡμεῖς
1308 5034 1400 5102 μέν
1428 5029 1511 5086 οὖν
1539 5035 1594 5088 τό
1635 5034 1756 5102 ἧςλέο

175 5133 320 5187 τερον
357 5117 580 5191 ςρόνημα
613 5127 728 5181 τοῖς
775 5123 1183 5193 μακαριωτάτοις
1230 5123 1350 5193 ύμῖν
1395 5125 1477 5176 καί
1513 5121 1754 5180 Θιοδιδά-

172 5224 309 5264 κτοις
363 5208 492 5262 κατά
543 5216 711 5264 ταῦτα
748 5209 1097 5279 δεδηλωμένων
1144 5216 1642 5285 προσπεφωνήκαμεν
1677 5221 1752 5285 τῇ

172 5287 361 5347 ἄνωθεν
414 5299 734 5371 κεκρατηκότι
795 5300 1192 5373 έκκλησιαστικῷ
1258 5302 1430 5372 θεσμῷ
1497 5302 1749 5373 ἑπόμενοι,

171 5377 277 5437 οἷὸν
314 5405 412 5439 τινι
442 5387 667 5458 speet»
709 5393 905 5464 κήρυκι,
934 5398 1006 5462 τῷ
1032 5389 1086 5445 δέ
1125 5393 1264 5462 ἡμῶν
1293 5392 1753 5466 προσχρησάμενα

168 5478 245 5545 τῷ
283 5473 579 5549 γράμματι,
610 5488 703 5539 τῆς
729 5481 779 5534 ἐν
807 5488 1005 5557 Χριστῷ
1051 5486 1255 5555 ἀγάπης
1306 5485 1392 5538 καί
1430 5485 1560 5557 πρὸς
1603 5482 1752 5543 ἀλλή-

167 5559 289 5624 λους
325 5571 612 5638 συμπνοίας
655 5571 737 5621 καὶ
774 5567 1007 5640 ὁμονοίας
1060 5571 1156 5632 τάς
1197 5570 1383 5644 έγγύας
1432 5574 1746 5645 ἐπαγομενω.

148 5658 225 5706 -Ἦ
253 5649 307 5707 δέ
347 5654 566 5731 ύμετέρα
613 5658 930 5730 ποθεινοτέρα
978 5660 1026 5714 ἐν
1076 5663 1237 5738 κυρίῳ
1283 5661 1563 5743 ἀδελφότης,
1600 5667 1746 5735 ἀμεί-

1861 4481 2110 4537 omnibus
2132 4482 2393 4550 detestor,
2417 4485 2510 4554 qui
2534 4499 2566 4539 a
2596 4484 2817 4541 Simone
2850 4485 3000 4557 Mago
3028 4485 3442 4556 appellationem

1860 4573 2037 4629 sortiti
2057 4582 2112 4629 et
2136 4574 2207 4629 ab
2232 4575 2378 4631 omni
2412 4592 2634 4648 prorsus
2668 4577 2869 4647 pietate
2897 4578 3063 4644 exuti,
3104 4578 3170 4633 ad
3198 4594 3438 4650 praesen-

1860 4673 1966 4720 tem
1998 4658 2167 4735 usque
2187 4665 2325 4721 diem
2366 4680 2652 4737 pravorum
2697 4667 3102 4739 exitialiumque
3126 4672 3436 4740 dogmatum

1857 4756 2198 4828 opinionibus
2254 4767 2563 4813 sanctorum
2604 4757 2945 4814 traditionem
2977 4758 3254 4815 infirmare
3290 4762 3438 4816 viru-

1859 4848 2171 4920 leutumque
2201 4849 2533 4906 zizaniorum
2571 4866 2754 4908 semen
2796 4851 3106 4907 orthodoxae
3148 4852 3270 4908 fldei
3301 4869 3433 4926 agro
3476 4836 3481 4841 ’

1859 4940 2167 4997 immiscere
2213 4957 2317 4997 non
2362 4951 2615 5009 cessant;
2674 4944 2794 5006 hos,
2849 4942 3090 5013 inquam,
3134 4958 3434 5017 omnesque

1858 5030 2168 5086 corumdem
2193 5046 2450 5101 sequaces
2485 5048 2757 5098 exsecror,
2784 5044 2839 5089 et
2862 5034 3024 5090 veluti
3067 5034 3434 5093 Ecclesiarmn

1859 5117 2060 5175 Christi
2096 5130 2273 5192 pestes
2311 5136 2506 5193 respuo
2525 5135 2581 5178 et
2615 5125 3032 5180 anathematizo.
3073 5124 3183 5181 Nos
3210 5126 3435 5199 proinde

1859 5209 2222 5267 Ecclesiarum
2248 5213 2603 5281 sanctionem,
2637 5213 2884 5284 qumjam
2912 5215 3035 5272 inde
3056 5217 3125 5274 ab
3152 5217 3306 5274 initio
3337 5221 3435 5275 oh—

1858 5302 2041 5368 tinuit,
2078 5305 2271 5371 secuti,
2322 5306 2471 5361 hisce
2514 5306 2717 5361 nostris
2759 5305 2957 5364 litteris
2981 5308 3147 5365 veluti
3192 5312 3431 5366 animato

1857 5395 2087 5462 quodam
2114 5409 2383 5464 praecone,
2418 5404 2475 5450 et
2501 5395 2782 5451 eharitatis
2808 5396 2860 5452 in
2887 5396 3104 5454 Christo
3129 5409 3434 5471 mutumque

1858 5482 2001 5539 inter
2027 5498 2126 5539 nos
2148 5486 2451 5541 concordia:
2475 5495 2529 5542 et
2556 5486 2806 5543 amicitiae
2828 5489 3054 5546 vadibus
3078 5491 3182 5557 usi,
3222 5508 3321 5548 vos
3344 5510 3431 5548 sa-

1852 5572 2102 5628 lutandos
2151 5583 2495 5646 nostramque
2542 5576 2864 5631 sententiam
2911 5577 3062 5633 vobis
3096 5578 3426 5638 heatissimis

1855 5664 2070 5736 Deoque
2116 5666 2320 5724 edoctis
2363 5668 2504 5736 hunc
2542 5667 2595 5723 in
2646 5667 2861 5724 modum
2892 5668 3190 5728 faciendam
3213 5676 3431 5749 putavi-
