3960 6410
463 300 604 356 1065

1739 270 1797 329 S.
1834 263 2081 323 LEONIS
2119 257 2321 317 ΡΔΡᾸΞ
2364 256 2432 311 Ill

3579 245 3715 298 ωηο.

463 424 604 467 mus.
643 404 832 461 Vestra
866 406 1049 455 autem
1086 389 1547 451 desideratissima
1580 386 1635 440 in
1681 381 1909 438 Domino
1932 376 2042 431 fra-
2068 381 2101 441 Α

2200 396 2285 432 ιιτο
2338 375 2472 442 ἡμᾶς
2533 375 2712 442 πρῶτα
2773 367 2862 443 μὲν
2920 365 3108 433 εὐχαῖς
3156 366 3270 420 ταῖς
3326 360 3450 434 πρὸς
3518 358 3719 435 κύριον,

466 495 714 557 ternitas,
737 491 910 545 vicem
944 484 1101 540 nobis
1129 481 1361 538 reddens
1394 475 1649 548 precibus
1670 471 1737 527 ad
1764 468 2055 526 Dominum

469 584 622 645 fusis,
649 577 1074 650 opportunisque
1106 570 1471 634 sermonibus,
1499 573 1556 620 et
1577 563 1711 634 ipsis
1734 570 2060 650 quoquere-

469 674 594 736 bus,
621 647 737 725 nos
757 665 1040 722 conﬁrmet
1063 662 1446 728 inlormetque,
1481 669 1589 726 quo
1616 650 1812 708 vestris
1851 647 2061 736 legibus

469 735 762 827 vestraque
782 753 984 811 suﬂ'ulti
1023 750 1274 808 doctrina
1298 749 1357 804 in
1392 747 1498 801 hac
1521 742 1629 799 ﬁde
1653 738 1895 802 stabiles,
1933 735 2063 791 sim-

470 852 661 925 plices,
704 857 759 902 et
799 846 869 901 ab
905 844 1054 900 omni
1097 841 1311 897 defectu
1373 838 1641 893 immunes
1688 830 2061 925 persistumus,

473 915 767 1009 omniaque
796 935 1053 1007 mysteria
1087 947 1210 1002 quae
1244 931 1301 985 in
1340 929 1454 998 ipsa
1486 925 1576 981 vel
1603 924 1670 979 de
1708 922 1825 992 ipsa
1867 918 1935 973 ab
1960 915 2067 971 ini-

477 1034 556 1090 tio
583 1039 708 1087 sunt
739 1029 958 1091 tradita,
1010 1026 1331 1080 inconcussa
1377 1018 1729 1079 retineamus,
1771 1018 1828 1066 et
1850 1009 2069 1065 univer-

482 1137 604 1179 sum
643 1119 875 1187 denique
923 1113 1241 1170 rationalem
1285 1116 1534 1165 nostrum
1582 1117 1821 1175 gregem,
1864 1097 2064 1156 summi

481 1210 717 1282 pastoris
762 1206 981 1261 nomine
1039 1211 1094 1258 et
1134 1199 1392 1255 unctione
1431 1194 1768 1265 insignitum,
1818 1190 2071 1257 intraque

487 1274 866 1355 ecclesiasticae
896 1291 1067 1348 caulas
1088 1297 1238 1370 septa
1264 1285 1641 1348 constitutum,
1678 1278 1969 1337 manifesta
1990 1274 2073 1329 di-

489 1387 631 1442 vinae
659 1385 801 1440 illius
840 1391 897 1438 et
922 1366 1229 1452 apostolicai
1265 1372 1560 1446 spiritualis
1597 1369 1857 1427 doctrina:
1882 1366 2078 1423 ﬁstulae

493 1473 938 1537 ebuccinatione,
997 1468 1326 1535 vocibusque
1386 1462 1644 1518 divinitus
1691 1456 1968 1528 iuspiratis
2021 1454 2078 1508 iu

494 1580 664 1621 unum
689 1575 1079 1634 congregemus
1102 1566 1159 1614 et
1180 1559 1247 1611 ab
1276 1553 1648 1611 insidiantium
1673 1550 1910 1605 ferarum
1935 1560 2082 1601 mor-

493 1654 645 1710 sibus
680 1653 907 1708 illaesum
936 1662 1340 1705 conservemus.

2155 462 2332 519 ἔπειτα
2372 458 2426 515 δί
2480 459 2564 512 καί
2610 457 2770 527 λόγοις
2819 461 2925 513 τοῖς
2974 454 3245 508 καθήκουσι
3291 452 3376 503 καί
3426 450 3725 523 πράγμασιν

2156 554 2541 623 έπιστηρίζουσι
2596 549 2679 602 καὶ
2735 546 3085 607 συνιτίζουσιν
3105 579 3122 604 ,
3167 542 3248 595 ἵνα
3291 548 3405 600 ταῖς
3454 542 3727 615 ὑμετέραις

2156 644 2466 714 νομοθεσίαις
2507 642 2592 695 καί
2635 636 2982 695 διδασκαλίαις
3026 638 3288 702 στήκωμιν
3331 629 3525 704 ίδραῖοι
3565 635 3617 687 έν
3663 640 3729 704 τῇ

2158 734 2370 805 τοιαύτη
2418 731 2593 786 πίστει
2642 726 2915 783 summa»;
2968 725 3052 777 καί
3098 723 3338 794 ἀκέραιοι·
3370 723 3537 776 πάντα
3576 725 3644 776 τὰ
3676 723 3731 775 έν

2158 826 2283 899 αὐτῇ
2343 823 2605 893 μυστήρια
2627 851 2646 882 ς
2696 814 2878 871 ἄνωθεν
2925 810 3313 888 παραδεδομένα
3374 810 3728 884 ἀπαράτρωτα

2162 913 2514 985 φυλάττοντες,
2557 910 2641 962 καί
2693 902 2816 960 εἴσω
2858 911 2958 958 τῶν
3009 899 3139 970 ὅρων
3185 907 3278 960 τῆς
3321 899 3733 959 έκκλησιαστικῆς

2163 1003 2318 1060 αὖλῧῖ
2363 998 2633 1067 imm.
2670 1001 2734 1066 τῇ
2782 995 2891 1063 θ⁸ί¹ἐι
2935 992 3163 1060 σύριγγι.
3208 996 3273 1064 τῇ
3321 995 3413 1049 τῆς
3460 988 3735 1055 ἀποστολι-

2166 1098 2255 1151 κῆς
2290 1091 2373 1143 καί
2412 1092 2758 1156 πνευματικῆς
2793 1080 3122 1140 διδασκαλίας
3166 1082 3372 1150 εὐσήμῳ
3414 1079 3737 1154 πιριϐομϐή-

2169 1171 2271 1245 σει,
2310 1182 2396 1233 καί
2435 1176 2790 1233 θεοπνεύστοις
2821 1176 3061 1243 ἠχήμασι
3102 1169 3271 1225 πάντα
3319 1171 3386 1224 τά
3431 1170 3603 1243 λογικά
3644 1177 3738 1229 τῆς

2172 1273 2314 1345 ίερᾶς
2338 1274 2552 1341 ποίμνης
2576 1269 2837 1342 θρέμματα
2862 1264 3319 1340 περιαθροίζοντες,
3348 1264 3435 1316 καί
3469 1269 3740 1334 τηροῦντες

2172 1366 2315 1439 παρὰ
2341 1372 2441 1423 τῶν
2475 1357 2899 1419 ἐπιϐουλευόντων
2931 1357 3116 1432 θηρίων
3150 1356 3386 1419 ἀλώϐητα
3423 1354 3744 1422 ένσεσημασ-

2179 1457 2304 1528 μένα
2345 1463 2419 1528 τῷ
2441 1458 2541 1520 toﬁ,
2573 1450 2941 1524 ἀρχιποίμενος
2984 1453 3204 1522 Χριστοῦ
3241 1447 3500 1520 χρίσματι
3526 1445 3744 1499 unus.
3834 1474 3844 1482 .

2178 1568 2322 1617 ματι.

565 1746 623 1802 Si
649 1761 754 1816 qua
775 1753 956 1798 autem
981 1757 1013 1796 a
1050 1741 1209 1796 nobis
1231 1748 1355 1793 sunt
1376 1733 1763 1809 prastermissa,
1800 1744 1867 1785 ea
1893 1726 2073 1783 amico
2098 1720 2101 1777 ἶ

2245 1722 2349 1774 Καί
2386 1720 2453 1774 τά
2495 1715 2615 1792 παρ’
2638 1717 2776 1787 ἡμῶν
2799 1711 3166 1783 ἀπολειπόμενα
3202 1711 3263 1767 δι’
3289 1712 3484 1767 ἑαυτῶν
3514 1711 3752 1770 ἀποπλη-

489 1846 820 1910 paternoque
840 1833 1033 1888 aﬂ‘ectu
1058 1846 1155 1902 per
1178 1827 1575 1898 vosmeptipsos
1604 1822 1837 1892 explete,
1864 1834 1974 1910 quo
1996 1817 2086 1873 ni-

490 1909 688 1982 mirum
714 1933 892 1980 vestra
917 1920 1246 1977 abundantia
1270 1926 1514 1972 nostram
1536 1912 1784 1984 suppleat
1803 1909 2078 1979 inopiam;

505 2017 894 2086 quodcunque,
927 2012 1169 2082 inquam,
1194 2008 1283 2063 vel
1312 2007 1365 2061 in
1399 2001 1692 2068 verbis,vel
1718 2000 1884 2055 etiam
1912 1998 1967 2052 in
1993 2010 2084 2052 re-

504 2106 611 2160 bus
641 2104 797 2158 nobis
845 2103 1019 2166 deest,
1068 2099 1121 2154 id
1163 2095 1459 2153 venerabili
1496 2091 1884 2160 sacerdoteque
1928 2087 2087 2158 digna

513 2192 839 2247 auctoritate
879 2190 1004 2244 vita:
1041 2195 1240 2243 nostra:
1268 2185 1487 2255 adjicite
1528 2190 1584 2238 et
1610 2177 2040 2252 supermdilicate
2069 2192 2085 2230 :

511 2285 783 2340 charisma
824 2282 968 2338 enim
1023 2280 1178 2335 vobis
1227 2276 1703 2338 communicatum,
1753 2270 1960 2326 nullum
1987 2268 2092 2322 hac

508 2377 721 2431 ratione
753 2375 934 2443 capiet
955 2372 1357 2434 detrimentum,
1386 2367 1650 2436 siquidem
1680 2360 1919 2418 liberalis
1940 2374 2090 2416 com-

507 2466 807 2522 municatio
835 2465 967 2520 adeo
996 2458 1261 2519 bonorum
1300 2458 1709 2525 diminutionem
1749 2454 1951 2510 nullam
1994 2451 2095 2507 ad-

510 2556 643 2624 fert,
665 2565 727 2612 ut
748 2573 846 2612 suo
867 2569 1081 2626 quoque
1105 2562 1346 2623 tempore
1374 2549 1696 2619 multiplices
1722 2546 2095 2619 gloriosusque

520 2647 731 2704 fructus
767 2646 1030 2702 refundat.
1068 2645 1262 2700 Vestra
1284 2642 1509 2713 proinde
1543 2640 1722 2696 divina
1770 2638 1972 2694 virtute
1998 2651 2099 2692 nos

525 2737 689 2792 veluti
754 2736 1081 2791 inﬁrmiores
1152 2733 1336 2789 fulcite
1363 2773 1378 2797 ,
1431 2730 1703 2802 pedesque
1774 2736 1992 2782 nostros
2035 2726 2104 2782 ad

515 2826 839 2881 currendam
878 2825 1154 2896 Evangelii
1191 2824 1438 2881 semitam
1483 2819 1746 2891 perllcite,
1776 2832 1953 2887 neque
1991 2815 2102 2872 ulla

514 2917 758 2983 omnino,
787 2932 908 2986 qua:
936 2915 1192 2971 salutaria
1222 2922 1315 2969 aut
1337 2912 1490 2968 utilia
1529 2910 1875 2974 videbuntur,
1912 2921 2105 2979 sugge-

510 3024 633 3063 rere
654 3006 1068 3077 przetermittite,
1100 3013 1159 3060 ut
1185 3002 1638 3074 quemadmodum
1668 3000 1725 3054 in
1753 2999 1858 3054 [ide
1880 3007 1937 3055 et
1962 3013 2095 3054 con-

2178 1819 2329 1890 ροῦτε
2354 1852 2369 1876 ,
2420 1813 2487 1870 ὡς
2532 1806 2813 1883 φιλάδελφοι
2860 1807 2943 1860 καί
2993 1805 3337 1881 φιλόστοργοι,
3384 1805 3467 1858 ἵνα
3516 1805 3576 1858 τό
3610 1803 3754 1875 ὑμῶν

2179 1907 2529 1982 περίσσευμα,
2557 1903 2629 1961 τίς
2654 1899 2712 1954 τό
2736 1899 2978 1973 ἡμέτερον
3001 1900 3327 1968 χρησιμεύσῃ
3356 1897 3642 1969 ὑστέρημα,
3670 1897 3757 1950 καί

2181 1998 2241 2052 τό
2284 1995 2332 2048 έν
2374 1993 2542 2065 λόγοις
2602 1994 2686 2047 καί
2737 1992 3032 2064 πράγμασιν
3081 1992 3203 2061 ἡμῖν
3253 1987 3450 2053 ἐνδέον.
3504 1997 3577 2060 τῷ
3625 1991 3760 2045 κατά

2183 2086 2271 2142 τόν
2322 2086 2428 2156 βίον
2477 2088 2618 2152 ὑμῶν
2663 2080 2959 2158 ίιροπριπεῖ
3009 2083 3095 2134 καί
3161 2077 3332 2151 σιμ.νῷ
3386 2085 3761 2154 παραστήματι

2187 2172 2607 2245 έποικοδομιόσητι
2665 2175 2749 2228 καί
2782 2172 3100 2236 ίπαυξήσητε
3150 2169 3634 2242 [ἐποικοδομήσηται
3677 2171 3761 2227 καὶ

2189 2263 2580 2336 έπαυξτῖσηταιῖ.
2615 2260 2769 2338 μηδέν
2802 2264 3237 2342 μικρολογούμενοι
3266 2265 3387 2336 περί
3400 2263 3457 2320 τό
3468 2260 3602 2318 δοθέν
3646 2264 3762 2333 ὑμῖν

2192 2357 2353 2432 [ἡμῖν]
2399 2360 2661 2434 χάρισμα,
2706 2358 2765 2410 nl
2793 2360 2895 2431 γάρ
2925 2357 3199 2411 ἐλάττωσιν
3229 2355 3366 2428 φόρει
3393 2362 3503 2415 τοῖς

2193 2451 2541 2527 παρέχουσιν,
2565 2448 2667 2516 ἀλλ’
2684 2450 2762 2510 ιίς
2781 2449 2840 2504 τό
2867 2447 3242 2503 πολλαπλασιον
3281 2448 3528 2520 ιῦκαίρως
3553 2446 3769 2506 εὐκλεεῖς

2194 2543 2317 2601 τοὺς
2345 2541 2575 2613 καρποὺς
2614 2546 2718 2599 τοῖς
2738 2541 3157 2614 προαιρουμένοις
3181 2536 3517 2593 ἀποδίδωσιν.
3547 2540 3772 2610 ’Υπιριίο

2197 2626 2372 2687 δουσιν
2394 2632 2529 2702 ἡμᾶς
2553 2632 2621 2689 ὡς
2641 2630 3039 2701 ἀσθενεστέρους
3060 2639 3121 2701 τῇ
3151 2629 3277 2705 παρ’
3294 2629 3488 2684 ἑαυτῶν
3519 2626 3768 2700 θεοσδότῳ

2199 2716 2434 2789 δυνάμει,
2491 2722 2573 2774 καί
2616 2722 2979 2795 γαταρτίζουσι
3024 2723 3145 2780 τοὺς
3191 2718 3352 2779 πόδας
3398 2721 3538 2795 ἡμῶν
3568 2722 3643 2780 εἰς
3683 2728 3771 2779 τὴν

2198 2817 2290 2866 τοῦ
2322 2812 2620 2885 Εὐαγγελίου
2663 2811 2837 2888 τρίϐον
2866 2814 2946 2866 καί
2976 2811 3345 2882 συμϐουλεύειν
3391 2812 3455 2866 τά
3501 2810 3777 2883 ὀνησιφόρα

2201 2903 2285 2955 καί
2332 2900 2588 2975 σωτηρίας
2642 2902 2870 2973 ἐχόμενα
2920 2907 2990 2971 μό
3035 2899 3335 2964 διαλίποιτε,
3375 2900 3461 2955 ἵνα
3501 2902 3677 2975 ὥσπερ
3724 2902 3773 2954 έν

2203 3001 2267 3069 τῇ
2299 2992 2533 3067 ίμολογίᾳ
2589 2993 2648 3047 τό
2693 2993 2879 3055 ἑνιαῖον
2925 2995 3013 3047 καί
3061 2990 3329 3064 ἀδιάφορον
3386 2983 3602 3061 ἔχομεν,
3642 2990 3775 3045 οὕτω

526 3096 767 3153 fessione
810 3098 1069 3151 unitatem
1110 3094 1563 3163 concordiamque
1592 3103 1998 3154 conservemus,
2030 3089 2101 3145 ita

2204 3085 2290 3136 καί
2336 3084 2386 3137 ἐν
2426 3090 2499 3156 τῷ
2543 3081 2811 3156 συνδέσμῳ
2854 3091 2946 3142 τῆς
2990 3083 3192 3153 ἀγάπης
3229 3082 3661 3154 συναρμοζόμινοι
3693 3084 3780 3138 καί

522 3188 802 3244 charitatis
849 3202 1060 3257 quoque
1090 3184 1306 3241 vinculo
1348 3183 1516 3253 aptati
1555 3180 1927 3250 colligatique,
1964 3180 2109 3235 indi-

521 3279 735 3336 vulsum
759 3278 908 3349 pacis
936 3278 1160 3342 donum,
1201 3275 1343 3347 quod
1373 3274 1736 3329 Ecclesiarum
1764 3272 2109 3329 concordiam

512 3368 884 3436 unitatemque
930 3365 1202 3431 conciliat,
1247 3356 1658 3434 conservatique
1697 3364 1750 3419 in
1797 3362 2111 3418 concredita

516 3459 674 3515 nobis
722 3458 1020 3512 ministerio
1048 3457 1191 3511 inter
1235 3472 1334 3512 nos
1370 3470 1539 3525 usque
1576 3455 1948 3510 retineamus:
1996 3467 2110 3521 quo

518 3549 703 3620 magni
754 3547 897 3619 regis
950 3548 1141 3601 civitas
1189 3547 1318 3601 hinc
1365 3547 1574 3600 munita
1598 3555 1653 3601 et
1689 3543 2109 3605 circumvallata,

457 3652 461 3656 ’
528 3641 783 3713 omnibus
812 3641 1090 3698 fraudibus
1134 3636 1703 3709 inaspectabiliumque
1745 3636 1978 3691 hostium
2028 3635 2115 3688 in-

521 3733 776 3797 sultibus,
818 3732 909 3802 qui
949 3730 1103 3785 avide
1149 3736 1528 3799 exspectantes
1557 3736 1616 3782 ut
1662 3728 1895 3797 aliquem
1921 3726 1975 3780 in
1998 3726 2115 3796 ipsa

531 3823 859 3893 descriptum
889 3821 1200 3892 Spirituque
1228 3820 1499 3890 signatum
1536 3819 1813 3883 devorent,
1839 3832 2117 3887 nunquam

531 3930 641 3970 non
680 3914 733 3968 in
762 3913 989 3967 circuitu
1024 3910 1390 3976 obambulant,
1416 3917 1632 3964 maneat
1661 3907 1955 3977 impervia:
1983 3920 2119 3960 con-

537 4013 624 4059 tra
650 4018 785 4074 quos
799 4017 930 4058 sane
958 4000 1369 4071 inaspectabiles
1395 4000 1577 4055 hostes
1598 4015 1705 4054 non
1734 3997 1997 4060 carnalia,
2026 3995 2123 4051 sed

531 4094 837 4167 spiritualia
879 4092 1163 4162 obiicimus
1213 4107 1384 4156 arma,
1433 4098 1645 4146 scutum
1681 4088 1934 4144 videlicet
1976 4085 2121 4151 ﬁdei,

540 4183 920 4252 sermonisque
946 4182 1201 4253 gladium,
1221 4181 1362 4252 quod
1389 4188 1474 4236 est
1504 4180 1732 4235 verbum
1770 4176 1884 4242 Dei,
1914 4183 1972 4230 ut
1996 4189 2125 4246 pec-

534 4277 646 4331 cati
694 4275 1021 4330 munitioncs
1060 4283 1115 4330 et
1142 4273 1420 4330 machinas
1461 4272 1681 4343 spiritus
1729 4268 1894 4324 funda
1942 4268 2124 4324 demo-

534 4366 734 4421 lientes
792 4366 1250 4434 inscctantesque,
1295 4362 1565 4419 crudelem
1600 4360 1811 4417 illorum
1838 4358 2122 4414 audaciam

2206 3173 2529 3245 συνδιόμενοι
2554 3175 2953 3230 ἀναπόσπαστον
3000 3181 3091 3235 τῆς
3137 3175 3331 3249 εἰρήνης
3358 3173 3417 3229 τό
3448 3170 3610 3246 δῶρον
3638 3175 3686 3227 ἐν
3713 3181 3775 3244 τῇ

2206 3271 2589 3339 πεπιστευμένη
2638 3270 2754 3339 ἡμῖν
2796 3266 3022 3341 διακονίᾳ
3046 3266 3253 3339 ἕν’ἡμίν
3289 3267 3464 3326 αὐτοῖς
3498 3266 3784 3336 κατάσχω-

2209 3379 2318 3430 μεν.
2352 3359 2384 3418 ἢ
2432 3361 2487 3415 τό
2535 3356 2846 3427 ἀδιάτμητον
2888 3361 2975 3412 καί
3022 3359 3292 3428 σύμφωνον
3325 3364 3387 3432 τῇ
3409 3354 3668 3429 Ἐκκλησία
3693 3375 3787 3408 πιε-

2211 3455 2508 3520 ριποιεῑται.
2567 3446 2710 3507 ὅπως
2760 3446 2984 3502 έντεῦθεν
3018 3447 3049 3504 ἡ
3105 3449 3258 3504 νοητή
3298 3444 3441 3504 πόλις
3486 3449 3575 3497 τοῦ
3631 3443 3786 3513 βασι-

2210 3540 2334 3599 λέως
2388 3545 2479 3593 τοῦ
2534 3537 2754 3611 μεγάλου
2813 3539 3138 3611 τειχιζομένη
3193 3539 3279 3591 καί
3324 3536 3788 3610 περιφρουρςυμὲνη

2214 3632 2567 3691 ἀκατάϐλητος
2606 3634 2693 3685 καί
2720 3630 3003 3705 ἀπόρθητος
3040 3629 3254 3702 διαμένῃ
3289 3631 3342 3683 ἐκ
3372 3629 3539 3688 πάσης
3567 3627 3781 3703 προσϐοε

2212 3721 2300 3782 λῆς
2329 3743 2384 3777 τε
2419 3724 2503 3775 καί
2530 3722 2720 3791 τέχνης
2749 3728 2850 3776 τῶν
2875 3722 3105 3796 ἀοράτων
3131 3719 3352 3794 έχθρῶν,
3378 3721 3465 3773 καί
3496 3726 3596 3772 τῶν
3624 3717 3789 3787 κύκλῳ

2216 3813 2567 3889 περιθιόντων,
2599 3815 2682 3866 καί
2704 3812 2987 3877 ζητούντων
3011 3819 3273 3867 καταπιεῖν
3307 3831 3421 3866 τινα
3447 3816 3546 3864 τῶν
3574 3810 3625 3862 έν
3663 3810 3791 3882 αὐτῇ

2218 3901 2700 3980 ἀπογεγραμμένων.
2738 3906 2823 3958 καί
2858 3903 3234 3975 σημειωθέντων
3267 3902 3319 3956 έν
3365 3903 3635 3972 Πνεύματι“
3679 3899 3791 3953 καθ’

2220 3991 2286 4049 ὧν
2322 3994 2705 4069 προξαῖλόμιθα
2744 3997 2803 4048 οὗ
2844 3995 3065 4069 σαρκικὰ
3102 3991 3254 4055 ὅπλα,
3289 3991 3413 4047 ἀλλὰ
3454 3993 3791 4060 πνευματικά.

2219 4091 2309 4146 τήν
2349 4107 2405 4142 τε
2453 4085 2649 4142 ἀσπίδα
2692 4094 2786 4146 τῆς
2821 4090 3046 4144 πίστεως
3094 4087 3178 4139 καί
3226 4088 3315 4142 τὴν
3360 4088 3453 4137 τοῦ
3497 4081 3648 4154 λόγου
3694 4083 3795 4151 μά·-

2222 4198 2436 4253 χαιραν⁹
2472 4172 2500 4229 ὅ
2535 4175 2559 4231 έ
2570 4199 2658 4232 στι
2693 4176 2835 4249 ῥῆμα
2869 4182 2998 4235 Θεοῦ
3041 4180 3130 4230 τοῦ
3159 4174 3375 4229 καθελεῖν
3413 4179 3506 4232 τῆς
3542 4170 3798 4245 ἁμαρτίας

2221 4270 2317 4328 τάς
2352 4262 2603 4328 έλεπόλεις
2631 4269 2715 4320 καί
2757 4266 2996 4337 μηχανάς
3029 4272 3092 4338 τῇ
3118 4260 3357 4335 σφενδόνῃ
3385 4266 3477 4317 τοῦ
3511 4261 3819 4321 πνεύματοςκ

2226 4357 2402 4428 πόρῥω
2429 4379 2530 4413 που
2562 4357 2619 4413 τό
2659 4354 2831 4433 ἄγριον
2866 4358 3056 4427 θράσος
3098 4356 3262 4410 αὐτῶν
3296 4350 3673 4409 ἀποσοϐοῦντες
3715 4352 3801 4405 καί

532 4455 725 4527 procul
757 4454 1021 4527 pellamus
1051 4426 1494 4528 frangamusque,
1525 4468 1632 4524 quo
1659 4452 1762 4508 hac
1788 4450 2004 4506 tandem
2031 4463 2101 4504 ra-

2227 4449 2567 4512 ἐπιδιώκοντες,
2601 4452 2669 4510 ὡς
2692 4457 2783 4509 τῆς
2812 4426 2949 4509 θείας
2977 4447 3197 4520 φυλακῆς
3220 4465 3277 4501 τε
3324 4446 3413 4498 καί
3441 4443 3600 4520 ῥοπῆς
3631 4443 3802 4505 ἀξιού-

536 4548 684 4604 tione
714 4547 893 4602 divina
923 4545 1164 4602 cusmdia
1205 4545 1512 4613 auxilioque
1550 4541 1729 4613 potiti,
1755 4540 1881 4595 vitae
1922 4546 2123 4595 nostra:

535 4637 876 4696 conversatio
897 4637 1078 4708 quieta
1108 4644 1406 4706 pacataque
1431 4633 1788 4699 consistat,et
1811 4633 1867 4687 in
1902 4644 2126 4703 regene-

537 4728 767 4793 ratione,
813 4742 937 4782 cum
976 4725 1271 4781 novissima
1327 4723 1452 4779 tuba
1473 4721 1808 4795 personabit,
1835 4719 1980 4791 digni
2000 4734 2129 4775 cen-

538 4833 777 4882 seamur,
793 4816 885 4887 qui
915 4815 1049 4870 citra
1076 4815 1579 4870 condemnationem
1598 4812 1725 4866 vitae
1751 4818 1954 4866 nostra:
2001 4809 2126 4865 duci

541 4908 596 4962 in
633 4907 814 4963 Patris
866 4905 1036 4978 gloria
1085 4920 1209 4959 cum
1253 4904 1457 4959 sanctis
1504 4900 1708 4974 angelis
1745 4900 1857 4955 suis
1903 4908 2130 4955 venturo

541 5015 914 5064 occurramus,
938 5011 1152 5065 unaque
1189 4997 1255 5052 ad
1289 4993 1470 5065 sponsi
1503 4994 1820 5058 thalamum,
1850 5008 1971 5049 cum
2004 5008 2134 5062 pru-

542 5091 793 5146 dentibus
855 5085 1171 5155 virginibus,
1224 5086 1448 5156 spiritali
1489 5084 1839 5154 angelicoque
1884 5081 2132 5139 convivio

539 5189 806 5251 perpetuo
856 5177 1071 5231 frnituri
1108 5176 1487 5248 ingrcdiamur,
1533 5191 1826 5246 eorumque
1867 5174 2132 5229 bonorum

547 5274 791 5328 hmredes
830 5267 1147 5334 ciliciamur,
1181 5285 1299 5338 qua:
1326 5269 1379 5323 in
1408 5267 1626 5324 Christo
1674 5281 1803 5324 vero
1847 5266 1958 5320 Deo
1981 5278 2135 5332 repo—

547 5364 650 5419 sita
682 5370 806 5417 sunt
828 5377 930 5414 non
960 5359 1209 5428 indignis,
1261 5359 1419 5428 idque
1444 5356 1799 5414 immaculata:
1823 5354 2136 5422 inculpatae-

550 5469 654 5523 que
711 5453 903 5509 matris
963 5448 1105 5503 illius
1132 5458 1186 5504 ct
1232 5446 1473 5505 omnium
1523 5456 1831 5504 sanctorum
1867 5445 2136 5501 interces-

552 5545 721 5599 sione.
756 5543 951 5596 Amen.

625 5634 777 5700 Quod
807 5642 986 5688 autem
1007 5631 1111 5685 isto
1139 5632 1312 5689 serius
1338 5644 1432 5699 per
1452 5643 1515 5683 ea
1535 5641 1654 5697 qua:
1685 5627 1947 5682 hactenus
1969 5634 2135 5691 expo-

2227 4562 2385 4612 μενοι,
2413 4539 2445 4598 ἢ
2466 4543 2551 4595 καί
2584 4544 2831 4615 ἠρεμαῖον
2856 4540 2944 4593 καί
2972 4538 3223 4611 είρηναῖον
3264 4536 3403 4593 ἡμῶν
3443 4534 3712 4589 καθίστησι
3742 4531 3801 4585 τό

2227 4632 2528 4702 πολίτευμα.
2555 4630 2643 4686 ἶνα
2669 4633 2756 4685 καί
2800 4630 2850 4684 έν
2892 4635 2956 4701 τῇ
3007 4627 3369 4698 παλιγγενεσία
3397 4624 3446 4677 έν
3492 4630 3556 4695 τῇ
3595 4622 3801 4694 έσχάτῃ

2230 4722 2470 4795 σάλπιγγι
2503 4723 2783 4791 ἀξιωθῶμεν
2806 4727 2880 4790 τῷ
2907 4719 3125 4794 ἀρχηγῷ
3158 4725 3250 4776 τῆς
3290 4720 3419 4779 ζωῆς
3448 4716 3586 4783 ἡμῶν
3613 4713 3803 4766 ἀκαταυ

2229 4815 2414 4885 κρίτως
2439 4810 2730 4868 ὑπαντῆσαι
2767 4809 3031 4883 ίρχομένῳ
3060 4798 3193 4878 μετά
3233 4803 3379 4867 δόξης
3416 4810 3508 4862 τῆς
3551 4807 3802 4875 πατρικῆς

2236 4906 2331 4958 σὺν
2359 4910 2467 4962 τοῖς
2498 4900 2658 4971 ἁγίοις
2698 4899 2926 4972 ἀγγέλοις
2950 4900 3129 4961 αὐτοῦ,
3155 4897 3240 4950 καί
3264 4895 3315 4948 ἓν
3349 4904 3417 4961 τῷ
3443 4899 3670 4964 νυμφῶνι
3692 4896 3804 4949 ταῖς

2232 4997 2490 5070 φρονίμοις
2534 4993 2931 5061 ωνεισέλθωμεν
2975 4989 3254 5065 παρθένοις.
3287 4988 3376 5040 καί
3408 4992 3500 5044 τῆς
3540 4980 3804 5054 «indui;

2234 5085 2607 5156 ἀπολαύσωμεν
2657 5081 2968 5140 πανδαισίας
2992 5095 3005 5109 ⁸
3062 5077 3359 5152 κληρονόμοι
3402 5073 3649 5145 γινόμενοι
3705 5078 3806 5125 τῶν

2234 5176 2572 5246 ἀποκειμένων
2598 5179 2710 5234 τοῖς
2750 5172 2906 5235 ἀξίοις
2948 5170 3142 5242 ἀγαθῶν
3174 5164 3224 5220 έν
3263 5170 3463 5241 Χριστῷ
3489 5167 3560 5229 τῷ
3593 5152 3806 5225 ἀληθινῷ

2235 5273 2346 5339 Θεῷ
2377 5243 2658 5341 πρεσϐείας
2700 5260 2966 5336 ἀκράντου
3010 5258 3095 5312 καί
3129 5256 3406 5326 ἀμωμήτου
3440 5243 3592 5306 αὐτοῦ
3617 5245 3809 5320 μητρός
3873 5249 3880 5255 ’

2239 5360 2324 5412 καί
2349 5357 2548 5412 πάντων
2568 5360 2668 5409 τῶν
2707 5351 2881 5422 ἁγίων.
2908 5353 3079 5418 ‘Apris.
3107 5378 3113 5384 η

2309 5619 2368 5670 Ei
2411 5613 2465 5671 δὲ
2502 5619 2743 5670 τοσοῦτον
2788 5610 2880 5681 ὀψὲ
2915 5615 3004 5665 τοῦ
3066 5608 3239 5678 καιροῦ
3290 5603 3341 5657 έν
3391 5602 3589 5660 τούτοις
3618 5596 3679 5657 δὴ
3709 5605 3819 5659 τοῖς
