3960 6412
325 312 460 374 1069

1065 426 1127 487 Π.

321 560 508 633 Leonis
536 561 634 617 III
660 560 725 616 P.
755 554 829 633 Μ,
861 561 1022 627 bulla,
1061 578 1165 633 qua
1192 561 1465 631 conﬁrtttat
1488 557 1891 633 translationem

330 666 335 669 -
390 628 526 689 sedis
564 628 1100 704 episrcopalisgllatisli.
1130 648 1207 704 επ
1235 628 1544 704 monasterio
1580 629 1641 685 S.
1682 628 1894 704 Emme-

390 700 677 757 rammi'ad
718 700 985 756 ecclesiam
1018 700 1075 756 S.
1120 700 1678 770 Stephauiﬁlliusque
1718 701 1891 752 omni-

389 772 599 827 modaru
620 772 991 841 exemtiouem
1019 768 1336 841 promulgat.
1368 768 1541 841 (Auno
1565 768 1716 838 795.)

905 923 1119 992 [Mansi,
1149 922 1303 993 ibid]

389 1054 446 1114 In
484 1059 700 1116 nomine
743 1053 955 1113 Domini
999 1057 1169 1112 nostri
1197 1054 1324 1111 Jesu
1360 1046 1562 1111 Christi
1596 1055 1689 1109 Dei
1716 1056 1893 1110 omni-

317 1150 572 1221 potentis,
609 1150 717 1203 Leo
744 1160 901 1219 papa.

385 1239 639 1311 Agnitum
662 1250 785 1294 esse
819 1237 1066 1291 volumus
1095 1236 1307 1291 cunctis
1330 1234 1657 1301 Christianae
1679 1232 1893 1306 religio-

317 1327 403 1381 nis
430 1324 697 1389 ﬁdelibus,
731 1332 840 1380 tam
861 1324 1217 1394 praesentibus
1238 1339 1400 1393 quam
1423 1322 1639 1390 futuris,
1659 1324 1892 1394 qualiter

315 1414 806 1470 Christianissimus
819 1415 1144 1487 imperator,
1176 1423 1231 1469 et
1258 1422 1519 1483 angustus
1543 1416 1762 1469 nomine
1790 1414 1893 1469 Ca-

316 1507 483 1572 rolus,
531 1506 643 1561 Deo
668 1505 963 1575 aspirante,
1003 1502 1278 1560 Christum
1304 1506 1631 1587 hmreditatis
1660 1522 1770 1562 suae
1799 1507 1892 1561 de-

314 1598 560 1652 siderans
587 1596 705 1651 ﬁeri
732 1606 1132 1667 possessorem,
1179 1592 1452 1666 quoddam
1503 1599 1889 1653 monasterium

314 1687 462 1759 juxta
490 1698 672 1743 muros
700 1688 936 1743 civitatis
964 1688 1272 1760 'l‘yburniae,
1313 1700 1436 1757 quze
1475 1703 1505 1743 a
1536 1689 1753 1745 Tiberio
1775 1691 1893 1745 Cae-

1528 286 1543 321 '
1727 305 2134 368 PRIVILEGIA.

1921 440 1971 498 Α

3436 306 3571 364 i070

1992 516 2331 588 Pririlegium
2364 516 2547 588 Leonis
2587 532 2736 588 papa
2779 532 2875 588 pro
2913 516 3235 588 monasterio
3261 516 3433 588 sancti
3471 504 3572 573 Bc;

2270 588 2458 641 πεάὶεεὶ
2500 585 2900 656 Capersanénst'.
2941 586 3114 657 (Auito
3134 586 3285 659 815.)

2146 675 2399 748 [Ughelli,
2426 675 2575 730 italia
2611 691 2788 742 sacra,
2816 685 2946 732 tom.
2971 676 3087 752 )‘ll,
3109 691 3230 747 pag.
3260 676 3411 750 702.]

2064 786 2172 841 Leo
2192 786 2481 855 episcopus
2522 800 2715 840 servus
2745 800 3023 841 servon
3066 787 3200 854 Dei,
3226 788 3429 844 dilecto
3477 788 3572 845 Dei

1995 877 2104 930 lilio
2133 874 2387 930 Eustasio
2426 874 2606 929 abbati
2647 877 2818 930 electo
2847 879 3156 933 monasterii
3187 881 3357 935 sancti
3403 881 3576 936 Bene-

1992 966 2121 1019 dicti
2146 966 2215 1020 de
2260 965 2574 1034 Capersana
2603 967 2670 1021 ad
2698 976 2941 1021 sanctam
2985 969 3168 1023 sedem
3202 970 3349 1025 nullo
3397 973 3575 1028 medio

1992 1052 2312 1121 pertinentis
2332 1053 2583 1119 salutem,
2608 1054 2733 1108 etin
2765 1054 2993 1127 regulari
3027 1057 3138 1110 vita
3159 1057 3570 1127 perfectionem.

2058 1142 2382 1210 Apostolicte
2430 1143 2574 1198 sedis
2607 1145 3026 1207 administratio,
3066 1147 3155 1201 cui
3192 1146 3320 1202 licet
3358 1149 3576 1220 indigne

1991 1229 2347 1295 deserviruus,
2391 1232 2743 1301 omniumque
2767 1232 3133 1288 Ecclesiarum
3159 1246 3292 1291 cura
3322 1237 3481 1292 nobis
3520 1246 3578 1293 et

1990 1319 2293 1375 sollicitudo
2323 1320 2484 1392 viget,
2516 1330 2576 1375 ut
2606 1322 2820 1377 illarum
2848 1324 3142 1392 provisioni
3181 1325 3452 1396 prmeipua
3477 1341 3577 1382 nos

1991 1412 2249 1467 convenit
2293 1410 2580 1467 all‘ectione
2630 1412 2943 1477 intendere,
3000 1429 3123 1483 quae
3164 1416 3232 1469 ad
3274 1415 3576 1472 Romanam

1991 1510 2240 1570 spectare
2282 1501 2583 1558 Ecclesium
2622 1503 3032 1573 dignoscuntur.
3080 1503 3261 1576 Nuper
3282 1521 3380 1577 per
3404 1506 3576 1562 Doro-

1994 1593 2175 1648 theum
2205 1594 2591 1650 subdiaconum
2616 1603 2672 1650 et
2708 1597 3032 1652 monachum
3072 1614 3175 1653 nos
3202 1597 3391 1654 humili
3414 1614 3577 1670 prece

1993 1681 2304 1750 supplicasti
2332 1682 2478 1737 istud
2509 1686 2902 1739 monasterium
2923 1724 2941 1750 ,
2972 1687 3026 1741 in
3054 1702 3164 1756 quo
3185 1688 3312 1743 olim
3343 1689 3580 1759 quadra-

314 1793 443 1833 sare
461 1777 702 1848 Augusto
724 1777 987 1832 aediﬁcata
1018 1786 1103 1833 est
1121 1819 1135 1842 ,
1178 1792 1301 1850 quae
1339 1778 1501 1833 modo
1522 1781 1683 1851 vulgo
1710 1781 1892 1850 appel-
1919 1788 1966 1847 Β
1993 1772 2139 1841 ginta
2184 1773 2434 1827 monachi
2480 1772 2591 1829 Deo
2621 1773 3043 1843 famuiabantur,
3078 1778 3150 1833 ob
3183 1777 3578 1836 Saracenon

315 1867 421 1922 lata
449 1876 533 1922 est
557 1868 983 1939 Reganispurch,
1030 1869 1173 1939 quod
1197 1877 1284 1924 est
1308 1877 1678 1925 constructum
1717 1872 1770 1926 in
1800 1881 1894 1927 no-

312 1969 448 2014 uere
474 1968 675 2017 sancta:
708 1958 890 2013 Maria:
923 1958 1112 2015 matris
1138 1960 1350 2015 Domini
1381 1961 1552 2015 nostri
1580 1954 1709 2017 Jesu
1737 1959 1894 2016 Chri-

312 2052 405 2117 sti,
433 2062 491 2108 et
505 2054 768 2123 principis
794 2055 1160 2124 apostolorum
1188 2056 1358 2121 Petri,
1391 2064 1446 2110 et
1470 2056 1647 2112 sancti
1673 2057 1889 2129 Georgii

312 2145 597 2216 martyris,
636 2146 728 2201 ubi
773 2148 1220 2217 pratciarissimus
1262 2157 1474 2218 martyr
1514 2156 1571 2203 et
1606 2150 1893 2219 episcopus

313 2232 563 2292 Pictavim
598 2250 828 2308 corpore
871 2240 1164 2308 reQuieseit
1203 2235 1653 2301 Emmerammus,
1702 2238 1755 2293 lu
1791 2253 1889 2293 no-

312 2337 478 2383 stram
502 2330 915 2396 immunitatem,
938 2342 1423 2399 successoremque
1444 2337 1752 2384 nostrorum
1774 2345 1894 2400 ενοι

313 2423 387 2476 tia
400 2421 728 2478 defensionis
754 2420 1064 2477 transfodit.
1089 2422 1159 2476 Et
1177 2436 1276 2476 nos
1299 2408 1557 2475 continuo
1578 2436 1677 2490 pro
1691 2420 1891 2477 Christi

256 2577 277 2586 _
311 2526 496 2569 amore
529 2514 765 2585 gratuita
809 2522 989 2568 mente
1031 2511 1276 2583 petitioni
1312 2510 1433 2578 ejus
1476 2512 1566 2581 pie
1592 2520 1892 2567 aunuentes

312 2605 649 2660 decrevimus
676 2608 750 2660 ita
775 2604 915 2670 ﬁeri,
952 2603 1285 2671 etjussimus
1310 2603 1452 2655 hanc
1468 2610 1679 2657 certam
1710 2610 1893 2657 aucto-

313 2694 491 2750 ritatis
520 2704 718 2751 nostrm
748 2696 870 2752 inde
897 2695 1166 2752 conscribi
1189 2734 1203 2756 ,
1245 2702 1301 2748 et
1334 2694 1620 2764 episcopus
1644 2690 1887 2762 ejusdem

311 2781 547 2843 civitatis
577 2786 793 2852 tertius,
836 2782 1053 2842 nomine
1078 2778 1390 2840 Adalwinus
1422 2781 1580 2852 juxta
1608 2784 1888 2840 decretum

311 2885 511 2931 etcum
542 2878 863 2932 auctoritate
893 2886 1097 2941 nostra,
1130 2876 1185 2929 in
1215 2875 1502 2945 praesentia
1529 2874 1758 2943 piissimi
1789 2875 1891 2929 im-

311 2966 577 3036 peratoris
606 2962 807 3029 Caroli,
846 2975 992 3021 recta
1029 2965 1241 3020 ratione
1274 2964 1330 3018 in
1372 2962 1618 3035 synodali
1655 2963 1886 3019 concilio

311 3069 433 3108 cum
468 3054 673 3125 judicio
704 3056 1099 3126 episcoporum,
1143 3054 1483 3119 clericorum,
1528 3070 1630 3110 nec
1654 3070 1762 3109 non
1790 3072 1885 3110 uo—

1995 1863 2330 1932 impietatem
2352 1864 2408 1918 in
2438 1864 2590 1921 italia
2617 1864 3000 1922 continentium
3026 1876 3082 1924 et
3112 1869 3416 1941 principum
3436 1871 3583 1928 Crte-

1994 1969 2184 2010 corum
2213 1955 2471 2020 schisma,
2504 1963 2629 2025 post
2648 1956 2829 2012 dilecti
2859 1957 2955 2012 lilii
2998 1958 3351 2031 Teopbylaeti
3374 1962 3582 2032 prede-

1993 2048 2232 2101 cessoris
2275 2047 2352 2103 vui
2380 2049 2434 2102 in
2474 2048 2702 2119 praefato
2730 2051 3064 2107 monasterio
3106 2051 3319 2107 abbatis
3346 2052 3576 2119 obitum,

1993 2136 2129 2191 adeo
2157 2138 2470 2193 destitutum
2508 2140 2884 2209 reperiebatur
2904 2181 2919 2207 ,
2971 2151 3034 2197 ut
3055 2145 3446 2200 monachorum
3484 2148 3579 2215 qui

1995 2227 2048 2281 in
2092 2242 2159 2282 eo
2202 2239 2330 2298 post
2372 2229 2530 2286 istius
2579 2233 2820 2302 regionis
2848 2233 3273 2290 devastationem
3304 2238 3619 2307 superfuev

1995 2318 2136 2383 rint,
2184 2335 2362 2391 neque
2388 2321 2582 2391 major,
2610 2338 2786 2393 neque
2806 2325 2994 2380 sanior
3017 2335 3158 2381 esset
3188 2340 3316 2398 pars
3336 2342 3436 2398 pro
3462 2340 3585 2384 stic-

1992 2423 2209 2465 eessore
2260 2411 2525 2482 eligendo.
2592 2413 2831 2469 Consilio
2867 2416 3081 2471 tandem
3118 2416 3357 2486 Cqul'ridi
3394 2420 3581 2477 dilecti

1992 2498 2046 2553 in
2074 2500 2293 2557 Christo
2332 2502 2456 2566 ﬁlii,
2501 2502 2719 2559 abbatis
2739 2507 2894 2570 sacri
2939 2507 3170 2563 ctenobii
3201 2509 3376 2565 sancti
3406 2510 3581 2566 Bene-

1990 2587 2121 2644 dicti
2161 2593 2229 2646 de
2256 2594 2434 2659 Bario,
2467 2609 2590 2649 eum
2615 2596 2683 2649 ad
2717 2596 2915 2651 Urbem
2942 2605 3072 2653 tunc
3112 2612 3218 2653 nou
3245 2608 3391 2654 esset
3434 2608 3584 2656 tutas

1990 2694 2261 2745 accessus,
2297 2682 2460 2751 aliqui
2487 2685 2571 2738 sui
2597 2686 2934 2751 monasterii,
2964 2688 3216 2743 monachi
3265 2696 3428 2759 atque
3453 2706 3583 2760 pars

1988 2769 2379 2824 monachorum
2396 2772 2669 2840 prioratus
2872 2774 2940 2828 de
2960 2774 3126 2829 Porto
3153 2790 3348 2843 aspero
3375 2793 3587 2833 nuneu-

1986 2860 2100 2929 pati
2117 2860 2184 2916 de
2196 2860 2484 2931 καθαροῦ,
2514 2878 2651 2932 quos
2668 2864 2735 2919 de
2753 2862 2939 2919 vestro
2958 2866 3169 2935 gremio
3192 2876 3508 2936 reputamus
3522 2869 3577 2923 in

1988 2948 2226 3019 Spiritus
2260 2951 2525 3008 Paraeleti
2565 2956 2894 3009 charismate
2938 2958 3252 3029 congregati
3284 2973 3359 3013 xu
3388 2958 3577 3014 Kalen.

1988 3041 2113 3095 Maii
2160 3050 2213 3096 te
2259 3043 2512 3099 dilectum
2546 3043 2714 3099 tilium
2760 3045 3071 3101 Eustasium
3116 3047 3349 3119 elegere.
3400 3048 3583 3116 Quare

309 3143 497 3198 unum
534 3144 796 3200 hicon
824 3146 891 3201 de
917 3146 1104 3201 eodem
1136 3145 1257 3200 ιοοο
1296 3144 1614 3199 cauwjmm
1662 3146 1883 3215 ροιηίη-
1909 3132 1954 3195 C
1986 3143 2085 3184 nos
2113 3138 2170 3184 et
2206 3130 2345 3186 hanc
2372 3141 2619 3187 sanetam
2654 3133 2835 3189 sedem
2862 3134 3127 3191 certiores
3154 3134 3355 3202 fecisti,
3403 3138 3583 3193 hami-

310 3234 481 3291 calem
531 3237 793 3301 mutavit,
824 3246 879 3291 et
920 3237 1183 3291 canonica
1218 3237 1542 3292 auctoritate
1575 3237 1629 3292 in
1670 3239 1890 3295 civitate

309 3324 376 3379 ad
404 3325 687 3380 ecclesiam
727 3325 785 3381 S.
816 3325 1077 3395 Stephani
1112 3327 1535 3397 protomartyris
1577 3327 1803 3393 statuit,
1831 3336 1889 3383 et

308 3427 420 3467 suae
448 3427 776 3483 suorumque
799 3428 1176 3469 successorum
1201 3414 1517 3485 proprietati
1547 3430 1614 3471 ac
1632 3417 1887 3486 potestati

309 3503 560 3575 deinceps
586 3504 640 3560 in
668 3504 905 3561 futurum
928 3505 1270 3563 abalienavit.
1300 3507 1343 3567 E
1371 3518 1562 3569 contra
1586 3509 1890 3575 antedictos
1940 3570 1945 3573 _

308 3588 798 3652 Christianissimus
824 3598 1118 3667 imperator
1137 3600 1282 3656 dedit
1309 3601 1378 3656 ad
1404 3601 1550 3656 illum
1570 3602 1771 3667 locum,
1797 3604 1886 3658 ubi

309 3686 468 3740 modo
491 3686 648 3741 sedes
674 3687 995 3757 episcopalis
1016 3698 1119 3755 est,
1155 3707 1186 3744 a
1212 3701 1368 3760 parte
1394 3694 1691 3749 meridiana
1718 3694 1890 3764 ipsius

311 3774 620 3827 monasterii
652 3776 885 3843 perticas
909 3776 1264 3848 decempedas
1303 3797 1391 3845 xc,
1432 3790 1488 3835 et
1521 3783 1575 3835 in
1606 3783 1710 3836 alia
1737 3793 1889 3852 parte

234 3856 247 3867 ’
307 3880 362 3927 c,
392 3864 444 3918 in
475 3863 810 3935 longitudine
837 3866 1098 3924 ducentas
1126 3878 1298 3935 νείκει
1320 3871 1605 3927 ecclesiam
1631 3871 1688 3927 S.
1717 3873 1885 3944 Petri,

308 3963 365 4009 et
392 3955 674 4011 ecclesiam
701 3956 760 4011 S.
783 3956 933 4011 Pauli
954 3955 1110 4026 juxta
1135 3960 1604 4043 murospmidicta!
1626 3960 1909 4043 civitatis,_

308 4056 363 4099 et
383 4044 794 4116 Wimintingen,
824 4055 880 4101 et
898 4034 1321 4118 Egiloll‘esheim,
1350 4058 1407 4104 et
1428 4050 1710 4107 ecclesiam
1730 4034 1884 4121 juxta

309 4135 615 4205 Nappureh,
645 4151 765 4205 quae
787 4145 1012 4191 vocatur
1038 4137 1295 4204 Bersana,
1334 4149 1390 4196 et
1414 4140 1755 4197 continuavit
1773 4157 1888 4198 mo-

310 4229 605 4283 nasterium
641 4231 860 4300 pretiosi
892 4231 983 4287 Dei
1010 4233 1264 4304 martyris
1295 4233 1677 4291 Emmerammi
1705 4237 1757 4291 in
1788 4253 1884 4307 po-

298 4306 505 4375 testate
560 4320 941 4391 imperatorum
992 4324 1107 4379 sive
1152 4340 1337 4394 regum
1392 4342 1563 4395 usque
1611 4325 1666 4382 iu
1712 4306 1884 4385 aevum

309 4426 659 4481 permanere,
704 4420 759 4466 et
791 4412 862 4467 ita
902 4413 1286 4481 conﬁrmavit;
1332 4424 1390 4471 ut
1424 4422 1603 4472 rector
1627 4426 1684 4473 et
1714 4419 1884 4475 abbas

308 4503 543 4569 ejusdem
575 4502 804 4557 ωτιιοῦἰί
832 4519 1151 4575 unoquoque
1172 4521 1314 4560 anno
1343 4522 1414 4561 vn
1437 4523 1632 4563 aureos
1658 4508 1882 4564 Romam

308 4594 376 4648 ad
402 4594 570 4649 altare
613 4596 783 4650 sancti
829 4595 975 4650 Petri
1019 4597 1371 4666 persolveret.
1423 4599 1549 4655 lliec
1575 4602 1802 4657 mutatio
1828 4609 1887 4657 et

306 4685 648 4739 conﬁrmatio
695 4686 794 4740 fuit
837 4702 979 4740 anno
1025 4687 1092 4740 ab
1135 4687 1501 4744 incarnatione
1527 4690 1737 4746 Domini
1783 4693 1885 4749 798

307 4776 644 4831 auctoritatis
676 4784 908 4842 nostrae;
949 4776 1022 4831 ita
1056 4784 1111 4831 ut
1136 4779 1180 4833 si
1208 4779 1330 4851 quis
1360 4779 1651 4850 imperator
1671 4791 1763 4837 aut
1788 4799 1882 4838 rex

306 4868 553 4924 eamdem
580 4867 859 4923 ecclesiam
893 4877 1001 4924 tam
1029 4879 1271 4925 sanctam
1293 4871 1453 4928 alicui
1480 4883 1717 4942 pmtet,
1753 4892 1883 4931 aua-

309 4960 487 5013 thema
536 4959 625 5014 sit.
676 4959 1032 5031 Congregatio
1080 4970 1259 5017 autem
1298 4964 1609 5019 monasterii
1658 4965 1879 5020 liberam

307 5049 504 5105 habent
537 5060 882 5121 potestatem,
920 5062 976 5107 et
1004 5052 1320 5108 electionem
1364 5055 1574 5110 abbatis
1603 5056 1756 5127 juxta
1784 5059 1878 5121 de—

305 5151 512 5197 cretum
532 5144 706 5198 sancti
736 5143 1009 5199 Benedicti
1050 5144 1168 5199 sine
1190 5145 1431 5199 omnium
1457 5147 1880 5203 contradictione

305 5230 679 5298 sub‘stituendi,
710 5241 760 5287 et
789 5232 1068 5303 praefatum
1107 5235 1493 5289 monasterium
1536 5248 1658 5289 eum
1693 5250 1879 5291 mena-

303 5321 771 5379 chisetomnibus
814 5314 1010 5379 ibidem
1041 5325 1094 5379 in
1140 5340 1377 5397 praesens
1416 5322 1648 5391 collatis,
1694 5327 1775 5381 vel
1820 5326 1873 5383 in

304 5421 579 5483 posterum
623 5412 985 5481 conferendis,
1031 5415 1084 5471 in
1115 5425 1354 5472 nostram
1399 5426 1877 5488 successorumque

306 5512 614 5561 nostrorum
643 5505 1033 5560 immunitatem
1062 5507 1378 5576 recepimus,
1409 5508 1654 5565 feliciter.
1683 5508 1874 5565 Amen.

265 5781 441 5796 ὀυκ-φ·-

1988 3223 2113 3278 liter
2155 3233 2346 3292 petens
2382 3234 2444 3279 ut
2485 3226 2730 3281 eamdem
2773 3226 3095 3282 electionem
3137 3227 3204 3282 de
3249 3229 3581 3300 benignitate

1987 3316 2281 3387 apostolica
2311 3317 2634 3372 conﬁrmare
2658 3316 3024 3388 dignaremur.
3056 3318 3165 3375 Nos
3191 3306 3445 3390 precibus
3473 3321 3581 3376 tuis

1986 3409 2221 3479 benigne
2270 3418 2589 3474 anno-lites,
2641 3418 2693 3464 te
2729 3408 3015 3479 praefatum
3066 3410 3374 3467 Eustasium
3415 3424 3580 3468 enim.

1988 3499 2109 3553 uice
2136 3499 2364 3554 electum
2412 3501 2464 3575 in
2488 3500 2763 3577 abbatem
2800 3499 3010 3571 prmfati
3040 3502 3392 3575 monasterii,
3434 3503 3578 3574 quod

1987 3592 2283 3663 Cupersani
2332 3593 2496 3647 situm
2540 3599 2642 3656 est,
2696 3592 3019 3648 auctoritate
3046 3593 3338 3664 apostolica
3380 3593 3580 3650 contir-

1986 3699 2197 3740 mamus
2223 3691 2281 3740 et
2308 3683 2612 3741 stabilimus
2645 3699 2768 3739 cum
2804 3683 3061 3740 omnibus
3085 3684 3413 3751 honoribus,
3455 3686 3579 3742 red-

1987 3776 2190 3830 ditibus
2236 3777 2407 3845 ipsius
2445 3776 2781 3839 monasterii,
2830 3784 2887 3830 et
2922 3774 3395 3844 jurisdictionibus
3438 3779 3574 3840 suis,

1987 3865 2589 3934 pi-aedecessoribusque
2629 3866 2737 3919 tuis
2778 3867 3042 3921 hactenus
3069 3882 3167 3937 per
3209 3868 3352 3924 hanc
3391 3870 3577 3925 sedem

1984 3960 2228 4013 cunctam
2256 3954 2478 4009 indultis
2498 3994 2515 4020 ,
2556 3962 2835 4013 monentes
2870 3965 2932 4012 ut
2957 3958 3083 4013 dum
3115 3958 3167 4013 in
3203 3973 3268 4015 eo
3294 3962 3579 4031 pmfueris

1986 4045 2283 4116 vigilantia,
2316 4042 2560 4101 doctrina
2585 4088 2600 4111 ,
2649 4062 2971 4117 morumque
2998 4050 3301 4120 probitate,
3331 4053 3577 4113 subditos

1986 4145 2317 4206 eniterosque
2344 4138 2676 4203 anteeellus,
2720 4153 2922 4209 eosque
2951 4140 3005 4194 in
3038 4141 3303 4199 charitate
3328 4159 3576 4215 moneas,

1984 4226 2245 4296 corrigas,
2273 4238 2329 4283 et
2353 4228 2601 4299 exemplo
2627 4230 2882 4286 aediﬁces.
2913 4229 3068 4288 Scire
3089 4235 3234 4290 enim
3262 4236 3424 4295 debes
3446 4240 3575 4296 reli-

1985 4318 2150 4389 giosis
2187 4320 2319 4376 viris
2359 4321 2413 4375 in
2453 4320 2556 4376 hoc
2584 4331 2792 4378 .saucto
2829 4322 3091 4381 famulatu
3132 4329 3259 4384 dum
3308 4344 3567 4400 praesunt,

1987 4426 2091 4465 non
2124 4409 2178 4463 in
2206 4424 2266 4465 se
2298 4412 2504 4467 ordinis
2529 4420 2877 4482 potestatem,
2911 4424 3004 4473 aut
3034 4418 3312 4495 dignitatis
3339 4439 3450 4480 sua:
3476 4441 3573 4496 pu—

1909 4477 1961 4537 D
1988 4503 2230 4566 sterili-ae,
2262 4504 2356 4558 sed
2379 4505 2739 4575 aequalitatem
2764 4508 3087 4566 conditionis
3120 4488 3427 4582 ostendere,
3444 4477 3574 4572 cou-

1987 4592 2211 4647 venire:
2248 4608 2347 4647 nec
2375 4594 2540 4648 t'alem
2582 4601 2633 4648 te
2671 4604 2945 4651 ostentare
2980 4598 3397 4673 hominibusque
3432 4620 3571 4675 pra:-

1986 4696 2124 4746 csse,
2166 4691 2222 4738 et
2262 4685 2545 4739 recordare
2581 4686 2723 4754 quod
2764 4687 2971 4757 antiqui
3011 4688 3201 4747 Patres
3227 4694 3429 4761 nostri,
3461 4713 3569 4752 non

1964 4782 2094 4829 ctam
2125 4789 2276 4845 reges
2305 4775 2582 4830 hominum
2620 4792 2781 4846 quam
2813 4788 3057 4848 pastores
3084 4782 3347 4852 pecudum
3390 4784 3565 4841 fuere.

1986 4864 2216 4933 Specula
2244 4864 2572 4921 lucidissima
2599 4868 2852 4924 Ecclesia:
2874 4880 3002 4926 sunt
3027 4871 3081 4926 hi
3108 4873 3198 4942 qui
3230 4873 3284 4928 in
3316 4873 3450 4933 locis
3479 4894 3566 4933 re-
3631 4879 3641 4905 "

1984 4953 2202 5024 giminis
2227 4955 2385 5023 positi
2428 4944 2689 5025 apparent
2715 4957 2874 5027 primi
2902 4958 2957 5012 in
2994 4961 3289 5019 subeundis
3312 4964 3568 5021 ecclesia-

1982 5042 2135 5096 sticis
2161 5042 2496 5109 muneribus,
2548 5054 2603 5098 ut
2632 5060 2819 5117 eorum
2864 5049 3113 5119 exemplo
3144 5050 3393 5108 lzrtantes
3432 5054 3564 5110 sub-

1981 5133 2077 5188 diti
2122 5132 2353 5191 subeant
2386 5136 2624 5206 ipsorum
2669 5137 2907 5207 injuncta
2939 5142 3273 5212 ministeria,
3312 5153 3370 5201 et
3404 5146 3568 5202 obse—

1979 5225 2164 5293 quium
2232 5235 2489 5295 przesteut
2552 5230 2839 5286 dilectione
2892 5232 3212 5302 jucundum.
3276 5236 3569 5306 Subiunxit

1978 5312 2138 5371 etiam
2179 5317 2480 5375 Dorotheus
2520 5321 2598 5375 tui
2651 5322 2885 5378 cmnobii
2932 5339 2997 5381 ac
3043 5327 3208 5384 totius
3264 5339 3566 5386 conventus

1979 5405 2199 5461 nomine
2219 5446 2234 5472 ,
2269 5404 2415 5476 quod
2441 5424 2546 5465 non
2592 5411 2710 5466 sine
2735 5412 2897 5484 hujus
2930 5427 3135 5473 sancta:
3171 5404 3361 5484 sedis,
3380 5427 3438 5474 et
3464 5435 3567 5476 no-

1980 5496 2099 5551 stri.
2126 5534 2141 5549 .
2168 5534 2183 5550 .
2210 5535 2225 5550 .
2252 5534 2267 5551 .
2304 5508 2422 5568 post
2453 5510 2675 5556 exactos
2720 5500 3103 5574 Langobardos
3126 5543 3143 5570 ,
3186 5507 3568 5564 contentiones

1984 5598 2089 5639 non
2112 5598 2293 5656 parvae
2312 5592 2446 5643 crta:
2472 5588 2580 5643 sint
2612 5602 2837 5661 propter
2859 5594 3166 5663 patrimonii
3200 5594 3565 5653 Ecclesiarum

1984 5675 2314 5731 iuvasionem
2351 5692 2379 5731 ιι
2408 5680 2909 5749 potention'husqne
2941 5685 3196 5754 regionis,
3222 5694 3278 5740 et
3307 5685 3569 5741 militibus
