3960 6418
365 300 494 357 ηπ

1321 286 1730 349 ΞΤΕΡΗᾹΝΕΞ
1770 293 1857 360 IV,
1894 292 2244 350 PONTIFEX
2286 283 2638 349 ROMANLS.

3472 301 3614 355 τοῖς

359 416 567 472 [acinus
604 416 991 482 perpetratum,
1040 415 1094 462 et
1134 408 1274 476 quod
1311 407 1656 462 inclementia
1699 407 1927 463 Sarace-
1955 411 2004 469 Λ
2033 414 2136 460 tur.
2168 405 2438 461 Praeterea
2465 422 2653 462 omnes
2697 405 2975 462 libertates
3019 405 3453 467 immunitatesve
3479 428 3614 484 prm-

355 519 548 562 norum
577 512 630 556 et
657 499 969 556 Grmeorum
1009 497 1284 567 impietate
1315 497 1370 550 in
1404 511 1524 552 esse
1571 507 1926 563 remanserat,

354 594 600 650 relictum
643 592 1120 646 eonte'rraneorum
1147 587 1288 642 fmda
1327 587 1588 654 avaritia,
1627 591 1930 658 injustaquc

352 683 619 741 hostilitas
651 679 954 750 usurpavit,
981 677 1122 747 juris
1146 685 1202 734 et
1227 678 1443 748 pietatis
1471 679 1689 732 tramite
1712 687 1930 756 praster-

353 774 554 840 tnisso;
599 785 834 842 namque
869 769 963 840 jus
989 769 1134 834 belli,
1173 769 1318 839 quod
1356 769 1620 834 vocitant,
1671 776 1927 838 tanquam

351 863 636 935 profanum
670 861 740 917 ab
766 860 1008 916 Ecclesia
1033 859 1339 916 Christiana
1371 859 1674 929 depellitur.
1722 858 1930 912 Idcirco

353 955 528 1012 studio
556 961 651 1008 tuo
676 953 744 1009 ad
777 951 1055 1022 antiquam
1084 949 1481 1020 possessionem
1520 947 1729 1017 placide
1757 954 1930 1001 retra-

351 1046 485 1103 here
508 1044 755 1116 coneris,
800 1045 998 1114 istique
1027 1057 1182 1098 sacro
1230 1039 1479 1097 omnobio
1517 1040 1730 1095 restitui
1772 1053 1930 1095 cura-

349 1135 457 1202 bis,
500 1136 714 1207 vigente
748 1135 803 1189 in
845 1133 1096 1189 omnibus
1119 1132 1364 1202 partibus
1389 1131 1552 1186 Italiae
1581 1129 1810 1200 piissimi
1847 1128 1929 1184 di-

351 1225 475 1283 lecti
511 1226 602 1280 ﬂlii
643 1225 900 1296 principis
944 1224 1088 1294 regis
1133 1223 1466 1278 Francorum
1509 1222 1823 1286 sanctione,
1869 1229 1930 1276 ut

351 1317 595 1381 comites,
613 1315 822 1386 iudices
841 1328 1054 1384 quoque
1076 1313 1236 1368 isthic
1257 1311 1517 1383 Stratigo,
1544 1319 1600 1367 ct
1641 1309 1927 1380 cathapani

351 1410 555 1478 absque
606 1407 777 1477 figura
812 1405 1002 1474 judicii
1030 1404 1097 1459 ad
1138 1404 1410 1458 Ecclesias
1447 1419 1534 1458 res
1564 1402 1927 1458 Ecclesiarnm

351 1505 712 1554 revertantur.
749 1496 1131 1566 Praecipiean
1153 1510 1257 1550 nos
1295 1495 1454 1550 modo
1479 1496 1621 1564 quod
1650 1509 1802 1548 arma
1831 1495 1931 1548 ho-

350 1587 490 1641 stilia
524 1586 936 1654 conquiescunt,
979 1585 1328 1640 nemonachi
1356 1586 1424 1640 ad
1440 1584 1621 1655 jurgia
1647 1584 1926 1639 saecularia

348 1676 628 1742 accedant,
676 1691 778 1730 nec
819 1675 1146 1745 quaestiones
1168 1674 1478 1730 inconsulto
1519 1683 1805 1740 moveant,
1837 1683 1930 1729 aut

2027 495 2156 550 dicti
2184 496 2519 561 monasterii,
2551 510 2649 550 nec
2680 510 2786 549 non
2812 495 3093 552 libertates
3120 499 3524 570 episcoporum,
3556 515 3617 560 et

2027 584 2396 654 exemptiones
2426 584 2763 638 srcenlarium
2793 586 2860 640 ab
2886 584 3098 642 dilectis
3128 586 3253 642 filiis
3273 589 3614 660 imperatori-

2026 676 2130 731 bus
2153 685 2206 732 et
2237 676 2360 731 aliis
2407 675 2653 732 fidelibus
2696 679 3124 746 pmmemoratis
3159 695 3317 736 sacro
3361 672 3614 738 emnobio

2027 766 2235 834 totique
2257 765 2544 820 eonventni
2573 765 2716 820 illius
2737 766 2977 833 indultis,
3002 783 3238 838 quorum
3260 769 3612 841 diplomatum

2026 868 2057 907 a
2087 868 2286 907 vesana
2329 854 2565 908 hostium
2609 854 2760 908 rabie
2802 863 3002 910 sancta:
3047 856 3306 914 Ecclesia:
3356 861 3617 918 Romanae

2024 941 2377 1010 perduellium
2430 951 2668 996 cremata
2719 942 2890 1012 major
2936 959 3063 1015 pars
3113 945 3281 1004 fuisse
3332 950 3614 1008 subdictus

2027 1033 2333 1087 Dorotheus
2365 1033 2521 1088 nobis
2548 1033 2736 1087 retulit
2757 1073 2773 1099 ,
2817 1036 3143 1092 auctoritate
3167 1040 3463 1108 apostolica
3490 1058 3615 1098 cori-

2027 1119 2308 1175 ﬁrmamus
2338 1128 2394 1174 et
2419 1121 2793 1190 indulgemus,
2845 1125 3222 1195 praicipiontes
3269 1136 3329 1184 ut
3371 1145 3608 1199 praesen.

2028 1211 2162 1265 tium
2187 1211 2383 1266 seriem
2407 1226 2438 1265 a
2469 1212 2668 1268 dilecto
2694 1213 2754 1266 in
2773 1213 2990 1269 Christo
3012 1214 3185 1271 fratre
3212 1227 3400 1275 nostro
3423 1220 3615 1278 biblio.

2029 1299 2270 1355 thecario
2305 1300 2360 1355 in
2383 1302 2647 1370 regestris
2668 1301 2863 1357 referri
2891 1321 2905 1358 :
2951 1320 3020 1360 ea
3039 1307 3222 1362 omnia
3251 1310 3626 1368 conﬁrmatio-

2027 1407 2259 1461 nemque
2297 1393 2466 1462 ipsam
2485 1395 2770 1462 praesentis
2795 1396 2984 1465 scripti
3031 1399 3339 1467 patrocinio
3360 1417 3609 1458 commu-

2027 1482 2226 1536 nimus.
2273 1481 2332 1537 Si
2357 1497 2478 1552 qua;
2509 1498 2641 1554 ergo
2685 1485 2740 1538 in
2779 1484 3022 1541 futurum
3047 1489 3415 1548 ecclesiastica
3439 1509 3612 1550 sucu.

2028 1570 2226 1626 larisve
2283 1587 2514 1641 persona
2571 1574 2713 1631 hanc
2777 1585 3019 1632 nostram
3076 1577 3504 1644 confirmationis
3553 1593 3612 1640 et

2028 1664 2429 1720 constitutionis
2449 1667 2699 1738 paginam
2728 1668 2904 1724 sciens
2933 1679 3119 1726 contra
3150 1687 3270 1727 eam
3293 1681 3502 1730 temere
3516 1691 3612 1731 vc-

346 1766 414 1820 ad
463 1766 635 1820 instar
681 1767 921 1822 audacia:
967 1767 1218 1822 militaris
1265 1766 1320 1820 in
1367 1766 1656 1821 elationem
1705 1773 1927 1836 propter
1954 1754 1999 1814 Β
2029 1755 2145 1808 nire
2173 1757 2462 1811 lenlaVel'it
2488 1797 2503 1822 ,
2547 1759 2784 1814 secundo
2824 1762 3054 1816 tertiove
3099 1765 3450 1832 commonita,
3498 1768 3607 1823 nisi

346 1855 651 1912 libertatem
680 1857 935 1913 incidant.
973 1857 1280 1914 Absurdum
1304 1859 1517 1914 videtur
1542 1859 1684 1928 apud
1711 1857 1928 1926 religio-

347 1961 436 2002 sos
483 1947 657 2002 sancti
709 1947 982 2002 Benedicti
1043 1948 1466 2004 ecclesiasticam
1517 1948 1822 2003 libertatem
1870 1947 1924 2001 in

347 2036 617 2092 licentiam
646 2037 991 2092 temerariam
1022 2036 1340 2103 diﬁ'ormari,
1385 2053 1451 2092 ne
1479 2037 1781 2107 ministeria
1811 2052 1927 2090 rno-

345 2126 646 2182 nachorum
688 2127 958 2182 contemni
988 2142 1018 2181 a
1052 2128 1236 2198 pravis
1279 2127 1589 2183 hominibus
1614 2128 1922 2182 videantur.

347 2213 455 2272 Sed
481 2217 738 2287 quidquid
762 2216 1112 2288 quaerendum
1135 2256 1154 2284 ,
1201 2217 1288 2272 vel
1325 2217 1758 2288 respondendum
1788 2234 1927 2289 prac-

347 2307 458 2363 fato
481 2315 662 2363 vestro
701 2309 1030 2363 monasterio
1054 2309 1145 2373 sit,
1187 2323 1286 2378 per
1311 2308 1694 2364 advocatorem
1716 2309 1821 2364 hoc
1844 2307 1928 2362 fa-

345 2411 470 2451 cere
496 2411 565 2451 ne
591 2396 932 2463 obliviscare,
977 2405 1030 2453 et
1053 2398 1100 2453 si
1139 2413 1228 2453 res
1255 2397 1621 2452 Ecclesiarum
1651 2413 1680 2451 a
1721 2397 1928 2453 Graecis

345 2485 676 2556 principibus
698 2487 753 2540 in
773 2486 994 2542 Oriente
1010 2529 1024 2554 ,
1057 2494 1111 2541 et
1136 2487 1191 2541 in
1225 2486 1494 2558 aliquibus
1516 2487 1569 2540 in
1596 2485 1746 2540 Italia
1768 2485 1924 2542 ditio-
1949 2488 1953 2495 '

345 2577 506 2632 nibus
527 2577 823 2634 Graecanici
850 2579 1062 2648 imperii
1087 2577 1479 2633 Saracenorum
1511 2578 1734 2650 appulsu
1763 2578 1925 2648 impie

345 2664 624 2720 devastata
651 2666 936 2735 reperitur,
984 2667 1228 2722 lzetamur
1254 2668 1309 2721 in
1351 2667 1577 2722 Domino
1596 2706 1612 2732 ,
1641 2669 1784 2737 quod
1815 2668 1924 2723 cito

344 2750 415 2806 ad
435 2753 620 2807 omnia
642 2753 1094 2824 redintegrentur.
1138 2754 1195 2810 Si
1229 2755 1351 2826 quis
1375 2764 1556 2811 autem
1580 2764 1704 2826 post
1726 2755 1926 2827 pmfa-

345 2851 457 2898 tam
486 2845 628 2916 regis
653 2845 986 2903 Francorum
1030 2848 1259 2918 piissimi
1303 2849 1639 2905 sanctionem
1664 2849 1931 2906 adversus

345 2933 490 2990 istud
523 2939 909 2994 monasterium
949 2939 1356 3010 Cupersanense
1388 2949 1542 3012 putet
1569 2940 1769 2996 habere
1791 2955 1928 3010 que.

344 3024 542 3094 relatu,
582 3034 638 3082 et
669 3029 810 3098 apud
840 3037 893 3084 te
937 3037 1194 3100 tanquam
1223 3030 1474 3086 abbatem
1502 3030 1587 3086 vel
1628 3031 1922 3086 monachos

346 3117 496 3171 litem
525 3131 677 3173 suam
706 3118 957 3175 decidere
999 3130 1094 3175 aut
1136 3120 1349 3177 deferre
1376 3121 1636 3187 noluerit,
1673 3121 1920 3176 volumus

343 3214 400 3262 et
425 3207 714 3264 statuimus
755 3216 814 3262 ut
849 3217 974 3264 ante
1003 3225 1104 3266 nos
1130 3219 1224 3265 aut
1265 3210 1472 3281 legatos
1498 3220 1716 3266 nostros
1745 3211 1922 3280 queri-

343 3297 526 3352 monia
575 3297 849 3354 deferatur
895 3315 1040 3370 quo.
1068 3339 1124 3354 ..
1169 3301 1359 3371 judicii
1408 3301 1526 3356 sine
1569 3317 1920 3372 personarum

345 3388 659 3457 acceptione
705 3404 828 3455 sua,
875 3388 1304 3461 cuiquejustitia
1350 3392 1461 3447 Deo
1490 3402 1713 3448 auctore
1740 3409 1923 3450 serve-

2028 1845 2190 1899 rebus
2215 1845 2327 1901 suis
2370 1861 2602 1917 congrua
2651 1848 3021 1906 satisfactione
3050 1855 3407 1923 prospexerit,
3449 1864 3607 1925 pote-

2026 1935 2183 1989 statis
2205 1935 2532 2008 honorisque
2546 1937 2630 1993 sui
2646 1947 2832 1995 careat
2851 1940 3128 2012 dignitate,
3150 1958 3406 2014 reamque
3426 1945 3610 2004 divino

2017 2024 2226 2095 judicio
2275 2043 2338 2084 se
2365 2029 2600 2086 existere
2642 2032 2709 2086 de
2744 2040 3052 2102 perpetrata
3081 2034 3364 2104 iniquitate
3408 2050 3613 2106 cogno-

2026 2126 2166 2184 scat,
2193 2127 2249 2174 et
2276 2134 2307 2173 a
2336 2121 2682 2177 sanctissimo
2707 2137 2958 2193 corpore,
3009 2133 3065 2180 et
3104 2126 3368 2197 sanguine
3393 2126 3606 2185 Domini

2025 2211 2196 2264 nostri
2222 2209 2353 2265 Iesu
2379 2203 2580 2266 Christi
2618 2212 2928 2282 repellatur.
2964 2213 3159 2272 Amen.
3183 2215 3374 2270 Amen.
3405 2215 3606 2271 Amen.

2099 2303 2221 2358 Dat.
2271 2302 2482 2371 Romae,
2516 2305 2572 2360 in
2625 2306 2958 2362 monasterio
3010 2307 3186 2362 sancti
3216 2307 3487 2364 Anastasii
3511 2322 3610 2378 per

2029 2412 2226 2452 manus
2268 2395 2498 2452 Joannis
2519 2397 2940 2464 bibliothecarii,
2987 2406 3042 2454 et
3071 2400 3218 2454 card.
3266 2410 3465 2454 nostra:
3501 2399 3610 2455 Ro-

2025 2502 2198 2542 mana:
2224 2487 2483 2543 Ecclesiae
2515 2504 2590 2544 vn
2618 2488 2738 2543 Kal.
2761 2489 3017 2545 Decemb.
3069 2505 3213 2545 anno
3239 2489 3452 2545 Domini
3479 2489 3610 2554 815.

2025 2582 2213 2637 indict.
2243 2583 2300 2648 9,
2327 2581 2484 2637 Pent.
2516 2597 2648 2639 vero
2671 2582 2855 2638 domni
2883 2582 3081 2638 Leonis
3103 2583 3282 2638 divina
3320 2582 3611 2652 providen-

2025 2673 2100 2727 tia
2118 2689 2270 2743 papa:
2295 2673 2381 2740 III,
2407 2688 2550 2728 anno
2576 2673 2670 2727 20.

2094 2767 2344 2822 Nicolaus
2369 2765 2612 2838 presbyt.
2643 2764 2702 2822 S.
2735 2765 2879 2821 ΚΕ.
2903 2765 3052 2822 card.
3083 2765 3166 2821 tit.
3194 2774 3395 2821 sancta:
3429 2764 3609 2820 crucis

2025 2859 2080 2914 in
2105 2857 2468 2913 Hierusalem.

2094 2949 2416 3024 Eustachius
2451 2949 2536 3003 tit.
2564 2957 2765 3003 sancta:
2788 2947 3255 3019 Praxedis-presb.
3281 2946 3428 3002 card.
3459 2945 3565 3002 S...

2097 3037 2492 3108 Teophylactus
2519 3036 2577 3091 S.
2609 3037 2674 3092 Β.
2703 3037 2746 3091 Ε
2766 3036 2916 3092 card.

2096 3129 2402 3200 Stephanus
2431 3129 2491 3185 S.
2521 3129 2586 3184 R.
2612 3130 2676 3184 Ε.
2703 3131 2787 3185 tit.
2813 3132 2989 3187 sancti
3017 3131 3206 3187 Marci.

2093 3220 2404 3276 Bonifacius
2432 3221 2582 3277 card.
2614 3222 2701 3276 tit.
2723 3221 2841 3276 ὃ...

2096 3311 2334 3369 Joannes
2371 3311 2430 3368 S.
2465 3312 2528 3367 It.
2561 3313 2624 3368 Ε.
2657 3313 3130 3372 bibliothecarius.

2422 3630 2451 3644 κ

1553 3693 1724 3736 ANNO
1766 3692 1994 3736 DOMINI
2037 3694 2375 3739 MCCXVIII.

1152 3870 2152 4055 STEPHAN
2165 3875 2428 4056 US
2555 3881 2822 4054 IV

1607 4170 1949 4228 PONTIFEX
1984 4168 2339 4228 ROMANUS.

2862 3853 2877 3862 ιο

891 4409 1328 4488 NOTITIA
1407 4408 1949 4488 HISTORICA
2024 4410 2134 4489 ΙΝ
2215 4411 2842 4490 STEPHANUM
2921 4412 3056 4493 IV.

1513 4584 1710 4647 Ultimi,
1733 4584 1876 4636 Cone.
1903 4581 2126 4648 Collum,
2151 4589 2267 4635 tom.
2293 4583 2445 4646 XIIX}

413 4807 722 4874 Stephamls
759 4801 837 4874 (a)
861 4800 1077 4856 natione
1103 4797 1379 4853 Romanus
1403 4805 1658 4874 ex'patre
1679 4796 1914 4874 {dar-ing,
1942 4802 1996 4862 D
2021 4799 2121 4856 Hic
2149 4816 2180 4855 a
2205 4800 2464 4870 primmva
2496 4809 2660 4874 ενι.)ζο
2683 4800 2741 4874 in_
2767 4799 3100 4874 patriarchio
3121 4797 3606 4874 Laterancnsisub

341 4865 570 4951 (ὑμεάῆ
591 4865 1004 4942 εῐιῐιοεέὁριειῐι,
1020 4881 1233 4924 menses
1255 4874 1460 4937 septeni
1477 4865 1737 4937 [mens.7,.
1757 4867 1810 4922 d.
1835 4867 1914 4940 δῖ.

437 5011 491 5085 α)
523 5009 837 5085 Stephanus.
886 5007 1043 5085 Axino
1094 5002 1305 5085 Domini
1337 4998 1678 5085 nostriilcsu
1717 5003 1917 5085 gms-ﬁ

340 5070 746 5152 Sili/vigesima
769 5077 1002 5152 secunda
1034 5073 1233 5152 mensis
1249 5070 1413 5138 Junii,
1434 5072 1486 5152 in
1517 5072 1917 5152 locum__Lc9n_is

345 5143 490 5211 tertii
518 5143 850 5220 Stephanum
884 5147 948 5200 IV
973 5145 1028 5220 in
1072 5143 1244 5220 sacris
1272 5143 1567 5198 canonibus
1598 5152 1660 5220 et
1681 5145 1921 5220 discipli-

345 5227 431 5282 nis
684 5227 954 5294 versatum
985 5215 1166 5294 clerus
1203 5213 1740 5294 Romaquspn-anhi
1785 5213 1916 5294 mp-

345 5283 507 5351 sensu
533 5289 861 5359 subrogavit.
886 5288 1019 5341 Cum
1051 5285 1200 5354 pacis
1225 5293 1279 5338 et
1321 5283 1535 5359 ultionis
1565 5283 1918 5359 impetranda:

381 5365 517 5419 ratia
565 5352 803 5417 secundo
863 5352 1206 5411 niensesuze
1264 5354 1593 5418 creationis,
1643 5352 1708 5406 ut
1749 5352 1916 5408 refert

381 5380 517 5419 raua
565 5380 803 5417 secunuo
864 5380 1047 5411 lucum:
1095 5380 1206 5409 sua:
1264 5380 1593 5418 crcauluuts,
1650 5380 1708 5406 ul.
1752 5380 1916 5408 rem".

343 5380 656 5495 Ιιίἰῖηοίτιιιρι,
703 5429 772 5483 ad
820 5425 1149 5482 Ludovicum
1185 5425 1568 5493 impemtorcm
1614 5423 1666 5476 in
1713 5422 1916 5479 Gallias

345 5503 620 5573 profectus
673 5507 861 5573 esset;
910 5503 1114 5573 praeter
1156 5509 1407 5573 eaque
1456 5507 1620 5573 supra
1672 5503 1920 5573 recenset

347 5563 662 5630 Anastasius
684 5612 700 5637 ,
736 5563 957 5640 quidam
997 5572 1186 5620 auctor
1245 5563 1483 5616 incertus
1519 5565 1562 5627 ',
1592 5563 1687 5618 sed
1737 5571 1922 5619 tamen

411 5716 428 5734 '
452 5711 742 5768 Ademarum
761 5714 990 5774 plerique
1013 5707 1172 5760 solent
1196 5702 1356 5769 appcll
1374 5715 1462 5753 ιτα.

2020 4869 2225 4926 εεδηειειὲ
2282 4870 2558 4924 umorize
2599 4871 2818 4924 domino
2868 4869 3106 4923 Adriano
3160 4883 3296 4938 papa
3358 4869 3606 4924 nutritus

2018 5016 2201 5068 verus,
2233 5001 2285 5055 in
2330 4999 2451 5055 Vita
2484 4998 2740 5056 Ludovici
2769 5016 2888 5070 cap.
2934 5000 3003 5055 38
3056 5007 3111 5054 et
3137 4999 3224 5070 59,
3271 4999 3386 5054 haec
3425 5000 3602 5054 conti-

2019 5071 2163 5140 gisse
2203 5070 2436 5126 scribit:
2487 5088 2505 5120 ε
2543 5068 2850 5140 Imperator
2892 5079 3072 5140 autem
3127 5068 3243 5136 ejus
3293 5069 3596 5140 (Stephani

2017 5139 2206 5211 βψω)
2237 5141 2496 5211 adventu,
2520 5139 2869 5211 prm’cognito,
2895 5139 3218 5211 Ilernhardo
3246 5140 3462 5211 quidem
3508 5154 3601 5211 ne:

2017 5208 2128 5281 poti
2179 5225 2302 5281 eum
2361 5208 2609 5281 comit—ari
2652 5211 2838 5280 jussit.
2887 5208 3000 5281 Sed
3039 5217 3107 5281 et
3142 5209 3603 5281 appropinquanti

2017 5279 2151 5335 alios
2195 5280 2412 5345 missos,
2459 5279 2550 5348 qui
2577 5279 2702 5333 eum
2729 5294 2852 5333 cum
2884 5279 3065 5333 debito
3095 5279 3303 5348 honore
3327 5279 3600 5348 perduce-

2022 5358 2162 5412 rent,
2195 5349 2410 5404 direxit.
2466 5346 2582 5419 Fpse
2635 5358 2812 5402 autem
2861 5349 3150 5419 adventum
3181 5346 3603 5419 _cjns_Ifhemis-

2021 5421 2288 5476 sustlnere
2309 5417 2516 5473 statuit.
2547 5418 2646 5473 Cui
2672 5419 2832 5473 etiam
2868 5417 3081 5472 obviam
3112 5417 3481 5472 Hildebaldum
3507 5431 3601 5470 ar-

2094 5553 2170 5628 (b)
2197 5552 2338 5608 Sedit
2392 5569 2562 5607 annos
2591 5561 2817 5628 septem,
2867 5570 3065 5608 menses
3111 5561 3324 5628 septem.
3371 5548 3601 5628 Stepha—

2024 5619 2176 5688 num,
2209 5631 2497 5695 postquam
2519 5637 2550 5678 e
2583 5619 2752 5695 Gallia
2784 5623 3010 5695 Romam
3037 5619 3382 5695 revertisset,
3422 5619 3602 5695 tribus

2027 5688 2289 5750 duntaiat
2314 5688 2589 5771 mensibus
2611 5690 2953 5772 superstitem
2980 5691 3142 5748 fuisse
3159 5732 3173 5758 ,
3202 5699 3325 5763 post
3359 5688 3598 5766 auctori-
