3960 6426
451 357 586 414 1079

1445 353 1824 412 PASCHALIS
1861 353 1901 420 l,
1943 353 2193 410 PONTIF
2199 353 2293 409 EX
2332 353 2683 416 ROMANUS.

3561 362 3593 417 Ἰ
3599 363 3710 421 080

440 489 544 543 que
574 475 786 526 inventa
818 469 1092 543 colligens,
1121 483 1316 543 magno
1341 468 1706 543 venerationis
1733 465 2013 543 affectum
2041 469 2094 528 Α
2117 468 2594 543 etiamin__c_ircuitu
2613 468 2803 543 altaris
2825 467 2940 523 vela
2959 469 3310 543 rubeaserica
3330 478 3566 538 quatuor
3577 488 3705 528 cum

431 536 544 612 jam
588 543 746 596 tlch'l‘.
781 536 1228 612 sanctaaChristi
1253 539 1508 608 martyris
1541 536 1801 592 Praxedis
1840 537 2015 592 eccle-

437 610 594 675 siam,
625 625 786 679 quam
815 610 1136 664 mirabiliter
1161 623 1426 663 renovans
1455 615 1856 679 coiistruxerat,
1890 621 2014 679 cum

434 677 676 736 omnium
704 681 1052 734 advocatione
1073 679 1460 740 Romanorum,
1480 677 1770 746 episcopis,
1792 677 2015 746 presby-

434 752 588 814 teris,
618 751 934 805 diaconibus
954 757 1009 804 et
1029 749 1243 804 clericis
1269 747 1479 801 laudem
1509 744 1618 801 Deo
1643 744 2010 814 psallentibu‘s,

433 823 724 890 deportans
770 820 1086 875 recondidit.
1115 819 1264 890 Qum
1311 819 1436 890 dum
1478 815 1802 890 sanctissimi
1850 824 2014 884 atque

431 886 728 960 euangelici
756 890 1005 960 prtesulis
1030 888 1217 960 intima
1243 887 1422 960 cordis
1452 886 1724 954 vigilantia
1765 899 2014 954 gereren-

432 971 550 1023 tur,
579 958 654 1014 ut
703 958 1102 1014 reconditorum
1145 958 1340 1012 ibidem
1377 965 1688 1010 sanctorum
1723 969 2011 1022 corporum

432 1029 544 1084 Deo
591 1030 956 1085 indesinenter
1001 1042 1163 1094 super
1203 1036 1349 1080 astra
1392 1025 1720 1094 placentium
1763 1025 2013 1092 precibus

433 1099 572 1168 apud
611 1100 1030 1168 omnipotentem
1052 1093 1340 1168 Dominum
1360 1093 1656 1168 juvaretur.
1697 1093 2013 1168 Construxit

432 1163 486 1222 in
514 1169 704 1224 eodem
731 1163 850 1222 loco
878 1183 907 1220 a
933 1166 1294 1221 fundamentis
1321 1164 1648 1226 euanobium,
1676 1163 1817 1231 quod
1839 1170 1893 1216 et
1915 1178 2013 1216 no-

433 1239 578 1292 mine
620 1247 821 1292 sanctaa
857 1236 1114 1291 Praxedis
1157 1234 1382 1303 virginis
1423 1233 1675 1286 titulavit.
1717 1231 1773 1286 ln
1814 1245 1919 1300 qua
1956 1241 2013 1286 et

430 1316 671 1361 sanctam
700 1307 1008 1361 Graecorum
1036 1305 1509 1374 congregationem
1531 1317 1862 1374 aggregans‘,
1890 1317 2010 1374 quae

433 1377 520 1431 die
549 1385 817 1447 noctuque
841 1375 1041 1430 Gneca‘.
1064 1371 1446 1447 modulationis
1472 1371 1790 1447 psalmodia;
1824 1371 2010 1447 laudes

427 1441 782 1516 omnipotenti
824 1447 932 1504 Deo
962 1445 1270 1516 sanctisque
1297 1443 1438 1516 illius
1470 1441 1670 1516 ibidem
1692 1441 2012 1516 quiescenti-

428 1515 529 1586 bus
558 1511 744 1570 sedulo
767 1516 1114 1586 persolveret,
1154 1511 1468 1586 introduxit.
1520 1511 1798 1586 Siquidem
1831 1511 1886 1564 in
1919 1526 2009 1566 eo-

427 1584 551 1638 dem
600 1580 891 1642 venerabili
928 1585 1253 1639 monasterio
1292 1582 1523 1654 plurima
1555 1580 1844 1654 conferens
1876 1597 2012 1649 pne-

426 1655 536 1725 tiia,
570 1665 624 1709 et
651 1657 1054 1725 possessionum
1079 1655 1196 1708 loca
1229 1650 1463 1725 urbana,
1486 1650 1569 1725 vel
1594 1651 1790 1725 rustica
1817 1666 2007 1725 super-

425 1723 531 1778 ﬂue
559 1720 719 1794 atque
748 1725 1082 1778 abundanter
1109 1725 1319 1778 ditavit.
1337 1793 1346 1794 7
1366 1721 1626 1794 Quinimo
1647 1728 1702 1794 et
1729 1720 1782 1794 in
1816 1723 2004 1774 eadem

2117 537 2458 608 gammadiis,
2479 546 2535 608 et
2552 553 2742 592 cruces
2760 538 2827 593 de
2845 537 3195 608 quadrapulo.
3248 537 3361 593 Hic
3379 543 3708 601 venerabilia

2116 606 2313 676 pmsul
2336 607 2530 661 obtulit
2542 607 2594 661 in
2613 608 2762 662 trabe
2781 617 2906 662 ante
2922 606 3240 662 vestibulum
3265 608 3453 663 altaris
3467 611 3582 665 vela
3597 611 3674 676 τι
3686 643 3712 657 -

2117 677 2338 747 riatria,
2372 686 2428 730 et
2456 677 2523 747 de
2557 677 2889 747 quadrapulo
2909 678 3164 747 quinque.
3195 677 3251 731 In
3287 693 3448 734 arcus
3468 679 3706 747 majores

2115 745 2351 814 ejusdem
2374 746 2614 819 ecclesia:
2645 745 2774 819 fecit
2801 745 3008 819 veladc
3035 745 3368 819 quadrapulo
3397 745 3612 819 viginti,
3646 763 3704 808 et

2114 833 2212 898 per
2230 831 2392 898 a_rcus
2413 817 2734 898 presbyterii
2755 817 2869 871 vela
2894 817 3145 898 parvade
3172 825 3421 898 sumere
3443 817 3700 898 quatuor,

2115 886 2382 956 simulque
2418 886 2472 940 in
2500 886 2741 955 ingressu
2769 886 3090 956 presbyterii
3111 887 3226 942 vela
3251 887 3412 956 Tyria
3441 886 3565 944 duo.
3596 886 3699 948 Hic

2114 955 2533 1027 benignissimus
2545 955 2787 1027 pontifex
2817 955 2945 1010 fecit
2967 959 3018 1010 in
3049 955 3420 1027 ingressujam
3435 959 3592 1014 dictae
3603 977 3700 1016 ec-

2113 1025 2293 1101 clesia)
2310 1026 2560 1101 cortinas
2575 1025 2810 1101 majores
2838 1027 2904 1080 de
2939 1025 3269 1096 quadrinpulo
3297 1045 3421 1082 cum
3444 1031 3697 1101 periclysi

2113 1095 2179 1149 de
2197 1093 2416 1148 fundato
2440 1095 2666 1150 mirifice
2679 1096 2850 1149 valde.
2956 1093 2971 1096 ⁷
3145 1093 3161 1096 “
3335 1139 3338 1142 ,

2182 1163 2381 1218 Christi
2429 1179 2662 1234 namque
2690 1167 3076 1234 omnipotentis
3113 1165 3324 1221 Domini
3353 1166 3604 1234 famulus,
3641 1179 3698 1225 ct

2111 1235 2551 1303 pramominatus
2574 1234 2810 1303 pontifex
2862 1237 3152 1290 maximam
3197 1237 3290 1292 Dei
3340 1237 3694 1294 ecclesiarum

2111 1318 2298 1356 curam
2352 1311 2408 1356 et
2457 1302 2872 1359 sollicitudinem
2924 1306 3265 1374 pnevidendo
3327 1307 3697 1364 indesinenter

2145 1386 2323 1434 erens,
2361 1388 2484 1427 cum

2159 1442 2207 1496 ei
2251 1442 2474 1497 virginis

2549 1375 2739 1427 uadum
2761 1375 2850 1428 die
2875 1376 3136 1430 orationis
3173 1377 3350 1430 studio
3386 1378 3452 1430 ad
3491 1387 3696 1433 sancta:

2549 1444 2810 1512 bristique
2830 1446 3097 1514 martyris
3134 1445 3211 1514 (α)
3252 1446 3479 1501 Οίιξοίιίιυ
3517 1449 3698 1503 eccle-

2111 1511 2259 1582 siam
2285 1511 2582 1579 adveniret,
2625 1511 2792 1567 nimio
2820 1512 2932 1582 jam
2967 1511 3220 1582 quassata
3259 1517 3410 1570 senio
3447 1518 3732 1572 eeclesi:e'

2111 1579 2352 1647 ejusdem
2402 1583 2603 1638 muenia
2640 1579 2874 1638 etiam'a
2913 1579 3273 1640 fundamentis
3320 1586 3527 1640 ruitura
3565 1607 3578 1640 :
3618 1589 3697 1642 \‘i—

2111 1651 2244 1705 dens
2266 1667 2386 1721 qua:
2413 1666 2513 1720 per
2528 1651 2731 1724 clitana
2753 1661 2992 1724 tempora
3017 1653 3226 1708 defectu
3243 1657 3527 1711 vetustatis
3549 1672 3698 1712 mai--

2112 1730 2338 1776 cuerant
2359 1761 2372 1782 ,
2409 1731 2465 1775 et
2488 1737 2624 1790 pene
2655 1722 2826 1778 ruinis
2850 1722 3126 1794 confracta
3157 1725 3245 1778 diu
3276 1727 3574 1794 antiquitus
3612 1727 3692 1780 la-

423 1789 651 1871 ccclesia
682 1793 808 1848 fecit
833 1794 1130 1871 oratorium
1153 1793 1293 1871 beati
1314 1792 1546 1850 Zenonis
1571 1789 1772 1844 Christi
1806 1800 2007 1871 inarty-
2036 1807 2082 1865 Β
2110 1789 2630 1871 cerata‘niancbant,
2668 1794 2794 1846 dato
2819 1793 2998 1848 studio
3038 1795 3216 1864 operis
3257 1789 3445 1871 eodem
3482 1797 3539 1850 in
3575 1797 3697 1871 loco

428 1865 528 1927 ris,
553 1864 642 1924 ubi
673 1873 727 1917 et
752 1865 1178 1918 sacratissimum
1206 1861 1324 1931 ejus
1347 1878 1546 1934 corpus
1572 1875 1780 1930 ponens
1798 1861 2007 1915 musivo

426 1933 754 1988 amnlianter
777 1935 1010 1987 ornavit.

541 2004 647 2057 eeit
669 2011 851 2057 autem
873 2004 925 2057 in
949 2004 1134 2057 eadem
1156 2002 1383 2059 ecclesia
1413 2001 1675 2056 ciborium
1698 2017 1760 2055 ex
1784 2009 2007 2069 argento

422 2087 659 2154 pensans
688 2072 1228 2154 librasoc‘tingentas
1264 2082 1320 2127 et
1349 2073 1556 2154 decem,
1591 2072 1704 2152 imo
1735 2080 1789 2124 et
1820 2070 2005 2154 propi-

423 2139 702 2196 tiatorium
733 2143 874 2196 sacri
908 2139 1094 2196 altaris
1123 2157 1189 2195 ex
1226 2141 1496 2211 argenteis
1523 2141 1738 2211 laminis
1779 2139 2007 2211 mirifice

420 2213 730 2266 exornavit.
777 2211 1184 2267 Confessionem
1218 2209 1452 2277 denique.
1493 2209 1608 2277 ejus
1643 2226 1764 2264 cum
1804 2209 2007 2277 rugulis

423 2282 540 2335 suis
597 2282 824 2336 interius
885 2283 1230 2349 exteriusque
1288 2280 1579 2333 vallantem
1646 2280 2006 2349 pulcherrime

421 2351 655 2420 compsit
688 2361 850 2420 atque
884 2348 1178 2414 decoravit,
1219 2366 1338 2420 qua!
1370 2350 1526 2420 simul
1569 2358 1798 2419 pensant
1842 2348 2006 2420 libras

421 2418 716 2476 trecentas.
762 2418 937 2490 Super
993 2418 1253 2489 ejustlcm‘
1276 2418 1602 2474 venerabilis
1655 2419 1823 2472 altare
1858 2418 2005 2490 fecit

422 2506 646 2556 regnum
675 2488 1079 2560 spano'clystum
1108 2507 1176 2544 ex
1199 2506 1332 2560 auro
1357 2489 1530 2550 fulvo,
1555 2506 1650 2544 seu
1671 2488 1900 2560 diversis
1930 2488 2006 2540 la-

420 2561 640 2626 pidibus
665 2558 1008 2624 exornatum,
1036 2575 1270 2628 pensans
1300 2559 1465 2614 libras
1501 2560 1535 2613 5
1563 2568 1619 2614 et
1651 2559 1841 2613 uncias
1869 2558 2005 2628 duas

422 2638 480 2681 ct
518 2630 701 2684 semis.
752 2631 822 2683 Et
849 2631 901 2684 in
933 2627 1124 2684 eodem
1160 2645 1317 2684 sacro
1353 2629 1506 2683 altari
1544 2628 1673 2683 fecit
1707 2637 1910 2682 vestem
1937 2627 2005 2682 de

418 2699 776 2769 chrysoclavo
813 2713 936 2769 cum
971 2699 1198 2754 diversis
1224 2698 1466 2754 historiis
1497 2699 1648 2769 mira:
1680 2697 2006 2769 magnitudi-

424 2767 717 2837 nis‘atque
754 2767 1170 2838 pulchritudinis
1215 2777 1552 2824 exornatam.
1595 2768 1746 2832 Item,
1781 2767 1877 2822 ubi
1919 2782 2006 2822 su-

424 2853 522 2906 pra
553 2879 567 2902 ,
606 2839 808 2910 Aobtulit
857 2838 1017 2910 aliam
1063 2848 1264 2910 vestem
1311 2839 1717 2910 chrysoclavam
1755 2854 1822 2892 ex
1871 2853 2004 2910 auro

418 2908 757 2976 gemmisque
792 2907 1132 2974 confectam,
1175 2907 1462 2964 habentem
1515 2909 1796 2963 historiam
1839 2907 2004 2972 virgi-

420 2992 571 3046 num,
604 2993 725 3032 cum
753 2977 959 3032 facibus
995 2979 1241 3034 accensis
1273 2978 1500 3033 mirifice
1533 2987 1802 3046 comptam
1839 2984 2003 3044 atque

417 3045 750 3101 (lecoratam.
806 3047 886 3101 Ad
931 3064 1145 3102 sacrum
1201 3048 1431 3118 denique
1480 3045 1718 3118 ejusdem
1758 3046 2002 3118 virginis

417 3131 616 3185 ccipus
647 3117 842 3172 obtulit.
873 3119 1158 3188 imaginem
1188 3133 1254 3173 ex
1288 3116 1799 3187 laminis‘argeuteis
1825 3116 2001 3188 prveli-

419 3188 649 3310 ggratis,
686 3185 1005 3256 pensantem
1034 3187 1202 3242 libras
1229 3189 1518 3258 nonaginta
1551 3185 1616 3242 et
1639 3185 1853 3242 novem.
1901 3185 2008 3240 llic-

491 3258 836 3310 nimissimus
862 3258 1058 3310 nmsul
1091 3257 1218 3310 fecit
1253 3256 1305 3310 in
1337 3257 1440 3310 iam
1485 3259 1630 3310 dicto
1669 3256 2000 3310 monasterio

491 3258 836 3326 nignissimus
862 3258 1058 3325 praesul
1091 3257 1218 3312 fecit
1253 3256 1305 3310 in
1329 3256 1440 3325 jam
1485 3259 1630 3312 dicto
1669 3256 2022 3326 monasterio

418 3325 716 3397 oratorium
742 3328 918 3384 beata}
941 3327 1164 3397 Agnetis
1198 3327 1397 3397 Christi
1433 3327 1658 3397 virginis
1696 3327 1848 3381 mine
1883 3325 2000 3394 pul-

418 3396 743 3453 chritudinis
779 3396 1121 3452 exornatum.
1187 3396 1483 3451 Ecclesiam
1525 3396 1762 3453 denique
1800 3404 2001 3452 sancta

419 3465 514 3519 Dei
543 3467 822 3536 genitricis
849 3482 1168 3536 semperque
1193 3467 1420 3536 virginis
1444 3466 1627 3522 Maria:
1648 3465 1879 3521 dominia
1903 3481 2001 3520 no-

417 3543 566 3606 stra},
599 3551 721 3605 qum
753 3536 1049 3606 appellatur
1085 3536 1360 3606 Dominica
1383 3577 1398 3600 ,
1442 3536 1570 3590 olim
1608 3543 1996 3606 constructam,

415 3614 471 3658 et
499 3603 838 3676 jam—ruimu—
857 3606 1161 3676 proximam
1203 3605 1390 3660 solerti
1428 3606 1704 3676 vigilantia
1746 3604 2000 3676 praefatus

416 3673 657 3742 pontifex
685 3673 1000 3743 ampliorem
1032 3675 1432 3744 melioremque,
1458 3673 1620 3744 quam
1649 3683 1775 3728 ante
1799 3673 1997 3744 fuerat,

415 3762 447 3796 a
469 3742 832 3798 fundamentis
851 3746 1124 3799 :edilicans
1147 3742 1444 3799 renovavit.
1473 3742 1835 3810 Absidamque
1859 3742 2001 3810 ejus-

415 3815 540 3867 dem
575 3814 823 3869 ecclesim
854 3815 1060 3869 musivo
1102 3815 1326 3868 miriﬁce
1361 3815 1654 3869 decoravit.
1706 3814 1805 3870 Ubi
1833 3815 1999 3868 etiam

413 3891 470 3936 et
499 3883 732 3954 plurima
751 3885 942 3939 obtulit
968 3887 1106 3940 dona
1131 3901 1146 3949 ;
1171 3885 1378 3940 scilicet
1402 3886 1662 3940 ciborium
1684 3900 1750 3938 ex
1775 3894 2000 3954 argento

415 3969 651 4025 pensans
684 3954 848 4010 libras
887 3963 1156 4010 trecentas
1191 3954 1408 4025 triginta
1449 3964 1506 4010 et
1538 3956 1690 4009 duas.
1741 3954 2002 4024 Propitia-

416 4023 616 4096 torium
646 4025 786 4096 sacri
813 4025 1002 4079 altaris
1031 4041 1096 4080 ex
1128 4023 1342 4079 laminis
1369 4025 1640 4096 argenteis
1663 4023 1876 4096 compte
1908 4025 2000 4096 dc-

415 4095 664 4165 coravit,
691 4095 1096 4151 Confessionem
1129 4111 1342 4165 quoque
1368 4093 1485 4163 ejus
1511 4111 1634 4150 cum
1678 4093 1883 4164 rugulis
1920 4094 2001 4146 in-

415 4174 508 4218 tus
547 4173 603 4217 et
643 4163 778 4218 foris
816 4167 1011 4219 mirum
1039 4167 1092 4219 in
1123 4163 1339 4220 modum
1371 4165 1655 4235 perliciens
1694 4163 1997 4235 adornavit,

416 4243 735 4304 pensantem
775 4235 939 4290 libras
985 4243 1198 4290 centum
1241 4245 1296 4289 et
1341 4233 1673 4304 quindecim,
1720 4243 1770 4288 et
1813 4233 2001 4288 uncias

417 4315 548 4384 tres.
593 4303 749 4367 Item,
777 4306 866 4388 ubi
896 4321 1076 4388 supra,
1110 4305 1236 4388 fecit
1273 4303 1523 4388 gabatam
1556 4320 1623 4359 ex
1659 4304 2001 4388 auro‘puris—

415 4373 573 4444 simo,
601 4384 915 4444 pensantem
942 4373 1106 4430 libras
1127 4373 1296 4439 duas;
1313 4383 1370 4429 et
1402 4375 1589 4429 uncias
1611 4382 1753 4430 octo.
1803 4373 1999 4428 Verum

415 4443 579 4498 etiam
614 4452 669 4498 et
699 4459 880 4500 arcum
923 4461 988 4500 ex
1029 4454 1270 4515 argento,
1312 4451 1368 4500 et
1394 4445 1672 4501 columnas
1705 4445 1838 4498 duas
1874 4459 1994 4498 cum

420 4516 739 4584 gamtnadiis
778 4516 989 4571 duabus
1027 4525 1317 4584 pensantes
1356 4515 1635 4570 lihras.....

487 4582 598 4654 imo
622 4586 752 4639 etin
776 4601 936 4640 sacro
961 4582 1115 4642 altari
1148 4584 1273 4638 fecit
1295 4595 1497 4644 vestem
1528 4585 1594 4639 de
1617 4582 1986 4654 chrysoclavo,

416 4652 702 4709 habentem
725 4656 1002 4711 historiam
1027 4655 1317 4710 Dominic'c
1339 4655 1635 4710 nativitatis
1665 4652 1874 4710 Dumini
1898 4669 1992 4708 uo-

416 4724 514 4794 stri
559 4723 687 4780 Jesu
735 4725 933 4781 Christi
979 4725 1130 4780 mine
1178 4725 1594 4794 pulchritudinis
1647 4731 1986 4794 exornatam.

415 4793 636 4866 lterum,
662 4796 751 4850 ubi
787 4812 969 4866 supra,
999 4795 1125 4850 fecit
1150 4793 1351 4866 vestem
1387 4795 1453 4866 de
1479 4802 1727 4866 staurace
1751 4793 1993 4862 pulcher-

416 4863 609 4935 rimam
633 4881 756 4920 cum
786 4863 1038 4935 periclysi
1080 4867 1146 4919 de
1172 4863 1382 4918 blattin.
1427 4863 1556 4935 Item
1592 4863 1753 4935 aliain
1786 4870 1989 4935 vestem

418 4934 485 5006 de
527 4934 716 4990 blattin
758 4932 1028 5006 Byzantea
1068 4935 1354 5006 habentem
1380 4933 1630 5006 tabulam
1669 4932 1737 4988 de
1773 4933 1992 5006 chryso-

418 5002 568 5084 clavo
597 5019 720 5084 cum
748 5002 899 5058 vultu
925 5012 1123 5084 sancta:
1271 5003 1573 5084 genitricis,
1607 5002 1874 5084 et_angeli
1903 5002 1994 5055 oh-

418 5020 568 5058 ciavo
597 5020 720 5059 cum
748 5020 899 5058 vuttu
925 5020 1123 5059 sancta:
1148 5020 1244 5059 uel
1271 5020 1573 5127 genitricis,
1607 5020 1663 5058 et
1700 5020 1874 5084 angeli
1903 5020 1992 5055 on-

417 5074 605 5143 sequio
627 5082 833 5129 stantes
853 5090 976 5128 cum
1000 5072 1250 5143 periclysi
1309 5089 1340 5128 e
1360 5081 1627 5128 stauraee.
1671 5073 1992 5141 Pariterque

416 5143 573 5198 aliam
605 5152 808 5199 vestem
835 5144 904 5198 de
933 5153 1183 5198 staurace
1211 5143 1499 5213 habentem
1532 5160 1788 5213 pavones,
1831 5151 1888 5197 et
1934 5143 1988 5198 in

417 5213 593 5280 medio
621 5228 839 5269 crucem
871 5213 936 5268 de
971 5213 1182 5268 blattin.
1232 5212 1399 5268 Porro
1440 5223 1496 5270 et
1534 5212 1712 5270 vestes
1747 5215 1880 5268 duas
1923 5213 1990 5266 de

415 5283 748 5353 quadrapulo
767 5283 938 5353 haben
947 5292 1025 5338 tes
1045 5284 1098 5337 in
1115 5284 1515 5339 mediocrucem
1527 5285 1592 5338 de
1605 5283 1816 5340 blattin.
1831 5281 1985 5345 Item,

420 5353 508 5424 ubi
523 5352 840 5424 supra,fecit
855 5363 1057 5424 vestem
1067 5369 1132 5408 ex
1152 5370 1284 5408 auro
1301 5363 1504 5409 textam
1522 5369 1643 5410 eum
1661 5353 1907 5424 perielysi
1925 5353 1992 5424 de

416 5422 623 5479 blattin.
657 5423 1060 5493 Coopert‘orium
1079 5425 1301 5479 rubeam
1333 5425 1398 5478 de
1417 5425 1590 5478 serico
1628 5422 1813 5478 unum.
1832 5422 1998 5479 Fecit

487 5553 563 5625 (a)
605 5553 833 5611 chiliw
874 5553 1167 5625 ecclesiam:
1229 5555 1496 5611 Describit
1547 5556 1649 5610 hoc
1695 5555 1812 5610 loco
1851 5569 1987 5624 quo-

2109 1860 2403 1936 maguiiieo
2427 1875 2592 1936 Opere
2621 1877 2814 1936 novam
2843 1860 3464 1936 construereerclesiam
3501 1868 3693 1936 cuipit,

2107 1936 2164 1983 et
2187 1930 2453 2002 perﬁcere
2484 1932 2616 2002 satis
2643 1932 2919 2002 meliorem
2959 1949 3118 2002 quam
3152 1933 3326 1990 fuerat
3361 1930 3622 1990 sniduit.'~

2253 2001 2286 2054 d
2322 2015 2496 2069 neque
2528 2000 2655 2054 illud
2683 2000 3112 2070 prietereun’dum
3139 2019 3259 2059 esse
3282 2005 3682 2071 existimamus,

2109 2070 2235 2124 dum
2264 2071 2496 2143 quadam
2533 2071 2619 2124 die
2655 2072 2724 2125 ad
2764 2072 2906 2126 beati
2945 2071 3086 2126 Pcu'i
3124 2075 3384 2143 principis
3419 2076 3692 2142 apostolo-

2110 2154 2228 2192 rum
2249 2139 2532 2212 ecclesiam
2557 2151 2822 2212 pergeret,
2845 2151 3110 2212 quatenus
3125 2139 3269 2212 apnd
3293 2139 3542 2198 eumdem
3567 2145 3694 2199 bea-

2110 2215 2221 2262 tum
2252 2208 2472 2263 Petrum
2501 2208 2801 2283 apostolum
2829 2208 2988 2283 solito
3017 2208 3176 2267 more
3198 2213 3409 2283 vigilias
3443 2215 3689 2270 celebra-

2109 2287 2212 2341 ret,
2239 2287 2292 2332 et
2315 2288 2441 2332 ante
2469 2280 2709 2348 ejus-lem
2740 2281 3133 2337 confessionem
3170 2280 3512 2339 matutinales
3543 2285 3692 2340 luce-

2108 2356 2292 2402 scente
2330 2349 2607 2404 Dominica
2647 2351 2834 2405 laudes
2867 2353 3108 2408 residens
3144 2355 3480 2417 decantaret,
3509 2356 3689 2409 subito

2107 2417 2394 2485 depressus
2447 2434 2640 2495 sopore
2688 2420 2851 2495 vidit
2880 2422 3226 2495 assistentcm
3283 2423 3384 2477 sibi
3440 2424 3690 2495 virginali

2107 2495 2324 2560 aspectu
2351 2489 2884 2560 puellamiangelicis
2923 2492 3165 2547 vestibus
3189 2489 3688 2556 decoratamftalia

2105 2556 2394 2628 locutionis
2423 2556 3024 2628 affamina'protulisse
3072 2563 3258 2618 dicens
3294 2581 3308 2615 :
3344 2563 3536 2618 Multas
3588 2563 3690 2618 tibi

2105 2625 2308 2696 gratias
2347 2627 2652 2700 referimus,
2702 2625 2827 2699 quia
2870 2641 3170 2694 certamen,
3203 2633 3346 2700 quod
3378 2633 3444 2687 de
3477 2649 3562 2687 me
3595 2634 3688 2687 diu

2104 2711 2364 2765 posueras
2392 2697 2768 2772 frustratorias
2792 2700 3141 2772 relationibus
3173 2697 3498 2772 pervulgatis
3529 2719 3688 2758 aures

2105 2769 2522 2841 accommodans
2566 2769 2830 2838 reliquisti
2864 2770 3027 2841 [quod
3067 2772 3135 2824 ad
3172 2769 3430 2826 incertam
3462 2771 3688 2836 famam,

2103 2850 2265 2912 quam
2295 2837 2378 2912 d_e_
2397 2853 2485 2912 me
2511 2837 2770 2912 sparsam
2792 2837 2882 2894 diu
2908 2837 3098 2894 frustr.
3137 2858 3182 2895 r.
3217 2859 3349 2912 p.7a.
3382 2858 3692 2897 accommo-

2103 2905 2230 2986 dare
2259 2906 2408 2990 rel.]._
2446 2905 2652 2990 Quippe
2682 2909 2774 2978 qui
2803 2918 2950 2990 tanto
2967 2926 3132 2979 penes
3150 2905 3431 2990 méjuisti,
3460 2913 3535 2966 uti
3559 2927 3714 2979 prox

2103 2977 2242 3050 prio_
2267 2977 2411 3046 loqui
2455 2977 2682 3050 invicem
2701 2977 2816 3050 ore
2857 2977 3175 3035 valeremus.
3236 2981 3361 3036 Haec
3388 2981 3500 3050 jam
3539 2977 3688 3050 saepe

2102 3045 2359 3117 praefatus
2400 3047 2639 3116 pontifex
2686 3049 2971 3117 diligenter
3013 3051 3239 3106 audiens
3294 3045 3533 3105 studiose
3592 3045 3683 3105 re-

2103 3115 2321 3188 qnirere
2367 3117 2531 3188 coepit
2577 3134 2699 3187 qua:
2744 3115 2889 3173 esset
2935 3119 3048 3188 ipsa
3087 3136 3208 3188 qua:
3255 3121 3379 3174 talia
3418 3120 3492 3174 illi
3521 3120 3687 3176 verba

2103 3185 2327 3259 dicere},
2352 3186 2438 3240 vel
2457 3202 2577 3259 quo
2599 3185 2818 3259 nomine
2853 3185 3160 3259 vocaretur.
3205 3189 3304 3246 Cui
3343 3191 3432 3245 illa
3466 3205 3684 3259 respon-

2100 3254 2180 3309 dit
2215 3255 2326 3327 :_S_i
2369 3254 2560 3311 nomen
2592 3258 2840 3327 inquiris,
2873 3258 3088 3315 Caecilia
3125 3258 3325 3314 famula
3353 3254 3568 3315 Christi
3591 3277 3682 3316 vo-

2099 3339 2224 3398 cor._
2236 3325 2316 3380 Ad
2329 3341 2488 3394 quam
2503 3325 2746 3382 summus
2766 3328 3014 3397 inquiens
3030 3331 3225 3398 praasul
3243 3348 3255 3382 :
3276 3329 3555 3396 Quomodo
3576 3329 3683 3386 hoc

2099 3395 2575 3468 crederepossum,
2591 3413 2656 3468 eo
2668 3398 2810 3468 quod
2822 3395 2950 3453 olim
2969 3395 3111 3453 fama
3129 3395 3400 3462 relatasit,
3416 3407 3683 3468 quatenus

2099 3465 2336 3538 ejusdem
2349 3467 2673 3538 ve_nerabilis
2685 3465 2762 3538 Cb
2771 3467 2887 3523 risti
2900 3484 2984 3522 ma
2992 3478 3070 3537 rty
3081 3469 3154 3523 ris
3167 3468 3393 3524 Caecilia:
3405 3465 3602 3538 corpus
3613 3471 3684 3522 ab

2099 3534 2884 3609 sistulphoALongobardorum
2908 3551 3032 3609 rege
3043 3534 3322 3609 hostiliter
3346 3534 3528 3593 Roma:
3555 3539 3695 3592 resi-

2099 3604 2258 3658 dente
2283 3604 2468 3659 furtim
2489 3604 2544 3660 et
2573 3605 2643 3659 ab
2667 3605 2809 3660 illius
2831 3604 3140 3663 hominibus
3168 3607 3358 3664 fuisset
3387 3609 3626 3662 ablatum
3651 3609 3676 3661 ?

2101 3672 2197 3747 Qui
2226 3674 2353 3747 talia
2381 3675 2677 3747 venerabili
2706 3677 2948 3747 pontifici
2975 3677 3269 3743 intimanti,
3293 3677 3684 3747 omnipotentis

2101 3743 2194 3797 Dei
2246 3743 2448 3798 famula
2498 3745 2636 3799 dixit
2665 3763 2679 3798 :
2709 3743 2850 3812 Quia
2881 3763 2965 3802 me
2993 3747 3388 3812 desideranter,
3439 3743 3499 3800 ut
3523 3747 3673 3800 inve-

2100 3814 2297 3885 nirent.
2326 3814 2666 3885 Longobardi
2694 3817 3075 3885 quaesiverunt,
3097 3819 3318 3872 omnino
3339 3833 3526 3872 verum
3553 3825 3638 3870 est
3662 3831 3680 3870 :

2100 3883 2196 3957 sed
2234 3883 2464 3939 Domini
2484 3885 2588 3939 mei
2645 3883 2799 3957 Iesu
2831 3885 3032 3941 Christi
3086 3885 3464 3957 opitulatione,
3501 3895 3557 3957 et
3585 3886 3678 3957 du-

2102 3953 2264 4028 mina;
2307 3969 2442 4028 mea:
2477 3963 2682 4028 sancta:
2710 3955 2804 4009 Dei
2836 3953 3137 4028 genitricis
3162 3971 3482 4028 semperque
3501 3955 3678 4028 virgi-

2101 4023 2186 4077 nis
2216 4022 2396 4095 Marias
2421 4024 2642 4095 auxilio,
2685 4022 2859 4094 neque
2883 4041 2967 4079 me
2991 4026 3257 4090 invenire,
3283 4022 3458 4095 neque
3483 4022 3679 4095 depor-

2103 4102 2244 4166 tare,
2293 4093 2433 4166 sicut
2459 4092 2785 4159 voluerant,_
2812 4094 2941 4149 hinc
2983 4095 3194 4166 longius
3242 4092 3567 4166 potuerunt.
3612 4092 3679 4148 Et

2101 4162 2247 4236 ideo,
2277 4165 2426 4236 sicut
2469 4180 2556 4236 me
2585 4179 2828 4236 quini-ere
2855 4162 3101 4233 caepisti,
3128 4162 3476 4236 qualiterme
3527 4164 3679 4236 inve-

2103 4232 2252 4303 nias,
2284 4233 2504 4288 assiduo
2537 4232 2707 4288 labori
2747 4250 2854 4288 non
2900 4232 3520 4301 desistas-incumbere,
3548 4233 3676 4303 quia

2103 4301 2332 4375 Domino
2357 4303 2488 4367 Deo,
2520 4319 2618 4372 pro
2644 4303 2798 4370 cujus
2827 4320 3011 4358 amore
3039 4315 3095 4360 et
3120 4306 3325 4362 honore
3347 4320 3505 4375 passa
3531 4301 3676 4367 sum,

2103 4371 2302 4444 placuit
2340 4383 2398 4427 ut
2425 4383 2479 4427 tu
2517 4371 2601 4444 me
2635 4375 2896 4433 invenias.
2928 4383 2983 4428 et
3017 4376 3070 4428 in
3117 4371 3542 4444 ecclesia'quam
3579 4389 3676 4426 no-

2105 4441 2244 4496 viter
2273 4443 2645 4505 construxisti,
2681 4445 2962 4498 recondas.
3004 4445 3071 4499 Et
3100 4446 3215 4500 haec
3238 4441 3424 4500 dicens
3447 4445 3516 4498 ab
3541 4458 3675 4498 ocu-

2021 4501 2165 4566 Dlis
2222 4513 2536 4581 aspicientis
2573 4501 2753 4568 ablata
2807 4523 2911 4568 est.
2947 4513 3098 4569 Tunc
3152 4514 3290 4569 idem
3335 4514 3678 4569 venerandus

2099 4583 2360 4651 pontifex,
2394 4582 2801 4654 matutinalibus
2820 4584 3068 4639 laudibus
3097 4585 3415 4654 persolutis,
3439 4599 3535 4654 pro
3562 4591 3672 4654 tam

2098 4650 2260 4725 certa:
2281 4665 2336 4725 et.
2373 4652 2742 4725 indubitabilis
2796 4650 3144 4725 revelationis
3165 4655 3369 4722 judicio
3399 4650 3670 4725 [indicio],

2098 4723 2262 4801 ciepit
2305 4723 2408 4801 hac
2437 4723 2665 4790 illaeque
2697 4723 2998 4803 operosius
3028 4721 3271 4792 quzerere
3285 4721 3672 4803 “ubi'sacratis-

2098 4791 2294 4862 simum
2325 4791 2440 4862 ejus
2478 4807 2676 4862 corpus
2725 4791 2935 4860 iaceret
2984 4791 3308 4849 humatum?
3341 4794 3513 4860 Quod,
3572 4791 3671 4845 tri-

2098 4861 2294 4917 buente
2323 4861 2453 4932 Deo,
2495 4861 2621 4916 dum
2652 4862 2882 4920 sollicite
2905 4873 3197 4932 quzereret,
3248 4863 3448 4932 reperit
3482 4863 3534 4916 in
3561 4876 3672 4916 cos-

2098 4931 2326 5003 meterio
2355 4931 2706 5003 fPraztextati,
2747 4933 2851 4988 sito
2880 4931 3017 4988 furis.
3042 4943 3256 5003 portam
3299 4931 3544 5003 Appiam,
3575 4947 3670 4983 au-

2099 5000 2208 5055 reis
2233 5001 2367 5074 illud
2389 5002 2642 5074 vestitum
2663 5000 3190 5074 indumentis—cum
3242 5000 3672 5074 corpore__vene-

2098 5071 2354 5144 nerabilis
2379 5072 2560 5144 sponsi
2591 5073 2687 5144 sui
2718 5073 3011 5144 Valeriani,
3052 5071 3365 5144 pariterque
3393 5081 3448 5128 et
3473 5071 3670 5144 lintea;

2097 5141 2242 5212 mina
2291 5137 2547 5212 martyris
2595 5142 2766 5212 ipsius
2813 5137 3077 5212 sanguine
3129 5137 3306 5212 plena,
3359 5141 3576 5210 quando
3603 5137 3673 5192 ab

2096 5210 2264 5281 impio
2299 5210 2555 5281 percussa
2591 5210 2848 5268 carnifice
2877 5210 3078 5268 Christi
3112 5210 3322 5274 Domini
3357 5220 3565 5280 martyr
3590 5217 3675 5281 est

2096 5278 2374 5352 regnantis
2400 5278 2461 5353 in
2491 5281 2684 5353 mula
2710 5292 3049 5353 consecrata.
3081 5283 3292 5350 Quibus
3315 5291 3371 5338 et
3410 5278 3673 5353 linteami:

2095 5348 2260 5422 nibus
2279 5351 2498 5422 sanguis
2522 5348 2723 5408 sancte
2752 5351 3009 5422 martyris
3037 5348 3306 5414 extet-sus,
3337 5349 3578 5422 involuta
3603 5348 3671 5422 ad

2093 5421 2257 5490 pedes
2291 5410 2434 5476 illitis
2479 5422 2722 5491 corporis
2768 5410 3142 5478 sacr‘atissimo
3185 5410 3381 5478 cruore
3418 5420 3576 5490 plena
3605 5416 3674 5474 dc

2092 5563 2373 5618 historiam
2419 5563 2612 5619 recitat
2634 5563 2901 5620 Bai-cuius
2945 5580 3089 5620 anno
3117 5564 3241 5628 821,
3289 5579 3438 5618 num.
3471 5561 3507 5613 2
3531 5556 3669 5628 etii.

418 5623 602 5704 modo
628 5640 827 5704 corpus
883 5633 1082 5704 sanetae
1131 5623 1360 5704 Czecilize
1422 5625 1604 5704 aureis
1657 5623 1988 5704 ξειᾱιιῃιθιιιίε
2089 5631 2256 5704 multa
2294 5632 2398 5686 alia
2425 5633 2586 5688 habet
2606 5650 2723 5704 qua:
2754 5634 2893 5704 apud
2926 5623 3275 5694 Anastasium
3305 5635 3406 5688 hoc
3433 5631 3554 5685 loco
3583 5627 3676 5689 th)-

419 5696 677 5762 Sauguine
705 5693 877 5749 adhuc
908 5694 1102 5750 infusis
1138 5694 1399 5759 velatum,
1441 5695 1628 5762 eadem
1655 5693 1868 5749 Caecilia
1900 5708 1984 5748 re-

421 5761 647 5822 xeliiute.
695 5775 962 5836 repertum
998 5765 1176 5819 fuerit.
1216 5763 1396 5819 Codex
1431 5761 1745 5829 Vaticanus,
1774 5779 1840 5818 ex
1879 5777 1984 5821 quo

2090 5702 2419 5760 riderentur.
