3960 6418
379 309 514 366 1087

1392 316 1770 375 PASCHALIS
1800 319 1850 386 ι,
1893 318 2241 381 PONTIFEX
2263 326 2637 391 BOMANUS.

3428 316 3437 322 ’
3513 338 3649 395 ωδε

375 421 506 478 dum
531 421 842 479 famainter
866 424 1127 493 quosdam
1156 426 1490 529 vulgaverat,
1541 429 1686 499 quod
1713 429 1957 500 ejusdem
1984 439 2037 496 Α
2061 436 2344 493 beatorum
2389 438 2623 498 Andreae
2652 442 2879 513 apostoli
2914 453 2971 500 et
3015 445 3263 517 Gregorii
3292 408 3651 529 confessoris,

372 511 545 565 beata:
591 511 820 568 Caecilia:
842 528 1040 583 corpus
1067 515 1136 570 ab
1163 514 1451 588 Aistulpbo
1478 518 1960 591 Langobardorum

371 614 497 672 rege
526 600 712 658 furtim
733 603 924 660 fuisset
951 606 1210 673 ablatum,
1256 608 1459 666 idcirco
1493 626 1631 682 pene
1672 612 1961 668 oblivionis

369 694 591 748 obtentu
619 703 944 766 postponere
988 699 1361 756 credebamus.
1416 702 1569 758 Unde
1615 711 1817 768 tamen,
1856 703 1961 760 Do-

370 782 500 837 mini
522 794 796 840 annuente
817 785 1127 851 clementia,
1153 790 1387 861 quadam
1405 791 1492 846 die
1526 792 1653 847 dum
1677 801 1802 847 ante
1826 808 1959 847 con-

367 873 663 931 fessionem
692 876 837 931 beati
869 878 1015 934 Petri
1055 880 1281 951 apostoli
1328 882 1706 952 psallentium,
1744 884 1962 941 matuti-

366 964 476 1021 nali
518 964 833 1023 lacessente
867 968 1167 1035 Dominica,
1204 971 1506 1026 residentes
1544 970 1960 1029 observaremus

365 1058 736 1125 harmoniam,
787 1075 983 1129 sopore
1012 1061 1066 1116 in
1112 1061 1293 1131 aliquo
1337 1062 1582 1131 corporis
1610 1061 1958 1134 fragilitatem

364 1159 713 1220 aggravante,
739 1152 913 1206 astitit
959 1153 1114 1208 nobis
1144 1153 1319 1223 puella
1348 1153 1735 1224 pulcherrima,
1768 1164 1825 1211 et
1849 1156 1961 1210 vir-

363 1238 530 1312 ginali
559 1251 782 1312 aspectu
813 1251 871 1297 et
919 1242 1107 1299 habitu
1155 1244 1375 1300 decora.
1423 1245 1491 1300 Et
1521 1244 1649 1300 talia
1689 1246 1846 1302 nobis
1876 1247 1959 1302 in-

364 1346 521 1392 tuens
549 1335 665 1390 ait:
712 1336 905 1392 Multas
934 1337 1030 1393 tibi
1069 1339 1270 1410 gratias
1318 1337 1609 1395 referimus
1636 1341 1781 1407 quod
1822 1356 1957 1396 eun-

362 1435 577 1482 ctamen
623 1426 990 1500 [certamen],
1044 1430 1189 1500 quod
1219 1431 1272 1484 in
1317 1430 1553 1485 medium
1602 1446 1952 1502 apposueras,

359 1514 722 1572 frustratoriis
748 1516 1099 1573 relationibus
1120 1520 1468 1592 pervulgatas
1495 1521 1612 1577 sine
1634 1538 1824 1584 causa.
1866 1539 1955 1578 rc-

358 1603 586 1675 liquisti,
617 1607 743 1676 quia
774 1616 924 1662 tanto
967 1623 1133 1677 penes
1159 1626 1248 1665 me
1274 1612 1720 1682 appropinquasti
1744 1653 1760 1677 ,
1807 1614 1953 1669 tuod

358 1712 454 1753 ore
481 1699 702 1769 proprio
736 1698 882 1769 loqui
914 1702 1275 1755 communiter
1299 1702 1623 1758 valeremus.

2065 543 2165 584 nec
2189 546 2297 587 non
2332 530 2384 587 in
2418 533 2678 590 honorem
2720 544 3032 593 sanctarum
3068 540 3338 611 virginum
3363 549 3419 598 et
3443 553 3650 617 marty-

2062 633 2184 674 rum
2215 620 2438 692 Agathte
2463 634 2519 679 et
2542 625 2771 682 Caseiliae
2797 627 2938 683 infra
2976 630 3263 686 ecclesiam
3299 632 3354 688 in
3406 633 3525 691 loco
3551 639 3649 706 qui

2060 708 2263 764 dicitur
2300 710 2468 768 Collis
2491 712 2733 771 Jacentis
2756 727 2807 770 ι.
2854 717 2914 771 In
2943 734 3053 788 quo
3095 722 3492 779 monachorum
3532 726 3647 782 Deo

2061 798 2411 886 servientium
2446 805 2849 875 congregationi
2877 809 3118 864 unanimi
3150 812 3520 871 eonsulnimns
3545 831 3648 886 pro

2059 883 2390 957 quotidianis
2426 891 2675 950 laudibus
2705 903 2761 949 et
2795 911 2896 967 pro
2923 899 3185 966 subsidio,
3212 909 3270 957 et
3294 883 3645 961 luminarium

2058 979 2463 1037 continuatione
2483 1022 2501 1049 ,
2547 998 2645 1039 seu
2674 985 2913 1043 utilitate
2944 997 3001 1043 et
3036 990 3302 1061 stipendio
3350 995 3641 1051 monacho—

2059 1062 2179 1123 rum
2204 1069 2297 1125 diu
2323 1080 2595 1143 noctuque
2621 1074 2850 1133 Domino
2886 1077 2996 1135 Deo
3025 1089 3213 1139 nostro
3237 1084 3522 1142 devotione
3550 1087 3646 1144 de-

2057 1157 2111 1214 bi
2119 1165 2170 1212 ta
2197 1160 2581 1229 persolvendis,
2614 1172 2720 1219 etc.

2634 1254 2968 1312 EPISTOLA
3002 1258 3064 1313 ll.

2212 1358 2280 1396 AD
2308 1359 2635 1402 ΒΑκΝΑιυυι
2658 1364 2987 1405 VIENNENSEI
3014 1369 3481 1414 ARCBIEHSCOPUI.

2122 1433 2400 1492 Paschalis
2440 1439 2726 1509 episcOpus
2769 1456 2959 1499 servus
2995 1459 3274 1523 servorum
3320 1447 3442 1516 Dei,
3490 1457 3645 1509 me;

2054 1525 2378 1584 rendissimo
2423 1536 2480 1583 et
2516 1531 2860 1587 sanctissimo
2914 1530 3067 1589 fratri
3117 1535 3393 1593 Baruardo
3440 1554 3644 1598 sanctae

2055 1614 2381 1672 Viennensis
2406 1617 2664 1676 Ecclesia:
2697 1621 3103 1695 archiepiscopo

2123 1704 2260 1772 Quia
2289 1708 2636 1764 sanctitatem
2667 1720 2814 1766 tuam
2842 1712 2896 1767 in
2942 1714 3181 1773 Ecclesia
3211 1719 3498 1777 Viennensi
3540 1739 3640 1793 gu-

354 1811 356 1815 ν
402 1788 497 1842 ιΕι
523 1787 649 1843 dum
677 1804 708 1843 a
748 1790 905 1845 nobis
927 1789 1211 1861 diligenter
1246 1791 1579 1865 interrogata
1601 1792 1834 1850 fuisset:
1865 1794 1944 1850 Tu
1973 1779 2021 1840 Β
2047 1796 2422 1853 bernationem
2455 1802 2756 1871 suscepisse
2783 1806 3157 1875 cognovimus,
3186 1808 3241 1864 in
3272 1808 3497 1868 Domino
3526 1779 3639 1868 Deo

355 1878 478 1947 quis
516 1893 595 1943 es,
648 1886 705 1934 et
748 1881 891 1950 quod
921 1890 1249 1938 est-nomen
1279 1885 1479 1940 tuum?
1531 1901 1653 1956 qua:
1690 1886 1819 1942 talia
1856 1903 1947 1944 me

354 1969 739 2036 praemonendo
762 1969 1210 2044 [praesumendo],
1247 1975 1505 2029 conaris?
1535 1976 1592 2031 Si
1625 1977 1692 2032 de
1728 1978 1948 2034 nomine

354 2058 575 2126 qumris,
621 2058 858 2125 Cmcilia,
891 2060 1096 2132 inquit,
1137 2062 1335 2118 famula
1377 2064 1580 2121 Christi
1611 2082 1794 2124 vocor.
1845 2067 1945 2124 Cui

355 2146 688 2218 subjungens
724 2149 835 2204 dixi
865 2168 877 2203 :
926 2150 1205 2218 Quomodo
1246 2154 1348 2210 hoc
1374 2157 1602 2212 credere
1639 2174 1943 2227 possumus,

354 2253 481 2292 cum
507 2237 634 2293 olim
663 2237 808 2294 fama
845 2241 1076 2298 relatum
1120 2244 1194 2298 sit
1228 2246 1372 2314 quod
1397 2248 1537 2302 idem
1566 2250 1949 2306 sacratissima:

353 2329 610 2399 martyris
643 2345 842 2400 corpus
884 2347 916 2386 a
965 2332 1340 2405 Lougobardis
1394 2337 1521 2392 inde
1572 2338 1767 2396 fuisset
1798 2342 1948 2397 abla-

354 2418 512 2473 tum?
542 2418 672 2487 Quae
715 2421 790 2476 ita
834 2426 1169 2493 respondens
1207 2426 1383 2481 dixit:
1428 2429 1647 2485 Veritas
1687 2439 1773 2486 est
1797 2433 1944 2502 quod

352 2524 443 2564 tne
477 2509 706 2567 multum
744 2512 1190 2571 desideraverunt
1221 2528 1279 2573 et
1313 2520 1668 2588 quaesierunt,
1699 2523 1794 2579 sed
1821 2541 1947 2596 gra-

353 2600 429 2654 tia
459 2599 692 2657 dominae
736 2618 869 2658 mete
909 2620 1229 2676 semperque
1276 2609 1503 2680 virginis
1534 2612 1626 2667 Dei
1665 2614 1945 2685 genitricis

352 2688 538 2746 Mariae
565 2691 758 2758 adfuit,
785 2696 929 2762 quod
956 2710 1055 2750 nec
1088 2711 1174 2752 me
1202 2697 1466 2767 invenire,
1497 2716 1599 2758 nec
1643 2717 1729 2759 me
1750 2703 1946 2776 depor-

353 2790 491 2847 tare,
545 2785 687 2840 sicut
731 2786 1036 2855 voluerant,
1079 2789 1208 2846 hinc
1236 2791 1447 2863 longius
1487 2804 1798 2866 potuerunt.
1837 2798 1944 2855 Sed

350 2873 492 2929 sicut
512 2876 724 2946 coepisti
753 2892 916 2950 perge
945 2878 1210 2954 [perage],
1257 2892 1314 2939 et
1337 2884 1480 2941 sicut
1518 2889 1764 2957 operaris
1790 2888 1946 2945 inde-

350 2967 593 3022 sinenter
627 2984 873 3038 operare,
908 2973 1035 3042 quia
1060 2976 1419 3045 omnipotenti
1459 2978 1572 3034 Deo
1594 2994 1679 3036 me
1705 2980 1804 3036 tibi
1830 2981 1945 3052 pla-

348 3055 464 3112 cuit
487 3057 745 3114 revelare.
779 3060 846 3114 Et
876 3076 1073 3131 corpus
1113 3080 1289 3121 meum
1319 3082 1442 3121 cum
1474 3068 1597 3124 aliis
1623 3071 1944 3141 corporibus

351 3146 557 3202 sanctis
598 3164 720 3218 qua:
754 3158 881 3204 sunt
921 3149 1077 3219 juxta
1118 3168 1205 3208 me
1245 3157 1541 3213 recondere
1590 3158 1747 3230 stude
1796 3160 1940 3215 intra

346 3252 537 3293 muros
562 3241 736 3294 urbis.
773 3242 840 3295 Et
866 3242 983 3298 hate
1009 3243 1198 3300 dicens
1228 3246 1514 3303 abscessit.

417 3329 569 3386 Tunc
590 3334 791 3388 etenim
811 3349 911 3405 pro
930 3333 1090 3404 hujus
1112 3337 1458 3396 revelationis
1479 3339 1937 3409 manifestatione,

343 3421 493 3475 omni
520 3424 817 3493 postposita
846 3423 1179 3493 dilllcultate,
1210 3428 1591 3485 incunctanter
1618 3432 1687 3486 et
1729 3432 1937 3503 absque

344 3513 697 3585 ambiguitate
723 3516 890 3586 ipsius
914 3520 1243 3577 venerabilis
1280 3523 1506 3594 virginis
1534 3540 1734 3597 corpus
1762 3526 1942 3596 inqui-

345 3605 575 3672 rendum
622 3606 982 3663 decrevimus.
1016 3608 1120 3677 Qui
1174 3620 1228 3666 et
1257 3621 1530 3669 annuente
1559 3615 1673 3671 Deo
1714 3616 1939 3688 ejusque

344 3695 505 3750 solito
532 3695 872 3763 adjuvamine
899 3710 1255 3767 properantes
1280 3702 1336 3756 in
1365 3706 1738 3761 cmmeterium
1764 3706 1939 3762 sancti

344 3785 486 3840 Sixti
512 3800 604 3840 seu
635 3785 944 3842 Praetextati
970 3790 1133 3844 situm
1158 3789 1290 3847 foris
1319 3802 1529 3864 portam
1553 3796 1780 3867 Appiam
1808 3799 1939 3870 (sic-

343 3883 404 3928 ut
447 3874 501 3928 in
530 3876 896 3931 sacratissima
935 3878 1077 3935 illius
1121 3882 1373 3951 passione
1422 3885 1710 3943 manifeste
1747 3904 1939 3944 narra-

347 3961 480 4033 tur),
504 3964 646 4019 inter
685 3966 919 4037 collegas
963 3970 1247 4041 episcopos
1281 3973 1336 4027 in
1383 3976 1565 4032 aureis
1605 3978 1938 4043 indumentis

346 4068 470 4108 cum
518 4055 811 4110 venerabili
858 4073 1057 4126 sponso
1115 4062 1439 4131 reperimus.
1496 4063 1599 4120 Ubi
1647 4074 1704 4121 et
1739 4067 1935 4123 lintea-

346 4147 513 4210 mina,
555 4163 678 4201 eum
708 4148 904 4217 quibus
942 4152 1342 4209 sacratissimus
1390 4156 1613 4226 sanguis
1660 4154 1938 4217 abstersus

345 4246 431 4293 est
451 4239 518 4293 de
546 4240 737 4311 plagis,
770 4241 823 4294 in
852 4244 1047 4312 quibus
1076 4244 1372 4314 spieulator
1418 4249 1559 4303 trina
1588 4248 1936 4321 perCussione

343 4328 636 4385 crudeliter
672 4344 730 4386 sc
757 4342 997 4400 gesserat
1034 4333 1398 4409 [incesserat|,
1439 4339 1507 4394 ad
1537 4340 1700 4408 pedes
1736 4342 1937 4398 beatis-

344 4418 498 4474 sima:
531 4418 754 4489 virginis
784 4423 838 4477 in
866 4439 1033 4479 unum
1063 4427 1301 4481 revoluta
1328 4429 1591 4498 plenaque
1628 4446 1825 4489 cruore
1852 4432 1932 4487 in-

344 4510 612 4566 venimus.
663 4510 794 4578 Quze
829 4514 1010 4569 omnia
1064 4517 1267 4571 nostris
1296 4519 1547 4575 manibus
1576 4529 1933 4578 attrectantes

345 4597 810 4674 [pcrtractantes].
861 4618 983 4658 cum
1010 4606 1305 4661 venerabili
1331 4622 1557 4677 corpore
1597 4609 1824 4666 honeste
1852 4609 1936 4666 in-

346 4699 430 4745 tra
463 4706 648 4748 muros
674 4691 833 4761 hujus
874 4694 1129 4752 Romanae
1155 4697 1306 4753 urbis
1332 4697 1658 4756 indusimus.

415 4784 521 4839 Pro
565 4786 719 4856 cujus
753 4787 1092 4859 desiderabili
1152 4787 1432 4846 iiiectione
1466 4790 1681 4846 titulum
1707 4833 1721 4857 ,
1769 4804 1930 4864 quem

342 4873 447 4943 pia:
484 4874 784 4930 devotionis
816 4875 1008 4931 aﬂ‘eetu
1036 4886 1257 4932 sanctus
1289 4892 1426 4949 papa
1455 4877 1476 4932 Ι
1508 4877 1802 4950 Gregorius
1829 4881 1927 4937 do-

341 4972 461 5017 ctor
486 4963 720 5020 eximius
748 4964 1041 5031 dicaverat,
1070 4966 1306 5020 laxatum
1332 4968 1674 5033 existentem,
1710 4970 1804 5025 Dei
1830 4987 1928 5027 an-

342 5063 541 5109 nuente
568 5053 875 5119 clementia,
926 5055 979 5109 in
1008 5055 1285 5111 meliorem
1324 5064 1524 5112 statum
1561 5073 1591 5112 a
1619 5060 1772 5116 novis
1796 5059 1923 5116 fun-

340 5145 612 5201 damentis
642 5143 737 5199 Dei
783 5143 1029 5213 ejusdem
1068 5146 1295 5217 virginis
1320 5162 1517 5220 corpus
1552 5165 1676 5205 eum
1709 5150 1924 5206 charis-

340 5235 478 5297 simo
514 5250 731 5307 sponso,
782 5244 943 5307 atque
964 5228 1209 5293 Tiburtia
1233 5246 1288 5294 et
1312 5238 1546 5295 Maximo
1569 5240 1922 5311 martyribus,

320 5306 441 5383 ‘nec
463 5306 570 5383 non
604 5327 823 5385 Urbano
849 5306 905 5383 et
939 5327 1130 5397 Lucio,
1161 5330 1405 5399 utrisque
1431 5306 1794 5400 pontiﬁcibus,
1824 5332 1926 5386 sub

335 5430 496 5474 sacro
539 5419 696 5475 altari
744 5420 1028 5477 beatorum
1066 5422 1295 5477 Andreae
1321 5421 1551 5492 apostoli
1586 5430 1643 5476 et
1677 5420 1923 5494 Gregorii

335 5508 667 5566 confessoris
702 5510 1017 5568 dedicantes
1045 5510 1446 5566 collocavimus.

407 5597 591 5670 Ibique
631 5604 699 5657 ad
724 5602 935 5658 laudem
962 5601 1224 5657 creatoris
1250 5602 1551 5657 instaurate
1588 5603 1923 5660 monasterio

2049 1895 2239 1941 nostro
2274 1888 2567 1957 plurimum
2622 1892 2745 1948 inde
2777 1894 3094 1965 gaudemus.
3143 1897 3299 1954 Unde
3344 1902 3636 1970 apostolica

2047 1976 2167 2031 vice
2215 1993 2521 2046 monemus,
2569 1989 2632 2036 ut
2675 1981 2728 2035 in
2761 1985 3006 2038 custodia
3052 1987 3231 2059 gregis
3259 1989 3354 2043 Dei
3388 1986 3635 2047 'studium

2050 2076 2155 2123 tua:
2177 2066 2482 2147 dilectionis
2500 2072 2794 2141 prudenter
2819 2073 3078 2146 invigilet.
3100 2075 3251 2132 Pallii
3275 2093 3449 2142 usum,
3474 2094 3634 2149 quem

2047 2154 2115 2210 ad
2139 2157 2496 2217 sacerdotalis
2540 2159 2702 2215 cilicii
2732 2162 3018 2227 honorem,
3059 2171 3114 2217 et
3141 2164 3208 2219 ad
3250 2168 3635 2224 ostendendam

2046 2246 2465 2302 unanimitatem
2515 2264 2640 2303 cum
2667 2250 2830 2305 beato
2867 2250 3031 2308 Petro
3056 2254 3319 2324 apostolo,
3351 2258 3638 2314 universus

2046 2352 2174 2408 grex
2229 2336 2633 2394 Dominicarum‘
2684 2341 2868 2396 ovium
2911 2357 3032 2412 quae
3059 2343 3109 2398 ei
3155 2347 3457 2402 commissze
3484 2359 3632 2415 sunt,

2046 2429 2155 2483 vim
2192 2429 2394 2485 habere
2442 2446 2551 2485 non
2581 2430 2807 2487 dubium
2842 2440 2927 2487 est
2950 2474 2966 2499 ,
3012 2432 3082 2489 ab
3126 2436 3445 2505 apostolica,
3491 2438 3636 2495 sicut

2045 2517 2246 2584 decuit,
2279 2518 2408 2575 sede
2440 2521 2753 2589 poposcisti.
2796 2521 2974 2592 Ipsum
3004 2523 3293 2594 igitur'tibi
3323 2526 3636 2584 Viennensi-

2045 2622 2152 2678 que
2177 2618 2282 2663 tua:
2318 2607 2577 2665 Ecclesiae
2623 2618 2684 2666 ut
2720 2620 2844 2681 pote
2887 2613 2956 2668 ab
2993 2613 3198 2669 eisdem
3227 2613 3487 2684 apostolis
3507 2616 3632 2673 fun-

2047 2698 2206 2764 datm,
2251 2697 2517 2768 majorum
2549 2715 2701 2755 more
2722 2700 2952 2757 libenter
2986 2701 3324 2770 indulsimus,
3356 2705 3425 2760 ad
3452 2716 3636 2765 osten-

2043 2787 2276 2845 dendam
2326 2790 2389 2845 in
2441 2798 2496 2846 te
2543 2792 2800 2860 tuamque
2853 2791 3152 2848 Ecclesiam
3201 2793 3442 2866 ejusdem
3488 2797 3636 2853 sedis

2045 2876 2359 2947 apostolicae
2388 2877 2710 2933 charitatem
2736 2897 2751 2933 :
2800 2887 2967 2949 utque
2987 2878 3279 2936 secundum
3309 2897 3510 2938 morem
3530 2883 3633 2939 Ec-

2046 2966 2225 3023 clesia:
2249 2982 2314 3023 eo
2339 2968 2533 3033 utaris,
2562 2968 2795 3041 benigne
2817 2969 3179 3042 designamus.
3212 2969 3630 3030 Fraternitatem

2046 3064 2196 3113 tuam
2227 3058 2534 3114 necessario
2580 3067 3007 3127 commonentes,
3055 3067 3115 3114 ut
3136 3059 3354 3116 creditae
3382 3061 3480 3117 tibi
3520 3061 3601 3118 Ec

2047 3151 2229 3207 clesize
2268 3167 2405 3222 opus
2450 3152 2569 3217 ita,-
2595 3150 2709 3207 Deo
2740 3150 2974 3219 favente,
3023 3152 3245 3225 exsequi
3283 3155 3522 3219 studeas,
3572 3162 3633 3209 ut

2042 3244 2237 3313 adepta
2270 3224 2438 3313 cujus.
2463 3242 2679 3299 ornaris
2718 3242 2899 3298 studio
2928 3242 3189 3314 dignitate
3211 3281 3228 3307 ,
3276 3250 3333 3298 et
3364 3243 3635 3314 probitate

2047 3349 2261 3390 morum
2309 3342 2363 3389 et
2400 3332 2691 3389 vivacitate
2738 3331 3116 3389 sollicitudinis
3155 3339 3214 3387 et
3238 3333 3505 3388 custodita
3547 3333 3630 3389 in—

2041 3425 2294 3496 :egritatc
2356 3423 2481 3480 lidei
2544 3423 2777 3493 amplius
2827 3424 3050 3479 studeas
3102 3422 3373 3478 adornari.
3434 3421 3627 3479 Omnia

2040 3516 2205 3571 etiam
2236 3513 2520 3584 privilegia
2567 3529 2689 3583 qua:
2732 3522 2837 3568 tum
2870 3514 3081 3584 pridem
3131 3529 3388 3570 concessa
3429 3521 3556 3570 sunt
3594 3528 3627 3574 a

2040 3603 2532 3677 pnedeeessoribus
2577 3604 2780 3659 nostris
2824 3603 3111 3673 Ecclesiae,
3157 3604 3407 3663 volumus
3441 3605 3629 3662 incon-

2042 3712 2199 3752 versa
2228 3695 2325 3750 tibi
2355 3702 2413 3749 et
2439 3695 2845 3751 successoribus
2873 3695 2980 3751 tuis
3008 3708 3352 3766 permanere.

2110 3786 2383 3857 Scriptum
2408 3800 2509 3856 per
2532 3800 2755 3841 manum
2782 3784 3170 3857 Theophylacti
3194 3785 3389 3842 notarii
3413 3794 3470 3840 et
3490 3786 3627 3842 seria

2038 3879 2221 3945 niarii,
2250 3878 2306 3933 in
2330 3892 2517 3934 mense
2542 3877 2873 3944 Decembris,
2918 3877 3212 3933 indictione
3242 3877 3329 3932 lo.
3357 3877 3501 3933 Bene
3529 3894 3625 3933 va-

2038 3970 2164 4027 lete.
2214 3971 2348 4027 Data
2373 3984 2472 4041 per
2498 3986 2725 4037 manum
2748 3968 2965 4041 Georgii
2989 3970 3386 4026 bibliothecarii
3419 3978 3629 4027 saneta

2037 4065 2184 4120 sedis
2221 4064 2566 4135 apostolicae,
2610 4063 2781 4121 Nonis
2816 4062 3128 4118 Decembris
3149 4103 3164 4128 ,
3196 4063 3496 4133 imperante
3518 4062 3619 4119 do-

2036 4136 2186 4210 mino
2210 4154 2456 4226 piissimo
2488 4154 2732 4225 Augusto
2754 4194 2769 4219 ,
2816 4151 3087 4211 Ludovico
3136 4168 3167 4207 a
3195 4153 3308 4208 Deo
3333 4158 3616 4218 coronato,

2038 4259 2255 4314 magno,
2282 4243 2527 4315 pacifico,
2563 4243 2907 4313 imperatore,
2950 4241 3067 4311 ejus
3089 4239 3299 4317 imperii
3335 4257 3480 4298 anno
3501 4241 3535 4297 4
3564 4248 3623 4299 et

2035 4334 2344 4406 patritiatus
2377 4333 2494 4404 ejus
2527 4336 2583 4390 3.

2595 4426 2747 4481 ΕΡιὸ
2761 4422 2942 4481 TOLA
2980 4425 3065 4479 Ill.

2409 4533 2476 4573 ΑΙ)
2503 4533 2803 4573 ιυοονιευη
2832 4531 3234 4575 ικρειιλτοκεκι

2108 4607 2292 4666 Honor
2316 4608 2531 4679 quidem
2562 4615 2874 4663 sanctorum
2900 4608 2953 4662 in
2983 4609 3085 4663 hoc
3119 4606 3318 4661 mundo
3344 4606 3613 4678 principa-

2030 4697 2159 4754 liter
2186 4706 2272 4755 est
2309 4698 2562 4768 qualibet
2593 4696 2744 4762 loca,
2794 4697 3103 4753 nominibus
3150 4712 3340 4752 eorum
3378 4706 3614 4762 sacrata,

2034 4791 2291 4848 divinitus
2330 4790 2578 4846 venerari
2621 4788 2875 4855 assidue;
2925 4789 3019 4845 sed
3045 4787 3100 4845 id
3127 4788 3242 4845 fieri
3272 4789 3498 4859 pleniter
3522 4805 3616 4846 ne-

2034 4883 2173 4954 quit,
2211 4881 2315 4936 nisi
2345 4897 2375 4935 a
2417 4879 2687 4950 deputatis
2725 4880 3024 4936 cultoribus
3056 4879 3150 4946 ibi,
3198 4881 3324 4951 quia
3371 4896 3477 4936 non
3518 4882 3616 4937 ho-

2033 4975 2209 5028 mines
2231 4987 2330 5042 pro
2358 4972 2510 5036 locis,
2538 4970 2632 5026 sed
2661 4985 2764 5041 pro
2791 4970 2948 5025 bonis
2971 4969 3279 5025 hominibus
3302 4969 3419 5026 loca
3450 4984 3617 5026 vene-

2031 5069 2245 5117 rantur.
2293 5058 2612 5130 Quicunque
2661 5060 2844 5129 itaque
2890 5058 3135 5114 localiter
3170 5059 3423 5129 cuiquam
3461 5057 3616 5128 juvat

2031 5152 2151 5226 (sic)
2179 5160 2509 5217 sanctorum,
2536 5160 2747 5207 constat
2772 5150 2960 5222 procul
2991 5150 3155 5205 dubio
3177 5148 3613 5220 jorasseillorum

2029 5245 2371 5300 honestatem
2401 5242 2494 5312 qui
2531 5242 2749 5312 proprie
2785 5239 2859 5295 ibi
2897 5240 3221 5311 deputantur
3259 5238 3325 5294 ad
3370 5238 3613 5293 divinum

2027 5331 2231 5387 cultum
2257 5331 2538 5396 utendum,
2594 5345 2696 5385 nec
2739 5329 3047 5385 inﬁrmasse
3095 5330 3347 5385 videntur
3373 5343 3472 5400 pro
3511 5342 3614 5383 suo

2023 5436 2183 5493 posse
2227 5420 2449 5476 tutelam
2482 5422 2538 5475 in
2579 5421 2660 5475 eis
2705 5420 2956 5475 videlicet
2992 5419 3149 5474 rebus
3195 5420 3331 5474 bene
3376 5416 3610 5486 adeptis,
3652 5484 3657 5489 ι

2022 5512 2149 5581 quia
2173 5511 2412 5566 locorum
2443 5510 2699 5575 cultores,
2735 5511 2929 5577 honor,
2961 5518 3010 5565 ct
3046 5509 3237 5579 religio
3284 5526 3347 5565 es
3374 5508 3460 5563 his
3480 5522 3612 5564 con—

2022 5602 2286 5657 tinentur.
2326 5600 2560 5672 Ideoque
2590 5602 2812 5672 quilibet
2848 5610 3003 5657 vetor
3030 5602 3242 5657 curiose
3277 5601 3433 5657 debet
3476 5597 3612 5661 eniti

407 5718 430 5746 ⁸
461 5707 609 5777 Preti
659 5722 704 5767 et
746 5710 1007 5775 Jacinrhi,
1061 5711 1210 5767 locus
1251 5710 1401 5765 titulo
1440 5712 1717 5783 proximus
1765 5713 1856 5769 ubi
1895 5718 2050 5769 erant
2087 5726 2315 5783 corpora
2339 5708 2602 5768 dictorum
2632 5720 2952 5784 martyrum.
