3960 6422
304 325 442 418 ίῦβθ

304 552 440 608 tum,
472 548 733 612 quantum
759 541 812 595 in
841 554 901 596 se
939 547 1054 607 est,
1085 540 1267 609 quiete
1309 541 1426 595 sine
1452 538 1699 595 molestia
1732 538 1885 609 quie-

1710 316 1717 319 ’
1748 319 2122 380 EPISTOLrE.

188 499 203 513 .
301 461 569 525 quatenus
596 451 833 508 cultores
878 451 1018 507 sacri
1064 448 1168 506 loci
1194 448 1373 516 illius,
1420 449 1511 506 ubi
1548 448 1652 505 sibi
1676 459 1762 505 est
1787 464 1880 505 vo-
1908 452 1963 512 Α
1982 450 2126 506 dona
2151 464 2365 523 regum,
2392 460 2487 508 aut
2506 468 2538 508 a
2578 452 2903 510 Christianis
2930 454 3242 511 hominibus
3269 469 3368 527 per
3401 458 3570 513 dona-

3436 325 3572 384 1090

1986 539 2223 596 tionibus
2250 540 2335 595 vel
2385 542 2789 599 venditionibus
2833 558 2928 599 seu
2981 546 3319 599 testamentis
3365 545 3573 613 oblata,

302 650 458 692 scere
497 642 719 703 queant.
786 632 961 703 Atque
1005 648 1096 687 res
1140 632 1215 687 ibi
1263 631 1503 702 legitime
1551 631 1886 701 pertinentes
1977 630 2127 700 justo
2163 630 2354 687 ordine
2378 632 2702 703 generaliter
2730 642 2785 688 et
2820 634 3126 704 specialiter
3170 635 3411 690 omnium
3441 650 3572 690 san-

303 727 567 781 damnose
616 736 720 778 nec
756 730 983 792 pereant
1023 736 1125 777 nec
1170 719 1508 777 auferantur.
1565 720 1882 789 Propterea,

304 814 601 871 reverende
629 815 684 869 in
719 814 938 870 Christo
961 815 1278 870 charissime
1311 814 1388 869 ﬁli
1427 813 1721 879 Ludovice,
1770 826 1888 868 me-

302 917 489 964 mento
515 906 795 962 votionum
821 915 1127 963 sanctarum
1161 921 1299 978 quas
1327 905 1396 961 ad
1423 907 1683 962 honorem
1711 903 1883 975 sancti

303 999 452 1054 Petri
502 1012 689 1053 coram
717 998 921 1053 sanctis
968 997 1212 1068 reliquis,
1265 1012 1367 1053 nec
1413 1013 1522 1053 non
1564 995 1778 1052 clericis
1821 1008 1888 1050 ac

307 1089 556 1146 ﬁdelibus
583 1090 694 1145 tuis
720 1098 846 1147 ante
871 1099 1112 1162 tempora
1134 1102 1306 1160 pauca
1326 1088 1664 1160 promisisti;
1708 1094 1765 1142 et
1785 1086 1889 1142 hu-

298 1180 390 1251 ius
419 1183 494 1237 rei
522 1182 694 1253 gratia
722 1198 918 1239 causas
963 1183 1099 1238 sitas
1136 1183 1190 1237 in
1224 1191 1407 1237 vestra
1445 1181 1648 1237 ditione
1671 1221 1687 1245 ,
1736 1180 1888 1235 velut

303 1275 555 1346 proprias
594 1274 838 1331 defende.
887 1274 1063 1345 Atque
1103 1282 1347 1330 nostrum
1382 1274 1618 1342 legatum
1650 1272 1886 1328 Leonem

301 1364 628 1419 exorcistam
650 1364 853 1420 ibidem
874 1373 1298 1421 commorautern
1323 1366 1404 1421 sic
1439 1364 1510 1420 ab
1538 1365 1735 1434 injuria
1759 1379 1888 1420 con-

306 1470 462 1511 serva
511 1454 770 1527 illasum,
819 1463 881 1509 ut
929 1457 1068 1526 apud
1099 1457 1355 1511 homines
1394 1455 1619 1527 periurii
1663 1454 1884 1519 famam,

306 1546 453 1615 quod
477 1518 641 1610 absit,
663 1518 771 1599 non
797 1518 1063 1611 incurras,
1087 1545 1181 1601 sed
1219 1547 1359 1617 apud
1397 1518 1686 1600 hominum
1718 1518 1892 1598 facto?

310 1653 431 1693 rum
455 1638 798 1694 sanctitatem
825 1637 1090 1693 obtinens.

839 1780 865 1809 ι
897 1767 1226 1825 EPISTOLA
1266 1767 1357 1825 IV.

413 1898 482 1938 AD
513 1895 887 1937 PETRONACIUI
925 1893 1373 1936 ABCIHEPISCOPUI
1403 1892 1779 1933 RAVENXATl-Zl.

308 1992 390 2050 De
409 1992 802 2063 conﬁrmatione
838 1991 1225 2064 privilegiorum
1262 1989 1576 2045 Ravennatis
1613 1987 1883 2043 Ecclesia.

377 2085 656 2142 Paschalis
697 2085 1005 2155 episcopus,
1049 2097 1239 2138 servus
1275 2096 1557 2138 servorum
1587 2080 1704 2145 Dei,
1733 2093 1887 2134 reve-

309 2179 478 2234 rendo
506 2184 563 2232 et
589 2176 933 2232 sanctissimo
960 2173 1115 2230 fratri
1140 2174 1460 2231 Petronaeio
1481 2173 1888 2243 archiepiscopo

308 2274 508 2323 sanctze
528 2264 856 2320 Ravennatis
885 2263 1164 2330 Ecclesia),
1194 2271 1248 2319 et
1279 2278 1377 2334 per
1407 2272 1457 2319 te
1482 2263 1539 2320 iu
1574 2262 1761 2318 eadem
1788 2260 1887 2315 Ec-

309 2357 473 2413 clesia
500 2358 557 2411 in
587 2364 928 2426 perpetuum.

380 2450 513 2505 Cum
544 2449 648 2520 pia:
674 2448 956 2505 desideriis
976 2447 1251 2503 voluntate
1274 2456 1330 2502 et
1352 2445 1617 2501 laudande
1650 2442 1888 2500 devotio-

310 2539 396 2596 nis
425 2540 655 2597 intentio
681 2538 994 2611 apostolicis
1011 2539 1082 2594 sit
1105 2552 1322 2608 semper
1341 2536 1536 2595 studiis
1562 2535 1884 2606 adiuvanda.

294 2632 439 2685 'cura
469 2637 553 2685 est
577 2630 958 2685 sollicitudinis
974 2628 1300 2693 adhibenda,
1323 2634 1383 2683 ut
1407 2640 1473 2682 ea
1498 2640 1619 2696 qua:
1643 2624 1891 2696 legaliter

310 2731 572 2793 geruntur
591 2731 647 2779 et
664 2722 905 2793 aequitati
924 2736 1167 2792 personae
1177 2721 1520 2781 conveniunt.
1545 2717 1692 2774 nulla
1716 2717 1891 2772 valeat

310 2812 672 2883 refragatione
706 2822 1056 2885 perturvare;
1108 2812 1205 2869 sed
1228 2809 1596 2880 irrefragavile
1625 2806 1750 2876 iure
1779 2806 1889 2860 Deo

310 2903 484 2958 valeat
511 2918 829 2974 permanere
847 2944 864 2970 ,
894 2910 950 2958 et
972 2904 1042 2958 ob
1079 2903 1182 2957 hoc
1203 2901 1514 2972 apostolicis
1536 2897 1891 2969 promulgatis

310 2991 683 3047 sanctionibus
702 2992 942 3063 propria,
969 3005 1088 3061 qum
1108 2989 1338 3045 rationis
1364 2995 1655 3059 suppetunt
1676 2986 1756 3042 fas
1776 2986 1890 3042 exi-

312 3089 400 3151 get
426 3082 746 3151 possidenda
785 3080 1115 3137 conﬁrmari.
1166 3078 1477 3151 ("uerisque
1518 3077 1674 3132 Liber
1720 3076 1888 3130 Diur-

311 3172 454 3243 nus.)
485 3171 653 3242 Igitur
680 3172 933 3242 quoniam
977 3170 1194 3240 quidem
1219 3168 1458 3223 fraterna
1497 3167 1756 3223 sanctitas
1796 3174 1885 3219 tua
1914 3154 1958 3216 C

310 3263 512 3317 direxit
532 3263 688 3318 nobis
712 3278 811 3333 per
843 3260 1088 3332 Sergium
1121 3260 1425 3332 religiosum
1449 3258 1729 3313 diaconem
1757 3273 1885 3313 san-

309 3361 412 3405 ctae
468 3360 573 3406 tua:
624 3350 956 3406 Ravennatis
999 3350 1255 3406 Ecclesia:
1306 3348 1646 3422 privilegium
1683 3348 1886 3404 domini

308 3440 530 3495 Adriani
560 3441 831 3510 quondam
864 3455 1015 3511 papa:
1040 3439 1451 3510 pmdecessoris
1477 3438 1670 3505 nostri,
1702 3439 1755 3493 in
1780 3453 1888 3509 quo

309 3529 653 3586 conﬁrmabit
672 3531 953 3602 privilegia
979 3530 1174 3589 Leonis
1214 3530 1485 3601 quondam
1525 3530 1885 3609 imperatoris,

310 3619 450 3674 facta
503 3622 571 3676 ab
608 3622 906 3692 Epiphanio
949 3622 1218 3692 quondam
1271 3620 1520 3691 religioso
1548 3619 1785 3686 notario,
1833 3629 1889 3675 et

308 3708 591 3774 scrinario,
609 3709 1022 3784 etapocrisiario
1041 3720 1240 3766 sancue
1268 3710 1596 3766 Ravennatis
1611 3710 1885 3775 Ecclesize,

310 3800 402 3870 qui
425 3798 661 3856 directus
695 3807 780 3855 est
807 3815 838 3854 a
863 3801 1186 3855 veneranda!
1219 3803 1493 3853 memoria:
1517 3799 1779 3854 Damiano
1801 3814 1889 3852 ar-

208 3936 222 3944 .
310 3888 671 3960 chiepiscopo,
710 3897 771 3943 ut
798 3888 1129 3944 conﬁrmatae
1164 3902 1334 3942 sacra:
1366 3896 1544 3942 essent
1573 3890 1885 3958 praeceden—

312 3990 392 4034 tes
419 3979 674 4036 formulas
694 3980 763 4036 ab
784 3980 898 4049 ipso
923 3978 1104 4034 Leone
1129 3979 1456 4049 imperatore
1487 3987 1597 4033 tam
1622 3977 1757 4033 divae
1777 3992 1889 4033 me-

312 4070 499 4127 moriae
518 4070 683 4141 prisci
710 4069 1022 4135 Justiniani,
1048 4084 1376 4139 quamquam
1400 4068 1597 4124 ceteris
1630 4068 1889 4138 piissimis

312 4161 727 4230 imperatoribus
746 4160 1022 4232 privilegia
1052 4167 1254 4229 sanctae
1270 4168 1464 4214 vestrm
1485 4158 1736 4215 Ecclesia:
1754 4172 1890 4229 prte-

312 4253 532 4324 largita,
574 4253 627 4308 in
668 4254 863 4325 quibus
887 4261 941 4309 et
981 4252 1101 4307 aliis
1125 4252 1230 4323 piis
1268 4251 1539 4333 capitulis,
1589 4259 1732 4309 etut
1769 4250 1887 4306 sine

311 4346 594 4417 sacrilegio
636 4345 721 4401 vel
766 4345 940 4401 feritis
986 4346 1191 4415 rapina:
1226 4343 1345 4413 eius
1395 4344 1531 4400 ﬁnes
1564 4344 1886 4416 praelargita!

310 4444 469 4500 sunt,
517 4444 573 4492 et
596 4437 1074 4507 promulgationes.
1126 4436 1425 4492 Postulahit
1466 4449 1679 4506 quoque
1728 4437 1885 4492 nobis

310 4537 399 4581 tua
432 4527 645 4582 almitas
671 4529 859 4583 eadem
902 4527 1015 4599 ipsa
1052 4543 1148 4600 per
1183 4538 1397 4585 nostros
1423 4528 1745 4599 apostolicos
1771 4529 1886 4600 api-

306 4632 400 4672 ces
435 4616 742 4689 ﬁrmitatem
771 4618 1034 4689 accipere.
1081 4618 1233 4676 Unde
1271 4627 1574 4675 annuentes
1608 4635 1884 4691 prepara-

309 4707 416 4762 tius
452 4708 746 4773 sancimus,
789 4717 844 4761 et
869 4709 1251 4764 conﬁrmamus
1298 4710 1477 4764 omnia
1530 4723 1884 4780 quaecumque

306 4806 431 4853 sunt
457 4796 736 4871 privilegia
763 4798 909 4854 edita
937 4799 991 4854 in
1017 4807 1201 4855 sancta
1228 4810 1410 4857 vestra
1429 4800 1759 4859 Ravennatis
1782 4802 1884 4859 Ec—

302 4888 468 4945 ‘elcsia
518 4895 627 4944 tam
676 4890 1132 4960 pmdecessorum
1181 4898 1521 4959 nostrorum,
1567 4895 1880 4964 pontiﬁcum

302 4978 510 5035 scilicet
537 4988 740 5035 sancta
756 4981 1147 5037 recordationis
1171 4981 1428 5038 Hadriani
1455 4992 1512 5040 et
1536 4985 1754 5050 Leonis,
1787 5001 1882 5042 seu

304 5070 761 5140 prmdecessorum
791 5070 1026 5137 illorum,
1070 5086 1337 5145 unamque
1362 5074 1767 5145 imperatorum,
1796 5076 1884 5133 vel

373 5231 400 5261 ο
434 5220 585 5297 lianc
611 5222 891 5297 epistolam
916 5238 982 5278 ex
1013 5220 1259 5297 Ughellio
1287 5222 1561 5295 aeseptam
1594 5225 1740 5297 dedit
1768 5226 1884 5297 qui-

302 5290 425 5345 dem
454 5290 722 5356 Labhcus,
761 5293 857 5350 sed
902 5290 1145 5349 mutilam
1176 5295 1309 5350 adeo
1351 5290 1719 5351 et'erroribus
1760 5290 1880 5353 sca-

303 5368 526 5420 tentem,
565 5368 626 5415 ut
649 5362 737 5438 vis
769 5362 1042 5438 interdum
1077 5363 1199 5419 elici
1244 5380 1310 5419 ex
1349 5378 1413 5418 ea
1455 5379 1646 5421 sensus
1684 5365 1880 5438 aliquis

300 5442 574 5511 congruas
595 5432 784 5511 possit.
817 5431 1180 5511 Sinceriorem
1217 5450 1283 5511 er
1325 5438 1660 5511 autographo
1704 5431 1878 5492 in'ar-

298 5500 450 5581 horis
475 5500 697 5581 cortice,
727 5502 841 5557 sive
867 5511 928 5557 ut
952 5504 1130 5581 aptius
1152 5500 1570 5581 arbitraremur'
1590 5506 1643 5581 in
1672 5522 1878 5581 papyro

300 5566 554 5652 {Egyptia
596 5585 874 5641 expresso,
920 5566 1068 5652 et:i‘_r_r
1098 5573 1454 5652 Ambrosinus
1496 5566 1880 5652 mediolanensi

297 5638 625 5720 bibliotheca
662 5638 878 5720 servato
921 5642 1435 5720 cxhibcnt__Palatini
1474 5648 1644 5720 socii,
1675 5649 1769 5720 qui
1794 5665 1878 5705 rc-

302 5723 418 5765 rum
442 5711 748 5767 Italicarum
774 5713 1068 5783 scriptores
1097 5728 1128 5766 a
1172 5712 1467 5771 Muratorio
1509 5711 1763 5775 collectos
1787 5720 1878 5777 de-

1988 730 2093 779 ctai
2124 732 2233 778 tute
2256 722 2514 779 Ecclesia:
2566 723 2868 793 largitatem
2907 725 3370 781 conrovoratiouis
3408 724 3577 781 ﬁrmi-

1987 822 2153 871 tatem
2186 817 2242 871 in
2289 824 2613 887 perpetuum
2652 817 2852 873 habere
2880 818 3242 888 praecipimus,
3290 826 3346 872 et
3373 817 3576 873 contir—

1985 922 2218 973 mamus,
2268 915 2329 962 nt
2363 906 2570 963 nullum
2616 907 2795 963 locum
2818 916 2912 962 ant
2950 906 3041 976 ius
3080 906 3446 975 subiacentem
3474 908 3575 964 sub

1985 996 2196 1054 dicione
2237 1005 2439 1054 sancta:
2464 1005 2574 1054 tua:
2613 996 2871 1054 Ecclesiae
2914 1013 3014 1069 per
3041 997 3283 1067 quolibet
3317 996 3578 1052 adiuven-

1985 1089 2151 1145 tionis
2181 1098 2518 1161 argumento,
2570 1089 2813 1160 potentia
2859 1104 3077 1159 quoquo
3126 1088 3288 1143 modo
3318 1090 3569 1154 audente,

1979 1180 2213 1251 iudicari
2248 1179 2527 1235 suﬁ‘ultnm
2554 1179 2700 1234 civili
2734 1187 2829 1235 aut
2858 1179 3081 1234 militari
3105 1180 3393 1251 prcccinto,
3420 1195 3580 1235 usur-

1984 1270 2104 1340 pari
2135 1270 2220 1325 vcl
2239 1270 2558 1326 subtrahere
2589 1277 2684 1324 aut
2715 1269 2936 1332 violare,
2989 1268 3072 1324 vel
3098 1269 3390 1325 novatione
3411 1268 3578 1326 aediﬁ-

1986 1361 2217 1416 cationis
2242 1356 2536 1427 inducere;
2576 1359 2673 1415 sed
2714 1359 2759 1414 si
2799 1359 2922 1429 quis
2950 1366 3199 1415 corutum
3245 1366 3338 1413 aut
3376 1358 3574 1414 caden-

1989 1460 2099 1507 tem
2135 1449 2395 1522 templum
2442 1464 2705 1506 renovare
2750 1457 2846 1504 aut
2893 1449 3161 1504 :cdiﬁcare
3205 1448 3575 1517 temptaverit,

1988 1554 2097 1594 non
2125 1539 2327 1595 habere
2351 1537 2626 1595 licentiam
2652 1546 2779 1593 ante
2811 1537 2915 1593 hoc
2943 1552 3124 1608 agere,
3156 1538 3260 1593 nisi
3299 1538 3450 1607 prius
3481 1551 3579 1607 per

1989 1633 2205 1689 solitam
2236 1632 2664 1689 benedictionem
2693 1639 2917 1704 paterna
2940 1632 3216 1688 sanctitati
3239 1632 3433 1688 vestris
3457 1648 3578 1689 san—

1989 1732 2077 1779 cta
2109 1732 2165 1780 et
2186 1723 2511 1780 venerabilis
2534 1739 2667 1779 crux
2694 1723 2769 1778 ibi
2796 1721 3032 1793 ﬁgatur;
3059 1738 3234 1794 neque
3257 1723 3351 1793 qui
3377 1738 3447 1779 ex
3472 1722 3579 1778 alio

1912 1787 1963 1846 Β
1990 1817 2303 1888 episcopato
2338 1817 2551 1873 dicione
2585 1825 2680 1871 aut
2719 1787 2957 1872 civit—alis
2986 1787 3060 1872 ibi
3081 1787 3185 1873 ient
3215 1787 3499 1874 venientes
3523 1824 3580 1872 et

1989 1914 2389 1963 commorantes
2416 1906 2528 1962 Deo
2556 1890 2832 1962 amabiles
2871 1906 3101 1962 clericos
3144 1921 3475 1977 praesumere
3519 1905 3576 1960 in

1988 1997 2391 2067 subiacentibus
2417 1997 2571 2054 vobis
2595 1996 2842 2053 ecclesiis
2875 1997 2992 2053 sine
3024 1998 3445 2068 prmceptionem
3486 2007 3577 2051 ve-

1986 2100 2157 2146 stram
2185 2087 2578 2144 sacerdotalem
2603 2102 2766 2157 agere
2792 2087 3174 2153 ministerium,
3197 2088 3371 2157 magis
3397 2095 3577 2142 autem

1988 2187 2046 2236 et
2065 2192 2255 2233 omnes
2276 2176 2611 2232 advenarum
2646 2175 3086 2246 religiosissimos
3122 2176 3355 2231 clericos
3378 2175 3581 2230 limites

1988 2276 2153 2337 atque
2177 2266 2421 2323 actiones
2443 2273 2682 2322 vestram
2711 2266 3055 2322 sanctitatem
3086 2266 3344 2321 ohaudire
3361 2273 3418 2320 et
3448 2264 3581 2320 deﬁ-

1988 2359 2111 2416 nire
2152 2367 2208 2414 et
2245 2358 2542 2414 secundum
2565 2357 2871 2412 divinarum
2902 2356 3079 2428 legum
3104 2365 3161 2411 et
3187 2356 3579 2413 sacratissima-

1990 2466 2111 2505 rum
2143 2449 2450 2520 regularum
2483 2457 2668 2501 tenore
2697 2447 2946 2502 ellectnm
2974 2448 3026 2502 in
3055 2448 3135 2502 eis
3160 2446 3362 2503 inferre
3392 2462 3580 2502 mona-

1991 2540 2160 2595 sterio
2203 2548 2385 2595 vestro
2437 2537 2609 2592 sancti
2640 2538 2801 2607 primi
2850 2538 3104 2608 martyris
3141 2536 3434 2607 Stephani,
3482 2537 3579 2608 qui

1991 2633 2074 2686 sic
2116 2630 2446 2693 nominatur,
2498 2629 2847 2685 fundamenta
2871 2669 2887 2695 ,
2926 2637 2981 2685 et
3012 2627 3210 2698 rcjacci
3238 2628 3393 2697 iuxta
3430 2627 3579 2699 pala-

1993 2723 2149 2788 tium,
2199 2736 2325 2776 cum
2362 2720 2613 2777 omnibus
2642 2721 2823 2776 eidem
2867 2722 3266 2789 pertinentibus
3316 2721 3583 2792 religiosis

1991 2811 2504 2879 monachis,’omnia
2528 2811 2836 2865 veneranda
2862 2811 3109 2876 oracula,
3141 2825 3202 2866 ac
3226 2811 3578 2877 monasteria,

1991 2910 2049 2957 et
2072 2910 2285 2958 ceteros
2313 2899 2653 2955 venerandos
2673 2898 2822 2955 locos
2846 2899 2949 2955 sub
2976 2901 3260 2970 parrochia
3284 2901 3583 2956 existentes

1992 2992 2267 3050 sanctitati
2298 2998 2512 3054 vestrm,
2550 2990 2651 3046 sub
2682 2990 2894 3047 dicione
2916 2997 2972 3044 ct
3010 2999 3278 3060 potestate
3306 2990 3581 3047 sanctitati

1992 3089 2187 3137 vestrm
2215 3079 2552 3149 subiaceant,
2586 3090 2643 3134 et
2671 3095 2770 3150 per
2793 3088 2847 3136 te
2874 3088 3075 3135 sanctae
3106 3088 3211 3135 tua:
3234 3079 3491 3135 Ecclesia:
3522 3089 3582 3136 et

1990 3188 2330 3245 quocumque
2379 3172 2556 3228 sacris
2602 3172 2686 3227 eis
2718 3171 3018 3243 privilegiis
3044 3173 3098 3227 in
3149 3172 3364 3242 integro
3395 3171 3581 3227 obser-

1990 3263 2182 3318 vandis
2208 3277 2371 3332 super
2393 3262 2512 3328 his;
2559 3277 2660 3318 nec
2688 3262 2892 3318 nullum
2927 3262 3175 3318 molestia
3202 3271 3294 3318 aut
3330 3261 3584 3334 angarias

1991 3364 2087 3412 aut
2127 3354 2464 3426 gravamina,
2499 3360 2594 3407 aut
2633 3354 2886 3409 excuvias
2913 3354 3141 3423 quilibet
3183 3352 3384 3407 inferre
3435 3352 3580 3422 parti

1990 3454 2195 3502 sancta:
2219 3452 2324 3500 tute
2351 3444 2627 3509 Ecclesia),
2658 3458 2761 3499 nec
2778 3459 2884 3499 non
2920 3443 3142 3499 colonos
3170 3450 3265 3498 aut
3286 3442 3580 3512 partiarios

1989 3544 2046 3591 et
2075 3550 2261 3591 servos
2303 3533 2646 3603 subiacentes
2678 3532 2824 3604 parti
2848 3544 3053 3603 sancta:
3077 3542 3274 3589 vestra:
3316 3530 3577 3588 Ecclesiae

1988 3641 2020 3681 a
2041 3625 2283 3697 quolibet
2315 3625 2558 3680 omnium
2600 3622 2669 3681 ad
2712 3624 3053 3679 militandum
3082 3625 3442 3689 subtrahere;
3479 3622 3577 3679 sed

1989 3718 2034 3772 si
2071 3715 2284 3771 militati
2330 3714 2534 3770 fuerint
2559 3729 2654 3771 eos
2691 3715 2918 3785 disciugi
2959 3722 3015 3770 et
3058 3714 3375 3770 dcsmilitari
3415 3711 3576 3782 iuve-

1989 3821 2128 3869 mus,
2162 3812 2358 3858 vestra:
2385 3804 2706 3858 venerandae
2755 3805 3026 3859 redituros
3052 3804 3234 3873 parti;
3277 3811 3337 3858 ut
3375 3804 3419 3857 si
3452 3801 3579 3872 quis

1989 3894 2117 3950 talia
2146 3901 2473 3949 temeranter
2492 3894 2839 3964 prtevaricari
2869 3894 3235 3963 temptaverit,
3259 3893 3437 3948 dehis
3456 3908 3578 3963 qua:

1988 4001 2019 4042 a
2050 3983 2205 4039 nobis
2228 3983 2317 4052 pie
2345 3983 2552 4037 sancita
2583 3990 2741 4047 sunt,
2775 3990 2830 4036 et
2846 3981 2995 4050 iuste
3023 3997 3055 4036 a
3080 3982 3237 4037 nobis
3261 3982 3491 4052 petistis,
3521 3990 3578 4037 et

1986 4088 2085 4144 per
2107 4079 2431 4144 prtesentem
2462 4078 2700 4126 nostram
2738 4069 3089 4141 apostolicam
3121 4071 3431 4127 continetur
3466 4071 3578 4126 for-

1988 4164 2154 4230 mula,
2197 4178 2303 4218 non
2331 4162 2503 4218 solum
2534 4162 2666 4218 nihil
2688 4162 3003 4233 prmvalcat,
3040 4164 3135 4220 sed
3163 4164 3326 4220 etiam
3364 4179 3463 4236 pro
3493 4173 3577 4219 ta-

1987 4258 2092 4312 lem
2124 4264 2364 4311 atrocem
2384 4254 2689 4318 audaciam,
2717 4262 2773 4308 ct
2797 4254 3042 4308 omnium
3071 4270 3294 4310 suarum
3345 4253 3576 4309 faculta-

1988 4356 2099 4403 tum
2146 4348 2437 4404 amissione
2482 4336 2785 4411 faciantur,
2845 4360 2945 4401 nec
3000 4362 3107 4401 non
3144 4354 3201 4402 et
3258 4346 3567 4401 animarum

1986 4436 2628 4508 adversionISpericulnm
2647 4437 2865 4491 minimc
2891 4435 3445 4508 dccliuare‘poterint,
3466 4434 3576 4492 suf-

1990 4527 2296 4586 ﬁcientibus
2321 4526 2574 4582 omnibus
2597 4526 2652 4581 in
2680 4526 2993 4583 ostensione
3030 4527 3145 4582 sola
3171 4528 3330 4597 huius
3352 4535 3572 4597 aposto-

1989 4618 2109 4674 licze
2137 4625 2337 4674 nostrae
2381 4617 2741 4672 exaracionis.
2794 4617 2852 4672 Si
2883 4618 3009 4688 quis
3051 4632 3182 4673 vero
3231 4626 3422 4674 contra
3468 4620 3573 4676 hoc

1987 4718 2232 4766 nostrum
2278 4709 2631 4781 apostolicum
2672 4718 2999 4780 przeccptum
3029 4710 3236 4781 egerit,
3282 4721 3571 4781 componat

1986 4802 2107 4858 auri
2133 4802 2295 4859 obriti
2338 4801 2508 4859 libras
2531 4801 2810 4873 quinque;
2856 4802 3078 4874 insuper
3104 4814 3159 4859 et
3201 4803 3569 4860 anathematis

1987 4897 2222 4953 vinculis
2243 4897 2315 4953 sit
2342 4896 2652 4963 innodatus,
2697 4906 2752 4953 et
2778 4905 3053 4969 perpetua:
3095 4898 3569 4954 condemnationis

1986 4987 2304 5044 submissus.
2337 4987 2489 5054 Quod
2524 4995 2851 5059 praeceptum
2896 4988 3322 5046 conﬁrmationis
3349 5004 3380 5044 a
3411 4988 3569 5045 nobis

1986 5077 2190 5137 factum
2219 5079 2559 5136 scrivendum
2590 5080 2945 5151 prmccpirnus
2974 5078 3257 5137 Timotheo
3281 5080 3492 5136 notario
3509 5087 3567 5136 ct

1983 5233 2202 5315 derunt;
2226 5229 2525 5315 .Einsﬁpari
2536 5232 2923 5315 ter-exordium
2959 5233 3160 5315 legitur
3172 5235 3416 5315 ntotidcm
3435 5250 3571 5315 ver

1982 5302 2148 5374 bisin
2179 5300 2347 5374 Libro
2372 5300 2577 5374 Diurno
2614 5300 2980 5374 Romanorum
3014 5300 3327 5374 pontiﬁcum
3361 5320 3392 5359 a
3429 5304 3570 5361 Gar-

1981 5372 2134 5443 nerio
2153 5371 2299 5428 edito
2322 5387 2461 5443 cap.
2477 5370 2706 5443 7,_num.
2734 5372 2802 5438 9;
2828 5388 2901 5443 es
2926 5370 3169 5430 illo'vero
3208 5375 3401 5430 menda
3424 5391 3567 5431 non--

1979 5440 2145 5505 nulla,
2200 5456 2322 5511 qua:
2351 5440 2407 5497 in
2449 5440 2650 5498 bullam
2692 5442 2832 5499 hanc
2876 5441 3156 5501 Paschalis
3200 5444 3564 5511 irrepserunt,

1981 5511 2257 5569 emendari
2284 5527 2465 5584 posse
2525 5511 2687 5584 idem
2714 5511 3012 5569 Garnerius
3050 5523 3250 5569 monet.
3312 5511 3390 5570 Ea
3431 5527 3567 5569 vero

1982 5599 2114 5640 cura
2157 5581 2364 5654 quod’a
2401 5581 2647 5657 nemine
2675 5582 2953 5657 hucusque
2974 5584 3431 5657 sithpraestitum,
3462 5599 3567 5639 nos

1984 5669 2091 5709 non
2117 5651 2347 5726 manet,
2383 5653 2604 5726 daturos
2630 5652 2831 5710 bullam
2861 5651 2929 5710 cx
2974 5651 3358 5712 Mediolancnsi
3405 5662 3562 5718 auto-

1983 5723 2219 5809 grapho.
