  <div class='ocr_page' id='page_1' title='image "/cluster/home/n/w/nwhite01/storage/ocr_20150623/102/umn.31951002477395f/555.png"; bbox 0 0 3960 6416; ppageno 0'>
   <div class='ocr_carea' id='block_1_1' title="bbox 310 302 516 366">
    <p class='ocr_par' dir='ltr' id='par_1_1' title="bbox 310 302 516 366">
     <span class='ocr_line' id='line_1_1' title="bbox 310 302 516 366; baseline 0 0"><span class='ocrx_word' id='word_1_1' title='bbox 310 302 516 366; x_wconf 67' lang='grc' dir='ltr'><strong>ἰοθδ</strong></span> 
     </span>
    </p>
   </div>
   <div class='ocr_carea' id='block_1_2' title="bbox 1505 279 2495 349">
    <p class='ocr_par' dir='ltr' id='par_1_2' title="bbox 1505 279 2495 349">
     <span class='ocr_line' id='line_1_2' title="bbox 1505 279 2495 349; baseline -0.014 0"><span class='ocrx_word' id='word_1_2' title='bbox 1505 291 1760 349; x_wconf 75' lang='lat' dir='ltr'><strong>REMIGII</strong></span> <span class='ocrx_word' id='word_1_3' title='bbox 1797 282 2157 346; x_wconf 71' lang='lat' dir='ltr'><strong>CURIENSIS</strong></span> <span class='ocrx_word' id='word_1_4' title='bbox 2195 279 2495 338; x_wconf 77' lang='lat' dir='ltr'><strong>EPISCOPI</strong></span> 
     </span>
    </p>
   </div>
   <div class='ocr_carea' id='block_1_3' title="bbox 3477 270 3614 326">
    <p class='ocr_par' dir='ltr' id='par_1_3' title="bbox 3477 270 3614 326">
     <span class='ocr_line' id='line_1_3' title="bbox 3477 270 3614 326; baseline 0 0"><span class='ocrx_word' id='word_1_5' title='bbox 3477 270 3614 326; x_wconf 64' lang='lat'><strong>£096</strong></span> 
     </span>
    </p>
   </div>
   <div class='ocr_carea' id='block_1_4' title="bbox 375 379 3617 483">
    <p class='ocr_par' dir='ltr' id='par_1_4' title="bbox 375 379 3617 483">
     <span class='ocr_line' id='line_1_4' title="bbox 375 379 3617 483; baseline -0.013 -8"><span class='ocrx_word' id='word_1_6' title='bbox 375 424 646 475; x_wconf 87' lang='lat' dir='ltr'><strong>vetustate</strong></span> <span class='ocrx_word' id='word_1_7' title='bbox 669 419 1004 483; x_wconf 89' lang='lat' dir='ltr'><strong>consumpta,</strong></span> <span class='ocrx_word' id='word_1_8' title='bbox 1033 407 1279 466; x_wconf 73' lang='lat' dir='ltr'><strong>incendio</strong></span> <span class='ocrx_word' id='word_1_9' title='bbox 1301 408 1496 462; x_wconf 89' lang='lat' dir='ltr'><strong>dentur</strong></span> <span class='ocrx_word' id='word_1_10' title='bbox 1521 423 1534 459; x_wconf 89' lang='lat'><strong>:</strong></span> <span class='ocrx_word' id='word_1_11' title='bbox 1561 402 1812 474; x_wconf 89' lang='lat' dir='ltr'><strong>quoniam</strong></span> <span class='ocrx_word' id='word_1_12' title='bbox 1834 413 1940 454; x_wconf 92' lang='lat' dir='ltr'><strong>non</strong></span> <span class='ocrx_word' id='word_1_13' title='bbox 1971 399 2019 457; x_wconf 82' lang='grc' dir='ltr'>Α</span> <span class='ocrx_word' id='word_1_14' title='bbox 2048 391 2312 446; x_wconf 72' lang='lat' dir='ltr'><strong>Similiter</strong></span> <span class='ocrx_word' id='word_1_15' title='bbox 2336 400 2392 444; x_wconf 89' lang='lat' dir='ltr'><strong>et</strong></span> <span class='ocrx_word' id='word_1_16' title='bbox 2426 387 2615 458; x_wconf 80' lang='lat' dir='ltr'><strong>reliqui</strong></span> <span class='ocrx_word' id='word_1_17' title='bbox 2641 385 2839 457; x_wconf 57' lang='lat' dir='ltr'><strong>populi,</strong></span> <span class='ocrx_word' id='word_1_18' title='bbox 2865 380 3098 455; x_wconf 89' lang='lat' dir='ltr'><strong>majores</strong></span> <span class='ocrx_word' id='word_1_19' title='bbox 3127 382 3335 440; x_wconf 83' lang='lat' dir='ltr'><strong>seillcet</strong></span> <span class='ocrx_word' id='word_1_20' title='bbox 3358 387 3414 437; x_wconf 90' lang='lat' dir='ltr'><strong>et</strong></span> <span class='ocrx_word' id='word_1_21' title='bbox 3434 379 3617 435; x_wconf 64' lang='lat' dir='ltr'><strong>mineo</strong></span> 
     </span>
    </p>
   </div>
   <div class='ocr_carea' id='block_1_5' title="bbox 378 487 1944 575">
    <p class='ocr_par' dir='ltr' id='par_1_5' title="bbox 378 487 1944 575">
     <span class='ocr_line' id='line_1_5' title="bbox 378 487 1944 575; baseline -0.013 -10"><span class='ocrx_word' id='word_1_22' title='bbox 378 509 503 565; x_wconf 90' lang='lat' dir='ltr'><strong>licet</strong></span> <span class='ocrx_word' id='word_1_23' title='bbox 527 523 591 564; x_wconf 90' lang='lat' dir='ltr'><strong>ea</strong></span> <span class='ocrx_word' id='word_1_24' title='bbox 620 520 737 575; x_wconf 74' lang='lat' dir='ltr'><strong>qua:</strong></span> <span class='ocrx_word' id='word_1_25' title='bbox 777 504 828 558; x_wconf 92' lang='lat' dir='ltr'><strong>in</strong></span> <span class='ocrx_word' id='word_1_26' title='bbox 853 501 1096 557; x_wconf 86' lang='lat' dir='ltr'><strong>sacrario</strong></span> <span class='ocrx_word' id='word_1_27' title='bbox 1125 499 1349 561; x_wconf 86' lang='lat' dir='ltr'><strong>fuerint,</strong></span> <span class='ocrx_word' id='word_1_28' title='bbox 1386 497 1527 551; x_wconf 89' lang='lat' dir='ltr'><strong>male</strong></span> <span class='ocrx_word' id='word_1_29' title='bbox 1557 492 1797 555; x_wconf 83' lang='lat' dir='ltr'><strong>tractari,</strong></span> <span class='ocrx_word' id='word_1_30' title='bbox 1847 487 1944 544; x_wconf 86' lang='lat' dir='ltr'><strong>sed</strong></span> 
     </span>
    </p>
   </div>
   <div class='ocr_carea' id='block_1_6' title="bbox 374 587 1941 657">
    <p class='ocr_par' dir='ltr' id='par_1_6' title="bbox 374 587 1941 657">
     <span class='ocr_line' id='line_1_6' title="bbox 374 587 1941 657; baseline -0.013 -2"><span class='ocrx_word' id='word_1_31' title='bbox 374 597 625 655; x_wconf 79' lang='lat' dir='ltr'><strong>incendio</strong></span> <span class='ocrx_word' id='word_1_32' title='bbox 652 596 903 649; x_wconf 84' lang='lat' dir='ltr'><strong>universa</strong></span> <span class='ocrx_word' id='word_1_33' title='bbox 926 592 1224 646; x_wconf 86' lang='lat' dir='ltr'><strong>tradantur.</strong></span> <span class='ocrx_word' id='word_1_34' title='bbox 1252 587 1477 643; x_wconf 90' lang='lat' dir='ltr'><strong>Cineres</strong></span> <span class='ocrx_word' id='word_1_35' title='bbox 1500 598 1714 657; x_wconf 92' lang='lat' dir='ltr'><strong>quoque</strong></span> <span class='ocrx_word' id='word_1_36' title='bbox 1756 594 1941 637; x_wconf 88' lang='lat' dir='ltr'><strong>eorum</strong></span> 
     </span>
    </p>
   </div>
   <div class='ocr_carea' id='block_1_7' title="bbox 376 669 1943 756">
    <p class='ocr_par' dir='ltr' id='par_1_7' title="bbox 376 669 1943 756">
     <span class='ocr_line' id='line_1_7' title="bbox 376 669 1943 756; baseline -0.012 -13"><span class='ocrx_word' id='word_1_37' title='bbox 376 687 429 743; x_wconf 76' lang='lat' dir='ltr'><strong>in</strong></span> <span class='ocrx_word' id='word_1_38' title='bbox 465 684 842 756; x_wconf 82' lang='lat' dir='ltr'><strong>baptisterium</strong></span> <span class='ocrx_word' id='word_1_39' title='bbox 886 681 1206 744; x_wconf 81' lang='lat' dir='ltr'><strong>inferantur,</strong></span> <span class='ocrx_word' id='word_1_40' title='bbox 1236 678 1328 733; x_wconf 91' lang='lat' dir='ltr'><strong>ubi</strong></span> <span class='ocrx_word' id='word_1_41' title='bbox 1355 677 1534 731; x_wconf 89' lang='lat' dir='ltr'><strong>nullus</strong></span> <span class='ocrx_word' id='word_1_42' title='bbox 1561 675 1819 729; x_wconf 76' lang='lat' dir='ltr'><strong>transitus</strong></span> <span class='ocrx_word' id='word_1_43' title='bbox 1848 669 1943 725; x_wconf 89' lang='lat' dir='ltr'><strong>ha-</strong></span> 
     </span>
    </p>
   </div>
   <div class='ocr_carea' id='block_1_8' title="bbox 373 766 1943 843">
    <p class='ocr_par' dir='ltr' id='par_1_8' title="bbox 373 766 1943 843">
     <span class='ocr_line' id='line_1_8' title="bbox 373 766 1943 843; baseline -0.011 -10"><span class='ocrx_word' id='word_1_44' title='bbox 373 779 585 842; x_wconf 89' lang='lat' dir='ltr'><strong>beatur,</strong></span> <span class='ocrx_word' id='word_1_45' title='bbox 620 783 712 830; x_wconf 89' lang='lat' dir='ltr'><strong>aut</strong></span> <span class='ocrx_word' id='word_1_46' title='bbox 737 775 792 829; x_wconf 92' lang='lat' dir='ltr'><strong>in</strong></span> <span class='ocrx_word' id='word_1_47' title='bbox 835 771 1060 843; x_wconf 85' lang='lat' dir='ltr'><strong>pariete,</strong></span> <span class='ocrx_word' id='word_1_48' title='bbox 1099 778 1192 824; x_wconf 92' lang='lat' dir='ltr'><strong>aut</strong></span> <span class='ocrx_word' id='word_1_49' title='bbox 1232 769 1287 824; x_wconf 90' lang='lat' dir='ltr'><strong>in</strong></span> <span class='ocrx_word' id='word_1_50' title='bbox 1327 767 1488 823; x_wconf 91' lang='lat' dir='ltr'><strong>fossis</strong></span> <span class='ocrx_word' id='word_1_51' title='bbox 1515 766 1943 837; x_wconf 83' lang='lat' dir='ltr'><strong>pavimentorum</strong></span> 
     </span>
    </p>
   </div>
   <div class='ocr_carea' id='block_1_9' title="bbox 366 853 1941 934">
    <p class='ocr_par' dir='ltr' id='par_1_9' title="bbox 366 853 1941 934">
     <span class='ocr_line' id='line_1_9' title="bbox 366 853 1941 934; baseline -0.011 -13"><span class='ocrx_word' id='word_1_52' title='bbox 366 864 669 934; x_wconf 85' lang='lat' dir='ltr'><strong>jactentur,</strong></span> <span class='ocrx_word' id='word_1_53' title='bbox 724 878 793 917; x_wconf 89' lang='lat' dir='ltr'><strong>ne</strong></span> <span class='ocrx_word' id='word_1_54' title='bbox 844 860 1229 915; x_wconf 87' lang='lat' dir='ltr'><strong>introeuntium</strong></span> <span class='ocrx_word' id='word_1_55' title='bbox 1289 856 1514 928; x_wconf 88' lang='lat' dir='ltr'><strong>pedibus</strong></span> <span class='ocrx_word' id='word_1_56' title='bbox 1576 853 1941 924; x_wconf 89' lang='lat' dir='ltr'><strong>inquinentur.</strong></span> 
     </span>
    </p>
   </div>
   <div class='ocr_carea' id='block_1_10' title="bbox 372 941 1929 1021">
    <p class='ocr_par' dir='ltr' id='par_1_10' title="bbox 372 941 1929 1021">
     <span class='ocr_line' id='line_1_10' title="bbox 372 941 1929 1021; baseline -0.01 -8"><span class='ocrx_word' id='word_1_57' title='bbox 372 956 550 1013; x_wconf 84' lang='lat' dir='ltr'><strong>Pallas</strong></span> <span class='ocrx_word' id='word_1_58' title='bbox 571 971 701 1011; x_wconf 92' lang='lat' dir='ltr'><strong>vero</strong></span> <span class='ocrx_word' id='word_1_59' title='bbox 728 962 782 1010; x_wconf 90' lang='lat' dir='ltr'><strong>et</strong></span> <span class='ocrx_word' id='word_1_60' title='bbox 804 951 922 1008; x_wconf 89' lang='lat' dir='ltr'><strong>vela</strong></span> <span class='ocrx_word' id='word_1_61' title='bbox 964 968 1085 1021; x_wconf 62' lang='lat' dir='ltr'><strong>quae</strong></span> <span class='ocrx_word' id='word_1_62' title='bbox 1112 952 1165 1005; x_wconf 90' lang='lat' dir='ltr'><strong>in</strong></span> <span class='ocrx_word' id='word_1_63' title='bbox 1210 946 1500 1005; x_wconf 78' lang='lat' dir='ltr'><strong>sanctuarii</strong></span> <span class='ocrx_word' id='word_1_64' title='bbox 1529 946 1803 1003; x_wconf 82' lang='lat' dir='ltr'><strong>sordidata</strong></span> <span class='ocrx_word' id='word_1_65' title='bbox 1828 941 1929 998; x_wconf 81' lang='lat' dir='ltr'><strong>fue-</strong></span> 
     </span>
    </p>
   </div>
   <div class='ocr_carea' id='block_1_11' title="bbox 371 1033 1943 1107">
    <p class='ocr_par' dir='ltr' id='par_1_11' title="bbox 371 1033 1943 1107">
     <span class='ocr_line' id='line_1_11' title="bbox 371 1033 1943 1107; baseline -0.008 -7"><span class='ocrx_word' id='word_1_66' title='bbox 371 1045 484 1100; x_wconf 86' lang='lat' dir='ltr'><strong>rint</strong></span> <span class='ocrx_word' id='word_1_67' title='bbox 532 1041 853 1107; x_wconf 89' lang='lat' dir='ltr'><strong>ministerio,</strong></span> <span class='ocrx_word' id='word_1_68' title='bbox 901 1040 1111 1096; x_wconf 90' lang='lat' dir='ltr'><strong>diaconi</strong></span> <span class='ocrx_word' id='word_1_69' title='bbox 1161 1055 1285 1095; x_wconf 89' lang='lat' dir='ltr'><strong>cum</strong></span> <span class='ocrx_word' id='word_1_70' title='bbox 1336 1037 1633 1093; x_wconf 88' lang='lat' dir='ltr'><strong>humilibus</strong></span> <span class='ocrx_word' id='word_1_71' title='bbox 1679 1033 1943 1090; x_wconf 87' lang='lat' dir='ltr'><strong>ministris</strong></span> 
     </span>
    </p>
   </div>
   <div class='ocr_carea' id='block_1_12' title="bbox 372 1124 1944 1198">
    <p class='ocr_par' dir='ltr' id='par_1_12' title="bbox 372 1124 1944 1198">
     <span class='ocr_line' id='line_1_12' title="bbox 372 1124 1944 1198; baseline -0.007 -10"><span class='ocrx_word' id='word_1_72' title='bbox 372 1133 515 1188; x_wconf 89' lang='lat' dir='ltr'><strong>intra</strong></span> <span class='ocrx_word' id='word_1_73' title='bbox 543 1130 839 1187; x_wconf 88' lang='lat' dir='ltr'><strong>sacrarium</strong></span> <span class='ocrx_word' id='word_1_74' title='bbox 868 1130 1067 1195; x_wconf 88' lang='lat' dir='ltr'><strong>lavent,</strong></span> <span class='ocrx_word' id='word_1_75' title='bbox 1099 1143 1204 1183; x_wconf 91' lang='lat' dir='ltr'><strong>non</strong></span> <span class='ocrx_word' id='word_1_76' title='bbox 1226 1127 1503 1198; x_wconf 88' lang='lat' dir='ltr'><strong>ejicientes</strong></span> <span class='ocrx_word' id='word_1_77' title='bbox 1534 1124 1680 1180; x_wconf 87' lang='lat' dir='ltr'><strong>foras</strong></span> <span class='ocrx_word' id='word_1_78' title='bbox 1704 1140 1734 1177; x_wconf 87' lang='lat' dir='ltr'><strong>a</strong></span> <span class='ocrx_word' id='word_1_79' title='bbox 1763 1137 1944 1179; x_wconf 86' lang='lat' dir='ltr'><strong>sacra-</strong></span> 
     </span>
    </p>
   </div>
   <div class='ocr_carea' id='block_1_13' title="bbox 373 1211 1941 1284">
    <p class='ocr_par' dir='ltr' id='par_1_13' title="bbox 373 1211 1941 1284">
     <span class='ocr_line' id='line_1_13' title="bbox 373 1211 1941 1284; baseline -0.007 -7"><span class='ocrx_word' id='word_1_80' title='bbox 373 1223 455 1278; x_wconf 88' lang='lat' dir='ltr'><strong>rio</strong></span> <span class='ocrx_word' id='word_1_81' title='bbox 475 1221 739 1277; x_wconf 85' lang='lat' dir='ltr'><strong>velamina</strong></span> <span class='ocrx_word' id='word_1_82' title='bbox 769 1218 1059 1275; x_wconf 77' lang='lat' dir='ltr'><strong>Dominica:</strong></span> <span class='ocrx_word' id='word_1_83' title='bbox 1084 1232 1304 1281; x_wconf 69' lang='lat' dir='ltr'><strong>mensae,</strong></span> <span class='ocrx_word' id='word_1_84' title='bbox 1337 1230 1405 1271; x_wconf 89' lang='lat' dir='ltr'><strong>ne</strong></span> <span class='ocrx_word' id='word_1_85' title='bbox 1451 1213 1590 1269; x_wconf 85' lang='lat' dir='ltr'><strong>forte</strong></span> <span class='ocrx_word' id='word_1_86' title='bbox 1616 1213 1789 1284; x_wconf 87' lang='lat' dir='ltr'><strong>pulvis</strong></span> <span class='ocrx_word' id='word_1_87' title='bbox 1834 1211 1941 1266; x_wconf 84' lang='lat' dir='ltr'><strong>Do-</strong></span> 
     </span>
    </p>
   </div>
   <div class='ocr_carea' id='block_1_14' title="bbox 373 1294 1939 1385">
    <p class='ocr_par' dir='ltr' id='par_1_14' title="bbox 373 1294 1939 1385">
     <span class='ocr_line' id='line_1_14' title="bbox 373 1294 1939 1385; baseline -0.01 -14"><span class='ocrx_word' id='word_1_88' title='bbox 373 1315 558 1372; x_wconf 90' lang='lat' dir='ltr'><strong>minici</strong></span> <span class='ocrx_word' id='word_1_89' title='bbox 587 1313 830 1385; x_wconf 86' lang='lat' dir='ltr'><strong>corporis</strong></span> <span class='ocrx_word' id='word_1_90' title='bbox 855 1310 994 1366; x_wconf 89' lang='lat' dir='ltr'><strong>male</strong></span> <span class='ocrx_word' id='word_1_91' title='bbox 1017 1311 1251 1376; x_wconf 84' lang='lat' dir='ltr'><strong>decidat,</strong></span> <span class='ocrx_word' id='word_1_92' title='bbox 1287 1307 1526 1381; x_wconf 82' lang='lat' dir='ltr'><strong>syndone</strong></span> <span class='ocrx_word' id='word_1_93' title='bbox 1569 1294 1939 1368; x_wconf 54' lang='lat' dir='ltr'><strong>foris&#39;delata,</strong></span> 
     </span>
    </p>
   </div>
   <div class='ocr_carea' id='block_1_15' title="bbox 371 1393 1944 1472">
    <p class='ocr_par' dir='ltr' id='par_1_15' title="bbox 371 1393 1944 1472">
     <span class='ocr_line' id='line_1_15' title="bbox 371 1393 1944 1472; baseline -0.007 -13"><span class='ocrx_word' id='word_1_94' title='bbox 371 1413 427 1461; x_wconf 83' lang='lat' dir='ltr'><strong>et</strong></span> <span class='ocrx_word' id='word_1_95' title='bbox 460 1405 565 1461; x_wconf 88' lang='lat' dir='ltr'><strong>erit</strong></span> <span class='ocrx_word' id='word_1_96' title='bbox 593 1404 694 1460; x_wconf 91' lang='lat' dir='ltr'><strong>boc</strong></span> <span class='ocrx_word' id='word_1_97' title='bbox 719 1401 962 1472; x_wconf 88' lang='lat' dir='ltr'><strong>operanti</strong></span> <span class='ocrx_word' id='word_1_98' title='bbox 993 1408 1269 1472; x_wconf 89' lang='lat' dir='ltr'><strong>peccatum</strong></span> <span class='ocrx_word' id='word_1_99' title='bbox 1301 1416 1315 1451; x_wconf 89' lang='lat'><strong>:</strong></span> <span class='ocrx_word' id='word_1_100' title='bbox 1346 1396 1549 1452; x_wconf 87' lang='lat' dir='ltr'><strong>idcirco</strong></span> <span class='ocrx_word' id='word_1_101' title='bbox 1596 1395 1649 1450; x_wconf 89' lang='lat' dir='ltr'><strong>in</strong></span> <span class='ocrx_word' id='word_1_102' title='bbox 1703 1393 1944 1449; x_wconf 90' lang='lat' dir='ltr'><strong>sacrario</strong></span> 
     </span>
    </p>
   </div>
   <div class='ocr_carea' id='block_1_16' title="bbox 370 1481 1943 1562">
    <p class='ocr_par' dir='ltr' id='par_1_16' title="bbox 370 1481 1943 1562">
     <span class='ocr_line' id='line_1_16' title="bbox 370 1481 1943 1562; baseline -0.008 -12"><span class='ocrx_word' id='word_1_103' title='bbox 370 1493 634 1550; x_wconf 89' lang='lat' dir='ltr'><strong>ministris</strong></span> <span class='ocrx_word' id='word_1_104' title='bbox 654 1488 994 1562; x_wconf 73' lang='lat' dir='ltr'><strong>praecipimus</strong></span> <span class='ocrx_word' id='word_1_105' title='bbox 1020 1505 1141 1545; x_wconf 91' lang='lat' dir='ltr'><strong>cum</strong></span> <span class='ocrx_word' id='word_1_106' title='bbox 1171 1488 1444 1559; x_wconf 80' lang='lat' dir='ltr'><strong>diligentia</strong></span> <span class='ocrx_word' id='word_1_107' title='bbox 1467 1485 1754 1542; x_wconf 88' lang='lat' dir='ltr'><strong>custodire.</strong></span> <span class='ocrx_word' id='word_1_108' title='bbox 1780 1481 1943 1539; x_wconf 59' lang='lat' dir='ltr'><strong>Pallae</strong></span> 
     </span>
    </p>
   </div>
   <div class='ocr_carea' id='block_1_17' title="bbox 372 1576 1481 1654">
    <p class='ocr_par' dir='ltr' id='par_1_17' title="bbox 372 1576 1481 1654">
     <span class='ocr_line' id='line_1_17' title="bbox 372 1576 1481 1654; baseline -0.007 -14"><span class='ocrx_word' id='word_1_109' title='bbox 372 1586 427 1640; x_wconf 91' lang='lat' dir='ltr'><strong>in</strong></span> <span class='ocrx_word' id='word_1_110' title='bbox 457 1584 561 1638; x_wconf 86' lang='lat' dir='ltr'><strong>alia</strong></span> <span class='ocrx_word' id='word_1_111' title='bbox 589 1583 740 1654; x_wconf 88' lang='lat' dir='ltr'><strong>pelve</strong></span> <span class='ocrx_word' id='word_1_112' title='bbox 765 1584 1034 1646; x_wconf 86' lang='lat' dir='ltr'><strong>laventur,</strong></span> <span class='ocrx_word' id='word_1_113' title='bbox 1053 1578 1185 1634; x_wconf 89' lang='lat' dir='ltr'><strong>etin</strong></span> <span class='ocrx_word' id='word_1_114' title='bbox 1214 1579 1317 1634; x_wconf 89' lang='lat' dir='ltr'><strong>alia</strong></span> <span class='ocrx_word' id='word_1_115' title='bbox 1344 1576 1481 1632; x_wconf 91' lang='lat' dir='ltr'><strong>vela.</strong></span> 
     </span>
    </p>
   </div>
   <div class='ocr_carea' id='block_1_18' title="bbox 712 1692 1595 1849">
    <p class='ocr_par' dir='ltr' id='par_1_18' title="bbox 712 1692 1595 1849">
     <span class='ocr_line' id='line_1_18' title="bbox 712 1692 1595 1849; baseline -0.003 -13"><span class='ocrx_word' id='word_1_116' title='bbox 712 1782 828 1849; x_wconf 84' lang='lat' dir='ltr'><strong>Quo</strong></span> <span class='ocrx_word' id='word_1_117' title='bbox 856 1782 969 1838; x_wconf 86' lang='lat' dir='ltr'><strong>loco</strong></span> <span class='ocrx_word' id='word_1_118' title='bbox 994 1692 1303 1837; x_wconf 55' lang='lat' dir='ltr'><strong>celcbildnda</strong></span> <span class='ocrx_word' id='word_1_119' title='bbox 1326 1780 1392 1834; x_wconf 94' lang='lat' dir='ltr'><strong>sit</strong></span> <span class='ocrx_word' id='word_1_120' title='bbox 1415 1780 1595 1833; x_wconf 77' lang='lat' dir='ltr'><strong>missa.</strong></span> 
     </span>
    </p>
   </div>
   <div class='ocr_carea' id='block_1_19' title="bbox 370 1869 1948 1951">
    <p class='ocr_par' dir='ltr' id='par_1_19' title="bbox 370 1869 1948 1951">
     <span class='ocr_line' id='line_1_19' title="bbox 370 1869 1948 1951; baseline -0.006 -19"><span class='ocrx_word' id='word_1_121' title='bbox 370 1879 471 1951; x_wconf 81' lang='lat' dir='ltr'><strong>(Ex</strong></span> <span class='ocrx_word' id='word_1_122' title='bbox 502 1874 726 1947; x_wconf 85' lang='lat' dir='ltr'><strong>epistola</strong></span> <span class='ocrx_word' id='word_1_123' title='bbox 752 1874 1044 1951; x_wconf 63' lang='lat' dir='ltr'><strong>Clementis</strong></span> <span class='ocrx_word' id='word_1_124' title='bbox 1068 1873 1318 1951; x_wconf 79' lang='lat' dir='ltr'><strong>omnibus</strong></span> <span class='ocrx_word' id='word_1_125' title='bbox 1347 1871 1637 1951; x_wconf 56' lang='lat' dir='ltr'><strong>episcopis,</strong></span> <span class='ocrx_word' id='word_1_126' title='bbox 1665 1869 1948 1941; x_wconf 78' lang='lat' dir='ltr'><strong>presbyte-</strong></span> 
     </span>
    </p>
   </div>
   <div class='ocr_carea' id='block_1_20' title="bbox 816 1941 1498 2012">
    <p class='ocr_par' dir='ltr' id='par_1_20' title="bbox 816 1941 1498 2012">
     <span class='ocr_line' id='line_1_20' title="bbox 816 1941 1498 2012; baseline -0.007 -14"><span class='ocrx_word' id='word_1_127' title='bbox 816 1945 921 2006; x_wconf 87' lang='lat' dir='ltr'><strong>ris,</strong></span> <span class='ocrx_word' id='word_1_128' title='bbox 950 1943 1264 1997; x_wconf 66' lang='lat' dir='ltr'><strong>diaconiius</strong></span> <span class='ocrx_word' id='word_1_129' title='bbox 1293 1941 1498 2012; x_wconf 87' lang='lat' dir='ltr'><strong>missa.)</strong></span> 
     </span>
    </p>
   </div>
   <div class='ocr_carea' id='block_1_21' title="bbox 443 2031 1948 2108">
    <p class='ocr_par' dir='ltr' id='par_1_21' title="bbox 443 2031 1948 2108">
     <span class='ocr_line' id='line_1_21' title="bbox 443 2031 1948 2108; baseline -0.006 -17"><span class='ocrx_word' id='word_1_130' title='bbox 443 2035 539 2091; x_wconf 78' lang='lat' dir='ltr'><strong>Hic</strong></span> <span class='ocrx_word' id='word_1_131' title='bbox 574 2052 722 2108; x_wconf 82' lang='lat' dir='ltr'><strong>ergo,</strong></span> <span class='ocrx_word' id='word_1_132' title='bbox 748 2036 850 2091; x_wconf 88' lang='lat' dir='ltr'><strong>hoc</strong></span> <span class='ocrx_word' id='word_1_133' title='bbox 871 2044 977 2100; x_wconf 90' lang='lat' dir='ltr'><strong>est,</strong></span> <span class='ocrx_word' id='word_1_134' title='bbox 1007 2034 1061 2088; x_wconf 90' lang='lat' dir='ltr'><strong>in</strong></span> <span class='ocrx_word' id='word_1_135' title='bbox 1086 2032 1340 2104; x_wconf 68' lang='lat' dir='ltr'><strong>prmsenti</strong></span> <span class='ocrx_word' id='word_1_136' title='bbox 1367 2032 1475 2085; x_wconf 72' lang='lat' dir='ltr'><strong>vita</strong></span> <span class='ocrx_word' id='word_1_137' title='bbox 1507 2031 1715 2100; x_wconf 89' lang='lat' dir='ltr'><strong>positos</strong></span> <span class='ocrx_word' id='word_1_138' title='bbox 1732 2034 1948 2098; x_wconf 79' lang='lat' dir='ltr'><strong>oportet</strong></span> 
     </span>
    </p>
   </div>
   <div class='ocr_carea' id='block_1_22' title="bbox 368 2116 1951 2198">
    <p class='ocr_par' dir='ltr' id='par_1_22' title="bbox 368 2116 1951 2198">
     <span class='ocr_line' id='line_1_22' title="bbox 368 2116 1951 2198; baseline -0.007 -16"><span class='ocrx_word' id='word_1_139' title='bbox 368 2143 467 2182; x_wconf 92' lang='lat' dir='ltr'><strong>vos</strong></span> <span class='ocrx_word' id='word_1_140' title='bbox 496 2139 788 2198; x_wconf 77' lang='lat' dir='ltr'><strong>agnoscere</strong></span> <span class='ocrx_word' id='word_1_141' title='bbox 825 2124 1156 2180; x_wconf 83' lang='lat' dir='ltr'><strong>voluntatem</strong></span> <span class='ocrx_word' id='word_1_142' title='bbox 1196 2120 1428 2184; x_wconf 81' lang='lat' dir='ltr'><strong>Domini,</strong></span> <span class='ocrx_word' id='word_1_143' title='bbox 1462 2120 1550 2175; x_wconf 90' lang='lat' dir='ltr'><strong>ubi</strong></span> <span class='ocrx_word' id='word_1_144' title='bbox 1578 2126 1632 2174; x_wconf 88' lang='lat' dir='ltr'><strong>et</strong></span> <span class='ocrx_word' id='word_1_145' title='bbox 1676 2116 1867 2190; x_wconf 79' lang='lat' dir='ltr'><strong>agendi</strong></span> <span class='ocrx_word' id='word_1_146' title='bbox 1894 2124 1951 2171; x_wconf 88' lang='lat' dir='ltr'><strong>et</strong></span> 
     </span>
    </p>
   </div>
   <div class='ocr_carea' id='block_1_23' title="bbox 373 2207 1948 2283">
    <p class='ocr_par' dir='ltr' id='par_1_23' title="bbox 373 2207 1948 2283">
     <span class='ocr_line' id='line_1_23' title="bbox 373 2207 1948 2283; baseline -0.008 -10"><span class='ocrx_word' id='word_1_147' title='bbox 373 2216 711 2273; x_wconf 71' lang='lat' dir='ltr'><strong>sacrificandi</strong></span> <span class='ocrx_word' id='word_1_148' title='bbox 760 2224 846 2270; x_wconf 91' lang='lat' dir='ltr'><strong>est</strong></span> <span class='ocrx_word' id='word_1_149' title='bbox 867 2214 1016 2271; x_wconf 90' lang='lat' dir='ltr'><strong>locus</strong></span> <span class='ocrx_word' id='word_1_150' title='bbox 1045 2231 1059 2267; x_wconf 92' lang='lat'>:</span> <span class='ocrx_word' id='word_1_151' title='bbox 1097 2213 1350 2283; x_wconf 86' lang='lat' dir='ltr'><strong>quoniam</strong></span> <span class='ocrx_word' id='word_1_152' title='bbox 1398 2213 1452 2267; x_wconf 90' lang='lat' dir='ltr'><strong>in</strong></span> <span class='ocrx_word' id='word_1_153' title='bbox 1483 2210 1601 2265; x_wconf 85' lang='lat' dir='ltr'><strong>aliis</strong></span> <span class='ocrx_word' id='word_1_154' title='bbox 1625 2210 1757 2265; x_wconf 90' lang='lat' dir='ltr'><strong>locis</strong></span> <span class='ocrx_word' id='word_1_155' title='bbox 1781 2207 1948 2265; x_wconf 80' lang='lat' dir='ltr'><strong>sacri-</strong></span> 
     </span>
    </p>
   </div>
   <div class='ocr_carea' id='block_1_24' title="bbox 374 2299 1947 2369">
    <p class='ocr_par' dir='ltr' id='par_1_24' title="bbox 374 2299 1947 2369">
     <span class='ocr_line' id='line_1_24' title="bbox 374 2299 1947 2369; baseline -0.005 -8"><span class='ocrx_word' id='word_1_156' title='bbox 374 2306 537 2361; x_wconf 87' lang='lat' dir='ltr'><strong>ficare</strong></span> <span class='ocrx_word' id='word_1_157' title='bbox 556 2314 610 2361; x_wconf 92' lang='lat' dir='ltr'><strong>ct</strong></span> <span class='ocrx_word' id='word_1_158' title='bbox 635 2306 827 2361; x_wconf 71' lang='lat' dir='ltr'><strong>mis&lt;as</strong></span> <span class='ocrx_word' id='word_1_159' title='bbox 849 2305 1127 2361; x_wconf 81' lang='lat' dir='ltr'><strong>celebrare</strong></span> <span class='ocrx_word' id='word_1_160' title='bbox 1149 2319 1253 2358; x_wconf 91' lang='lat' dir='ltr'><strong>non</strong></span> <span class='ocrx_word' id='word_1_161' title='bbox 1279 2303 1422 2367; x_wconf 90' lang='lat' dir='ltr'><strong>licet,</strong></span> <span class='ocrx_word' id='word_1_162' title='bbox 1439 2303 1539 2357; x_wconf 87' lang='lat' dir='ltr'><strong>nisi</strong></span> <span class='ocrx_word' id='word_1_163' title='bbox 1557 2302 1610 2357; x_wconf 92' lang='lat' dir='ltr'><strong>in</strong></span> <span class='ocrx_word' id='word_1_164' title='bbox 1636 2302 1720 2356; x_wconf 87' lang='lat' dir='ltr'><strong>bis</strong></span> <span class='ocrx_word' id='word_1_165' title='bbox 1743 2301 1796 2355; x_wconf 91' lang='lat' dir='ltr'><strong>in</strong></span> <span class='ocrx_word' id='word_1_166' title='bbox 1826 2299 1947 2369; x_wconf 86' lang='lat' dir='ltr'><strong>qui-</strong></span> 
     </span>
    </p>
   </div>
   <div class='ocr_carea' id='block_1_25' title="bbox 372 2391 1949 2467">
    <p class='ocr_par' dir='ltr' id='par_1_25' title="bbox 372 2391 1949 2467">
     <span class='ocr_line' id='line_1_25' title="bbox 372 2391 1949 2467; baseline -0.003 -17"><span class='ocrx_word' id='word_1_167' title='bbox 372 2396 476 2450; x_wconf 77' lang='lat' dir='ltr'><strong>bus</strong></span> <span class='ocrx_word' id='word_1_168' title='bbox 526 2396 815 2467; x_wconf 77' lang='lat' dir='ltr'><strong>episcopus</strong></span> <span class='ocrx_word' id='word_1_169' title='bbox 864 2394 1115 2466; x_wconf 84' lang='lat' dir='ltr'><strong>proprius</strong></span> <span class='ocrx_word' id='word_1_170' title='bbox 1154 2394 1399 2465; x_wconf 76' lang='lat' dir='ltr'><strong>jusserit,</strong></span> <span class='ocrx_word' id='word_1_171' title='bbox 1448 2400 1544 2449; x_wconf 86' lang='lat' dir='ltr'><strong>aut</strong></span> <span class='ocrx_word' id='word_1_172' title='bbox 1569 2392 1641 2448; x_wconf 85' lang='lat' dir='ltr'><strong>ab</strong></span> <span class='ocrx_word' id='word_1_173' title='bbox 1692 2391 1949 2461; x_wconf 85' lang='lat' dir='ltr'><strong>episcopo</strong></span> 
     </span>
    </p>
   </div>
   <div class='ocr_carea' id='block_1_26' title="bbox 370 2481 1946 2557">
    <p class='ocr_par' dir='ltr' id='par_1_26' title="bbox 370 2481 1946 2557">
     <span class='ocr_line' id='line_1_26' title="bbox 370 2481 1946 2557; baseline -0.004 -16"><span class='ocrx_word' id='word_1_174' title='bbox 370 2486 693 2557; x_wconf 79' lang='lat' dir='ltr'><strong>regulariter</strong></span> <span class='ocrx_word' id='word_1_175' title='bbox 740 2487 1007 2549; x_wconf 90' lang='lat' dir='ltr'><strong>ordinato,</strong></span> <span class='ocrx_word' id='word_1_176' title='bbox 1065 2492 1284 2539; x_wconf 86' lang='lat' dir='ltr'><strong>tenente.</strong></span> <span class='ocrx_word' id='word_1_177' title='bbox 1330 2482 1581 2538; x_wconf 78' lang='lat' dir='ltr'><strong>videlicet</strong></span> <span class='ocrx_word' id='word_1_178' title='bbox 1641 2481 1946 2544; x_wconf 90' lang='lat' dir='ltr'><strong>civitatem,</strong></span> 
     </span>
    </p>
   </div>
   <div class='ocr_carea' id='block_1_27' title="bbox 370 2574 1946 2647">
    <p class='ocr_par' dir='ltr' id='par_1_27' title="bbox 370 2574 1946 2647">
     <span class='ocr_line' id='line_1_27' title="bbox 370 2574 1946 2647; baseline -0.004 -13"><span class='ocrx_word' id='word_1_179' title='bbox 370 2588 718 2634; x_wconf 89' lang='lat' dir='ltr'><strong>consecratus</strong></span> <span class='ocrx_word' id='word_1_180' title='bbox 742 2578 923 2633; x_wconf 91' lang='lat' dir='ltr'><strong>fuerit.</strong></span> <span class='ocrx_word' id='word_1_181' title='bbox 954 2578 1125 2633; x_wconf 81' lang='lat' dir='ltr'><strong>Aliter</strong></span> <span class='ocrx_word' id='word_1_182' title='bbox 1144 2578 1287 2634; x_wconf 91' lang='lat' dir='ltr'><strong>enim</strong></span> <span class='ocrx_word' id='word_1_183' title='bbox 1315 2593 1420 2632; x_wconf 92' lang='lat' dir='ltr'><strong>non</strong></span> <span class='ocrx_word' id='word_1_184' title='bbox 1447 2575 1706 2631; x_wconf 69' lang='lat' dir='ltr'><strong>sunthaec</strong></span> <span class='ocrx_word' id='word_1_185' title='bbox 1721 2574 1946 2647; x_wconf 85' lang='lat' dir='ltr'><strong>agenda,</strong></span> 
     </span>
    </p>
   </div>
   <div class='ocr_carea' id='block_1_28' title="bbox 372 2669 977 2727">
    <p class='ocr_par' dir='ltr' id='par_1_28' title="bbox 372 2669 977 2727">
     <span class='ocr_line' id='line_1_28' title="bbox 372 2669 977 2727; baseline -0.005 0"><span class='ocrx_word' id='word_1_186' title='bbox 372 2683 475 2727; x_wconf 86' lang='lat' dir='ltr'><strong>nec</strong></span> <span class='ocrx_word' id='word_1_187' title='bbox 498 2670 599 2724; x_wconf 89' lang='lat' dir='ltr'><strong>rite</strong></span> <span class='ocrx_word' id='word_1_188' title='bbox 636 2669 977 2725; x_wconf 88' lang='lat' dir='ltr'><strong>celebranda.</strong></span> 
     </span>
    </p>
   </div>
   <div class='ocr_carea' id='block_1_29' title="bbox 1111 2757 1197 2814">
    <p class='ocr_par' dir='ltr' id='par_1_29' title="bbox 1111 2757 1197 2814">
     <span class='ocr_line' id='line_1_29' title="bbox 1111 2757 1197 2814; baseline -0.012 0"><span class='ocrx_word' id='word_1_189' title='bbox 1111 2757 1197 2814; x_wconf 84' lang='lat' dir='ltr'><strong>IV.</strong></span> 
     </span>
    </p>
   </div>
   <div class='ocr_carea' id='block_1_30' title="bbox 656 2846 1667 2922">
    <p class='ocr_par' dir='ltr' id='par_1_30' title="bbox 656 2846 1667 2922">
     <span class='ocr_line' id='line_1_30' title="bbox 656 2846 1667 2922; baseline -0.002 -17"><span class='ocrx_word' id='word_1_190' title='bbox 656 2850 734 2905; x_wconf 89' lang='lat' dir='ltr'><strong>De</strong></span> <span class='ocrx_word' id='word_1_191' title='bbox 758 2850 1048 2905; x_wconf 81' lang='lat' dir='ltr'><strong>obedientia</strong></span> <span class='ocrx_word' id='word_1_192' title='bbox 1078 2849 1365 2906; x_wconf 64' lang='lat' dir='ltr'><strong>exhibenda</strong></span> <span class='ocrx_word' id='word_1_193' title='bbox 1395 2846 1667 2922; x_wconf 76' lang='lat' dir='ltr'><strong>episcopis.</strong></span> 
     </span>
    </p>
   </div>
   <div class='ocr_carea' id='block_1_31' title="bbox 557 2937 1775 3012">
    <p class='ocr_par' dir='ltr' id='par_1_31' title="bbox 557 2937 1775 3012">
     <span class='ocr_line' id='line_1_31' title="bbox 557 2937 1775 3012; baseline -0.002 -17"><span class='ocrx_word' id='word_1_194' title='bbox 557 2939 655 3012; x_wconf 76' lang='lat' dir='ltr'><strong>(Ex</strong></span> <span class='ocrx_word' id='word_1_195' title='bbox 694 2940 882 2996; x_wconf 89' lang='lat' dir='ltr'><strong>eadem</strong></span> <span class='ocrx_word' id='word_1_196' title='bbox 907 2939 1131 3010; x_wconf 87' lang='lat' dir='ltr'><strong>epistola</strong></span> <span class='ocrx_word' id='word_1_197' title='bbox 1159 2939 1220 2993; x_wconf 85' lang='grc' dir='ltr'><strong>Β.</strong></span> <span class='ocrx_word' id='word_1_198' title='bbox 1259 2938 1553 2994; x_wconf 87' lang='lat' dir='ltr'><strong>Clementis</strong></span> <span class='ocrx_word' id='word_1_199' title='bbox 1580 2937 1775 3010; x_wconf 62' lang='lat' dir='ltr'><strong>papai.)</strong></span> 
     </span>
    </p>
   </div>
   <div class='ocr_carea' id='block_1_32' title="bbox 455 3029 1950 3102">
    <p class='ocr_par' dir='ltr' id='par_1_32' title="bbox 455 3029 1950 3102">
     <span class='ocr_line' id='line_1_32' title="bbox 455 3029 1950 3102; baseline -0.001 -17"><span class='ocrx_word' id='word_1_200' title='bbox 455 3031 616 3086; x_wconf 80' lang='lat' dir='ltr'><strong>Vobis</strong></span> <span class='ocrx_word' id='word_1_201' title='bbox 643 3032 735 3101; x_wconf 85' lang='lat' dir='ltr'><strong>qui</strong></span> <span class='ocrx_word' id='word_1_202' title='bbox 760 3030 1064 3086; x_wconf 78' lang='lat' dir='ltr'><strong>sacerdotio</strong></span> <span class='ocrx_word' id='word_1_203' title='bbox 1092 3030 1304 3085; x_wconf 88' lang='lat' dir='ltr'><strong>Domini</strong></span> <span class='ocrx_word' id='word_1_204' title='bbox 1348 3029 1630 3102; x_wconf 90' lang='lat' dir='ltr'><strong>fungimini</strong></span> <span class='ocrx_word' id='word_1_205' title='bbox 1659 3038 1715 3084; x_wconf 89' lang='lat' dir='ltr'><strong>et</strong></span> <span class='ocrx_word' id='word_1_206' title='bbox 1747 3030 1800 3084; x_wconf 91' lang='lat' dir='ltr'><strong>in</strong></span> <span class='ocrx_word' id='word_1_207' title='bbox 1830 3045 1950 3101; x_wconf 89' lang='lat' dir='ltr'><strong>spc-</strong></span> 
     </span>
    </p>
   </div>
   <div class='ocr_carea' id='block_1_33' title="bbox 373 3119 1950 3191">
    <p class='ocr_par' dir='ltr' id='par_1_33' title="bbox 373 3119 1950 3191">
     <span class='ocr_line' id='line_1_33' title="bbox 373 3119 1950 3191; baseline 0 -14"><span class='ocrx_word' id='word_1_208' title='bbox 373 3120 495 3177; x_wconf 91' lang='lat' dir='ltr'><strong>culo</strong></span> <span class='ocrx_word' id='word_1_209' title='bbox 537 3121 668 3175; x_wconf 82' lang='lat' dir='ltr'><strong>estis</strong></span> <span class='ocrx_word' id='word_1_210' title='bbox 692 3119 870 3190; x_wconf 92' lang='lat' dir='ltr'><strong>positi,</strong></span> <span class='ocrx_word' id='word_1_211' title='bbox 898 3119 1017 3190; x_wconf 91' lang='lat' dir='ltr'><strong>plus</strong></span> <span class='ocrx_word' id='word_1_212' title='bbox 1044 3120 1182 3175; x_wconf 87' lang='lat' dir='ltr'><strong>scire</strong></span> <span class='ocrx_word' id='word_1_213' title='bbox 1202 3129 1435 3191; x_wconf 84' lang='lat' dir='ltr'><strong>oportet,</strong></span> <span class='ocrx_word' id='word_1_214' title='bbox 1475 3130 1533 3175; x_wconf 91' lang='lat' dir='ltr'><strong>ut</strong></span> <span class='ocrx_word' id='word_1_215' title='bbox 1568 3121 1813 3177; x_wconf 88' lang='lat' dir='ltr'><strong>subditos</strong></span> <span class='ocrx_word' id='word_1_216' title='bbox 1856 3136 1950 3177; x_wconf 91' lang='lat' dir='ltr'><strong>vo-</strong></span> 
     </span>
    </p>
   </div>
   <div class='ocr_carea' id='block_1_34' title="bbox 372 3209 1951 3283">
    <p class='ocr_par' dir='ltr' id='par_1_34' title="bbox 372 3209 1951 3283">
     <span class='ocr_line' id='line_1_34' title="bbox 372 3209 1951 3283; baseline 0.001 -16"><span class='ocrx_word' id='word_1_217' title='bbox 372 3212 459 3267; x_wconf 87' lang='lat' dir='ltr'><strong>bis</strong></span> <span class='ocrx_word' id='word_1_218' title='bbox 486 3209 712 3282; x_wconf 79' lang='lat' dir='ltr'><strong>populds</strong></span> <span class='ocrx_word' id='word_1_219' title='bbox 746 3210 980 3281; x_wconf 88' lang='lat' dir='ltr'><strong>pleniter</strong></span> <span class='ocrx_word' id='word_1_220' title='bbox 1022 3212 1217 3267; x_wconf 90' lang='lat' dir='ltr'><strong>docere</strong></span> <span class='ocrx_word' id='word_1_221' title='bbox 1256 3212 1498 3282; x_wconf 87' lang='lat' dir='ltr'><strong>possitis,</strong></span> <span class='ocrx_word' id='word_1_222' title='bbox 1545 3214 1731 3283; x_wconf 83' lang='lat' dir='ltr'><strong>eisque</strong></span> <span class='ocrx_word' id='word_1_223' title='bbox 1761 3212 1828 3267; x_wconf 89' lang='lat' dir='ltr'><strong>ad</strong></span> <span class='ocrx_word' id='word_1_224' title='bbox 1871 3228 1951 3268; x_wconf 90' lang='lat' dir='ltr'><strong>rc-</strong></span> 
     </span>
    </p>
   </div>
   <div class='ocr_carea' id='block_1_35' title="bbox 375 3301 1952 3375">
    <p class='ocr_par' dir='ltr' id='par_1_35' title="bbox 375 3301 1952 3375">
     <span class='ocr_line' id='line_1_35' title="bbox 375 3301 1952 3375; baseline 0.003 -18"><span class='ocrx_word' id='word_1_225' title='bbox 375 3318 480 3373; x_wconf 89' lang='lat' dir='ltr'><strong>gna</strong></span> <span class='ocrx_word' id='word_1_226' title='bbox 527 3302 788 3358; x_wconf 83' lang='lat' dir='ltr'><strong>caelorum</strong></span> <span class='ocrx_word' id='word_1_227' title='bbox 839 3301 1089 3358; x_wconf 89' lang='lat' dir='ltr'><strong>ducatum</strong></span> <span class='ocrx_word' id='word_1_228' title='bbox 1109 3303 1351 3375; x_wconf 68' lang='lat' dir='ltr'><strong>pmbere</strong></span> <span class='ocrx_word' id='word_1_229' title='bbox 1402 3303 1633 3362; x_wconf 87' lang='lat' dir='ltr'><strong>Domino</strong></span> <span class='ocrx_word' id='word_1_230' title='bbox 1679 3314 1952 3363; x_wconf 79' lang='lat' dir='ltr'><strong>annuente</strong></span> 
     </span>
    </p>
   </div>
   <div class='ocr_carea' id='block_1_36' title="bbox 377 3392 1951 3465">
    <p class='ocr_par' dir='ltr' id='par_1_36' title="bbox 377 3392 1951 3465">
     <span class='ocr_line' id='line_1_36' title="bbox 377 3392 1951 3465; baseline 0.005 -22"><span class='ocrx_word' id='word_1_231' title='bbox 377 3392 602 3448; x_wconf 78' lang='lat' dir='ltr'><strong>valeatis</strong></span> <span class='ocrx_word' id='word_1_232' title='bbox 655 3409 668 3446; x_wconf 89' lang='lat'><strong>:</strong></span> <span class='ocrx_word' id='word_1_233' title='bbox 715 3392 858 3448; x_wconf 90' lang='lat' dir='ltr'><strong>unde</strong></span> <span class='ocrx_word' id='word_1_234' title='bbox 896 3400 952 3448; x_wconf 90' lang='lat' dir='ltr'><strong>et</strong></span> <span class='ocrx_word' id='word_1_235' title='bbox 993 3393 1107 3462; x_wconf 89' lang='lat' dir='ltr'><strong>ipsa</strong></span> <span class='ocrx_word' id='word_1_236' title='bbox 1143 3409 1240 3465; x_wconf 87' lang='lat' dir='ltr'><strong>per</strong></span> <span class='ocrx_word' id='word_1_237' title='bbox 1276 3409 1336 3449; x_wconf 92' lang='lat' dir='ltr'><strong>se</strong></span> <span class='ocrx_word' id='word_1_238' title='bbox 1370 3395 1582 3450; x_wconf 82' lang='lat' dir='ltr'><strong>Veritas</strong></span> <span class='ocrx_word' id='word_1_239' title='bbox 1626 3395 1702 3450; x_wconf 92' lang='lat' dir='ltr'><strong>ait</strong></span> <span class='ocrx_word' id='word_1_240' title='bbox 1734 3412 1747 3449; x_wconf 89' lang='lat'><strong>:</strong></span> <span class='ocrx_word' id='word_1_241' title='bbox 1796 3394 1951 3451; x_wconf 75' lang='lat' dir='ltr'><strong>Vobis</strong></span> 
     </span>
    </p>
   </div>
   <div class='ocr_carea' id='block_1_37' title="bbox 377 3480 1951 3556">
    <p class='ocr_par' dir='ltr' id='par_1_37' title="bbox 377 3480 1951 3556">
     <span class='ocr_line' id='line_1_37' title="bbox 377 3480 1951 3556; baseline 0.004 -20"><span class='ocrx_word' id='word_1_242' title='bbox 377 3483 562 3536; x_wconf 83' lang='lat' dir='ltr'><strong>datum</strong></span> <span class='ocrx_word' id='word_1_243' title='bbox 609 3491 683 3537; x_wconf 76' lang='lat' dir='ltr'><strong>est</strong></span> <span class='ocrx_word' id='word_1_244' title='bbox 712 3499 862 3537; x_wconf 83' lang='lat' dir='ltr'><strong>nosse</strong></span> <span class='ocrx_word' id='word_1_245' title='bbox 888 3480 1189 3553; x_wconf 59' lang='lat' dir='ltr'><strong>mysterium</strong></span> <span class='ocrx_word' id='word_1_246' title='bbox 1219 3485 1363 3556; x_wconf 82' lang='lat' dir='ltr'><strong>regni</strong></span> <span class='ocrx_word' id='word_1_247' title='bbox 1385 3486 1501 3552; x_wconf 89' lang='lat' dir='ltr'><strong>Dei,</strong></span> <span class='ocrx_word' id='word_1_248' title='bbox 1528 3488 1730 3541; x_wconf 71' lang='lat' dir='ltr'><strong>cirteris</strong></span> <span class='ocrx_word' id='word_1_249' title='bbox 1776 3496 1951 3542; x_wconf 82' lang='lat' dir='ltr'><strong>autem</strong></span> 
     </span>
    </p>
   </div>
   <div class='ocr_carea' id='block_1_38' title="bbox 377 3573 1954 3649">
    <p class='ocr_par' dir='ltr' id='par_1_38' title="bbox 377 3573 1954 3649">
     <span class='ocr_line' id='line_1_38' title="bbox 377 3573 1954 3649; baseline 0.003 -20"><span class='ocrx_word' id='word_1_250' title='bbox 377 3576 431 3629; x_wconf 84' lang='lat' dir='ltr'><strong>in</strong></span> <span class='ocrx_word' id='word_1_251' title='bbox 460 3573 749 3645; x_wconf 82' lang='lat' dir='ltr'><strong>parabolis,</strong></span> <span class='ocrx_word' id='word_1_252' title='bbox 778 3583 834 3629; x_wconf 87' lang='lat' dir='ltr'><strong>et</strong></span> <span class='ocrx_word' id='word_1_253' title='bbox 858 3575 1083 3646; x_wconf 89' lang='lat' dir='ltr'><strong>reliqua.</strong></span> <span class='ocrx_word' id='word_1_254' title='bbox 1120 3574 1374 3631; x_wconf 78' lang='lat' dir='ltr'><strong>Vestrum</strong></span> <span class='ocrx_word' id='word_1_255' title='bbox 1399 3593 1446 3629; x_wconf 84' lang='lat' dir='ltr'><strong>ei</strong></span> <span class='ocrx_word' id='word_1_256' title='bbox 1469 3576 1545 3631; x_wconf 92' lang='lat' dir='ltr'><strong>im</strong></span> <span class='ocrx_word' id='word_1_257' title='bbox 1570 3579 1661 3647; x_wconf 90' lang='lat' dir='ltr'><strong>qui</strong></span> <span class='ocrx_word' id='word_1_258' title='bbox 1688 3577 1954 3649; x_wconf 83' lang='lat' dir='ltr'><strong>legatione</strong></span> 
     </span>
    </p>
   </div>
   <div class='ocr_carea' id='block_1_39' title="bbox 382 3664 1955 3737">
    <p class='ocr_par' dir='ltr' id='par_1_39' title="bbox 382 3664 1955 3737">
     <span class='ocr_line' id='line_1_39' title="bbox 382 3664 1955 3737; baseline 0.003 -18"><span class='ocrx_word' id='word_1_259' title='bbox 382 3666 593 3720; x_wconf 84' lang='lat' dir='ltr'><strong>Domini</strong></span> <span class='ocrx_word' id='word_1_260' title='bbox 629 3664 935 3737; x_wconf 85' lang='lat' dir='ltr'><strong>fungimini,</strong></span> <span class='ocrx_word' id='word_1_261' title='bbox 963 3673 1046 3719; x_wconf 90' lang='lat' dir='ltr'><strong>est</strong></span> <span class='ocrx_word' id='word_1_262' title='bbox 1091 3665 1287 3719; x_wconf 83' lang='lat' dir='ltr'><strong>docere</strong></span> <span class='ocrx_word' id='word_1_263' title='bbox 1334 3665 1580 3735; x_wconf 88' lang='lat' dir='ltr'><strong>populos,</strong></span> <span class='ocrx_word' id='word_1_264' title='bbox 1609 3682 1795 3721; x_wconf 80' lang='lat' dir='ltr'><strong>eorum</strong></span> <span class='ocrx_word' id='word_1_265' title='bbox 1823 3682 1955 3723; x_wconf 81' lang='lat' dir='ltr'><strong>vero</strong></span> 
     </span>
    </p>
   </div>
   <div class='ocr_carea' id='block_1_40' title="bbox 376 3754 1953 3829">
    <p class='ocr_par' dir='ltr' id='par_1_40' title="bbox 376 3754 1953 3829">
     <span class='ocr_line' id='line_1_40' title="bbox 376 3754 1953 3829; baseline 0.002 -17"><span class='ocrx_word' id='word_1_266' title='bbox 376 3766 462 3812; x_wconf 88' lang='lat' dir='ltr'><strong>est</strong></span> <span class='ocrx_word' id='word_1_267' title='bbox 480 3756 632 3811; x_wconf 83' lang='lat' dir='ltr'><strong>vobis</strong></span> <span class='ocrx_word' id='word_1_268' title='bbox 661 3757 881 3812; x_wconf 84' lang='lat' dir='ltr'><strong>obedire</strong></span> <span class='ocrx_word' id='word_1_269' title='bbox 906 3762 965 3809; x_wconf 91' lang='lat' dir='ltr'><strong>ut</strong></span> <span class='ocrx_word' id='word_1_270' title='bbox 991 3757 1122 3811; x_wconf 92' lang='lat' dir='ltr'><strong>Deo.</strong></span> <span class='ocrx_word' id='word_1_271' title='bbox 1173 3754 1229 3811; x_wconf 91' lang='lat' dir='ltr'><strong>Si</strong></span> <span class='ocrx_word' id='word_1_272' title='bbox 1266 3766 1445 3811; x_wconf 87' lang='lat' dir='ltr'><strong>autem</strong></span> <span class='ocrx_word' id='word_1_273' title='bbox 1496 3759 1652 3814; x_wconf 75' lang='lat' dir='ltr'><strong>nobis</strong></span> <span class='ocrx_word' id='word_1_274' title='bbox 1680 3757 1953 3829; x_wconf 89' lang='lat' dir='ltr'><strong>episcopis</strong></span> 
     </span>
    </p>
   </div>
   <div class='ocr_carea' id='block_1_41' title="bbox 379 3844 1958 3917">
    <p class='ocr_par' dir='ltr' id='par_1_41' title="bbox 379 3844 1958 3917">
     <span class='ocr_line' id='line_1_41' title="bbox 379 3844 1958 3917; baseline 0.001 -16"><span class='ocrx_word' id='word_1_275' title='bbox 379 3862 483 3901; x_wconf 87' lang='lat' dir='ltr'><strong>non</strong></span> <span class='ocrx_word' id='word_1_276' title='bbox 503 3844 806 3901; x_wconf 88' lang='lat' dir='ltr'><strong>obedierint</strong></span> <span class='ocrx_word' id='word_1_277' title='bbox 824 3860 1013 3901; x_wconf 90' lang='lat' dir='ltr'><strong>omnes</strong></span> <span class='ocrx_word' id='word_1_278' title='bbox 1038 3846 1358 3917; x_wconf 86' lang='lat' dir='ltr'><strong>presbyteri,</strong></span> <span class='ocrx_word' id='word_1_279' title='bbox 1399 3847 1633 3913; x_wconf 87' lang='lat' dir='ltr'><strong>diaconi,</strong></span> <span class='ocrx_word' id='word_1_280' title='bbox 1660 3864 1726 3903; x_wconf 92' lang='lat' dir='ltr'><strong>ac</strong></span> <span class='ocrx_word' id='word_1_281' title='bbox 1744 3848 1958 3904; x_wconf 83' lang='lat' dir='ltr'><strong>subdia-</strong></span> 
     </span>
    </p>
   </div>
   <div class='ocr_carea' id='block_1_42' title="bbox 378 3934 1955 4008">
    <p class='ocr_par' dir='ltr' id='par_1_42' title="bbox 378 3934 1955 4008">
     <span class='ocr_line' id='line_1_42' title="bbox 378 3934 1955 4008; baseline 0.003 -19"><span class='ocrx_word' id='word_1_282' title='bbox 378 3936 522 3998; x_wconf 89' lang='lat' dir='ltr'><strong>coni,</strong></span> <span class='ocrx_word' id='word_1_283' title='bbox 579 3943 635 3989; x_wconf 88' lang='lat' dir='ltr'><strong>et</strong></span> <span class='ocrx_word' id='word_1_284' title='bbox 686 3934 879 4005; x_wconf 88' lang='lat' dir='ltr'><strong>reliqui</strong></span> <span class='ocrx_word' id='word_1_285' title='bbox 930 3934 1138 3999; x_wconf 88' lang='lat' dir='ltr'><strong>clerici,</strong></span> <span class='ocrx_word' id='word_1_286' title='bbox 1185 3950 1481 4006; x_wconf 85' lang='lat' dir='ltr'><strong>omnesque</strong></span> <span class='ocrx_word' id='word_1_287' title='bbox 1529 3937 1801 4008; x_wconf 84' lang='lat' dir='ltr'><strong>principes</strong></span> <span class='ocrx_word' id='word_1_288' title='bbox 1845 3946 1955 3993; x_wconf 87' lang='lat' dir='ltr'><strong>tam</strong></span> 
     </span>
    </p>
   </div>
   <div class='ocr_carea' id='block_1_43' title="bbox 382 4022 1955 4096">
    <p class='ocr_par' dir='ltr' id='par_1_43' title="bbox 382 4022 1955 4096">
     <span class='ocr_line' id='line_1_43' title="bbox 382 4022 1955 4096; baseline 0.001 -17"><span class='ocrx_word' id='word_1_289' title='bbox 382 4022 603 4093; x_wconf 80' lang='lat' dir='ltr'><strong>maioris</strong></span> <span class='ocrx_word' id='word_1_290' title='bbox 647 4022 852 4079; x_wconf 86' lang='lat' dir='ltr'><strong>ordinis</strong></span> <span class='ocrx_word' id='word_1_291' title='bbox 881 4038 1042 4094; x_wconf 87' lang='lat' dir='ltr'><strong>quam</strong></span> <span class='ocrx_word' id='word_1_292' title='bbox 1101 4032 1158 4078; x_wconf 89' lang='lat' dir='ltr'><strong>et</strong></span> <span class='ocrx_word' id='word_1_293' title='bbox 1209 4023 1501 4095; x_wconf 87' lang='lat' dir='ltr'><strong>inferioris,</strong></span> <span class='ocrx_word' id='word_1_294' title='bbox 1538 4022 1714 4096; x_wconf 82' lang='lat' dir='ltr'><strong>atque</strong></span> <span class='ocrx_word' id='word_1_295' title='bbox 1764 4024 1955 4096; x_wconf 87' lang='lat' dir='ltr'><strong>reliqui</strong></span> 
     </span>
    </p>
   </div>
   <div class='ocr_carea' id='block_1_44' title="bbox 380 4116 1957 4188">
    <p class='ocr_par' dir='ltr' id='par_1_44' title="bbox 380 4116 1957 4188">
     <span class='ocr_line' id='line_1_44' title="bbox 380 4116 1957 4188; baseline 0.002 -19"><span class='ocrx_word' id='word_1_296' title='bbox 380 4116 587 4187; x_wconf 88' lang='lat' dir='ltr'><strong>populi,</strong></span> <span class='ocrx_word' id='word_1_297' title='bbox 615 4116 810 4181; x_wconf 88' lang='lat' dir='ltr'><strong>tribus,</strong></span> <span class='ocrx_word' id='word_1_298' title='bbox 840 4126 897 4171; x_wconf 91' lang='lat' dir='ltr'><strong>et</strong></span> <span class='ocrx_word' id='word_1_299' title='bbox 934 4116 1129 4185; x_wconf 73' lang='lat' dir='ltr'><strong>lingua:</strong></span> <span class='ocrx_word' id='word_1_300' title='bbox 1158 4132 1264 4170; x_wconf 91' lang='lat' dir='ltr'><strong>non</strong></span> <span class='ocrx_word' id='word_1_301' title='bbox 1293 4117 1811 4188; x_wconf 84' lang='lat' dir='ltr'><strong>obtemperaverint,</strong></span> <span class='ocrx_word' id='word_1_302' title='bbox 1849 4133 1957 4172; x_wconf 90' lang='lat' dir='ltr'><strong>non</strong></span> 
     </span>
    </p>
   </div>
   <div class='ocr_carea' id='block_1_45' title="bbox 382 4207 1958 4281">
    <p class='ocr_par' dir='ltr' id='par_1_45' title="bbox 382 4207 1958 4281">
     <span class='ocr_line' id='line_1_45' title="bbox 382 4207 1958 4281; baseline 0 -18"><span class='ocrx_word' id='word_1_303' title='bbox 382 4208 555 4263; x_wconf 90' lang='lat' dir='ltr'><strong>solum</strong></span> <span class='ocrx_word' id='word_1_304' title='bbox 580 4207 830 4273; x_wconf 89' lang='lat' dir='ltr'><strong>infames,</strong></span> <span class='ocrx_word' id='word_1_305' title='bbox 858 4208 951 4263; x_wconf 90' lang='lat' dir='ltr'><strong>sed</strong></span> <span class='ocrx_word' id='word_1_306' title='bbox 981 4216 1036 4262; x_wconf 91' lang='lat' dir='ltr'><strong>et</strong></span> <span class='ocrx_word' id='word_1_307' title='bbox 1061 4216 1307 4264; x_wconf 75' lang='lat' dir='ltr'><strong>extorres</strong></span> <span class='ocrx_word' id='word_1_308' title='bbox 1325 4223 1355 4262; x_wconf 92' lang='lat' dir='ltr'><strong>a</strong></span> <span class='ocrx_word' id='word_1_309' title='bbox 1382 4224 1549 4281; x_wconf 85' lang='lat' dir='ltr'><strong>regno</strong></span> <span class='ocrx_word' id='word_1_310' title='bbox 1578 4210 1698 4274; x_wconf 85' lang='lat' dir='ltr'><strong>Dei,</strong></span> <span class='ocrx_word' id='word_1_311' title='bbox 1731 4218 1785 4265; x_wconf 90' lang='lat' dir='ltr'><strong>et</strong></span> <span class='ocrx_word' id='word_1_312' title='bbox 1824 4224 1958 4264; x_wconf 89' lang='lat' dir='ltr'><strong>con-</strong></span> 
     </span>
    </p>
   </div>
   <div class='ocr_carea' id='block_1_46' title="bbox 385 4297 1961 4364">
    <p class='ocr_par' dir='ltr' id='par_1_46' title="bbox 385 4297 1961 4364">
     <span class='ocr_line' id='line_1_46' title="bbox 385 4297 1961 4364; baseline 0.003 -12"><span class='ocrx_word' id='word_1_313' title='bbox 385 4299 556 4353; x_wconf 84' lang='lat' dir='ltr'><strong>snrtio</strong></span> <span class='ocrx_word' id='word_1_314' title='bbox 604 4297 865 4364; x_wconf 86' lang='lat' dir='ltr'><strong>fidelium,</strong></span> <span class='ocrx_word' id='word_1_315' title='bbox 919 4312 951 4352; x_wconf 90' lang='lat' dir='ltr'><strong>a</strong></span> <span class='ocrx_word' id='word_1_316' title='bbox 1002 4298 1280 4354; x_wconf 89' lang='lat' dir='ltr'><strong>liminibus</strong></span> <span class='ocrx_word' id='word_1_317' title='bbox 1318 4309 1521 4355; x_wconf 73' lang='lat' dir='ltr'><strong>sanctae</strong></span> <span class='ocrx_word' id='word_1_318' title='bbox 1566 4300 1662 4358; x_wconf 80' lang='lat' dir='ltr'><strong>Dei</strong></span> <span class='ocrx_word' id='word_1_319' title='bbox 1706 4300 1961 4357; x_wconf 68' lang='lat' dir='ltr'><strong>Ecclesia:</strong></span> 
     </span>
    </p>
   </div>
   <div class='ocr_carea' id='block_1_47' title="bbox 2046 474 3612 553">
    <p class='ocr_par' dir='ltr' id='par_1_47' title="bbox 2046 474 3612 553">
     <span class='ocr_line' id='line_1_47' title="bbox 2046 474 3612 553; baseline -0.009 -16"><span class='ocrx_word' id='word_1_320' title='bbox 2046 498 2133 537; x_wconf 89' lang='lat' dir='ltr'><strong>res</strong></span> <span class='ocrx_word' id='word_1_321' title='bbox 2160 499 2258 553; x_wconf 86' lang='lat' dir='ltr'><strong>per</strong></span> <span class='ocrx_word' id='word_1_322' title='bbox 2284 481 2399 550; x_wconf 77' lang='lat' dir='ltr'><strong>ejus</strong></span> <span class='ocrx_word' id='word_1_323' title='bbox 2419 480 2697 535; x_wconf 79' lang='lat' dir='ltr'><strong>licentiam</strong></span> <span class='ocrx_word' id='word_1_324' title='bbox 2712 476 2970 547; x_wconf 84' lang='lat' dir='ltr'><strong>quidquid</strong></span> <span class='ocrx_word' id='word_1_325' title='bbox 3000 474 3265 546; x_wconf 90' lang='lat' dir='ltr'><strong>agendum</strong></span> <span class='ocrx_word' id='word_1_326' title='bbox 3303 480 3392 528; x_wconf 89' lang='lat' dir='ltr'><strong>est</strong></span> <span class='ocrx_word' id='word_1_327' title='bbox 3426 478 3612 550; x_wconf 70' lang='lat' dir='ltr'><strong>agant,</strong></span> 
     </span>
    </p>
   </div>
   <div class='ocr_carea' id='block_1_48' title="bbox 2044 563 3615 643">
    <p class='ocr_par' dir='ltr' id='par_1_48' title="bbox 2044 563 3615 643">
     <span class='ocr_line' id='line_1_48' title="bbox 2044 563 3615 643; baseline -0.006 -16"><span class='ocrx_word' id='word_1_328' title='bbox 2044 589 2143 628; x_wconf 92' lang='lat' dir='ltr'><strong>nec</strong></span> <span class='ocrx_word' id='word_1_329' title='bbox 2169 573 2286 629; x_wconf 91' lang='lat' dir='ltr'><strong>sine</strong></span> <span class='ocrx_word' id='word_1_330' title='bbox 2324 569 2440 641; x_wconf 74' lang='lat' dir='ltr'><strong>ejus</strong></span> <span class='ocrx_word' id='word_1_331' title='bbox 2471 569 2735 643; x_wconf 88' lang='lat' dir='ltr'><strong>permisso</strong></span> <span class='ocrx_word' id='word_1_332' title='bbox 2781 583 2813 622; x_wconf 90' lang='lat' dir='ltr'><strong>a</strong></span> <span class='ocrx_word' id='word_1_333' title='bbox 2858 582 2954 623; x_wconf 90' lang='lat' dir='ltr'><strong>sua</strong></span> <span class='ocrx_word' id='word_1_334' title='bbox 3000 565 3256 637; x_wconf 87' lang='lat' dir='ltr'><strong>parocbia</strong></span> <span class='ocrx_word' id='word_1_335' title='bbox 3297 563 3615 628; x_wconf 81' lang='lat' dir='ltr'><strong>abscedant,</strong></span> 
     </span>
    </p>
   </div>
   <div class='ocr_carea' id='block_1_49' title="bbox 2043 653 3618 727">
    <p class='ocr_par' dir='ltr' id='par_1_49' title="bbox 2043 653 3618 727">
     <span class='ocr_line' id='line_1_49' title="bbox 2043 653 3618 727; baseline -0.006 -9"><span class='ocrx_word' id='word_1_336' title='bbox 2043 678 2143 718; x_wconf 91' lang='lat' dir='ltr'><strong>nec</strong></span> <span class='ocrx_word' id='word_1_337' title='bbox 2178 660 2230 717; x_wconf 91' lang='lat' dir='ltr'><strong>in</strong></span> <span class='ocrx_word' id='word_1_338' title='bbox 2262 678 2322 717; x_wconf 89' lang='lat' dir='ltr'><strong>ea</strong></span> <span class='ocrx_word' id='word_1_339' title='bbox 2352 660 2703 717; x_wconf 83' lang='lat' dir='ltr'><strong>adventantes</strong></span> <span class='ocrx_word' id='word_1_340' title='bbox 2749 658 2953 714; x_wconf 88' lang='lat' dir='ltr'><strong>morari</strong></span> <span class='ocrx_word' id='word_1_341' title='bbox 3010 664 3360 727; x_wconf 67' lang='lat' dir='ltr'><strong>prmsumant.</strong></span> <span class='ocrx_word' id='word_1_342' title='bbox 3406 653 3618 709; x_wconf 65' lang='lat' dir='ltr'><strong>Animae</strong></span> 
     </span>
    </p>
   </div>
   <div class='ocr_carea' id='block_1_50' title="bbox 2041 741 3619 813">
    <p class='ocr_par' dir='ltr' id='par_1_50' title="bbox 2041 741 3619 813">
     <span class='ocr_line' id='line_1_50' title="bbox 2041 741 3619 813; baseline -0.004 -8"><span class='ocrx_word' id='word_1_343' title='bbox 2041 768 2171 808; x_wconf 85' lang='lat' dir='ltr'><strong>vero</strong></span> <span class='ocrx_word' id='word_1_344' title='bbox 2224 767 2412 807; x_wconf 90' lang='lat' dir='ltr'><strong>eorum</strong></span> <span class='ocrx_word' id='word_1_345' title='bbox 2466 751 2516 806; x_wconf 93' lang='lat' dir='ltr'><strong>ei</strong></span> <span class='ocrx_word' id='word_1_346' title='bbox 2567 751 2787 805; x_wconf 64' lang='lat' dir='ltr'><strong>credita:</strong></span> <span class='ocrx_word' id='word_1_347' title='bbox 2838 756 2964 804; x_wconf 91' lang='lat' dir='ltr'><strong>sunt</strong></span> <span class='ocrx_word' id='word_1_348' title='bbox 3012 765 3024 801; x_wconf 88' lang='lat'><strong>:</strong></span> <span class='ocrx_word' id='word_1_349' title='bbox 3080 746 3201 803; x_wconf 87' lang='lat' dir='ltr'><strong>ideo</strong></span> <span class='ocrx_word' id='word_1_350' title='bbox 3255 745 3438 801; x_wconf 90' lang='lat' dir='ltr'><strong>omnia</strong></span> <span class='ocrx_word' id='word_1_351' title='bbox 3495 741 3619 813; x_wconf 84' lang='lat' dir='ltr'><strong>ejus</strong></span> 
     </span>
    </p>
   </div>
   <div class='ocr_carea' id='block_1_51' title="bbox 2043 835 3401 913">
    <p class='ocr_par' dir='ltr' id='par_1_51' title="bbox 2043 835 3401 913">
     <span class='ocr_line' id='line_1_51' title="bbox 2043 835 3401 913; baseline -0.007 -15"><span class='ocrx_word' id='word_1_352' title='bbox 2043 842 2269 899; x_wconf 90' lang='lat' dir='ltr'><strong>consilio</strong></span> <span class='ocrx_word' id='word_1_353' title='bbox 2292 857 2453 913; x_wconf 82' lang='lat' dir='ltr'><strong>agere</strong></span> <span class='ocrx_word' id='word_1_354' title='bbox 2478 842 2698 906; x_wconf 90' lang='lat' dir='ltr'><strong>debent,</strong></span> <span class='ocrx_word' id='word_1_355' title='bbox 2728 848 2783 895; x_wconf 89' lang='lat' dir='ltr'><strong>et</strong></span> <span class='ocrx_word' id='word_1_356' title='bbox 2814 856 2878 895; x_wconf 84' lang='lat' dir='ltr'><strong>eo</strong></span> <span class='ocrx_word' id='word_1_357' title='bbox 2907 836 3209 893; x_wconf 87' lang='lat' dir='ltr'><strong>inconsulto</strong></span> <span class='ocrx_word' id='word_1_358' title='bbox 3243 835 3401 890; x_wconf 91' lang='lat' dir='ltr'><strong>nihil.</strong></span> 
     </span>
    </p>
   </div>
   <div class='ocr_carea' id='block_1_52' title="bbox 2787 948 2873 1006">
    <p class='ocr_par' dir='ltr' id='par_1_52' title="bbox 2787 948 2873 1006">
     <span class='ocr_line' id='line_1_52' title="bbox 2787 948 2873 1006; baseline -0.023 0"><span class='ocrx_word' id='word_1_359' title='bbox 2787 948 2873 1006; x_wconf 63' lang='grc' dir='ltr'><strong>γι.</strong></span> 
     </span>
    </p>
   </div>
   <div class='ocr_carea' id='block_1_53' title="bbox 2044 1034 3713 1116">
    <p class='ocr_par' dir='ltr' id='par_1_53' title="bbox 2044 1034 3713 1116">
     <span class='ocr_line' id='line_1_53' title="bbox 2044 1034 3713 1116; baseline -0.003 -19"><span class='ocrx_word' id='word_1_360' title='bbox 2044 1042 2197 1110; x_wconf 75' lang='lat' dir='ltr'><strong>Quod</strong></span> <span class='ocrx_word' id='word_1_361' title='bbox 2246 1042 2485 1097; x_wconf 79' lang='lat' dir='ltr'><strong>omnibus</strong></span> <span class='ocrx_word' id='word_1_362' title='bbox 2513 1040 2823 1112; x_wconf 75' lang='lat' dir='ltr'><strong>baptismum</strong></span> <span class='ocrx_word' id='word_1_363' title='bbox 2867 1034 3128 1110; x_wconf 75' lang='lat' dir='ltr'><strong>percipere</strong></span> <span class='ocrx_word' id='word_1_364' title='bbox 3155 1038 3221 1092; x_wconf 88' lang='lat' dir='ltr'><strong>sit</strong></span> <span class='ocrx_word' id='word_1_365' title='bbox 3244 1035 3617 1092; x_wconf 68' lang='lat' dir='ltr'><strong>necessarium.</strong></span> <span class='ocrx_word' id='word_1_366' title='bbox 3708 1111 3713 1116; x_wconf 83' lang='lat'><em>_</em></span> 
     </span>
    </p>
   </div>
   <div class='ocr_carea' id='block_1_54' title="bbox 2043 1123 3615 1206">
    <p class='ocr_par' dir='ltr' id='par_1_54' title="bbox 2043 1123 3615 1206">
     <span class='ocr_line' id='line_1_54' title="bbox 2043 1123 3615 1206; baseline -0.006 -18"><span class='ocrx_word' id='word_1_367' title='bbox 2043 1134 2145 1206; x_wconf 81' lang='lat' dir='ltr'><strong>(Ex</strong></span> <span class='ocrx_word' id='word_1_368' title='bbox 2176 1132 2401 1206; x_wconf 79' lang='lat' dir='ltr'><strong>epistola</strong></span> <span class='ocrx_word' id='word_1_369' title='bbox 2431 1129 2493 1184; x_wconf 83' lang='grc' dir='ltr'><strong>Β.</strong></span> <span class='ocrx_word' id='word_1_370' title='bbox 2523 1129 3019 1206; x_wconf 69' lang='lat' dir='ltr'><strong>Clementispapte,</strong></span> <span class='ocrx_word' id='word_1_371' title='bbox 3042 1128 3244 1206; x_wconf 62' lang='lat' dir='ltr'><strong>scripta</strong></span> <span class='ocrx_word' id='word_1_372' title='bbox 3264 1123 3406 1182; x_wconf 74' lang='lat' dir='ltr'><strong>Iulio</strong></span> <span class='ocrx_word' id='word_1_373' title='bbox 3426 1142 3492 1182; x_wconf 90' lang='lat' dir='ltr'><strong>ac</strong></span> <span class='ocrx_word' id='word_1_374' title='bbox 3511 1125 3615 1187; x_wconf 82' lang='lat' dir='ltr'><strong>Ju-</strong></span> 
     </span>
    </p>
   </div>
   <div class='ocr_carea' id='block_1_55' title="bbox 2353 1197 3263 1269">
    <p class='ocr_par' dir='ltr' id='par_1_55' title="bbox 2353 1197 3263 1269">
     <span class='ocr_line' id='line_1_55' title="bbox 2353 1197 3263 1269; baseline -0.004 -15"><span class='ocrx_word' id='word_1_375' title='bbox 2353 1199 2520 1267; x_wconf 91' lang='lat' dir='ltr'><strong>liano,</strong></span> <span class='ocrx_word' id='word_1_376' title='bbox 2551 1208 2604 1254; x_wconf 90' lang='lat' dir='ltr'><strong>et</strong></span> <span class='ocrx_word' id='word_1_377' title='bbox 2645 1197 2869 1269; x_wconf 80' lang='lat' dir='ltr'><strong>reliquis</strong></span> <span class='ocrx_word' id='word_1_378' title='bbox 2888 1197 3263 1252; x_wconf 84' lang='lat' dir='ltr'><strong>consedalibus</strong></span> 
     </span>
    </p>
   </div>
   <div class='ocr_carea' id='block_1_56' title="bbox 2114 1282 3617 1362">
    <p class='ocr_par' dir='ltr' id='par_1_56' title="bbox 2114 1282 3617 1362">
     <span class='ocr_line' id='line_1_56' title="bbox 2114 1282 3617 1362; baseline -0.007 -14"><span class='ocrx_word' id='word_1_379' title='bbox 2114 1290 2241 1348; x_wconf 87' lang='lat' dir='ltr'><strong>Sive</strong></span> <span class='ocrx_word' id='word_1_380' title='bbox 2275 1292 2420 1347; x_wconf 90' lang='lat' dir='ltr'><strong>enim</strong></span> <span class='ocrx_word' id='word_1_381' title='bbox 2466 1291 2649 1362; x_wconf 88' lang='lat' dir='ltr'><strong>justus</strong></span> <span class='ocrx_word' id='word_1_382' title='bbox 2677 1289 2769 1356; x_wconf 90' lang='lat' dir='ltr'><strong>sit,</strong></span> <span class='ocrx_word' id='word_1_383' title='bbox 2817 1288 2931 1343; x_wconf 89' lang='lat' dir='ltr'><strong>sive</strong></span> <span class='ocrx_word' id='word_1_384' title='bbox 2978 1282 3239 1356; x_wconf 76' lang='lat' dir='ltr'><strong>iniustus,</strong></span> <span class='ocrx_word' id='word_1_385' title='bbox 3286 1283 3617 1355; x_wconf 85' lang='lat' dir='ltr'><strong>baptismum</strong></span> 
     </span>
    </p>
   </div>
   <div class='ocr_carea' id='block_1_57' title="bbox 2040 1375 3618 1454">
    <p class='ocr_par' dir='ltr' id='par_1_57' title="bbox 2040 1375 3618 1454">
     <span class='ocr_line' id='line_1_57' title="bbox 2040 1375 3618 1454; baseline -0.004 -18"><span class='ocrx_word' id='word_1_386' title='bbox 2040 1398 2138 1454; x_wconf 87' lang='lat' dir='ltr'><strong>per</strong></span> <span class='ocrx_word' id='word_1_387' title='bbox 2158 1380 2339 1438; x_wconf 85' lang='lat' dir='ltr'><strong>omnia</strong></span> <span class='ocrx_word' id='word_1_388' title='bbox 2368 1380 2734 1438; x_wconf 89' lang='lat' dir='ltr'><strong>necessarium</strong></span> <span class='ocrx_word' id='word_1_389' title='bbox 2755 1389 2857 1437; x_wconf 91' lang='lat' dir='ltr'><strong>est.</strong></span> <span class='ocrx_word' id='word_1_390' title='bbox 2896 1375 3049 1435; x_wconf 85' lang='lat' dir='ltr'><strong>Justo</strong></span> <span class='ocrx_word' id='word_1_391' title='bbox 3084 1377 3326 1448; x_wconf 84' lang='lat' dir='ltr'><strong>quidem,</strong></span> <span class='ocrx_word' id='word_1_392' title='bbox 3354 1385 3415 1430; x_wconf 89' lang='lat' dir='ltr'><strong>ut</strong></span> <span class='ocrx_word' id='word_1_393' title='bbox 3440 1375 3618 1431; x_wconf 86' lang='lat' dir='ltr'><strong>adim-</strong></span> 
     </span>
    </p>
   </div>
   <div class='ocr_carea' id='block_1_58' title="bbox 2039 1464 3620 1546">
    <p class='ocr_par' dir='ltr' id='par_1_58' title="bbox 2039 1464 3620 1546">
     <span class='ocr_line' id='line_1_58' title="bbox 2039 1464 3620 1546; baseline -0.006 -17"><span class='ocrx_word' id='word_1_394' title='bbox 2039 1471 2321 1544; x_wconf 89' lang='lat' dir='ltr'><strong>pleaturin</strong></span> <span class='ocrx_word' id='word_1_395' title='bbox 2346 1490 2411 1530; x_wconf 92' lang='lat' dir='ltr'><strong>eo</strong></span> <span class='ocrx_word' id='word_1_396' title='bbox 2433 1472 2719 1546; x_wconf 73' lang='lat' dir='ltr'><strong>perfectio,</strong></span> <span class='ocrx_word' id='word_1_397' title='bbox 2751 1476 2805 1526; x_wconf 89' lang='lat' dir='ltr'><strong>et</strong></span> <span class='ocrx_word' id='word_1_398' title='bbox 2845 1475 3192 1541; x_wconf 88' lang='lat' dir='ltr'><strong>regeneretur</strong></span> <span class='ocrx_word' id='word_1_399' title='bbox 3222 1464 3330 1521; x_wconf 88' lang='lat' dir='ltr'><strong>Deo</strong></span> <span class='ocrx_word' id='word_1_400' title='bbox 3360 1484 3375 1521; x_wconf 90' lang='lat'><strong>:</strong></span> <span class='ocrx_word' id='word_1_401' title='bbox 3415 1464 3620 1535; x_wconf 75' lang='lat' dir='ltr'><strong>iniusto</strong></span> 
     </span>
    </p>
   </div>
   <div class='ocr_carea' id='block_1_59' title="bbox 2042 1557 3618 1634">
    <p class='ocr_par' dir='ltr' id='par_1_59' title="bbox 2042 1557 3618 1634">
     <span class='ocr_line' id='line_1_59' title="bbox 2042 1557 3618 1634; baseline -0.006 -15"><span class='ocrx_word' id='word_1_402' title='bbox 2042 1575 2243 1629; x_wconf 87' lang='lat' dir='ltr'><strong>autem,</strong></span> <span class='ocrx_word' id='word_1_403' title='bbox 2293 1573 2352 1618; x_wconf 91' lang='lat' dir='ltr'><strong>ut</strong></span> <span class='ocrx_word' id='word_1_404' title='bbox 2395 1568 2741 1634; x_wconf 84' lang='lat' dir='ltr'><strong>peccatorum</strong></span> <span class='ocrx_word' id='word_1_405' title='bbox 2771 1576 2891 1632; x_wconf 77' lang='lat' dir='ltr'><strong>qua:</strong></span> <span class='ocrx_word' id='word_1_406' title='bbox 2931 1557 3096 1630; x_wconf 78' lang='lat' dir='ltr'><strong>gessit</strong></span> <span class='ocrx_word' id='word_1_407' title='bbox 3125 1557 3374 1614; x_wconf 89' lang='lat' dir='ltr'><strong>remissio</strong></span> <span class='ocrx_word' id='word_1_408' title='bbox 3417 1571 3618 1614; x_wconf 86' lang='lat' dir='ltr'><strong>conce-</strong></span> 
     </span>
    </p>
   </div>
   <div class='ocr_carea' id='block_1_60' title="bbox 2044 1654 2224 1709">
    <p class='ocr_par' dir='ltr' id='par_1_60' title="bbox 2044 1654 2224 1709">
     <span class='ocr_line' id='line_1_60' title="bbox 2044 1654 2224 1709; baseline -0.011 0"><span class='ocrx_word' id='word_1_409' title='bbox 2044 1654 2224 1709; x_wconf 88' lang='lat' dir='ltr'><strong>datur.</strong></span> 
     </span>
    </p>
   </div>
   <div class='ocr_carea' id='block_1_61' title="bbox 2766 1718 2877 1776">
    <p class='ocr_par' dir='ltr' id='par_1_61' title="bbox 2766 1718 2877 1776">
     <span class='ocr_line' id='line_1_61' title="bbox 2766 1718 2877 1776; baseline -0.018 0"><span class='ocrx_word' id='word_1_410' title='bbox 2766 1718 2877 1776; x_wconf 74' lang='lat' dir='ltr'><strong>VII.</strong></span> 
     </span>
    </p>
   </div>
   <div class='ocr_carea' id='block_1_62' title="bbox 2217 1810 3447 1885">
    <p class='ocr_par' dir='ltr' id='par_1_62' title="bbox 2217 1810 3447 1885">
     <span class='ocr_line' id='line_1_62' title="bbox 2217 1810 3447 1885; baseline -0.003 -16"><span class='ocrx_word' id='word_1_411' title='bbox 2217 1814 2522 1885; x_wconf 80' lang='lat' dir='ltr'><strong>Baptisatos</strong></span> <span class='ocrx_word' id='word_1_412' title='bbox 2548 1813 2613 1868; x_wconf 92' lang='lat' dir='ltr'><strong>ab</strong></span> <span class='ocrx_word' id='word_1_413' title='bbox 2641 1813 2877 1884; x_wconf 84' lang='lat' dir='ltr'><strong>episcopo</strong></span> <span class='ocrx_word' id='word_1_414' title='bbox 2923 1811 3222 1882; x_wconf 75' lang='lat' dir='ltr'><strong>consignari</strong></span> <span class='ocrx_word' id='word_1_415' title='bbox 3245 1810 3447 1866; x_wconf 82' lang='lat' dir='ltr'><strong>debere.</strong></span> 
     </span>
    </p>
   </div>
   <div class='ocr_carea' id='block_1_63' title="bbox 2454 1901 3205 1975">
    <p class='ocr_par' dir='ltr' id='par_1_63' title="bbox 2454 1901 3205 1975">
     <span class='ocr_line' id='line_1_63' title="bbox 2454 1901 3205 1975; baseline -0.007 -15"><span class='ocrx_word' id='word_1_416' title='bbox 2454 1904 2609 1975; x_wconf 85' lang='lat' dir='ltr'><strong>(Item</strong></span> <span class='ocrx_word' id='word_1_417' title='bbox 2631 1918 2698 1959; x_wconf 78' lang='lat' dir='ltr'><strong>ex</strong></span> <span class='ocrx_word' id='word_1_418' title='bbox 2721 1904 2908 1959; x_wconf 88' lang='lat' dir='ltr'><strong>eadem</strong></span> <span class='ocrx_word' id='word_1_419' title='bbox 2930 1901 3205 1971; x_wconf 88' lang='lat' dir='ltr'><strong>epistola.)</strong></span> 
     </span>
    </p>
   </div>
   <div class='ocr_carea' id='block_1_64' title="bbox 2115 2014 3616 2092">
    <p class='ocr_par' dir='ltr' id='par_1_64' title="bbox 2115 2014 3616 2092">
     <span class='ocr_line' id='line_1_64' title="bbox 2115 2014 3616 2092; baseline -0.005 -16"><span class='ocrx_word' id='word_1_420' title='bbox 2115 2020 2379 2077; x_wconf 88' lang='lat' dir='ltr'><strong>Omnibus</strong></span> <span class='ocrx_word' id='word_1_421' title='bbox 2407 2035 2539 2092; x_wconf 90' lang='lat' dir='ltr'><strong>ergo</strong></span> <span class='ocrx_word' id='word_1_422' title='bbox 2566 2017 2925 2075; x_wconf 87' lang='lat' dir='ltr'><strong>festinandum</strong></span> <span class='ocrx_word' id='word_1_423' title='bbox 2952 2025 3039 2072; x_wconf 88' lang='lat' dir='ltr'><strong>est</strong></span> <span class='ocrx_word' id='word_1_424' title='bbox 3064 2017 3181 2072; x_wconf 89' lang='lat' dir='ltr'><strong>sine</strong></span> <span class='ocrx_word' id='word_1_425' title='bbox 3206 2030 3356 2070; x_wconf 89' lang='lat' dir='ltr'><strong>mora</strong></span> <span class='ocrx_word' id='word_1_426' title='bbox 3401 2014 3616 2092; x_wconf 78' lang='lat' dir='ltr'><strong>renasci</strong></span> 
     </span>
    </p>
   </div>
   <div class='ocr_carea' id='block_1_65' title="bbox 2047 2104 3616 2179">
    <p class='ocr_par' dir='ltr' id='par_1_65' title="bbox 2047 2104 3616 2179">
     <span class='ocr_line' id='line_1_65' title="bbox 2047 2104 3616 2179; baseline -0.005 -12"><span class='ocrx_word' id='word_1_427' title='bbox 2047 2111 2179 2176; x_wconf 91' lang='lat' dir='ltr'><strong>Deo,</strong></span> <span class='ocrx_word' id='word_1_428' title='bbox 2228 2118 2285 2166; x_wconf 91' lang='lat' dir='ltr'><strong>et</strong></span> <span class='ocrx_word' id='word_1_429' title='bbox 2339 2109 2554 2167; x_wconf 91' lang='lat' dir='ltr'><strong>demum</strong></span> <span class='ocrx_word' id='word_1_430' title='bbox 2603 2107 2908 2179; x_wconf 74' lang='lat' dir='ltr'><strong>consignari</strong></span> <span class='ocrx_word' id='word_1_431' title='bbox 2958 2106 3027 2160; x_wconf 79' lang='lat' dir='ltr'><strong>ab</strong></span> <span class='ocrx_word' id='word_1_432' title='bbox 3083 2106 3356 2177; x_wconf 86' lang='lat' dir='ltr'><strong>episcopo,</strong></span> <span class='ocrx_word' id='word_1_433' title='bbox 3403 2104 3457 2160; x_wconf 92' lang='lat' dir='ltr'><strong>id</strong></span> <span class='ocrx_word' id='word_1_434' title='bbox 3506 2111 3616 2173; x_wconf 87' lang='lat' dir='ltr'><strong>est,</strong></span> 
     </span>
    </p>
   </div>
   <div class='ocr_carea' id='block_1_66' title="bbox 2048 2194 3614 2271">
    <p class='ocr_par' dir='ltr' id='par_1_66' title="bbox 2048 2194 3614 2271">
     <span class='ocr_line' id='line_1_66' title="bbox 2048 2194 3614 2271; baseline -0.003 -15"><span class='ocrx_word' id='word_1_435' title='bbox 2048 2200 2417 2271; x_wconf 88' lang='lat' dir='ltr'><strong>septiformem</strong></span> <span class='ocrx_word' id='word_1_436' title='bbox 2446 2200 2675 2270; x_wconf 75' lang='lat' dir='ltr'><strong>gratiam</strong></span> <span class='ocrx_word' id='word_1_437' title='bbox 2703 2198 2872 2254; x_wconf 89' lang='lat' dir='ltr'><strong>sancti</strong></span> <span class='ocrx_word' id='word_1_438' title='bbox 2895 2194 3129 2267; x_wconf 86' lang='lat' dir='ltr'><strong>Spiritus</strong></span> <span class='ocrx_word' id='word_1_439' title='bbox 3148 2197 3450 2267; x_wconf 86' lang='lat' dir='ltr'><strong>percipere,</strong></span> <span class='ocrx_word' id='word_1_440' title='bbox 3483 2196 3614 2265; x_wconf 85' lang='lat' dir='ltr'><strong>quia</strong></span> 
     </span>
    </p>
   </div>
   <div class='ocr_carea' id='block_1_67' title="bbox 2049 2286 3621 2359">
    <p class='ocr_par' dir='ltr' id='par_1_67' title="bbox 2049 2286 3621 2359">
     <span class='ocr_line' id='line_1_67' title="bbox 2049 2286 3621 2359; baseline -0.004 -12"><span class='ocrx_word' id='word_1_441' title='bbox 2049 2292 2292 2347; x_wconf 87' lang='lat' dir='ltr'><strong>incertus</strong></span> <span class='ocrx_word' id='word_1_442' title='bbox 2313 2299 2398 2345; x_wconf 88' lang='lat' dir='ltr'><strong>est</strong></span> <span class='ocrx_word' id='word_1_443' title='bbox 2418 2287 2841 2359; x_wconf 86' lang='lat' dir='ltr'><strong>uniuscujusque</strong></span> <span class='ocrx_word' id='word_1_444' title='bbox 2864 2288 3043 2342; x_wconf 76' lang='lat' dir='ltr'><strong>exitus</strong></span> <span class='ocrx_word' id='word_1_445' title='bbox 3067 2286 3209 2341; x_wconf 63' lang='lat' dir='ltr'><strong>vitae.</strong></span> <span class='ocrx_word' id='word_1_446' title='bbox 3256 2287 3391 2341; x_wconf 85' lang='lat' dir='ltr'><strong>Cum</strong></span> <span class='ocrx_word' id='word_1_447' title='bbox 3434 2293 3621 2341; x_wconf 82' lang='lat' dir='ltr'><strong>autem</strong></span> 
     </span>
    </p>
   </div>
   <div class='ocr_carea' id='block_1_68' title="bbox 2050 2376 3692 2454">
    <p class='ocr_par' dir='ltr' id='par_1_68' title="bbox 2050 2376 3692 2454">
     <span class='ocr_line' id='line_1_68' title="bbox 2050 2376 3692 2454; baseline -0.008 -13"><span class='ocrx_word' id='word_1_448' title='bbox 2050 2390 2403 2454; x_wconf 76' lang='lat' dir='ltr'><strong>regeneratus</strong></span> <span class='ocrx_word' id='word_1_449' title='bbox 2430 2380 2589 2437; x_wconf 88' lang='lat' dir='ltr'><strong>fuerit</strong></span> <span class='ocrx_word' id='word_1_450' title='bbox 2611 2395 2709 2450; x_wconf 87' lang='lat' dir='ltr'><strong>per</strong></span> <span class='ocrx_word' id='word_1_451' title='bbox 2754 2394 2973 2449; x_wconf 86' lang='lat' dir='ltr'><strong>aquam,</strong></span> <span class='ocrx_word' id='word_1_452' title='bbox 2999 2387 3056 2434; x_wconf 91' lang='lat' dir='ltr'><strong>et</strong></span> <span class='ocrx_word' id='word_1_453' title='bbox 3077 2377 3420 2447; x_wconf 86' lang='lat' dir='ltr'><strong>postmodum</strong></span> <span class='ocrx_word' id='word_1_454' title='bbox 3462 2376 3629 2447; x_wconf 44' lang='lat' dir='ltr'><strong>septie-</strong></span> <span class='ocrx_word' id='word_1_455' title='bbox 3685 2426 3692 2437; x_wconf 88' lang='grc'><strong>,</strong></span> 
     </span>
    </p>
   </div>
   <div class='ocr_carea' id='block_1_69' title="bbox 2049 2471 3623 2545">
    <p class='ocr_par' dir='ltr' id='par_1_69' title="bbox 2049 2471 3623 2545">
     <span class='ocr_line' id='line_1_69' title="bbox 2049 2471 3623 2545; baseline -0.006 -15"><span class='ocrx_word' id='word_1_456' title='bbox 2049 2476 2241 2532; x_wconf 89' lang='lat' dir='ltr'><strong>formis</strong></span> <span class='ocrx_word' id='word_1_457' title='bbox 2266 2474 2502 2545; x_wconf 87' lang='lat' dir='ltr'><strong>Spiritus</strong></span> <span class='ocrx_word' id='word_1_458' title='bbox 2535 2473 2709 2545; x_wconf 88' lang='lat' dir='ltr'><strong>gratia</strong></span> <span class='ocrx_word' id='word_1_459' title='bbox 2757 2472 2825 2526; x_wconf 88' lang='lat' dir='ltr'><strong>ab</strong></span> <span class='ocrx_word' id='word_1_460' title='bbox 2852 2471 3125 2541; x_wconf 85' lang='lat' dir='ltr'><strong>episcopo,</strong></span> <span class='ocrx_word' id='word_1_461' title='bbox 3161 2477 3222 2524; x_wconf 89' lang='lat' dir='ltr'><strong>ut</strong></span> <span class='ocrx_word' id='word_1_462' title='bbox 3257 2475 3623 2524; x_wconf 88' lang='lat' dir='ltr'><strong>memoratum</strong></span> 
     </span>
    </p>
   </div>
   <div class='ocr_carea' id='block_1_70' title="bbox 2047 2558 3627 2632">
    <p class='ocr_par' dir='ltr' id='par_1_70' title="bbox 2047 2558 3627 2632">
     <span class='ocr_line' id='line_1_70' title="bbox 2047 2558 3627 2632; baseline -0.006 -11"><span class='ocrx_word' id='word_1_463' title='bbox 2047 2574 2152 2632; x_wconf 90' lang='lat' dir='ltr'><strong>est,</strong></span> <span class='ocrx_word' id='word_1_464' title='bbox 2183 2565 2554 2629; x_wconf 79' lang='lat' dir='ltr'><strong>conﬁrmatus,</strong></span> <span class='ocrx_word' id='word_1_465' title='bbox 2582 2563 2709 2632; x_wconf 91' lang='lat' dir='ltr'><strong>quia</strong></span> <span class='ocrx_word' id='word_1_466' title='bbox 2735 2561 2895 2616; x_wconf 88' lang='lat' dir='ltr'><strong>aliter</strong></span> <span class='ocrx_word' id='word_1_467' title='bbox 2920 2560 3192 2631; x_wconf 88' lang='lat' dir='ltr'><strong>perfectus</strong></span> <span class='ocrx_word' id='word_1_468' title='bbox 3210 2574 3330 2615; x_wconf 88' lang='lat' dir='ltr'><strong>esse</strong></span> <span class='ocrx_word' id='word_1_469' title='bbox 3360 2558 3627 2614; x_wconf 86' lang='lat' dir='ltr'><strong>Christia-</strong></span> 
     </span>
    </p>
   </div>
   <div class='ocr_carea' id='block_1_71' title="bbox 2050 2650 3630 2727">
    <p class='ocr_par' dir='ltr' id='par_1_71' title="bbox 2050 2650 3630 2727">
     <span class='ocr_line' id='line_1_71' title="bbox 2050 2650 3630 2727; baseline -0.005 -14"><span class='ocrx_word' id='word_1_470' title='bbox 2050 2674 2153 2713; x_wconf 89' lang='lat' dir='ltr'><strong>nus</strong></span> <span class='ocrx_word' id='word_1_471' title='bbox 2208 2671 2550 2727; x_wconf 91' lang='lat' dir='ltr'><strong>nequaquam</strong></span> <span class='ocrx_word' id='word_1_472' title='bbox 2596 2654 2819 2725; x_wconf 89' lang='lat' dir='ltr'><strong>poterit,</strong></span> <span class='ocrx_word' id='word_1_473' title='bbox 2866 2668 2966 2708; x_wconf 90' lang='lat' dir='ltr'><strong>nec</strong></span> <span class='ocrx_word' id='word_1_474' title='bbox 3011 2651 3194 2708; x_wconf 90' lang='lat' dir='ltr'><strong>sedem</strong></span> <span class='ocrx_word' id='word_1_475' title='bbox 3241 2652 3439 2706; x_wconf 86' lang='lat' dir='ltr'><strong>habere</strong></span> <span class='ocrx_word' id='word_1_476' title='bbox 3487 2650 3630 2706; x_wconf 87' lang='lat' dir='ltr'><strong>inter</strong></span> 
     </span>
    </p>
   </div>
   <div class='ocr_carea' id='block_1_72' title="bbox 2048 2742 3632 2820">
    <p class='ocr_par' dir='ltr' id='par_1_72' title="bbox 2048 2742 3632 2820">
     <span class='ocr_line' id='line_1_72' title="bbox 2048 2742 3632 2820; baseline -0.003 -19"><span class='ocrx_word' id='word_1_477' title='bbox 2048 2745 2320 2820; x_wconf 79' lang='lat' dir='ltr'><strong>perfectos</strong></span> <span class='ocrx_word' id='word_1_478' title='bbox 2364 2747 2481 2803; x_wconf 85' lang='lat' dir='ltr'><strong>sine</strong></span> <span class='ocrx_word' id='word_1_479' title='bbox 2522 2745 2876 2811; x_wconf 76' lang='lat' dir='ltr'><strong>necessitate,</strong></span> <span class='ocrx_word' id='word_1_480' title='bbox 2918 2747 3012 2800; x_wconf 87' lang='lat' dir='ltr'><strong>sed</strong></span> <span class='ocrx_word' id='word_1_481' title='bbox 3053 2743 3259 2799; x_wconf 84' lang='lat' dir='ltr'><strong>incuria</strong></span> <span class='ocrx_word' id='word_1_482' title='bbox 3293 2751 3388 2798; x_wconf 91' lang='lat' dir='ltr'><strong>aut</strong></span> <span class='ocrx_word' id='word_1_483' title='bbox 3438 2742 3632 2799; x_wconf 72' lang='lat' dir='ltr'><strong>volitu-</strong></span> 
     </span>
    </p>
   </div>
   <div class='ocr_carea' id='block_1_73' title="bbox 2050 2830 3627 2903">
    <p class='ocr_par' dir='ltr' id='par_1_73' title="bbox 2050 2830 3627 2903">
     <span class='ocr_line' id='line_1_73' title="bbox 2050 2830 3627 2903; baseline -0.004 -11"><span class='ocrx_word' id='word_1_484' title='bbox 2050 2846 2162 2893; x_wconf 82' lang='lat' dir='ltr'><strong>tate</strong></span> <span class='ocrx_word' id='word_1_485' title='bbox 2185 2835 2531 2901; x_wconf 83' lang='lat' dir='ltr'><strong>remanserit,</strong></span> <span class='ocrx_word' id='word_1_486' title='bbox 2560 2843 2620 2889; x_wconf 90' lang='lat' dir='ltr'><strong>ut</strong></span> <span class='ocrx_word' id='word_1_487' title='bbox 2641 2835 2842 2890; x_wconf 85' lang='lat' dir='ltr'><strong>habeat</strong></span> <span class='ocrx_word' id='word_1_488' title='bbox 2865 2834 3007 2903; x_wconf 79' lang='lat' dir='ltr'><strong>quod</strong></span> <span class='ocrx_word' id='word_1_489' title='bbox 3035 2849 3067 2888; x_wconf 88' lang='lat' dir='ltr'><strong>a</strong></span> <span class='ocrx_word' id='word_1_490' title='bbox 3098 2832 3261 2887; x_wconf 89' lang='lat' dir='ltr'><strong>Petro</strong></span> <span class='ocrx_word' id='word_1_491' title='bbox 3296 2830 3627 2901; x_wconf 82' lang='lat' dir='ltr'><strong>accepimus,</strong></span> 
     </span>
    </p>
   </div>
   <div class='ocr_carea' id='block_1_74' title="bbox 2049 2922 3630 2999">
    <p class='ocr_par' dir='ltr' id='par_1_74' title="bbox 2049 2922 3630 2999">
     <span class='ocr_line' id='line_1_74' title="bbox 2049 2922 3630 2999; baseline -0.005 -14"><span class='ocrx_word' id='word_1_492' title='bbox 2049 2938 2105 2985; x_wconf 90' lang='lat' dir='ltr'><strong>et</strong></span> <span class='ocrx_word' id='word_1_493' title='bbox 2134 2929 2317 2987; x_wconf 56' lang='lat' dir='ltr'><strong>caeteri</strong></span> <span class='ocrx_word' id='word_1_494' title='bbox 2344 2929 2516 2985; x_wconf 89' lang='lat' dir='ltr'><strong>sancti</strong></span> <span class='ocrx_word' id='word_1_495' title='bbox 2543 2925 2768 2999; x_wconf 78' lang='lat' dir='ltr'><strong>aposmli</strong></span> <span class='ocrx_word' id='word_1_496' title='bbox 2814 2925 3157 2997; x_wconf 74' lang='lat' dir='ltr'><strong>przecipiente</strong></span> <span class='ocrx_word' id='word_1_497' title='bbox 3180 2922 3404 2979; x_wconf 88' lang='lat' dir='ltr'><strong>Domino</strong></span> <span class='ocrx_word' id='word_1_498' title='bbox 3427 2922 3630 2977; x_wconf 82' lang='lat' dir='ltr'><strong>docue-</strong></span> 
     </span>
    </p>
   </div>
   <div class='ocr_carea' id='block_1_75' title="bbox 2052 3013 3632 3090">
    <p class='ocr_par' dir='ltr' id='par_1_75' title="bbox 2052 3013 3632 3090">
     <span class='ocr_line' id='line_1_75' title="bbox 2052 3013 3632 3090; baseline -0.005 -13"><span class='ocrx_word' id='word_1_499' title='bbox 2052 3030 2212 3088; x_wconf 88' lang='lat' dir='ltr'><strong>runt;</strong></span> <span class='ocrx_word' id='word_1_500' title='bbox 2249 3030 2305 3077; x_wconf 87' lang='lat' dir='ltr'><strong>et</strong></span> <span class='ocrx_word' id='word_1_501' title='bbox 2339 3013 2553 3077; x_wconf 86' lang='lat' dir='ltr'><strong>demum</strong></span> <span class='ocrx_word' id='word_1_502' title='bbox 2580 3036 2647 3075; x_wconf 80' lang='lat' dir='ltr'><strong>ex</strong></span> <span class='ocrx_word' id='word_1_503' title='bbox 2666 3019 2922 3090; x_wconf 81' lang='lat' dir='ltr'><strong>Operibus</strong></span> <span class='ocrx_word' id='word_1_504' title='bbox 2961 3017 3118 3071; x_wconf 90' lang='lat' dir='ltr'><strong>bonis</strong></span> <span class='ocrx_word' id='word_1_505' title='bbox 3167 3015 3418 3071; x_wconf 85' lang='lat' dir='ltr'><strong>ostendat</strong></span> <span class='ocrx_word' id='word_1_506' title='bbox 3469 3014 3526 3070; x_wconf 91' lang='lat' dir='ltr'><strong>in</strong></span> <span class='ocrx_word' id='word_1_507' title='bbox 3569 3025 3632 3069; x_wconf 76' lang='lat' dir='ltr'><strong>se</strong></span> 
     </span>
    </p>
   </div>
   <div class='ocr_carea' id='block_1_76' title="bbox 2057 3101 3632 3181">
    <p class='ocr_par' dir='ltr' id='par_1_76' title="bbox 2057 3101 3632 3181">
     <span class='ocr_line' id='line_1_76' title="bbox 2057 3101 3632 3181; baseline -0.004 -12"><span class='ocrx_word' id='word_1_508' title='bbox 2057 3101 2469 3169; x_wconf 83' lang='lat' dir='ltr'><strong>similitudinem</strong></span> <span class='ocrx_word' id='word_1_509' title='bbox 2501 3110 2615 3179; x_wconf 90' lang='lat' dir='ltr'><strong>ejus</strong></span> <span class='ocrx_word' id='word_1_510' title='bbox 2640 3110 2733 3181; x_wconf 90' lang='lat' dir='ltr'><strong>qui</strong></span> <span class='ocrx_word' id='word_1_511' title='bbox 2757 3124 2878 3164; x_wconf 90' lang='lat' dir='ltr'><strong>eum</strong></span> <span class='ocrx_word' id='word_1_512' title='bbox 2906 3108 3090 3179; x_wconf 88' lang='lat' dir='ltr'><strong>genuit</strong></span> <span class='ocrx_word' id='word_1_513' title='bbox 3109 3108 3298 3177; x_wconf 88' lang='lat' dir='ltr'><strong>patris.</strong></span> <span class='ocrx_word' id='word_1_514' title='bbox 3347 3106 3476 3162; x_wconf 86' lang='lat' dir='ltr'><strong>Post</strong></span> <span class='ocrx_word' id='word_1_515' title='bbox 3511 3106 3632 3162; x_wconf 67' lang='lat' dir='ltr'><strong>hac</strong></span> 
     </span>
    </p>
   </div>
   <div class='ocr_carea' id='block_1_77' title="bbox 2052 3195 3637 3277">
    <p class='ocr_par' dir='ltr' id='par_1_77' title="bbox 2052 3195 3637 3277">
     <span class='ocr_line' id='line_1_77' title="bbox 2052 3195 3637 3277; baseline -0.004 -16"><span class='ocrx_word' id='word_1_516' title='bbox 2052 3220 2184 3262; x_wconf 83' lang='lat' dir='ltr'><strong>vero</strong></span> <span class='ocrx_word' id='word_1_517' title='bbox 2211 3213 2473 3277; x_wconf 85' lang='lat' dir='ltr'><strong>agnoscat</strong></span> <span class='ocrx_word' id='word_1_518' title='bbox 2511 3203 2678 3260; x_wconf 88' lang='lat' dir='ltr'><strong>Deum</strong></span> <span class='ocrx_word' id='word_1_519' title='bbox 2728 3203 2997 3258; x_wconf 85' lang='lat' dir='ltr'><strong>honorare</strong></span> <span class='ocrx_word' id='word_1_520' title='bbox 3034 3215 3047 3253; x_wconf 88' lang='lat'><strong>:</strong></span> <span class='ocrx_word' id='word_1_521' title='bbox 3081 3201 3254 3255; x_wconf 85' lang='lat' dir='ltr'><strong>honor</strong></span> <span class='ocrx_word' id='word_1_522' title='bbox 3293 3207 3471 3255; x_wconf 89' lang='lat' dir='ltr'><strong>autem</strong></span> <span class='ocrx_word' id='word_1_523' title='bbox 3516 3195 3637 3269; x_wconf 64' lang='lat' dir='ltr'><strong>dus</strong></span> 
     </span>
    </p>
   </div>
   <div class='ocr_carea' id='block_1_78' title="bbox 2054 3293 3633 3364">
    <p class='ocr_par' dir='ltr' id='par_1_78' title="bbox 2054 3293 3633 3364">
     <span class='ocr_line' id='line_1_78' title="bbox 2054 3293 3633 3364; baseline -0.005 -9"><span class='ocrx_word' id='word_1_524' title='bbox 2054 3307 2159 3364; x_wconf 85' lang='lat' dir='ltr'><strong>est,</strong></span> <span class='ocrx_word' id='word_1_525' title='bbox 2189 3308 2248 3355; x_wconf 85' lang='lat' dir='ltr'><strong>ut</strong></span> <span class='ocrx_word' id='word_1_526' title='bbox 2271 3299 2346 3355; x_wconf 89' lang='lat' dir='ltr'><strong>ita</strong></span> <span class='ocrx_word' id='word_1_527' title='bbox 2389 3298 2562 3361; x_wconf 81' lang='lat' dir='ltr'><strong>vivat,</strong></span> <span class='ocrx_word' id='word_1_528' title='bbox 2588 3296 2731 3353; x_wconf 86' lang='lat' dir='ltr'><strong>sicut</strong></span> <span class='ocrx_word' id='word_1_529' title='bbox 2754 3294 2845 3350; x_wconf 89' lang='lat' dir='ltr'><strong>ille</strong></span> <span class='ocrx_word' id='word_1_530' title='bbox 2868 3293 3011 3359; x_wconf 86' lang='lat' dir='ltr'><strong>vult;</strong></span> <span class='ocrx_word' id='word_1_531' title='bbox 3064 3293 3179 3348; x_wconf 91' lang='lat' dir='ltr'><strong>vult</strong></span> <span class='ocrx_word' id='word_1_532' title='bbox 3202 3302 3382 3352; x_wconf 89' lang='lat' dir='ltr'><strong>autem</strong></span> <span class='ocrx_word' id='word_1_533' title='bbox 3435 3308 3633 3349; x_wconf 88' lang='lat' dir='ltr'><strong>unum-</strong></span> 
     </span>
    </p>
   </div>
   <div class='ocr_carea' id='block_1_79' title="bbox 2053 3383 3638 3461">
    <p class='ocr_par' dir='ltr' id='par_1_79' title="bbox 2053 3383 3638 3461">
     <span class='ocr_line' id='line_1_79' title="bbox 2053 3383 3638 3461; baseline -0.004 -16"><span class='ocrx_word' id='word_1_534' title='bbox 2053 3404 2325 3461; x_wconf 90' lang='lat' dir='ltr'><strong>quemque</strong></span> <span class='ocrx_word' id='word_1_535' title='bbox 2383 3388 2456 3444; x_wconf 88' lang='lat' dir='ltr'><strong>ita</strong></span> <span class='ocrx_word' id='word_1_536' title='bbox 2518 3386 2742 3452; x_wconf 90' lang='lat' dir='ltr'><strong>vivere,</strong></span> <span class='ocrx_word' id='word_1_537' title='bbox 2796 3394 2855 3441; x_wconf 86' lang='lat' dir='ltr'><strong>ut</strong></span> <span class='ocrx_word' id='word_1_538' title='bbox 2902 3383 3251 3441; x_wconf 84' lang='lat' dir='ltr'><strong>homicidium</strong></span> <span class='ocrx_word' id='word_1_539' title='bbox 3308 3393 3363 3440; x_wconf 89' lang='lat' dir='ltr'><strong>et</strong></span> <span class='ocrx_word' id='word_1_540' title='bbox 3428 3384 3638 3440; x_wconf 86' lang='lat' dir='ltr'><strong>adulte-</strong></span> 
     </span>
    </p>
   </div>
   <div class='ocr_carea' id='block_1_80' title="bbox 2055 3474 3639 3547">
    <p class='ocr_par' dir='ltr' id='par_1_80' title="bbox 2055 3474 3639 3547">
     <span class='ocr_line' id='line_1_80' title="bbox 2055 3474 3639 3547; baseline -0.005 -11"><span class='ocrx_word' id='word_1_541' title='bbox 2055 3482 2196 3536; x_wconf 88' lang='lat' dir='ltr'><strong>rium</strong></span> <span class='ocrx_word' id='word_1_542' title='bbox 2239 3481 2468 3547; x_wconf 84' lang='lat' dir='ltr'><strong>nesciat,</strong></span> <span class='ocrx_word' id='word_1_543' title='bbox 2493 3479 2675 3535; x_wconf 90' lang='lat' dir='ltr'><strong>odium</strong></span> <span class='ocrx_word' id='word_1_544' title='bbox 2729 3486 2787 3533; x_wconf 89' lang='lat' dir='ltr'><strong>et</strong></span> <span class='ocrx_word' id='word_1_545' title='bbox 2833 3477 3115 3532; x_wconf 81' lang='lat' dir='ltr'><strong>avaritiam</strong></span> <span class='ocrx_word' id='word_1_546' title='bbox 3141 3474 3340 3547; x_wconf 82' lang='lat' dir='ltr'><strong>fugiat;</strong></span> <span class='ocrx_word' id='word_1_547' title='bbox 3366 3476 3523 3539; x_wconf 89' lang='lat' dir='ltr'><strong>iram,</strong></span> <span class='ocrx_word' id='word_1_548' title='bbox 3547 3489 3639 3529; x_wconf 88' lang='lat' dir='ltr'><strong>su-</strong></span> 
     </span>
    </p>
   </div>
   <div class='ocr_carea' id='block_1_81' title="bbox 2054 3563 3637 3643">
    <p class='ocr_par' dir='ltr' id='par_1_81' title="bbox 2054 3563 3637 3643">
     <span class='ocr_line' id='line_1_81' title="bbox 2054 3563 3637 3643; baseline -0.006 -16"><span class='ocrx_word' id='word_1_549' title='bbox 2054 3572 2314 3643; x_wconf 89' lang='lat' dir='ltr'><strong>perbiam,</strong></span> <span class='ocrx_word' id='word_1_550' title='bbox 2343 3570 2663 3639; x_wconf 78' lang='lat' dir='ltr'><strong>iactantiam</strong></span> <span class='ocrx_word' id='word_1_551' title='bbox 2691 3575 2933 3638; x_wconf 90' lang='lat' dir='ltr'><strong>respuat,</strong></span> <span class='ocrx_word' id='word_1_552' title='bbox 2964 3575 3019 3622; x_wconf 91' lang='lat' dir='ltr'><strong>et</strong></span> <span class='ocrx_word' id='word_1_553' title='bbox 3043 3580 3352 3629; x_wconf 77' lang='lat' dir='ltr'><strong>execretur,</strong></span> <span class='ocrx_word' id='word_1_554' title='bbox 3378 3563 3637 3618; x_wconf 82' lang='lat' dir='ltr'><strong>invidiam</strong></span> 
     </span>
    </p>
   </div>
   <div class='ocr_carea' id='block_1_82' title="bbox 2054 3656 3642 3733">
    <p class='ocr_par' dir='ltr' id='par_1_82' title="bbox 2054 3656 3642 3733">
     <span class='ocr_line' id='line_1_82' title="bbox 2054 3656 3642 3733; baseline -0.003 -18"><span class='ocrx_word' id='word_1_555' title='bbox 2054 3675 2271 3733; x_wconf 87' lang='lat' dir='ltr'><strong>quoque</strong></span> <span class='ocrx_word' id='word_1_556' title='bbox 2320 3670 2376 3717; x_wconf 92' lang='lat' dir='ltr'><strong>et</strong></span> <span class='ocrx_word' id='word_1_557' title='bbox 2418 3668 2615 3717; x_wconf 75' lang='lat' dir='ltr'><strong>czetera</strong></span> <span class='ocrx_word' id='word_1_558' title='bbox 2656 3658 2741 3715; x_wconf 90' lang='lat' dir='ltr'><strong>his</strong></span> <span class='ocrx_word' id='word_1_559' title='bbox 2788 3659 2988 3715; x_wconf 84' lang='lat' dir='ltr'><strong>similia</strong></span> <span class='ocrx_word' id='word_1_560' title='bbox 3030 3659 3245 3730; x_wconf 82' lang='lat' dir='ltr'><strong>penitus</strong></span> <span class='ocrx_word' id='word_1_561' title='bbox 3288 3674 3319 3713; x_wconf 84' lang='lat' dir='ltr'><strong>a</strong></span> <span class='ocrx_word' id='word_1_562' title='bbox 3371 3673 3432 3714; x_wconf 87' lang='lat' dir='ltr'><strong>se</strong></span> <span class='ocrx_word' id='word_1_563' title='bbox 3478 3656 3642 3713; x_wconf 86' lang='lat' dir='ltr'><strong>ducat</strong></span> 
     </span>
    </p>
   </div>
   <div class='ocr_carea' id='block_1_83' title="bbox 2055 3753 2249 3810">
    <p class='ocr_par' dir='ltr' id='par_1_83' title="bbox 2055 3753 2249 3810">
     <span class='ocr_line' id='line_1_83' title="bbox 2055 3753 2249 3810; baseline -0.015 -1"><span class='ocrx_word' id='word_1_564' title='bbox 2055 3753 2249 3810; x_wconf 87' lang='lat' dir='ltr'><strong>aliena.</strong></span> 
     </span>
    </p>
   </div>
   <div class='ocr_carea' id='block_1_84' title="bbox 2790 3818 2922 3875">
    <p class='ocr_par' dir='ltr' id='par_1_84' title="bbox 2790 3818 2922 3875">
     <span class='ocr_line' id='line_1_84' title="bbox 2790 3818 2922 3875; baseline 0 0"><span class='ocrx_word' id='word_1_565' title='bbox 2790 3818 2922 3875; x_wconf 76' lang='lat' dir='ltr'><strong>VIII.</strong></span> 
     </span>
    </p>
   </div>
   <div class='ocr_carea' id='block_1_85' title="bbox 2167 3909 3529 3985">
    <p class='ocr_par' dir='ltr' id='par_1_85' title="bbox 2167 3909 3529 3985">
     <span class='ocr_line' id='line_1_85' title="bbox 2167 3909 3529 3985; baseline -0.006 -13"><span class='ocrx_word' id='word_1_566' title='bbox 2167 3915 2307 3983; x_wconf 80' lang='lat' dir='ltr'><strong>Quid</strong></span> <span class='ocrx_word' id='word_1_567' title='bbox 2332 3914 2567 3985; x_wconf 72' lang='lat' dir='ltr'><strong>conferat</strong></span> <span class='ocrx_word' id='word_1_568' title='bbox 2593 3930 2745 3985; x_wconf 73' lang='lat' dir='ltr'><strong>aqute</strong></span> <span class='ocrx_word' id='word_1_569' title='bbox 2783 3912 3069 3983; x_wconf 79' lang='lat' dir='ltr'><strong>baptismus</strong></span> <span class='ocrx_word' id='word_1_570' title='bbox 3095 3911 3164 3966; x_wconf 84' lang='lat' dir='ltr'><strong>ad</strong></span> <span class='ocrx_word' id='word_1_571' title='bbox 3190 3909 3286 3965; x_wconf 88' lang='lat' dir='ltr'><strong>Dci</strong></span> <span class='ocrx_word' id='word_1_572' title='bbox 3312 3910 3529 3966; x_wconf 82' lang='lat' dir='ltr'><strong>cultum.</strong></span> 
     </span>
    </p>
   </div>
   <div class='ocr_carea' id='block_1_86' title="bbox 2457 4001 3233 4078">
    <p class='ocr_par' dir='ltr' id='par_1_86' title="bbox 2457 4001 3233 4078">
     <span class='ocr_line' id='line_1_86' title="bbox 2457 4001 3233 4078; baseline -0.006 -17"><span class='ocrx_word' id='word_1_573' title='bbox 2457 4005 2613 4078; x_wconf 87' lang='lat' dir='ltr'><strong>(Item</strong></span> <span class='ocrx_word' id='word_1_574' title='bbox 2643 4021 2709 4061; x_wconf 78' lang='lat' dir='ltr'><strong>ex</strong></span> <span class='ocrx_word' id='word_1_575' title='bbox 2732 4006 2922 4060; x_wconf 84' lang='lat' dir='ltr'><strong>eadem</strong></span> <span class='ocrx_word' id='word_1_576' title='bbox 2953 4001 3233 4074; x_wconf 86' lang='lat' dir='ltr'><strong>epistola.)</strong></span> 
     </span>
    </p>
   </div>
   <div class='ocr_carea' id='block_1_87' title="bbox 2132 4116 3640 4193">
    <p class='ocr_par' dir='ltr' id='par_1_87' title="bbox 2132 4116 3640 4193">
     <span class='ocr_line' id='line_1_87' title="bbox 2132 4116 3640 4193; baseline -0.003 -14"><span class='ocrx_word' id='word_1_577' title='bbox 2132 4122 2314 4179; x_wconf 83' lang='lat' dir='ltr'><strong>Primo</strong></span> <span class='ocrx_word' id='word_1_578' title='bbox 2341 4121 2581 4192; x_wconf 83' lang='lat' dir='ltr'><strong>quidem,</strong></span> <span class='ocrx_word' id='word_1_579' title='bbox 2613 4121 2739 4193; x_wconf 88' lang='lat' dir='ltr'><strong>quia</strong></span> <span class='ocrx_word' id='word_1_580' title='bbox 2772 4120 2914 4191; x_wconf 91' lang='lat' dir='ltr'><strong>quod</strong></span> <span class='ocrx_word' id='word_1_581' title='bbox 2956 4118 3068 4193; x_wconf 82' lang='lat' dir='ltr'><strong>Deo</strong></span> <span class='ocrx_word' id='word_1_582' title='bbox 3105 4116 3328 4188; x_wconf 89' lang='lat' dir='ltr'><strong>placuit,</strong></span> <span class='ocrx_word' id='word_1_583' title='bbox 3353 4117 3640 4189; x_wconf 82' lang='lat' dir='ltr'><strong>impletur;</strong></span> 
     </span>
    </p>
   </div>
   <div class='ocr_carea' id='block_1_88' title="bbox 2064 4208 3642 4285">
    <p class='ocr_par' dir='ltr' id='par_1_88' title="bbox 2064 4208 3642 4285">
     <span class='ocr_line' id='line_1_88' title="bbox 2064 4208 3642 4285; baseline -0.004 -15"><span class='ocrx_word' id='word_1_584' title='bbox 2064 4213 2328 4278; x_wconf 81' lang='lat' dir='ltr'><strong>secundo,</strong></span> <span class='ocrx_word' id='word_1_585' title='bbox 2349 4213 2477 4283; x_wconf 86' lang='lat' dir='ltr'><strong>quia</strong></span> <span class='ocrx_word' id='word_1_586' title='bbox 2510 4222 2827 4283; x_wconf 88' lang='lat' dir='ltr'><strong>regenerata</strong></span> <span class='ocrx_word' id='word_1_587' title='bbox 2852 4226 2919 4266; x_wconf 80' lang='lat' dir='ltr'><strong>ex</strong></span> <span class='ocrx_word' id='word_1_588' title='bbox 2950 4209 3107 4279; x_wconf 87' lang='lat' dir='ltr'><strong>aquis</strong></span> <span class='ocrx_word' id='word_1_589' title='bbox 3147 4219 3204 4264; x_wconf 89' lang='lat' dir='ltr'><strong>et</strong></span> <span class='ocrx_word' id='word_1_590' title='bbox 3246 4208 3356 4264; x_wconf 88' lang='lat' dir='ltr'><strong>Deo</strong></span> <span class='ocrx_word' id='word_1_591' title='bbox 3387 4217 3642 4285; x_wconf 76' lang='lat' dir='ltr'><strong>renovata</strong></span> 
     </span>
    </p>
   </div>
   <div class='ocr_carea' id='block_1_89' title="bbox 2061 4298 3643 4376">
    <p class='ocr_par' dir='ltr' id='par_1_89' title="bbox 2061 4298 3643 4376">
     <span class='ocr_line' id='line_1_89' title="bbox 2061 4298 3643 4376; baseline -0.003 -17"><span class='ocrx_word' id='word_1_592' title='bbox 2061 4302 2330 4376; x_wconf 81' lang='lat' dir='ltr'><strong>fragilitas</strong></span> <span class='ocrx_word' id='word_1_593' title='bbox 2343 4303 2543 4375; x_wconf 86' lang='lat' dir='ltr'><strong>prioris</strong></span> <span class='ocrx_word' id='word_1_594' title='bbox 2565 4301 2890 4367; x_wconf 85' lang='lat' dir='ltr'><strong>nativitatis,</strong></span> <span class='ocrx_word' id='word_1_595' title='bbox 2915 4315 3034 4370; x_wconf 74' lang='lat' dir='ltr'><strong>qua:</strong></span> <span class='ocrx_word' id='word_1_596' title='bbox 3067 4298 3220 4357; x_wconf 83' lang='lat' dir='ltr'><strong>vobis</strong></span> <span class='ocrx_word' id='word_1_597' title='bbox 3249 4314 3346 4369; x_wconf 89' lang='lat' dir='ltr'><strong>per</strong></span> <span class='ocrx_word' id='word_1_598' title='bbox 3370 4299 3643 4354; x_wconf 88' lang='lat' dir='ltr'><strong>hominem</strong></span> 
     </span>
    </p>
   </div>
   <div class='ocr_carea' id='block_1_90' title="bbox 383 4389 3642 4491">
    <p class='ocr_par' dir='ltr' id='par_1_90' title="bbox 383 4389 3642 4491">
     <span class='ocr_line' id='line_1_90' title="bbox 383 4389 3642 4491; baseline 0.001 -48"><span class='ocrx_word' id='word_1_599' title='bbox 383 4390 543 4451; x_wconf 82' lang='lat' dir='ltr'><strong>alieni</strong></span> <span class='ocrx_word' id='word_1_600' title='bbox 566 4389 907 4491; x_wconf 44' lang='lat' dir='ltr'><strong>erunt...Nat‘n</strong></span> <span class='ocrx_word' id='word_1_601' title='bbox 938 4398 1297 4491; x_wconf 36' lang='lat' dir='ltr'><strong>vestrum‘est</strong></span> <span class='ocrx_word' id='word_1_602' title='bbox 1344 4392 1747 4491; x_wconf 44' lang='lat' dir='ltr'><strong>cos&#39;instruere,</strong></span> <span class='ocrx_word' id='word_1_603' title='bbox 1770 4407 1960 4448; x_wconf 87' lang='lat' dir='ltr'><strong>eorum</strong></span> <span class='ocrx_word' id='word_1_604' title='bbox 1983 4428 2039 4491; x_wconf 62' lang='grc' dir='ltr'><strong>Β</strong></span> <span class='ocrx_word' id='word_1_605' title='bbox 2064 4394 2205 4451; x_wconf 88' lang='lat' dir='ltr'><strong>facta</strong></span> <span class='ocrx_word' id='word_1_606' title='bbox 2236 4404 2342 4459; x_wconf 89' lang='lat' dir='ltr'><strong>est,</strong></span> <span class='ocrx_word' id='word_1_607' title='bbox 2364 4402 2696 4465; x_wconf 84' lang='lat' dir='ltr'><strong>amputatur,</strong></span> <span class='ocrx_word' id='word_1_608' title='bbox 2726 4401 2781 4449; x_wconf 93' lang='lat' dir='ltr'><strong>et</strong></span> <span class='ocrx_word' id='word_1_609' title='bbox 2800 4394 2874 4448; x_wconf 87' lang='lat' dir='ltr'><strong>ita</strong></span> <span class='ocrx_word' id='word_1_610' title='bbox 2909 4393 3127 4447; x_wconf 87' lang='lat' dir='ltr'><strong>demum</strong></span> <span class='ocrx_word' id='word_1_611' title='bbox 3162 4391 3451 4461; x_wconf 82' lang='lat' dir='ltr'><strong>pervenire</strong></span> <span class='ocrx_word' id='word_1_612' title='bbox 3487 4399 3642 4461; x_wconf 90' lang='lat' dir='ltr'><strong>pote-</strong></span> 
     </span>
    </p>
   </div>
   <div class='ocr_carea' id='block_1_91' title="bbox 385 4478 3642 4553">
    <p class='ocr_par' dir='ltr' id='par_1_91' title="bbox 385 4478 3642 4553">
     <span class='ocr_line' id='line_1_91' title="bbox 385 4478 3642 4553; baseline 0.001 -20"><span class='ocrx_word' id='word_1_613' title='bbox 385 4494 514 4537; x_wconf 84' lang='lat' dir='ltr'><strong>vero</strong></span> <span class='ocrx_word' id='word_1_614' title='bbox 551 4487 634 4533; x_wconf 74' lang='lat' dir='ltr'><strong>est</strong></span> <span class='ocrx_word' id='word_1_615' title='bbox 654 4478 805 4533; x_wconf 85' lang='lat' dir='ltr'><strong>vobis</strong></span> <span class='ocrx_word' id='word_1_616' title='bbox 825 4479 1045 4535; x_wconf 85' lang='lat' dir='ltr'><strong>obedire</strong></span> <span class='ocrx_word' id='word_1_617' title='bbox 1092 4479 1162 4533; x_wconf 82' lang='grc' dir='ltr'><strong>ιη’</strong></span> <span class='ocrx_word' id='word_1_618' title='bbox 1182 4480 1324 4544; x_wconf 89' lang='lat' dir='ltr'><strong>Deo,</strong></span> <span class='ocrx_word' id='word_1_619' title='bbox 1368 4479 1519 4549; x_wconf 88' lang='lat' dir='ltr'><strong>cujus</strong></span> <span class='ocrx_word' id='word_1_620' title='bbox 1551 4479 1816 4552; x_wconf 88' lang='lat' dir='ltr'><strong>legatione</strong></span> <span class='ocrx_word' id='word_1_621' title='bbox 1843 4478 2034 4536; x_wconf 59' lang='grc' dir='ltr'><strong>ωτι-⁸³</strong></span> <span class='ocrx_word' id='word_1_622' title='bbox 2065 4484 2186 4540; x_wconf 89' lang='lat' dir='ltr'><strong>ritis</strong></span> <span class='ocrx_word' id='word_1_623' title='bbox 2231 4482 2298 4539; x_wconf 89' lang='lat' dir='ltr'><strong>ad</strong></span> <span class='ocrx_word' id='word_1_624' title='bbox 2328 4484 2593 4549; x_wconf 87' lang='lat' dir='ltr'><strong>salutem;</strong></span> <span class='ocrx_word' id='word_1_625' title='bbox 2640 4482 2802 4538; x_wconf 88' lang='lat' dir='ltr'><strong>aliter</strong></span> <span class='ocrx_word' id='word_1_626' title='bbox 2832 4480 3164 4553; x_wconf 85' lang='lat' dir='ltr'><strong>impossibile</strong></span> <span class='ocrx_word' id='word_1_627' title='bbox 3206 4488 3309 4536; x_wconf 89' lang='lat' dir='ltr'><strong>est.</strong></span> <span class='ocrx_word' id='word_1_628' title='bbox 3362 4479 3455 4535; x_wconf 91' lang='lat' dir='ltr'><strong>Sic</strong></span> <span class='ocrx_word' id='word_1_629' title='bbox 3497 4480 3642 4535; x_wconf 90' lang='lat' dir='ltr'><strong>enim</strong></span> 
     </span>
    </p>
   </div>
   <div class='ocr_carea' id='block_1_92' title="bbox 386 4570 3648 4642">
    <p class='ocr_par' dir='ltr' id='par_1_92' title="bbox 386 4570 3648 4642">
     <span class='ocr_line' id='line_1_92' title="bbox 386 4570 3648 4642; baseline 0 -17"><span class='ocrx_word' id='word_1_630' title='bbox 386 4571 591 4642; x_wconf 86' lang='lat' dir='ltr'><strong>gimini,</strong></span> <span class='ocrx_word' id='word_1_631' title='bbox 618 4571 830 4626; x_wconf 90' lang='lat' dir='ltr'><strong>dicente</strong></span> <span class='ocrx_word' id='word_1_632' title='bbox 852 4570 1113 4626; x_wconf 90' lang='lat' dir='ltr'><strong>Domino:</strong></span> <span class='ocrx_word' id='word_1_633' title='bbox 1141 4570 1244 4638; x_wconf 86' lang='lat' dir='ltr'><strong>Qui</strong></span> <span class='ocrx_word' id='word_1_634' title='bbox 1272 4588 1362 4625; x_wconf 75' lang='lat' dir='ltr'><strong>vos</strong></span> <span class='ocrx_word' id='word_1_635' title='bbox 1392 4572 1560 4638; x_wconf 82' lang='lat' dir='ltr'><strong>audit,</strong></span> <span class='ocrx_word' id='word_1_636' title='bbox 1588 4589 1670 4627; x_wconf 85' lang='lat' dir='ltr'><strong>me</strong></span> <span class='ocrx_word' id='word_1_637' title='bbox 1698 4572 1868 4639; x_wconf 83' lang='lat' dir='ltr'><strong>audit,</strong></span> <span class='ocrx_word' id='word_1_638' title='bbox 1913 4582 1964 4627; x_wconf 84' lang='lat' dir='ltr'><strong>et</strong></span> <span class='ocrx_word' id='word_1_639' title='bbox 2062 4574 2218 4630; x_wconf 88' lang='lat' dir='ltr'><strong>vobis</strong></span> <span class='ocrx_word' id='word_1_640' title='bbox 2245 4589 2369 4629; x_wconf 91' lang='lat' dir='ltr'><strong>cum</strong></span> <span class='ocrx_word' id='word_1_641' title='bbox 2416 4580 2758 4629; x_wconf 88' lang='lat' dir='ltr'><strong>sacramento</strong></span> <span class='ocrx_word' id='word_1_642' title='bbox 2795 4586 2957 4626; x_wconf 86' lang='lat' dir='ltr'><strong>verus</strong></span> <span class='ocrx_word' id='word_1_643' title='bbox 2984 4570 3247 4641; x_wconf 82' lang='lat' dir='ltr'><strong>propheta</strong></span> <span class='ocrx_word' id='word_1_644' title='bbox 3266 4578 3518 4631; x_wconf 70' lang='lat' dir='ltr'><strong>testatus</strong></span> <span class='ocrx_word' id='word_1_645' title='bbox 3560 4579 3648 4627; x_wconf 86' lang='lat' dir='ltr'><strong>est</strong></span> 
     </span>
    </p>
   </div>
   <div class='ocr_carea' id='block_1_93' title="bbox 384 4661 1981 4733">
    <p class='ocr_par' dir='ltr' id='par_1_93' title="bbox 384 4661 1981 4733">
     <span class='ocr_line' id='line_1_93' title="bbox 384 4661 1981 4733; baseline 0.001 -19"><span class='ocrx_word' id='word_1_646' title='bbox 384 4662 474 4731; x_wconf 86' lang='lat' dir='ltr'><strong>qui</strong></span> <span class='ocrx_word' id='word_1_647' title='bbox 501 4678 587 4718; x_wconf 78' lang='lat' dir='ltr'><strong>vos</strong></span> <span class='ocrx_word' id='word_1_648' title='bbox 616 4661 830 4731; x_wconf 83' lang='lat' dir='ltr'><strong>spernit,</strong></span> <span class='ocrx_word' id='word_1_649' title='bbox 858 4678 938 4715; x_wconf 89' lang='lat' dir='ltr'><strong>me</strong></span> <span class='ocrx_word' id='word_1_650' title='bbox 956 4663 1169 4732; x_wconf 83' lang='lat' dir='ltr'><strong>spernit,</strong></span> <span class='ocrx_word' id='word_1_651' title='bbox 1193 4671 1241 4715; x_wconf 87' lang='lat' dir='ltr'><strong>et</strong></span> <span class='ocrx_word' id='word_1_652' title='bbox 1266 4662 1355 4733; x_wconf 86' lang='lat' dir='ltr'><strong>qui</strong></span> <span class='ocrx_word' id='word_1_653' title='bbox 1376 4679 1461 4717; x_wconf 81' lang='lat' dir='ltr'><strong>ros</strong></span> <span class='ocrx_word' id='word_1_654' title='bbox 1491 4662 1690 4733; x_wconf 74' lang='lat' dir='ltr'><strong>recipit,</strong></span> <span class='ocrx_word' id='word_1_655' title='bbox 1721 4679 1804 4716; x_wconf 88' lang='lat' dir='ltr'><strong>me</strong></span> <span class='ocrx_word' id='word_1_656' title='bbox 1828 4663 1981 4717; x_wconf 48' lang='lat' dir='ltr'><strong>reci»</strong></span> 
     </span>
    </p>
   </div>
   <div class='ocr_carea' id='block_1_94' title="bbox 386 4749 1962 4824">
    <p class='ocr_par' dir='ltr' id='par_1_94' title="bbox 386 4749 1962 4824">
     <span class='ocr_line' id='line_1_94' title="bbox 386 4749 1962 4824; baseline -0.001 -19"><span class='ocrx_word' id='word_1_657' title='bbox 386 4753 494 4824; x_wconf 83' lang='lat' dir='ltr'><strong>pit;</strong></span> <span class='ocrx_word' id='word_1_658' title='bbox 520 4760 578 4807; x_wconf 90' lang='lat' dir='ltr'><strong>et</strong></span> <span class='ocrx_word' id='word_1_659' title='bbox 601 4750 704 4817; x_wconf 80' lang='lat' dir='ltr'><strong>Qui</strong></span> <span class='ocrx_word' id='word_1_660' title='bbox 733 4768 813 4806; x_wconf 87' lang='lat' dir='ltr'><strong>me</strong></span> <span class='ocrx_word' id='word_1_661' title='bbox 837 4752 1037 4822; x_wconf 77' lang='lat' dir='ltr'><strong>recipit,</strong></span> <span class='ocrx_word' id='word_1_662' title='bbox 1068 4752 1248 4822; x_wconf 82' lang='lat' dir='ltr'><strong>recipit</strong></span> <span class='ocrx_word' id='word_1_663' title='bbox 1274 4767 1391 4805; x_wconf 83' lang='lat' dir='ltr'><strong>eum</strong></span> <span class='ocrx_word' id='word_1_664' title='bbox 1414 4751 1505 4821; x_wconf 86' lang='lat' dir='ltr'><strong>qui</strong></span> <span class='ocrx_word' id='word_1_665' title='bbox 1542 4768 1623 4805; x_wconf 86' lang='lat' dir='ltr'><strong>me</strong></span> <span class='ocrx_word' id='word_1_666' title='bbox 1647 4751 1785 4805; x_wconf 85' lang='lat' dir='ltr'><strong>misit</strong></span> <span class='ocrx_word' id='word_1_667' title='bbox 1809 4749 1962 4823; x_wconf 85' lang='lat' dir='ltr'><strong>(Luc.</strong></span> 
     </span>
    </p>
   </div>
   <div class='ocr_carea' id='block_1_95' title="bbox 390 4840 831 4913">
    <p class='ocr_par' dir='ltr' id='par_1_95' title="bbox 390 4840 831 4913">
     <span class='ocr_line' id='line_1_95' title="bbox 390 4840 831 4913; baseline 0.005 -19"><span class='ocrx_word' id='word_1_668' title='bbox 390 4857 447 4908; x_wconf 65' lang='grc' dir='ltr'><em>ι,</em></span> <span class='ocrx_word' id='word_1_669' title='bbox 480 4841 575 4909; x_wconf 79' lang='lat' dir='ltr'><strong>i6;</strong></span> <span class='ocrx_word' id='word_1_670' title='bbox 608 4858 685 4907; x_wconf 82' lang='lat' dir='ltr'><strong>ix,</strong></span> <span class='ocrx_word' id='word_1_671' title='bbox 718 4840 831 4913; x_wconf 65' lang='lat' dir='ltr'><strong>i8).</strong></span> 
     </span>
    </p>
   </div>
   <div class='ocr_carea' id='block_1_96' title="bbox 1144 4927 1208 4984">
    <p class='ocr_par' dir='ltr' id='par_1_96' title="bbox 1144 4927 1208 4984">
     <span class='ocr_line' id='line_1_96' title="bbox 1144 4927 1208 4984; baseline 0.047 -3"><span class='ocrx_word' id='word_1_672' title='bbox 1144 4927 1208 4984; x_wconf 70' lang='lat' dir='ltr'><strong>V.</strong></span> 
     </span>
    </p>
   </div>
   <div class='ocr_carea' id='block_1_97' title="bbox 603 5019 1749 5093">
    <p class='ocr_par' dir='ltr' id='par_1_97' title="bbox 603 5019 1749 5093">
     <span class='ocr_line' id='line_1_97' title="bbox 603 5019 1749 5093; baseline -0.002 -16"><span class='ocrx_word' id='word_1_673' title='bbox 603 5019 755 5077; x_wconf 81' lang='lat' dir='ltr'><strong>Nihil</strong></span> <span class='ocrx_word' id='word_1_674' title='bbox 779 5020 970 5093; x_wconf 84' lang='lat' dir='ltr'><strong>absque</strong></span> <span class='ocrx_word' id='word_1_675' title='bbox 1001 5019 1211 5074; x_wconf 81' lang='lat' dir='ltr'><strong>licentia</strong></span> <span class='ocrx_word' id='word_1_676' title='bbox 1228 5020 1450 5092; x_wconf 79' lang='lat' dir='ltr'><strong>episcopi</strong></span> <span class='ocrx_word' id='word_1_677' title='bbox 1471 5022 1749 5093; x_wconf 79' lang='lat' dir='ltr'><strong>agendum.</strong></span> 
     </span>
    </p>
   </div>
   <div class='ocr_carea' id='block_1_98' title="bbox 679 5111 1685 5187">
    <p class='ocr_par' dir='ltr' id='par_1_98' title="bbox 679 5111 1685 5187">
     <span class='ocr_line' id='line_1_98' title="bbox 679 5111 1685 5187; baseline 0.001 -19"><span class='ocrx_word' id='word_1_678' title='bbox 679 5111 778 5185; x_wconf 75' lang='lat' dir='ltr'><strong>(Ex</strong></span> <span class='ocrx_word' id='word_1_679' title='bbox 812 5114 998 5169; x_wconf 87' lang='lat' dir='ltr'><strong>eadem</strong></span> <span class='ocrx_word' id='word_1_680' title='bbox 1027 5112 1252 5183; x_wconf 87' lang='lat' dir='ltr'><strong>epistola</strong></span> <span class='ocrx_word' id='word_1_681' title='bbox 1280 5113 1420 5169; x_wconf 88' lang='lat' dir='ltr'><strong>inter</strong></span> <span class='ocrx_word' id='word_1_682' title='bbox 1444 5114 1685 5187; x_wconf 56' lang='lat' dir='ltr'><strong>cetera.)</strong></span> 
     </span>
    </p>
   </div>
   <div class='ocr_carea' id='block_1_99' title="bbox 464 5224 1970 5297">
    <p class='ocr_par' dir='ltr' id='par_1_99' title="bbox 464 5224 1970 5297">
     <span class='ocr_line' id='line_1_99' title="bbox 464 5224 1970 5297; baseline 0 -15"><span class='ocrx_word' id='word_1_683' title='bbox 464 5226 805 5297; x_wconf 81' lang='lat' dir='ltr'><strong>Quapropter</strong></span> <span class='ocrx_word' id='word_1_684' title='bbox 875 5226 1087 5283; x_wconf 90' lang='lat' dir='ltr'><strong>cunctis</strong></span> <span class='ocrx_word' id='word_1_685' title='bbox 1161 5224 1451 5290; x_wconf 84' lang='lat' dir='ltr'><strong>fidelibus,</strong></span> <span class='ocrx_word' id='word_1_686' title='bbox 1511 5233 1569 5281; x_wconf 89' lang='lat' dir='ltr'><strong>et</strong></span> <span class='ocrx_word' id='word_1_687' title='bbox 1625 5241 1970 5295; x_wconf 84' lang='lat' dir='ltr'><strong>summopere</strong></span> 
     </span>
    </p>
   </div>
   <div class='ocr_carea' id='block_1_100' title="bbox 393 5316 1969 5389">
    <p class='ocr_par' dir='ltr' id='par_1_100' title="bbox 393 5316 1969 5389">
     <span class='ocr_line' id='line_1_100' title="bbox 393 5316 1969 5389; baseline 0 -16"><span class='ocrx_word' id='word_1_688' title='bbox 393 5317 646 5373; x_wconf 86' lang='lat' dir='ltr'><strong>omnibus</strong></span> <span class='ocrx_word' id='word_1_689' title='bbox 665 5318 1015 5389; x_wconf 75' lang='lat' dir='ltr'><strong>presbyteris,</strong></span> <span class='ocrx_word' id='word_1_690' title='bbox 1041 5326 1096 5373; x_wconf 92' lang='lat' dir='ltr'><strong>ct</strong></span> <span class='ocrx_word' id='word_1_691' title='bbox 1125 5316 1465 5380; x_wconf 88' lang='lat' dir='ltr'><strong>diaconibus,</strong></span> <span class='ocrx_word' id='word_1_692' title='bbox 1497 5331 1563 5372; x_wconf 93' lang='lat' dir='ltr'><strong>ac</strong></span> <span class='ocrx_word' id='word_1_693' title='bbox 1593 5317 1817 5387; x_wconf 89' lang='lat' dir='ltr'><strong>reliquis</strong></span> <span class='ocrx_word' id='word_1_694' title='bbox 1857 5317 1969 5373; x_wconf 84' lang='lat' dir='ltr'><strong>cle-</strong></span> 
     </span>
    </p>
   </div>
   <div class='ocr_carea' id='block_1_101' title="bbox 2065 4660 3647 4730">
    <p class='ocr_par' dir='ltr' id='par_1_101' title="bbox 2065 4660 3647 4730">
     <span class='ocr_line' id='line_1_101' title="bbox 2065 4660 3647 4730; baseline -0.005 -9"><span class='ocrx_word' id='word_1_695' title='bbox 2065 4665 2251 4721; x_wconf 88' lang='lat' dir='ltr'><strong>dicens</strong></span> <span class='ocrx_word' id='word_1_696' title='bbox 2283 4682 2296 4718; x_wconf 93' lang='lat'>:</span> <span class='ocrx_word' id='word_1_697' title='bbox 2324 4662 2509 4728; x_wconf 81' lang='lat' dir='ltr'><strong>Amen,</strong></span> <span class='ocrx_word' id='word_1_698' title='bbox 2537 4680 2689 4718; x_wconf 85' lang='lat' dir='ltr'><strong>amen</strong></span> <span class='ocrx_word' id='word_1_699' title='bbox 2711 4662 2830 4716; x_wconf 84' lang='lat' dir='ltr'><strong>dico</strong></span> <span class='ocrx_word' id='word_1_700' title='bbox 2853 4661 3019 4724; x_wconf 80' lang='lat' dir='ltr'><strong>vobis,</strong></span> <span class='ocrx_word' id='word_1_701' title='bbox 3062 4660 3161 4714; x_wconf 83' lang='lat' dir='ltr'><strong>nisi</strong></span> <span class='ocrx_word' id='word_1_702' title='bbox 3192 4661 3311 4730; x_wconf 85' lang='lat' dir='ltr'><strong>quis</strong></span> <span class='ocrx_word' id='word_1_703' title='bbox 3349 4660 3519 4715; x_wconf 77' lang='lat' dir='ltr'><strong>denuo</strong></span> <span class='ocrx_word' id='word_1_704' title='bbox 3565 4676 3647 4713; x_wconf 74' lang='lat' dir='ltr'><strong>re-</strong></span> 
     </span>
    </p>
   </div>
   <div class='ocr_carea' id='block_1_102' title="bbox 2066 4749 3647 4825">
    <p class='ocr_par' dir='ltr' id='par_1_102' title="bbox 2066 4749 3647 4825">
     <span class='ocr_line' id='line_1_102' title="bbox 2066 4749 3647 4825; baseline -0.004 -16"><span class='ocrx_word' id='word_1_705' title='bbox 2066 4765 2222 4809; x_wconf 82' lang='lat' dir='ltr'><strong>notus</strong></span> <span class='ocrx_word' id='word_1_706' title='bbox 2244 4754 2402 4825; x_wconf 70' lang='lat' dir='ltr'><strong>fuerit</strong></span> <span class='ocrx_word' id='word_1_707' title='bbox 2438 4770 2503 4808; x_wconf 71' lang='lat' dir='ltr'><strong>ex</strong></span> <span class='ocrx_word' id='word_1_708' title='bbox 2530 4771 2668 4824; x_wconf 82' lang='lat' dir='ltr'><strong>aqua</strong></span> <span class='ocrx_word' id='word_1_709' title='bbox 2712 4762 2760 4807; x_wconf 83' lang='lat' dir='ltr'><strong>et</strong></span> <span class='ocrx_word' id='word_1_710' title='bbox 2815 4750 3036 4821; x_wconf 85' lang='lat' dir='ltr'><strong>Spiritu,</strong></span> <span class='ocrx_word' id='word_1_711' title='bbox 3078 4767 3179 4805; x_wconf 78' lang='lat' dir='ltr'><strong>non</strong></span> <span class='ocrx_word' id='word_1_712' title='bbox 3229 4749 3443 4808; x_wconf 72' lang='lat' dir='ltr'><strong>intrabit</strong></span> <span class='ocrx_word' id='word_1_713' title='bbox 3472 4750 3528 4804; x_wconf 70' lang='lat' dir='ltr'><strong>in</strong></span> <span class='ocrx_word' id='word_1_714' title='bbox 3566 4766 3647 4803; x_wconf 83' lang='lat' dir='ltr'><strong>re-</strong></span> 
     </span>
    </p>
   </div>
   <div class='ocr_carea' id='block_1_103' title="bbox 2070 4841 2924 4917">
    <p class='ocr_par' dir='ltr' id='par_1_103' title="bbox 2070 4841 2924 4917">
     <span class='ocr_line' id='line_1_103' title="bbox 2070 4841 2924 4917; baseline -0.004 -18"><span class='ocrx_word' id='word_1_715' title='bbox 2070 4862 2225 4917; x_wconf 80' lang='lat' dir='ltr'><strong>qmim</strong></span> <span class='ocrx_word' id='word_1_716' title='bbox 2248 4844 2493 4899; x_wconf 67' lang='lat' dir='ltr'><strong>maiorum</strong></span> <span class='ocrx_word' id='word_1_717' title='bbox 2518 4842 2697 4914; x_wconf 84' lang='lat' dir='ltr'><strong>(Joan.</strong></span> <span class='ocrx_word' id='word_1_718' title='bbox 2723 4860 2810 4907; x_wconf 62' lang='lat' dir='ltr'><strong>In,</strong></span> <span class='ocrx_word' id='word_1_719' title='bbox 2847 4841 2924 4914; x_wconf 82' lang='grc'><strong>5).</strong></span> 
     </span>
    </p>
   </div>
   <div class='ocr_carea' id='block_1_104' title="bbox 2811 4955 2902 5010">
    <p class='ocr_par' dir='ltr' id='par_1_104' title="bbox 2811 4955 2902 5010">
     <span class='ocr_line' id='line_1_104' title="bbox 2811 4955 2902 5010; baseline 0 0"><span class='ocrx_word' id='word_1_720' title='bbox 2811 4955 2902 5010; x_wconf 76' lang='lat' dir='ltr'><strong>IX.</strong></span> 
     </span>
    </p>
   </div>
   <div class='ocr_carea' id='block_1_105' title="bbox 2192 5042 3525 5119">
    <p class='ocr_par' dir='ltr' id='par_1_105' title="bbox 2192 5042 3525 5119">
     <span class='ocr_line' id='line_1_105' title="bbox 2192 5042 3525 5119; baseline -0.002 -18"><span class='ocrx_word' id='word_1_721' title='bbox 2192 5045 2343 5113; x_wconf 85' lang='lat' dir='ltr'><strong>Quod</strong></span> <span class='ocrx_word' id='word_1_722' title='bbox 2366 5063 2470 5101; x_wconf 84' lang='lat' dir='ltr'><strong>non</strong></span> <span class='ocrx_word' id='word_1_723' title='bbox 2493 5047 2681 5119; x_wconf 86' lang='lat' dir='ltr'><strong>ubique</strong></span> <span class='ocrx_word' id='word_1_724' title='bbox 2711 5056 2759 5100; x_wconf 90' lang='lat' dir='ltr'><strong>et</strong></span> <span class='ocrx_word' id='word_1_725' title='bbox 2788 5064 2821 5101; x_wconf 81' lang='grc' dir='ltr'>α</span> <span class='ocrx_word' id='word_1_726' title='bbox 2858 5046 2972 5101; x_wconf 89' lang='lat' dir='ltr'><strong>solo</strong></span> <span class='ocrx_word' id='word_1_727' title='bbox 3001 5042 3408 5117; x_wconf 79' lang='lat' dir='ltr'><strong>sacriﬁcandum</strong></span> <span class='ocrx_word' id='word_1_728' title='bbox 3437 5043 3525 5100; x_wconf 83' lang='lat' dir='ltr'><strong>sit.</strong></span> 
     </span>
    </p>
   </div>
   <div class='ocr_carea' id='block_1_106' title="bbox 2073 5136 3654 5211">
    <p class='ocr_par' dir='ltr' id='par_1_106' title="bbox 2073 5136 3654 5211">
     <span class='ocr_line' id='line_1_106' title="bbox 2073 5136 3654 5211; baseline -0.003 -17"><span class='ocrx_word' id='word_1_729' title='bbox 2073 5138 2172 5211; x_wconf 74' lang='lat' dir='ltr'><strong>(Ex</strong></span> <span class='ocrx_word' id='word_1_730' title='bbox 2196 5137 2422 5210; x_wconf 87' lang='lat' dir='ltr'><strong>epistola</strong></span> <span class='ocrx_word' id='word_1_731' title='bbox 2438 5137 2682 5211; x_wconf 78' lang='lat' dir='ltr'><strong>Anaeleti</strong></span> <span class='ocrx_word' id='word_1_732' title='bbox 2707 5153 2857 5208; x_wconf 71' lang='lat' dir='ltr'><strong>papa:</strong></span> <span class='ocrx_word' id='word_1_733' title='bbox 2884 5138 3086 5211; x_wconf 80' lang='lat' dir='ltr'><strong>scripta</strong></span> <span class='ocrx_word' id='word_1_734' title='bbox 3110 5137 3363 5211; x_wconf 68' lang='lat' dir='ltr'><strong>omnibus</strong></span> <span class='ocrx_word' id='word_1_735' title='bbox 3386 5136 3654 5207; x_wconf 85' lang='lat' dir='ltr'><strong>episcopis</strong></span> 
     </span>
    </p>
   </div>
   <div class='ocr_carea' id='block_1_107' title="bbox 2424 5205 3296 5278">
    <p class='ocr_par' dir='ltr' id='par_1_107' title="bbox 2424 5205 3296 5278">
     <span class='ocr_line' id='line_1_107' title="bbox 2424 5205 3296 5278; baseline -0.005 -15"><span class='ocrx_word' id='word_1_736' title='bbox 2424 5205 2744 5278; x_wconf 75' lang='lat' dir='ltr'><strong>czrterisquc</strong></span> <span class='ocrx_word' id='word_1_737' title='bbox 2766 5205 2979 5262; x_wconf 75' lang='lat' dir='ltr'><strong>cunctis</strong></span> <span class='ocrx_word' id='word_1_738' title='bbox 2999 5205 3296 5277; x_wconf 73' lang='lat' dir='ltr'><strong>fidelibus.)</strong></span> 
     </span>
    </p>
   </div>
   <div class='ocr_carea' id='block_1_108' title="bbox 2145 5316 3657 5392">
    <p class='ocr_par' dir='ltr' id='par_1_108' title="bbox 2145 5316 3657 5392">
     <span class='ocr_line' id='line_1_108' title="bbox 2145 5316 3657 5392; baseline -0.004 -13"><span class='ocrx_word' id='word_1_739' title='bbox 2145 5322 2256 5379; x_wconf 87' lang='lat' dir='ltr'><strong>Deo</strong></span> <span class='ocrx_word' id='word_1_740' title='bbox 2270 5321 2413 5377; x_wconf 84' lang='lat' dir='ltr'><strong>enim</strong></span> <span class='ocrx_word' id='word_1_741' title='bbox 2438 5320 2676 5392; x_wconf 88' lang='lat' dir='ltr'><strong>perfecte</strong></span> <span class='ocrx_word' id='word_1_742' title='bbox 2701 5319 3078 5376; x_wconf 69' lang='lat' dir='ltr'><strong>sacrificantes</strong></span> <span class='ocrx_word' id='word_1_743' title='bbox 3099 5335 3203 5374; x_wconf 88' lang='lat' dir='ltr'><strong>non</strong></span> <span class='ocrx_word' id='word_1_744' title='bbox 3226 5318 3423 5374; x_wconf 87' lang='lat' dir='ltr'><strong>debent</strong></span> <span class='ocrx_word' id='word_1_745' title='bbox 3446 5316 3657 5384; x_wconf 74' lang='lat' dir='ltr'><strong>vexari,</strong></span> 
     </span>
    </p>
   </div>
   <div class='ocr_carea' id='block_1_109' title="bbox 397 5404 3655 5480">
    <p class='ocr_par' dir='ltr' id='par_1_109' title="bbox 397 5404 3655 5480">
     <span class='ocr_line' id='line_1_109' title="bbox 397 5404 3655 5480; baseline -0.001 -18"><span class='ocrx_word' id='word_1_746' title='bbox 397 5407 526 5462; x_wconf 85' lang='lat' dir='ltr'><strong>ricis</strong></span> <span class='ocrx_word' id='word_1_747' title='bbox 544 5407 926 5463; x_wconf 87' lang='lat' dir='ltr'><strong>attendendum</strong></span> <span class='ocrx_word' id='word_1_748' title='bbox 950 5416 1050 5473; x_wconf 88' lang='lat' dir='ltr'><strong>est,</strong></span> <span class='ocrx_word' id='word_1_749' title='bbox 1082 5417 1141 5463; x_wconf 90' lang='lat' dir='ltr'><strong>ut</strong></span> <span class='ocrx_word' id='word_1_750' title='bbox 1162 5407 1297 5463; x_wconf 85' lang='lat' dir='ltr'><strong>nihil</strong></span> <span class='ocrx_word' id='word_1_751' title='bbox 1331 5408 1538 5477; x_wconf 88' lang='lat' dir='ltr'><strong>absque</strong></span> <span class='ocrx_word' id='word_1_752' title='bbox 1583 5408 1819 5478; x_wconf 87' lang='lat' dir='ltr'><strong>episcopi</strong></span> <span class='ocrx_word' id='word_1_753' title='bbox 1847 5424 1973 5479; x_wconf 87' lang='lat' dir='ltr'><strong>pro-</strong></span> <span class='ocrx_word' id='word_1_754' title='bbox 2012 5454 2015 5457; x_wconf 32' lang='grc' dir='ltr'><strong><em>γ</em></strong></span> <span class='ocrx_word' id='word_1_755' title='bbox 2074 5411 2169 5466; x_wconf 87' lang='lat' dir='ltr'><strong>sed</strong></span> <span class='ocrx_word' id='word_1_756' title='bbox 2199 5411 2429 5480; x_wconf 85' lang='lat' dir='ltr'><strong>portari,</strong></span> <span class='ocrx_word' id='word_1_757' title='bbox 2465 5409 2758 5472; x_wconf 86' lang='lat' dir='ltr'><strong>consolari,</strong></span> <span class='ocrx_word' id='word_1_758' title='bbox 2802 5417 2967 5479; x_wconf 89' lang='lat' dir='ltr'><strong>atque</strong></span> <span class='ocrx_word' id='word_1_759' title='bbox 2993 5407 3061 5463; x_wconf 90' lang='lat' dir='ltr'><strong>ab</strong></span> <span class='ocrx_word' id='word_1_760' title='bbox 3089 5408 3340 5464; x_wconf 89' lang='lat' dir='ltr'><strong>omnibus</strong></span> <span class='ocrx_word' id='word_1_761' title='bbox 3384 5404 3655 5461; x_wconf 89' lang='lat' dir='ltr'><strong>venerari.</strong></span> 
     </span>
    </p>
   </div>
   <div class='ocr_carea' id='block_1_110' title="bbox 398 5494 3659 5572">
    <p class='ocr_par' dir='ltr' id='par_1_110' title="bbox 398 5494 3659 5572">
     <span class='ocr_line' id='line_1_110' title="bbox 398 5494 3659 5572; baseline -0.001 -20"><span class='ocrx_word' id='word_1_762' title='bbox 398 5499 501 5567; x_wconf 89' lang='lat' dir='ltr'><strong>prii</strong></span> <span class='ocrx_word' id='word_1_763' title='bbox 526 5498 743 5556; x_wconf 89' lang='lat' dir='ltr'><strong>licentia</strong></span> <span class='ocrx_word' id='word_1_764' title='bbox 766 5508 945 5571; x_wconf 85' lang='lat' dir='ltr'><strong>agant.</strong></span> <span class='ocrx_word' id='word_1_765' title='bbox 974 5500 1091 5555; x_wconf 84' lang='lat' dir='ltr'><strong>Non</strong></span> <span class='ocrx_word' id='word_1_766' title='bbox 1106 5500 1293 5570; x_wconf 88' lang='lat' dir='ltr'><strong>utique</strong></span> <span class='ocrx_word' id='word_1_767' title='bbox 1319 5499 1516 5555; x_wconf 86' lang='lat' dir='ltr'><strong>missas</strong></span> <span class='ocrx_word' id='word_1_768' title='bbox 1542 5501 1657 5555; x_wconf 89' lang='lat' dir='ltr'><strong>sine</strong></span> <span class='ocrx_word' id='word_1_769' title='bbox 1681 5501 1798 5572; x_wconf 91' lang='lat' dir='ltr'><strong>ejus</strong></span> <span class='ocrx_word' id='word_1_770' title='bbox 1817 5500 1973 5571; x_wconf 89' lang='lat' dir='ltr'><strong>jussu</strong></span> <span class='ocrx_word' id='word_1_771' title='bbox 2075 5500 2178 5571; x_wconf 88' lang='lat' dir='ltr'><strong>Ipsi</strong></span> <span class='ocrx_word' id='word_1_772' title='bbox 2203 5508 2383 5553; x_wconf 82' lang='lat' dir='ltr'><strong>autem</strong></span> <span class='ocrx_word' id='word_1_773' title='bbox 2406 5500 2623 5570; x_wconf 90' lang='lat' dir='ltr'><strong>quando</strong></span> <span class='ocrx_word' id='word_1_774' title='bbox 2648 5499 2876 5555; x_wconf 86' lang='lat' dir='ltr'><strong>Domino</strong></span> <span class='ocrx_word' id='word_1_775' title='bbox 2901 5498 3239 5564; x_wconf 81' lang='lat' dir='ltr'><strong>sacrificant,</strong></span> <span class='ocrx_word' id='word_1_776' title='bbox 3273 5512 3382 5552; x_wconf 86' lang='lat' dir='ltr'><strong>non</strong></span> <span class='ocrx_word' id='word_1_777' title='bbox 3421 5494 3522 5552; x_wconf 84' lang='lat' dir='ltr'><strong>soli</strong></span> <span class='ocrx_word' id='word_1_778' title='bbox 3554 5496 3659 5551; x_wconf 84' lang='lat' dir='ltr'><strong>hoc</strong></span> 
     </span>
    </p>
   </div>
   <div class='ocr_carea' id='block_1_111' title="bbox 401 5585 3663 5663">
    <p class='ocr_par' dir='ltr' id='par_1_111' title="bbox 401 5585 3663 5663">
     <span class='ocr_line' id='line_1_111' title="bbox 401 5585 3663 5663; baseline -0.002 -20"><span class='ocrx_word' id='word_1_779' title='bbox 401 5589 688 5661; x_wconf 84' lang='lat' dir='ltr'><strong>quisquam</strong></span> <span class='ocrx_word' id='word_1_780' title='bbox 726 5592 1165 5662; x_wconf 82' lang='lat' dir='ltr'><strong>presbyterorum</strong></span> <span class='ocrx_word' id='word_1_781' title='bbox 1189 5590 1245 5643; x_wconf 91' lang='lat' dir='ltr'><strong>in</strong></span> <span class='ocrx_word' id='word_1_782' title='bbox 1266 5604 1365 5644; x_wconf 87' lang='lat' dir='ltr'><strong>sua</strong></span> <span class='ocrx_word' id='word_1_783' title='bbox 1385 5591 1644 5659; x_wconf 86' lang='lat' dir='ltr'><strong>parocbia</strong></span> <span class='ocrx_word' id='word_1_784' title='bbox 1675 5602 1818 5663; x_wconf 84' lang='lat' dir='ltr'><strong>agat,</strong></span> <span class='ocrx_word' id='word_1_785' title='bbox 1866 5609 1973 5647; x_wconf 91' lang='lat' dir='ltr'><strong>non</strong></span> <span class='ocrx_word' id='word_1_786' title='bbox 2079 5606 2238 5662; x_wconf 80' lang='lat' dir='ltr'><strong>agere</strong></span> <span class='ocrx_word' id='word_1_787' title='bbox 2264 5590 2480 5657; x_wconf 86' lang='lat' dir='ltr'><strong>debent,</strong></span> <span class='ocrx_word' id='word_1_788' title='bbox 2524 5591 2618 5646; x_wconf 81' lang='lat' dir='ltr'><strong>sed</strong></span> <span class='ocrx_word' id='word_1_789' title='bbox 2663 5598 2829 5645; x_wconf 88' lang='lat' dir='ltr'><strong>testes</strong></span> <span class='ocrx_word' id='word_1_790' title='bbox 2864 5605 3046 5644; x_wconf 85' lang='lat' dir='ltr'><strong>secum</strong></span> <span class='ocrx_word' id='word_1_791' title='bbox 3084 5589 3397 5653; x_wconf 81' lang='lat' dir='ltr'><strong>adhibeant,</strong></span> <span class='ocrx_word' id='word_1_792' title='bbox 3441 5595 3501 5639; x_wconf 91' lang='lat' dir='ltr'><strong>ut</strong></span> <span class='ocrx_word' id='word_1_793' title='bbox 3551 5585 3663 5639; x_wconf 88' lang='lat' dir='ltr'><strong>Deo</strong></span> 
     </span>
    </p>
   </div>
   <div class='ocr_carea' id='block_1_112' title="bbox 398 5672 1966 5753">
    <p class='ocr_par' dir='ltr' id='par_1_112' title="bbox 398 5672 1966 5753">
     <span class='ocr_line' id='line_1_112' title="bbox 398 5672 1966 5753; baseline 0.003 -21"><span class='ocrx_word' id='word_1_794' title='bbox 398 5676 657 5749; x_wconf 78' lang='lat' dir='ltr'><strong>baptizet,</strong></span> <span class='ocrx_word' id='word_1_795' title='bbox 684 5696 783 5734; x_wconf 88' lang='lat' dir='ltr'><strong>nec</strong></span> <span class='ocrx_word' id='word_1_796' title='bbox 801 5682 1091 5750; x_wconf 83' lang='lat' dir='ltr'><strong>quidquam</strong></span> <span class='ocrx_word' id='word_1_797' title='bbox 1117 5680 1321 5749; x_wconf 66' lang='lat' dir='ltr'><strong>absque</strong></span> <span class='ocrx_word' id='word_1_798' title='bbox 1345 5676 1462 5745; x_wconf 85' lang='lat' dir='ltr'><strong>ejus</strong></span> <span class='ocrx_word' id='word_1_799' title='bbox 1502 5672 1769 5748; x_wconf 62' lang='lat' dir='ltr'><strong>permisso</strong></span> <span class='ocrx_word' id='word_1_800' title='bbox 1821 5691 1966 5753; x_wconf 83' lang='lat' dir='ltr'><strong>agat.</strong></span> 
     </span>
    </p>
   </div>
   <div class='ocr_carea' id='block_1_113' title="bbox 2079 5675 3659 5757">
    <p class='ocr_par' dir='ltr' id='par_1_113' title="bbox 2079 5675 3659 5757">
     <span class='ocr_line' id='line_1_113' title="bbox 2079 5675 3659 5757; baseline -0.003 -25"><span class='ocrx_word' id='word_1_801' title='bbox 2079 5679 2317 5750; x_wconf 69' lang='lat' dir='ltr'><strong>perfecte</strong></span> <span class='ocrx_word' id='word_1_802' title='bbox 2371 5679 2425 5733; x_wconf 91' lang='lat' dir='ltr'><strong>in</strong></span> <span class='ocrx_word' id='word_1_803' title='bbox 2454 5679 2685 5757; x_wconf 64' lang='lat' dir='ltr'><strong>sacratis</strong></span> <span class='ocrx_word' id='word_1_804' title='bbox 2714 5679 2942 5734; x_wconf 87' lang='lat' dir='ltr'><strong>Domino</strong></span> <span class='ocrx_word' id='word_1_805' title='bbox 2990 5678 3123 5734; x_wconf 83' lang='lat' dir='ltr'><strong>locis</strong></span> <span class='ocrx_word' id='word_1_806' title='bbox 3175 5675 3484 5732; x_wconf 66' lang='lat' dir='ltr'><strong>sacriﬁcare</strong></span> <span class='ocrx_word' id='word_1_807' title='bbox 3531 5687 3659 5744; x_wconf 87' lang='lat' dir='ltr'><strong>pro-</strong></span> 
     </span>
    </p>
   </div>
  </div>
