3960 6480
301 372 435 430 1097

1424 369 1743 431 CANONES
1778 371 1917 429 PRO
1956 371 2092 429 SUA
2129 369 2449 429 DICECESI.

3415 378 3552 435 I098

296 493 509 548 bentur.
535 485 627 543 Ait
642 498 880 558 namque
910 484 1213 542 auctoritas
1241 484 1375 557 legis
1417 485 1621 543 Divinas
1653 503 1668 542 :
1707 485 1861 553 Vide,
1889 485 1942 548 Α
1965 491 2253 555 peccantes
2296 485 2606 542 sacerdotes
2647 499 2681 540 a
2731 483 2933 558 templo
2974 483 3137 559 ejeeit
3159 501 3178 545 :
3204 487 3348 546 unde
3379 489 3555 562 liquet

294 597 353 636 nc
381 578 577 650 offeras
601 575 910 632 holocausta
928 584 1021 631 tua
1043 577 1100 632 in
1123 575 1266 631 omni
1293 574 1426 642 loco,
1455 593 1608 648 quem
1642 575 1876 643 uideris;

291 671 379 726 sed
407 671 465 724 in
500 667 636 734 loco,
667 684 819 740 quem
864 667 1016 739 elegit
1042 666 1301 721 Dominus
1347 666 1492 722 Deus
1529 676 1651 721 tuus
1693 665 1874 739 (Deut.

292 777 386 827 xu,
413 757 524 831 15).
551 758 852 830 Episcopus
894 757 1008 813 Deo
1045 755 1382 819 sacriﬁcans,
1417 763 1605 821 testes,
1653 763 1714 810 ut
1738 770 1880 826 prae-

292 851 457 906 ﬁxum
479 854 564 904 est
591 861 777 904 secum
806 845 1021 910 habeat,
1054 853 1109 900 et
1130 843 1314 914 plures
1343 859 1506 915 quam
1527 844 1664 899 alius
1693 858 1878 899 sacen-

295 939 390 994 dos
440 952 456 992 :
506 937 657 992 sicut
704 934 1002 1004 majoribus
1042 935 1266 990 honoris
1303 935 1559 1006 gradibus
1598 934 1874 1007 fungitur,

292 1026 372 1081 sic
400 1023 628 1093 majoris
670 1023 967 1079 testimonii
1011 1023 1496 1079 incrementatione
1542 1023 1767 1096 indiget.
1814 1023 1875 1080 In

291 1115 708 1172 solemnioribus
732 1113 932 1183 quippe
952 1111 1162 1178 diebus,
1193 1119 1287 1166 aut
1307 1121 1538 1182 septem,
1570 1121 1668 1168 aut
1716 1113 1878 1183 quin-

292 1221 417 1276 que,
454 1212 548 1259 aut
577 1209 691 1259 tres
725 1204 999 1266 diaconos,
1045 1201 1139 1271 qui
1175 1199 1296 1270 ejus
1338 1202 1478 1258 oculi
1501 1202 1773 1268 dicuntur,
1819 1211 1876 1258 et

293 1294 670 1360 subdiaconos,
702 1300 865 1362 atque
884 1291 1122 1361 reliquos
1139 1291 1418 1346 ministros
1447 1306 1633 1346 secum
1653 1292 1870 1360 habeat,

292 1385 384 1456 qui
419 1384 590 1439 sacris
616 1382 790 1438 induti
811 1381 1147 1437 vestimentis
1175 1381 1232 1436 in
1259 1379 1438 1436 fronte
1456 1389 1510 1436 et
1533 1396 1564 1435 a
1602 1390 1778 1453 tergo,
1818 1391 1874 1438 et

291 1474 596 1546 presbyteri
616 1485 649 1528 c
674 1471 894 1543 regione
913 1471 1136 1526 dextera
1164 1469 1406 1541 laevaque
1427 1475 1662 1527 contrito
1683 1473 1869 1538 corde,

293 1572 348 1620 et
380 1563 663 1619 humiliate
683 1577 748 1617 ac
765 1575 938 1633 prono
958 1569 1103 1616 stent
1141 1560 1312 1627 vultu,
1344 1561 1710 1617 custodientes
1745 1577 1869 1617 eum

293 1667 322 1706 a
345 1651 624 1706 malevolis
651 1650 979 1718 hominibus,
1001 1657 1060 1705 et
1089 1664 1418 1706 consensum
1445 1648 1564 1719 ejus
1588 1652 1870 1723 praebeant

294 1743 587 1800 sacrificio.

1051 1833 1102 1888 Χ

687 1921 810 1978 Non
837 1921 1098 1978 tollendas
1128 1939 1209 1979 res
1231 1922 1483 1980 ecclesice.

543 2013 646 2088 (Ex
665 2016 852 2071 eadem
883 2016 1106 2087 epistola
1151 2016 1396 2073 Anacleti
1423 2018 1621 2090 papae.)

365 2103 506 2176 Ergo
527 2105 621 2175 qui
641 2105 842 2161 Christi
865 2108 1126 2176 pecunias
1151 2116 1206 2162 et
1223 2108 1465 2163 ecclesiae
1485 2109 1648 2180 rapit,
1670 2110 1872 2179 aufert,

296 2191 380 2249 vel
407 2191 638 2261 fraudat,
661 2194 928 2251 homicida
951 2205 1056 2263 est,
1088 2204 1251 2268 atque
1275 2197 1547 2253 homicida
1576 2206 1704 2256 ante
1748 2216 1870 2256 con-

297 2293 536 2355 spectum
551 2285 748 2355 judicis
772 2302 892 2344 esse
918 2289 1280 2359 deputabitur.
1313 2287 1415 2356 Qui
1432 2291 1574 2360 rapit
1590 2292 1878 2361 pecuniam

296 2375 525 2444 proximi
556 2376 657 2440 sui,
701 2377 1041 2447 iniquitatem
1098 2387 1398 2448 operatur:
1449 2380 1542 2450 qui
1573 2390 1754 2437 autem
1779 2398 1880 2453 pe-

297 2466 514 2522 cuniam
566 2467 653 2523 vel
705 2482 794 2524 res
853 2467 1094 2523 ecclesiae
1151 2469 1480 2536 abstulerit,
1535 2472 1876 2546 sacrilegium

297 2560 452 2618 facit.

1037 2653 1129 2710 XI.

659 2745 742 2803 De
759 2746 1092 2803 ordinatione
1122 2747 1505 2819 episcoporum.

301 2831 406 2906 (Ex
448 2834 674 2908 epistola
699 2833 1352 2978 Anacletipgapgli‘sncgipta
1381 2837 1634 2895 omnibus
1673 2840 1880 2911 episco-

933 2915 1016 2977 pis
1035 2915 1219 2962 italia.

371 3016 748 3076 Ordinationes
791 3019 1166 3088 episcoporum
1214 3019 1538 3074 auctoritate
1578 3019 1876 3090 apostolica

1979 577 2124 648 quod
2142 578 2340 633 summi
2375 577 2705 644 sacerdotes,
2731 578 2786 634 id
2812 586 2916 645 est,
2946 579 3187 650 episcopi
3225 595 3257 635 a
3286 581 3398 637 Deo
3428 591 3560 638 sunt

1970 665 2272 736 judicandi,
2294 683 2402 724 non
2422 668 2492 723 ab
2507 668 2757 724 humanis
2783 676 2877 723 aut
2896 684 3078 739 pravae
3099 671 3224 726 vitae
3246 671 3562 727 hominibus

1977 756 2252 814 laceranti
2282 797 2298 826 ,
2363 759 2458 814 sed
2501 758 2686 828 potius
2724 759 2794 814 ab
2835 761 3090 816 omnibus
3134 760 3383 817 ﬁdelibus
3430 777 3560 833 por-

1977 847 2148 904 tandi.
2888 907 2908 927 ,

2696 937 2834 994 XIII.

2257 1028 2338 1085 De
2371 1029 2708 1100 querimonia
2738 1039 2923 1084 contra
2952 1031 3270 1088 sacerdotes.

2462 1118 2564 1191 (Ex
2590 1118 2780 1174 eadem
2804 1117 3077 1191 epistola.)

2047 1206 2105 1264 Si
2132 1208 2254 1278 quis
2288 1209 2548 1265 adversus
2586 1209 2895 1264 sacerdotes
2924 1209 3008 1264 vel
3046 1210 3308 1266 ecclesias
3362 1225 3552 1271 eorum

1975 1307 2281 1355 commotus
2318 1299 2484 1356 fuerit
2512 1308 2606 1354 aut
2625 1313 2820 1355 causas
2858 1299 3126 1365 habuerit,
3175 1302 3328 1370 prius
3352 1302 3422 1358 ad
3464 1319 3560 1360 eos

1974 1397 2224 1444 recurrat
2285 1389 2569 1445 charitatis
2629 1390 2842 1463 studio,
2890 1397 2950 1444 ut
2984 1389 3240 1446 familiari
3288 1392 3560 1463 colloquio

1973 1480 2289 1535 commoniti
2315 1495 2378 1535 ea
2406 1487 2598 1535 sanent
2626 1495 2746 1550 quae
2769 1459 3011 1535 sananda
3033 1488 3183 1547 sunt,
3209 1489 3266 1536 et
3290 1459 3562 1540 charitato

1972 1571 2262 1626 emendent
2275 1585 2393 1640 qua:
2411 1570 2557 1641 juste
2571 1569 2909 1625 emendanda
2931 1571 3271 1640 agnoverint.
3295 1570 3356 1628 Si
3375 1578 3560 1628 autem

1973 1659 2138 1730 aliqui
2167 1675 2262 1716 eos
2283 1660 2603 1730 priusquam
2638 1660 2753 1714 haec
2789 1659 3018 1731 egerint,
3066 1659 3330 1726 lacerare,
3385 1677 3550 1716 accu-

1973 1763 2115 1814 sare,
2147 1760 2240 1805 aut
2287 1748 2550 1804 infestare
2576 1749 3042 1820 praesumpserint,
3085 1749 3562 1806 excommunicen-

1900 1825 1950 1886 Β
1979 1847 2089 1907 tur,
2145 1850 2202 1896 et
2232 1841 2452 1896 minime
2490 1840 2840 1896 absolvantur
2887 1847 3180 1911 antequam
3208 1855 3308 1911 per
3334 1839 3557 1896 satisfa-

1979 1931 2214 1985 ctionem
2263 1931 2582 2002 condignam
2611 1930 2822 2001 egerint
2846 1929 3248 2004 paenitentiam,
3300 1929 3561 2001 quoniam

1978 2016 2175 2088 injuria
2202 2034 2390 2075 eorum
2418 2021 2487 2075 ad
2514 2018 2791 2076 Christum
2817 2019 3076 2090 pertinet,
3110 2016 3268 2090 cujus
3289 2017 3562 2092 legatione

1978 2109 2298 2184 funguntur.

2686 2202 2824 2260 XIV.

2291 2293 2371 2349 De
2401 2294 2638 2365 bipertito
2675 2293 2860 2348 ordine
2891 2292 3241 2352 sacerdotum.

1981 2387 2083 2460 (Ex
2111 2385 2336 2458 epistola
2367 2385 2842 2466 anaclet‘isc’ripta
2889 2384 3141 2466 omnibus
3188 2381 3458 2466 episcopis
3504 2391 3565 2439 et

2306 2402 2336 2440 a
2369 2398 2612 2466 {tnacteu
2638 2398 2842 2466 scripta
2889 2398 3141 2466 omnibus
3188 2398 3219 2438 e

2305 2455 2528 2524 reliquis
2569 2455 2771 2510 Christi
2820 2398 3274 2523 εειοενάοιιὺιιεδΜ

2053 2565 2408 2622 Sacerdotum
2459 2564 2646 2620 fratris
2673 2564 2808 2619 ordo
2847 2564 3144 2635 ‘bipertitus
3185 2570 3291 2630 est,
3322 2570 3378 2618 et
3421 2563 3566 2618 sicut

1979 2659 2243 2714 Dominus
2269 2659 2420 2713 illum
2446 2658 2757 2723 constituit,
2782 2673 2814 2711 a
2843 2656 2996 2712 nullo
3033 2657 3194 2712 debet
3235 2655 3561 2726 perturbari.

1981 2747 2146 2804 Scitis
2170 2757 2351 2803 autem
2379 2763 2410 2800 a
2441 2749 2671 2803 Domino
2691 2747 2961 2817 apostolos
2989 2761 3110 2801 esse
3135 2747 3338 2802 electos
3357 2754 3413 2802 et
3437 2762 3568 2803 con-

1980 2837 2221 2903 stitutos,
2245 2846 2301 2892 et
2323 2845 2510 2907 postea
2537 2851 2637 2906 per
2680 2837 2926 2891 diversas
2970 2837 3278 2904 provincias
3322 2837 3391 2892 ad
3429 2850 3571 2907 prie-

1981 2928 2270 2983 dicandum
2290 2927 2583 2998 dispersos.
2597 2925 2735 2982 Cum
2750 2940 2881 2982 vero
2903 2927 3099 2982 messis
3117 2926 3563 2997 cmpitcrescere,

1979 3016 2171 3072 videns
2196 3033 2396 3088 paucos
2423 3034 2543 3074 esse
2561 3018 2862 3089 operarios,
2886 3017 2954 3072 ad
2978 3033 3167 3073 eorum
3195 3016 3566 3087 adiumentum

302 3108 374 3165 ab
421 3111 672 3165 omnibus
698 3110 790 3179 qui
834 3111 889 3164 in
937 3111 1125 3164 eadem
1177 3109 1380 3166 fuerint
1421 3111 1702 3180 provincia
1751 3119 1878 3167 sunt
1909 3165 1949 3180 Α,
1982 3105 2324 3177 septuaginta
2367 3107 2490 3178 eligi
2517 3107 2774 3177 praecepit
2812 3105 3124 3177 discipulos.
3156 3107 3406 3178 Episcopi
3434 3123 3571 3166 vero

302 3199 638 3258 celebrandae
685 3219 698 3256 :

304 3291 590 3363 diligenter
627 3299 809 3364 agant,
847 3291 1222 3363 jejuniumque
1257 3309 1378 3349 cum
1408 3294 1661 3350 omnibus
1701 3297 1878 3366 preci-

302 3382 406 3438 bus
429 3383 719 3449 celebrent,
743 3391 798 3437 et
816 3398 1006 3438 manus
1036 3399 1158 3438 cum
1190 3385 1393 3440 sanctis
1421 3385 1729 3457 Evangeliis
1753 3401 1878 3456 quae

303 3474 642 3544 praedicaturi
697 3481 822 3528 sunt
877 3473 1214 3544 imponentes
1271 3474 1549 3530 Dominica
1605 3475 1692 3530 die
1744 3475 1880 3530 hora

303 3567 463 3622 tertia
486 3575 724 3634 orantes,
748 3582 1008 3638 sacraque
1029 3567 1288 3622 unctione
1317 3567 1567 3638 exemplo
1586 3568 1879 3638 propheta-

304 3673 425 3711 rum
453 3667 506 3710 et
553 3673 737 3728 regum
779 3658 955 3726 capita
996 3673 1186 3713 eorum
1233 3673 1386 3713 more
1411 3657 1777 3728 apostolorum
1826 3665 1882 3712 et

304 3744 475 3812 Moysi
505 3753 781 3814 ungentes,
811 3746 933 3812 quia
969 3747 1145 3799 omnis
1174 3748 1531 3801 sanctificatio
1570 3755 1783 3802 constat
1827 3747 1883 3801 in

305 3835 510 3906 Spiritu
551 3843 758 3900 sancto,
805 3834 960 3904 cujus
1002 3835 1174 3890 virtus
1221 3836 1508 3890 invisibilis
1553 3845 1744 3891 sancto
1796 3844 1883 3891 est

307 3928 608 3985 chrismate
623 3927 986 4000 promulgata,
1015 3936 1070 3983 et
1117 3929 1220 3982 hoc
1265 3929 1374 3982 ritu
1397 3929 1692 3984 solemnem
1743 3929 1884 3985 cele-

305 4018 471 4074 brent
495 4017 908 4074 ordinationem.
932 4015 1086 4085 Quod
1109 4019 1156 4073 si
1181 4033 1370 4074 omnes
1389 4018 1551 4074 simul
1594 4019 1884 4074 convenire

307 4109 532 4165 minime
575 4109 873 4179 potuerint,
910 4124 1190 4164 assensum
1249 4117 1432 4164 tamen
1475 4109 1588 4165 suis
1628 4108 1882 4180 precibus

303 4202 604 4272 praebeant,
629 4208 689 4254 ut
717 4199 785 4255 ab
811 4201 925 4270 ipsa
963 4200 1301 4256 ordinatione
1331 4200 1514 4255 animo
1539 4215 1646 4255 non
1684 4200 1882 4256 desint.

305 4290 480 4348 Porro
523 4299 578 4346 et
607 4291 1150 4362 Hierosolymitarum
1199 4291 1408 4360 primus
1441 4291 1884 4361 archiepiscopus

305 4383 498 4440 beatus
521 4381 771 4450 Jacobus,
807 4383 900 4454 qui
951 4381 1136 4439 Justus
1175 4383 1457 4439 dicebatur
1477 4423 1491 4447 ,
1516 4391 1573 4438 et
1591 4383 1885 4438 secundum

305 4488 528 4530 carnem
558 4474 767 4530 Domini
794 4481 1132 4544 nuncupatus
1159 4482 1244 4529 est
1280 4472 1468 4540 frater,
1497 4489 1528 4528 a
1567 4473 1747 4539 Petro,
1788 4471 1882 4529 Ja-

305 4566 462 4632 cobo,
498 4573 555 4621 et
590 4563 798 4621 Joanne
836 4563 1094 4632 aposwlis
1122 4573 1207 4619 cst
1238 4563 1520 4619 ordinatus
1550 4582 1568 4629 ;
1606 4578 1886 4619 successo-

305 4657 457 4712 ribus
478 4656 726 4712 videlicet
745 4656 936 4711 dantes
957 4654 1184 4710 formam
1207 4669 1416 4719 eorum,
1439 4663 1500 4709 ut
1521 4655 1698 4710 minus
1720 4669 1882 4724 quam

304 4763 336 4802 a
387 4746 559 4801 tribus
607 4746 892 4815 episcopis,
937 4745 1269 4816 reliquisque
1308 4744 1559 4800 omnibus
1601 4758 1882 4799 assensum

304 4835 688 4906 prementibus,
713 4835 1016 4891 nullatenus
1040 4834 1348 4901 ordinetur,
1374 4845 1429 4891 et
1458 4835 1727 4892 communi
1758 4843 1884 4892 voto

304 4924 577 4980 ordinatio
599 4925 923 4980 celebretur.

698 5106 777 5162 De
793 5111 1123 5165 accusatione
1143 5110 1490 5165 sacerdotum.

781 5197 885 5271 (Ex
921 5198 1112 5253 eadem
1155 5198 1403 5269 epistola.

378 5284 668 5341 Accusatio
693 5302 905 5358 quoque
933 5303 1119 5343 eorum
1149 5303 1312 5359 super
1345 5303 1449 5359 qua
1479 5303 1578 5344 nos
1606 5288 1888 5345 consulere

304 5379 573 5445 voluistis,
605 5381 818 5436 nonnisi
862 5383 929 5436 ab
958 5381 1164 5437 idoneis
1194 5390 1249 5436 et
1292 5382 1688 5453 probatissimis
1731 5383 1884 5448 viris,

305 5472 398 5541 qui
416 5472 876 5541 etsuspicionibus
899 5479 954 5526 et
974 5473 1268 5528 sceleribus
1279 5481 1521 5537 careant,
1546 5471 1662 5526 ﬁeri
1687 5471 1844 5527 debet
1871 5490 1884 5526 :

307 5560 435 5631 quia
457 5560 715 5616 Dominus
745 5562 883 5616 sacri
906 5561 988 5616 sui
1009 5561 1256 5630 corporis
1270 5569 1593 5624 tractatores
1615 5577 1646 5615 a
1670 5561 1884 5625 vilibus,

307 5660 366 5706 et
398 5651 664 5723 reprobis,
693 5667 755 5708 ac
778 5667 882 5707 non
914 5652 1120 5713 idoneis
1138 5651 1388 5721 personis
1415 5649 1666 5706 infamari
1694 5650 1887 5718 noluit,

308 5756 412 5797 nec
460 5740 780 5797 calumniari
825 5741 1106 5812 permisit,
1138 5740 1232 5797 sed
1272 5741 1386 5813 ipse
1427 5742 1646 5812 proprio
1681 5739 1889 5813 ﬂagello

561 5832 830 5893 Pnnon.
878 5833 1006 5894 CII.

751 3202 843 3272 qui
894 3203 1052 3256 simul
1108 3165 1492 3258 convenientes
1556 3203 1877 3258 scrutinium
1904 3165 1950 3229 Ο
1985 3165 2370 3268 apostolorum,
2405 3165 2714 3269 presbyteri
2747 3165 2969 3268 quoque
3006 3165 3370 3270 septuaginta.
3401 3199 3569 3256 disci-

1981 3290 2230 3360 pulorum
2251 3289 2428 3344 locum
2465 3299 2668 3344 tenent.
2702 3289 2950 3360 Episcopi
2979 3297 3160 3345 autem
3205 3306 3313 3345 non
3365 3291 3420 3346 in
3468 3306 3566 3347 ca-

1983 3378 2174 3443 stellis,
2207 3386 2300 3433 aut
2327 3379 2556 3435 modicis
2581 3379 2903 3435 civitatibus
2931 3379 3129 3436 debent
3155 3381 3431 3449 constitui,
3467 3383 3567 3440 sed

1981 3470 2286 3540 presbyteri
2311 3484 2411 3539 per
2432 3468 2682 3536 castella,
2707 3476 2764 3524 et
2797 3469 3049 3524 modicas
3091 3469 3372 3538 civitates,
3407 3479 3570 3544 atque

1982 3560 2140 3615 villas
2168 3560 2368 3616 debent
2397 3560 2466 3615 ab
2497 3561 2768 3632 episcopis
2807 3559 3052 3615 ordinari
3089 3568 3145 3615 et
3169 3561 3295 3632 poni
3323 3579 3338 3615 :
3372 3562 3568 3631 singuli

1984 3659 2168 3704 tamen
2192 3665 2291 3719 per
2319 3650 2560 3722 singulos
2602 3649 2788 3704 titulos
2824 3663 2968 3704 suos.
3011 3647 3256 3720 Amplius
3282 3665 3445 3722 quam
3479 3652 3570 3709 isti

1985 3745 2090 3800 duo
2117 3745 2336 3800 ordines
2356 3744 2719 3809 sacerdotum,
2752 3758 2852 3798 nec
2889 3742 3051 3804 nobis
3075 3741 3265 3799 collati
3291 3750 3440 3810 sunt,
3464 3757 3566 3799 nec

1984 3834 2210 3902 apostoli
2249 3836 2548 3888 docuerunt

2719 3940 2836 3996 X’V.
2906 3937 2907 3940 “

2186 4025 2190 4028 ’
2275 4029 2349 4084 De
2385 4029 2465 4084 his
2516 4031 2605 4100 qui
2648 4029 2894 4101 prwlatos
2919 4041 3271 4088 contemnunt.

2477 4119 2577 4191 (Ex
2608 4121 2793 4176 eadem
2818 4121 3087 4194 epistola.)

2057 4235 2292 4291 Necesse
2315 4234 2462 4290 enim
2489 4243 2574 4292 est
2598 4243 2661 4290 ut
2683 4243 2924 4292 rectores
2953 4252 2983 4291 a
3019 4236 3248 4294 subditis
3275 4237 3568 4294 timeantur

1986 4327 2056 4383 ab
2081 4327 2317 4398 ipsisque
2337 4327 2700 4399 corrigantur,
2733 4335 2794 4382 ut
2834 4328 3070 4383 humana
3114 4327 3400 4386 formidine
3440 4343 3562 4401 pec-

1988 4435 2114 4476 care
2138 4427 2384 4475 mctuant
2404 4419 2499 4490 qui
2525 4419 2705 4476 ‘divina
2725 4417 2931 4488 judicia
2969 4436 3077 4478 non
3122 4419 3436 4479 formidant.
3466 4423 3570 4478 De-

1910 4515 1965 4576 D
1992 4513 2218 4569 teriores
2246 4512 2444 4583 quippe
2467 4520 2594 4568 sunt
2618 4512 2712 4582 qui
2747 4513 3031 4568 doctorum
3066 4513 3237 4569 vitam
3279 4531 3582 4586 moresque

1987 4613 2342 4676 corrumpunt
2380 4607 2466 4662 his
2508 4607 2601 4678 qui
2641 4607 2969 4663 substantias
3006 4607 3234 4665 aliorum
3260 4610 3583 4682 pactisque.

1988 4700 2266 4770 diripiunt.
2295 4699 2403 4771 Ipsi
2433 4709 2617 4756 autem
2658 4715 2722 4755 ea
2748 4714 2868 4770 quae
2897 4707 3050 4755 extra
3081 4715 3201 4766 nos,
3224 4701 3351 4756 licet
3380 4712 3583 4758 nostra-

1988 4780 2114 4856 sint,
2148 4790 2403 4846 auferunt
2427 4808 2441 4844 :
2472 4793 2642 4846 nostri
2669 4805 2886 4860 quoque
2909 4790 3242 4846 detractores
3269 4798 3324 4846 et
3353 4807 3566 4849 morum

1985 4890 2334 4952 corruptores
2373 4889 2716 4946 nostrorum,
2747 4880 2860 4936 sive
2890 4881 2981 4950 qui
3009 4881 3298 4937 adversum
3343 4896 3442 4938 nos
3477 4897 3570 4938 ar-

1987 4981 2220 5039 mantur,
2249 4972 2469 5043 proprie
2495 4987 2595 5026 nos
2633 4970 2736 5041 ipsi
2775 4970 3070 5040 decipiunt,
3094 4979 3152 5025 et
3175 4971 3296 5027 ideo
3309 4969 3457 5040 juste
3484 4970 3571 5027 in-

1988 5063 2156 5120 fames
2179 5070 2322 5128 sunt,
2345 5071 2400 5116 et
2426 5062 2624 5118 merito
2651 5061 2720 5117 ab
2741 5061 2982 5117 Ecclesia
3009 5070 3260 5119 extorres
3298 5061 3456 5119 llunt.

2705 5171 2844 5228 XVI.

2197 5261 2276 5316 De
2310 5262 2391 5316 his
2426 5260 2515 5331 qui
2552 5259 2824 5314 doctorum
2867 5261 3047 5332 culpas
3098 5262 3346 5332 produnt.

2451 5351 2548 5423 (Ex
2581 5351 2771 5406 eadem
2806 5353 3079 5426 epistola.)

2060 5463 2280 5519 Multum
2303 5478 2432 5518 vero
2454 5463 2656 5518 distant
2692 5463 2888 5519 damna
2927 5478 3138 5520 morum
3178 5479 3210 5520 a
3238 5465 3453 5521 damnis
3475 5480 3568 5523 re-

1989 5570 2108 5610 rum
2138 5552 2533 5624 temporalium,
2563 5567 2685 5608 cum
2717 5551 2818 5608 ista
2853 5561 3010 5609 extra
3034 5569 3134 5610 nos
3157 5553 3287 5619 sint,
3314 5552 3406 5610 illa
3430 5570 3567 5612 vero

1988 5648 2043 5703 in
2070 5649 2243 5703 nobis.
2282 5644 2559 5702 Sententia
2597 5660 2810 5716 quoque
2839 5644 3008 5701 Cham
3040 5644 3131 5703 ﬁlii
3160 5643 3273 5709 Noe
3297 5645 3566 5702 damnan-

1992 5749 2082 5796 tur
2109 5740 2200 5811 qui
2224 5755 2444 5795 suorum
2472 5738 2752 5794 doctorum
2794 5737 2879 5792 vel
2923 5735 3344 5806 pi'atpositorum.
3379 5735 3569 5808 culpas

3126 5829 3206 5890 '35

3529 1059 3534 1064 ’
3587 1052 3598 1101 l
