3960 6418
376 301 414 376 ,ι
429 296 533 355 0239

395 499 487 555 sed
510 494 729 553 ridenda
759 492 1096 549 monstravit.

1090 596 1253 661 XVII.

600 717 677 787 ιιι
702 714 932 788 ueratri;
954 713 1190 779 moribus
1216 684 1441 783 more
1465 708 1773 773 tolerandis.

875 827 978 901 (Ex
1004 818 1193 900 eadem
1220 821 1494 899 epistola.)

458 945 666 1002 "Doctor
693 949 898 1006 autem,
919 937 1007 994 vel
1026 945 1216 1010 pastor
1244 935 1514 1000 Ecclesiae,
1548 934 1595 990 si
1623 949 1654 989 a
1684 932 1790 989 ﬁde
1819 947 1975 989 exor-

392 1033 669 1096 bitaverit,
698 1030 803 1084 erit
829 1043 860 1083 a
900 1026 1148 1083 ﬁdelibus
1182 1024 1535 1096 corrigendus
1572 1041 1585 1077 :
1626 1022 1721 1077 sed
1755 1037 1855 1092 pro
1884 1035 1974 1075 re-

394 1122 583 1193 probis
608 1119 852 1176 moribus
879 1117 1054 1186 magis
1082 1124 1165 1170 est
1208 1114 1523 1170 tolerandas
1554 1128 1717 1183 quam
1751 1112 1974 1175 distrin-

393 1213 621 1283 gendus,
645 1209 770 1279 quia
798 1215 1038 1263 rectores
1065 1204 1318 1275 Ecclesia:
1361 1219 1390 1257 a
1430 1202 1659 1258 Domino
1697 1198 1979 1273 suntjudi-

324 1291 328 1294 ’
388 1303 579 1368 candi,
609 1302 749 1377 sicut
796 1299 873 1371 ait
914 1296 1184 1368 Propheta
1227 1313 1241 1350 :
1280 1293 1425 1363 Dens
1455 1295 1594 1348 stetit
1628 1294 1684 1347 in
1710 1306 1977 1363 synagoga

397 1394 638 1457 deorum,
667 1391 723 1444 in
744 1388 917 1443 medio
946 1395 1120 1441 autem
1145 1385 1271 1440 deos
1295 1383 1543 1439 discernit
1571 1381 1741 1456 (Psal.
1769 1378 1974 1452 um).

398 1483 554 1538 Unde
574 1488 788 1553 oportet
815 1491 1256 1547 unumquemque
1284 1474 1520 1541 fidelem,
1559 1473 1605 1529 si
1650 1472 1847 1529 viderit
1889 1477 1981 1525 aut

398 1571 714 1644 cognoverit
739 1568 927 1639 plebes
953 1582 1080 1622 suas
1110 1567 1371 1623 adversus
1394 1574 1669 1637 pastorem
1693 1578 1849 1626 suum
1890 1569 1979 1616 tu-

402 1676 663 1727 mescere,
688 1665 783 1714 aut
806 1658 1011 1729 clerum
1040 1656 1471 1713 detractionibus
1502 1669 1730 1733 vacare,
1757 1654 1864 1708 hoc
1902 1650 1982 1704 vi-

1528 276 1786 339 liEMlC-ll
1827 275 2196 335 CURlENSlS
2233 273 2543 343 EPISCDPI

392 412 643 482 produnt,
661 408 798 463 sicut
816 404 985 460 Citam
999 402 1091 473 qui
1116 399 1290 477 patris
1315 396 1566 473 pudenda
1595 409 1702 451 non
1731 393 1961 479 operuit,
1993 400 2045 462 Α

3511 271 3653 326 «11ὒο

2783 388 2926 455 XIX.

2076 484 2197 553 Νριι
2244 481 2649 564 feferendum.
2677 480 2757 564 vel
2805 480 3148 564 εἱξςίιειιαιιιπρ,Δ
3173 495 3467 564 εριεροριιω
3490 518 3508 545 ,
3559 485 3656 541 aut

2316 548 2539 606 alterum
2586 552 2641 606 in
2676 550 2790 605 loco
2821 548 2936 623 ejus
2964 548 3400 604 constituendum.

2532 644 2635 715 (Ex
2677 644 2866 707 eadem
2916 639 3189 719 epistola.)

2139 756 2459 829 Audivimus
2484 756 2629 819 enim
2654 756 2917 835 quosdam
2964 769 2996 809 a
3044 753 3201 823 vobis
3244 752 3543 825 inminutus
3598 764 3658 813 et

2070 848 2398 916 dilaceratus
2418 847 2705 919 episcopos
2747 861 2778 913 a
2822 844 3132 915 civitatibus
3168 844 3453 917 propulsus
3504 845 3657 917 (quia

2070 942 2204 1021 alibi
2240 940 2481 1019 episcopi
2509 938 2767 996 constitui
2784 952 2895 1009 non
2918 945 3171 1014 possunt,
3196 936 3301 1006 nisi
3326 936 3385 1005 in
3420 937 3661 1005 civitati.

2070 1035 2176 1103 .bus
2215 1049 2329 1101 non
2374 1030 2634 1105 minimis)
2674 1039 2732 1085 ει
2766 1030 2902 1101 alios
2946 1029 3002 1100 in
3032 1030 3137 1099 eis,
3162 1029 3298 1114 ipsis
3324 1028 3653 1096 tirenum.

2074 1128 2400 1189 constitutos
2432 1143 2446 1180 :
2480 1125 2602 1185 ideo
2653 1125 2809 1185 voltis
2850 1124 3162 1193 scribitnus,
3210 1132 3276 1190 ut
3316 1124 3502 1187 sciatis
3549 1124 3658 1185 hoc

2076 1216 2195 1272 fieri
2222 1232 2331 1289 non
2358 1216 2545 1283 licem,
2576 1213 2669 1271 sed
2970 1214 3217 1279 revocati
3232 1222 3294 1283 .et
3312 1214 3662 1285 integerrime

2077 1307 2289 1383 restitui
2305 1307 2519 1364 debere.
2541 1306 2667 1362 illos
2679 1320 2808 1373 vero
2821 1305 2914 1375 qui
2942 1304 3244 1370 adulterina
3262 1301 3508 1367 [manete
3529 1318 3661 1365 suas

2078 1412 2326 1469 sponsas,
2352 1413 2490 1470 quas
2524 1405 2581 1452 ει
2604 1410 2804 1465 uxores
2825 1410 3015 1459 eorum
3046 1393 3270 1464 Pl’iBﬁXR
3300 1402 3490 1457 team
3533 1406 3659 1454 esse

2078 1488 2447 1561 intelligimus,
2478 1494 2685 1555 tenent,
2708 1485 2829 1555 eiici
2861 1494 2922 1549 ut
2950 1486 3225 1547 adulteros
3240 1493 3403 1555 suae
3429 1483 3666 1543 infames

2078 1583 2221 1653 ﬁeri,
2249 1596 2450 1651 eosque
2471 1582 2540 1637 ab
2569 1581 2953 1639 ecclesiasticis
2978 1580 3280 1641 honoribus
3307 1579 3664 1649 areerijube-

2082 1690 2224 1732 mus.
2256 1673 2314 1728 Si
2340 1680 2520 1727 autem
2562 1672 2824 1727 adversus
2851 1686 2946 1727 eos
2975 1671 3216 1741 aliquam
3242 1670 3522 1741 querelam
3548 1670 3657 1725 ha-

402 1753 537 1809 tium
568 1765 669 1822 pro
689 1748 900 1805 viribus
926 1747 1227 1818 exstirpare
1244 1787 1259 1813 ,
1279 1745 1682 1816 prudenterque
1706 1743 1984 1814 corrigere

2094 1765 2324 1830 buerint,
2343 1763 2430 1818 bis
2450 1762 2684 1832 peractis
2709 1762 3091 1831 inquirendum
3111 1760 3238 1827 erit,
3259 1768 3315 1818 et
3341 1760 3668 1818 auctoritate

401 1848 634 1913 satagat,
657 1855 759 1897 nec
785 1839 867 1915 eis
903 1837 958 1894 in
990 1838 1403 1909 quibuscunque
1433 1836 1665 1915 negotiis
1690 1834 1908 1890 misceri
1937 1834 1985 1889 si

396 1930 807 2007 incorrigibiles
819 1914 1190 2001 apparuerint,
1202 1935 1490 1998 antequam
1506 1914 1614 1983 suo
1635 1923 1987 1981 reconcilien-

395 2029 494 2075 tur
525 2019 775 2087 doctori,
799 2026 1096 2089 presumat
1142 2035 1156 2071 :
1208 2017 1465 2087 quoniam
1510 2025 1622 2072 tam
1677 2016 1988 2085 sacerdotes

401 2126 568 2181 quam
596 2109 793 2181 reliqui
818 2108 1005 2164 fideles
1027 2123 1217 2183 omnes
1256 2122 1525 2181 summam
1558 2106 1758 2162 debent
1784 2105 1988 2161 habere

399 2214 594 2257 curam
626 2201 694 2256 de
721 2199 807 2255 bis
834 2198 929 2268 qui
955 2203 1204 2276 pereunt,
1249 2205 1521 2267 quatenus
1565 2209 1757 2250 eorum
1802 2193 1988 2249 redar-

399 2290 642 2364 gutione,
669 2292 762 2345 aut
780 2288 1128 2364 corrigantur
1153 2302 1185 2341 a
1209 2287 1450 2363 peccatis
1465 2327 1480 2353 ,
1508 2294 1603 2357 aut
1624 2285 1671 2340 si
1699 2282 1984 2356 incorrigi-

397 2362 541 2438 biles
560 2362 938 2452 apparuerint,
958 2377 1026 2432 ab
1051 2362 1296 2453 EccleSia
1322 2383 1665 2459 separentur.

1108 2506 1291 2567 XVIII.
1312 2562 1321 2570 ,

410 2620 567 2691 Quod
620 2620 907 2691 episcopus
941 2619 1054 2691 sine
1108 2616 1340 2691 regulari
1373 2617 1672 2691 mutatione
1692 2614 1987 2671 Ecctm‘aat

545 2685 697 2757 audi?!
722 2685 827 2755 ttat!
852 2687 1101 2753 dimittat,
1120 2685 1219 2743 nec
1234 2688 1344 2758 ipse
1369 2685 1434 2741 ab
1462 2702 1524 2743 ea
1543 2685 1858 2759 dimittatur.

406 2766 512 2876 is;
547 2801 791 2928 Epistula
833 2800 1070 2883 Evaristi
1114 2814 1289 2872 ναμε,
1334 2799 1540 2882 scripta
1589 2799 1841 2881 omnibus
1891 2814 1990 2869 per

619 2881 843 2928 srvatum
866 2872 1097 2928 Domino
1122 2870 1504 2928 eonzlnttnatts
1533 2867 1840 2928 fratribus.)

618 2881 843 2959 gyptttm
866 2871 1097 2932 Domino
1114 2867 1504 2949 conglutinatis
1533 2867 1840 2941 fratribus.)

479 2984 804 3051 Sacerdotes
830 2996 962 3045 vero
992 2981 1112 3044 vice
1150 2980 1356 3043 Christi
1391 2980 1661 3053 legatione
1693 2978 1990 3052 funguntur

2087 1856 2245 1927 hujus
2264 1862 2466 1911 sanctae
2490 1854 2637 1917 sedis
2657 1853 3081 1913 terminandum.

2808 1964 2929 2021 XX.

2523 2072 2648 2130 Non
2670 2083 2861 2129 temere
2874 2074 3245 2144 iudicandum.

2579 2164 2680 2236 (Ex
2698 2164 2885 2220 eadem
2908 2163 3180 2238 epistola.)

2167 2279 2312 2334 Deus
2334 2275 2676 2348 omnipotens
2700 2283 2762 2331 ut
2788 2290 2887 2332 nos
2906 2292 2938 2331 a
2961 2276 3351 2347 prmcipitantis
3388 2275 3671 2341 senatui:

2087 2368 2391 2438 prolatione
2448 2371 2853 2437 compesceret,
2899 2373 2955 2423 et
3001 2382 3127 2423 cum
3175 2367 3352 2433 omnia
3400 2365 3583 2435 unde,
3619 2374 3672 2431 et

2090 2446 2271 2530 aperta
2302 2459 2405 2512 sint
2439 2456 2606 2511 oculis
2631 2456 2745 2526 ejus
2769 2496 2786 2523 ,
2814 2457 2957 2512 mala
2983 2468 3162 2513 tamen
3198 2457 3447 2515 Sodoma:
3490 2459 3668 2536 noluit

2089 2547 2271 2601 audita
2285 2544 2551 2615 judicare,
2565 2545 2879 2615 priusquam
2904 2546 3192 2605 manifeste
3216 2533 3533 2620 agnosceret
3552 2565 3674 2619 quae

2090 2638 2432 2695 dicebantur.
2482 2636 2635 2693 Unde
2683 2636 2798 2707 ipse
2844 2636 2919 2692 ait
2952 2655 2964 2693 τ
2993 2636 3320 2707 Descendunt
3369 2648 3417 2693 et
3467 2637 3672 2703 videbo,

2089 2739 2269 2783 utrum
2318 2726 2601 2795 clamorem
2638 2728 2728 2800 qui
2758 2731 2892 2783 venit
2928 2729 2998 2782 ad
3027 2746 3142 2798 me,
3173 2728 3539 2801 compleverittt
3558 2770 3575 2795 ,
3599 2747 3674 2785 att

2091 2835 2195 2875 non
2214 2827 2290 2874 est
2322 2819 2421 2884 ita,
2448 2828 2503 2872 ut
2528 2818 2715 2873 sciam.
2740 2819 2885 2876 Deus
2911 2820 3253 2890 omnipotens
3279 2819 3366 2876 cui
3395 2819 3531 2874 nihil
3551 2820 3676 2875 abs-

2091 2912 2368 2983 conditum
2405 2922 2510 2979 est,
2562 2911 2655 2985 sed
2693 2913 2876 2968 omnia
2915 2913 2965 2968 ei
3012 2912 3297 2984 manifesta
3333 2919 3482 2979 sunt,
3508 2910 3674 2968 etiam

2093 3011 2385 3073 antequam
2414 3001 2564 3069 flant,
2587 3017 2696 3065 non
2724 3001 2797 3059 ob
2823 3001 2969 3061 aliud
2991 3002 3109 3058 haec
3140 3010 3197 3057 et
3222 3001 3329 3065 alia
3357 3000 3524 3057 multa
3550 3016 3674 3071 qua:

403 3076 461 3137 in
782 3079 840 3165 et
884 3069 1029 3165 sicut
1067 3070 1119 3134 ei,
1145 3085 1261 3165 sua
1428 3068 1718 3143 conjuncta
1734 3082 1982 3165 _spe_uqa,

2094 3092 2184 3149 hic
2216 3068 2583 3165 prolixitatem
2607 3093 2845 3149 vitantes
2876 3107 2986 3153 non
3016 3093 3368 3163 inseruimus,
3390 3109 3490 3164 per
3510 3068 3678 3149 setiu-

406 3164 462 3227 id
497 3150 906 3245 εδᾳζβρειεείξτ
949 3159 1032 3225 sic
1073 3158 1343 3237 episcopis
1386 3158 1689 3236 junguntur
1733 3156 1991 3225 Ecclesia

405 3255 699 3327 unicuique
722 3269 823 3327 pro
848 3254 1096 3331 portione
1124 3269 1243 3329 sua.
1274 3254 1343 3311 Et
1364 3254 1509 3312 sicut
1548 3254 1635 3310 vir
1677 3268 1786 3310 non
1832 3254 1995 3315 debet

405 3346 693 3423 negligere
703 3360 929 3413 uxorem
953 3360 1129 3411 suam.
1152 3346 1248 3407 sed
1273 3344 1501 3417 diligere
1524 3352 1580 3401 et
1616 3352 1770 3402 caste
1803 3354 1995 3402 custo-

412 3437 554 3506 dire,
581 3446 637 3505 et
673 3453 896 3506 amare,
930 3446 1093 3507 atque
1135 3437 1432 3508 prudenter
1453 3452 1665 3508 regere,
1687 3438 1762 3492 ita
1798 3446 1855 3494 et
1888 3438 1997 3508 epla

407 3545 607 3602 scapus
636 3529 797 3595 debet
822 3526 1121 3590 Ecdesiam
1146 3542 1319 3600 suam.
1346 3527 1414 3584 Et
1435 3527 1586 3597 velut
1609 3542 1746 3582 uxor
1758 3542 1880 3597 quae
1894 3526 1997 3583 sub

407 3635 573 3687 manu
598 3627 682 3683 est
706 3617 830 3684 viri,
852 3616 1074 3695 obedire
1099 3615 1259 3673 debet
1282 3616 1403 3672 viro
1424 3630 1789 3685 summque
1812 3629 1998 3671 amare

401 3707 738 3783 etdiligere,
763 3707 945 3778 potius
976 3705 1146 3767 etiam
1190 3704 1435 3765 Ecclesia
1482 3704 1745 3776 episcopo
1793 3720 1895 3761 suo
1938 3698 1996 3760 in

406 3800 661 3856 omnibus
683 3797 929 3863 obedire,
957 3810 1190 3866 eumque
1218 3810 1405 3850 amare
1428 3805 1484 3853 et
1509 3796 1753 3865 diligere,
1778 3805 1839 3851 ut
1873 3796 1995 3852 ani-

406 3904 553 3944 mam
577 3902 732 3944 suam
760 3887 943 3954 debet,
970 3884 1100 3957 quia
1130 3885 1262 3949 illud
1289 3885 1346 3941 ﬁt
1378 3886 1693 3951 carnaliter,
1718 3886 1860 3941 istud
1887 3885 1991 3957 spi-

409 3978 661 4034 ritaliter.
693 3976 761 4034 Et
794 3978 937 4034 sicut
957 3977 1042 4035 vir
1067 3991 1176 4033 non
1214 3975 1378 4033 debet
1417 3976 1726 4045 adulterare
1769 3990 1996 4031 uxorem

412 4084 590 4135 suam,
631 4068 708 4124 ita
756 4082 862 4124 nec
909 4068 1197 4140 episcopus
1241 4067 1537 4143 Ecclesium
1587 4081 1765 4132 suam,
1810 4065 1864 4121 id
1893 4074 1994 4132 est,

412 4165 474 4212 ut
502 4157 649 4213 illam
688 4157 927 4231 dimittat
954 4155 1021 4211 ad
1050 4172 1213 4231 quam
1246 4165 1494 4227 sacratus
1521 4165 1626 4227 est,
1651 4156 1856 4227 absque
1884 4156 2000 4212 ine-

410 4246 622 4304 vitabili
638 4247 986 4313 necessitate,
1018 4254 1111 4302 aut
1139 4246 1457 4318 apostolica.
1484 4245 1569 4307 vel
1598 4244 1834 4319 regulari
1876 4261 1996 4303 mu-

411 4340 637 4406 tatione,
666 4346 723 4395 et
745 4337 902 4395 alteri
933 4354 993 4396 se
1027 4338 1339 4419 coniungat.
1389 4339 1459 4403 Et
1495 4339 1641 4411 sicut
1677 4341 1837 4396 uxori
1887 4354 1997 4396 non

410 4430 541 4485 licet
565 4428 838 4484 dimittere
862 4429 1039 4485 virum
1071 4426 1249 4501 suum,
1278 4438 1340 4497 ut
1362 4428 1520 4486 alteri
1546 4445 1625 4495 se,
1652 4431 1870 4491 vivente
1906 4445 1992 4496 eo,
2020 4450 2077 4513 Β

411 4520 760 4575 matrimonio
777 4519 967 4600 societ,
990 4529 1053 4578 ut
1081 4536 1207 4578 eum
1232 4516 1521 4593 adulteret,
1544 4520 1673 4585 licet
1696 4516 1996 4577 fornicatus

411 4614 484 4668 sit
509 4614 597 4670 vir
620 4612 756 4683 ejus,
783 4612 878 4669 sed
900 4611 1056 4681 juxta
1086 4612 1425 4685 Apostolum,
1448 4621 1544 4669 aut
1568 4612 1688 4668 viro
1713 4627 1812 4668 sne
1834 4612 1997 4673 debet

411 4706 772 4775 reconciliari,
804 4715 899 4762 aut
926 4723 1149 4765 manere
1177 4708 1405 4780 innupta
1436 4727 1450 4762 :
1480 4708 1558 4763 ita
1584 4706 1847 4783 Ecclesiae
1889 4723 1995 4763 non

412 4799 537 4855 licet
559 4799 852 4863 dimittere,
879 4806 974 4871 aut
997 4799 1066 4855 ab
1085 4815 1147 4854 ea
1175 4784 1461 4870 segregare
1483 4798 1794 4871 episcopum
1816 4811 1990 4862 suum,

413 4896 474 4944 ut
502 4888 738 4944 alterum
757 4904 824 4944 eo
842 4890 1059 4944 vivente
1080 4889 1332 4961 accipiat,
1349 4888 1443 4943 sed
1465 4896 1560 4942 aut
1580 4886 1756 4967 ipsum
1774 4888 1991 4957 habeat,

406 4980 511 5036 aut
539 4980 763 5052 innupta
787 4989 1029 5045 maneat,
1058 4979 1112 5035 id
1151 4988 1253 5044 est,
1283 4996 1351 5035 ne
1384 4979 1613 5035 alterum
1657 4980 1993 5051 episcopum,

414 5086 516 5126 suo
548 5064 783 5136 vivente,
816 5066 1068 5138 accipiat,
1098 5078 1158 5124 ut
1187 5069 1562 5126 fornicationis
1613 5078 1707 5126 ant
1744 5070 1994 5126 adulterii

418 5162 629 5219 crimen
676 5160 939 5216 incurrat.
971 5159 1109 5215 Nam
1158 5161 1204 5218 si
1247 5161 1548 5217 adulterata
1591 5161 1773 5225 fuerit,
1806 5162 1859 5217 id
1887 5171 1994 5228 est,

416 5254 461 5311 si
483 5268 543 5310 se
578 5251 735 5307 alteri
757 5252 1013 5323 episcopo
1049 5248 1313 5322 iunxerit,
1347 5263 1441 5307 aut
1485 5269 1648 5324 super
1671 5269 1730 5309 se
1759 5254 1992 5310 alterum

414 5343 728 5416 episcopum
753 5342 1062 5409 adduxerit,
1085 5353 1178 5400 aut
1211 5359 1334 5401 esse
1377 5345 1589 5412 fecerit,
1619 5346 1703 5401 vel
1726 5346 2001 5403 desidera-

414 5436 578 5509 verit,
607 5450 706 5507 per
732 5437 1061 5501 acerrimam
1089 5439 1462 5510 pmnitcntiam
1491 5449 1586 5495 aut
1613 5453 1713 5496 suo
1754 5440 2001 5496 reconci-

419 5528 579 5599 l'ptqr
600 5528 871 5601 episcopo,
896 5536 994 5585 aut
1012 5528 1237 5601 innupta
1264 5539 1595 5603 permaneat.

2094 3182 2315 3255 quirere
2335 3182 2587 3255 dignatus
2610 3190 2717 3249 est,
2737 3182 2842 3238 nisi
2868 3189 2930 3238 ut
2964 3184 3122 3240 nobis
3160 3183 3473 3255 exemplum
3523 3182 3681 3239 daret

2094 3288 2165 3331 ne
2190 3275 2500 3347 praecipites
2528 3275 2587 3330 in
2617 3273 2973 3340 discutiendis
2996 3281 3052 3329 et
3095 3272 3404 3346 iudicandis
3445 3275 3680 3346 negotiis

2094 3379 2360 3439 essemus,
2381 3372 2438 3420 et
2459 3379 2527 3421 ne
2561 3363 2762 3431 malum
2790 3380 3187 3439 quorumquam
3211 3365 3364 3435 prius
3387 3362 3679 3435 prmsuma;

2095 3469 2218 3510 mus
2261 3454 2485 3523 credere
2509 3469 2672 3524 quam
2696 3455 2952 3525 probare.
2993 3454 3159 3527 Cujus
3206 3452 3453 3529 exemplo
3494 3470 3682 3511 mone-

2097 3559 2235 3608 mur,
2263 3559 2333 3600 ne
2355 3550 2424 3617 ad
2447 3530 2827 3615 proferendam
2869 3546 3190 3615 sententiam
3224 3561 3461 3617 unquam
3488 3548 3684 3617 prtecio

2094 3635 2237 3706 pites
2258 3624 2457 3701 simus,
2492 3644 2587 3705 aut
2627 3642 2833 3703 temere
2879 3636 3331 3708 indiligenterque
3377 3637 3681 3703 indiscussa

2095 3740 2327 3797 quaeque
2372 3727 2751 3799 quoquomodo
2791 3725 3118 3799 iudicemus,
3150 3729 3364 3805 dicente
3416 3729 3683 3785 Veritatis

2095 3830 2230 3872 voce
2270 3830 2288 3870 :
2332 3811 2512 3872 Nelite
2542 3817 2807 3888 judicare,
2856 3828 2912 3883 ut
2949 3835 3056 3874 non
3087 3819 3400 3891 judicemini
3433 3838 3447 3875 :
3479 3821 3536 3887 in
3579 3838 3683 3893 quo

2096 3909 2237 3962 enim
2256 3907 2462 3978 judicio
2494 3900 2890 3979 judicaveritis,
2910 3910 3306 3982 iudicabimittt',
3350 3919 3407 3968 et
3450 3911 3680 3984 reliqua.

2098 3998 2234 4054 Nam
2259 3998 2402 4055 mala
2432 3997 2617 4055 audita
2655 3999 2862 4056 nullum
2892 4010 3165 4076 moveant,
3192 4018 3295 4060 nec
3311 4003 3515 4074 passim
3538 4004 3680 4065 dicta

2098 4090 2304 4159 absque
2338 4096 2488 4145 certa
2531 4090 2847 4161 probatione
2874 4092 3159 4172 quisquam
3200 4107 3438 4164 unquam
3469 4093 3682 4159 credat,

2099 4182 2196 4240 sed
2219 4190 2346 4239 ante
2373 4183 2558 4253 audita
2588 4184 2874 4256 diligenter
2910 4186 3169 4259 inquirat,
3198 4200 3266 4242 ne
3292 4185 3684 4273 praecipitando

2100 4275 2359 4347 quiddam
2390 4275 2587 4348 aliquis
2607 4285 2751 4348 agat.

2561 4481 2643 4540 De
2665 4390 2968 4556 εστ-ἰριξὲυέ
2988 4483 3227 4541 extortis.

2062 4631 2084 4641 ,
2100 4576 2201 4651 (Ex
2222 4575 2449 4649 epistola
2468 4575 2760 4651 Alexandri
2768 4575 3204 4651 _papa:,omnibus
3212 4571 3531 4651 orthodoxi;
3549 4570 3684 4630 scri-

2484 4654 2579 4721 pta
2605 4658 2702 4718 per
2729 4642 2970 4703 diversas
2997 4642 3294 4717 regiones.)

2169 4758 2262 4819 Ait
2285 4758 2432 4817 enim
2455 4758 2535 4814 sic
2556 4742 2702 4815 inter
2721 4767 2921 4825 caetera
2950 4774 2964 4812 :
2998 4755 3283 4826 Similiter,
3308 4753 3355 4811 si
3378 4750 3687 4824 hmusmodi

2097 4851 2352 4923 personis
2369 4849 2614 4920 quaedam
2638 4849 2921 4921 scripturae
2944 4848 3322 4919 quoquomodo
3338 4861 3438 4919 per
3452 4854 3683 4914 metum,

2101 4949 2198 4996 aut
2230 4938 2475 4995 fraudem
2496 4979 2511 5005 ,
2538 4945 2632 4993 aut
2656 4953 2754 5009 per
2782 4938 2895 5007 vim
2923 4944 3150 4996 extortae
3191 4936 3412 5004 fuerint,
3441 4936 3588 4992 velut
3624 4948 3687 4993 se

2100 5030 2336 5087 liberare
2366 5029 2598 5101 possint,
2627 5044 2950 5102 quocunque
2992 5030 3063 5087 ab
3113 5029 3195 5087 eis
3235 5029 3555 5099 conscriptae
3599 5024 3687 5084 vel

2100 5124 2372 5180 roborata:
2390 5120 2592 5178 fuerint
2614 5122 2848 5195 ingenio,
2867 5122 2935 5178 ad
2962 5121 3169 5193 nullum
3189 5122 3271 5179 eis
3293 5118 3685 5192 pmiudicium,

2103 5222 2199 5283 aut
2222 5221 2605 5275 nocumentum
2640 5213 2929 5285 provenire
2954 5228 3261 5280 censemus,
3301 5226 3479 5283 neque
3521 5210 3689 5267 ullam

2100 5305 2187 5360 eis
2225 5301 2527 5371 infamiam,
2554 5303 2642 5360 vel
2673 5304 3036 5371 calumniam,
3061 5312 3157 5359 aut
3179 5319 3210 5361 a
3236 5304 3352 5360 suis
3374 5310 3688 5376 sequestra-

2106 5396 2312 5465 tionem
2340 5394 2519 5461 bonis,
2549 5411 2789 5469 unquam
2836 5404 3058 5457 auctore
3101 5396 3356 5465 Domino,
3382 5402 3441 5454 et
3482 5395 3691 5455 sanctis

2105 5485 2386 5563 apostolis,
2407 5500 2704 5561 eorumque
2723 5488 3150 5563 successoribus,
3174 5487 3446 5552 sustinere
3465 5486 3691 5558 permit-

2105 5566 2269 5635 timus
2302 5594 2318 5632 :
2348 5573 2618 5639 confessio
2645 5591 2773 5632 vero
2798 5577 2854 5634 in
2894 5577 3093 5645 talibus
3134 5592 3241 5635 non
3264 5575 3565 5648 compulsa,
3592 5575 3686 5637 sed

2103 5673 2400 5752 spontanee
2434 5665 2552 5723 ﬁeri
2581 5665 2788 5724 debeat.
