3960 6436
293 329 422 385 HO!

999 472 1160 529 XXII.

286 555 614 649 lle-querela
649 593 835 640 contra
874 586 1169 658 episcOpum
1199 587 1278 645 uel
1314 603 1582 651 auctorem
1619 598 1872 655 ecclesiis.

757 675 859 748 (Ex
888 680 1075 735 eadem
1102 681 1376 756 epistola.)

370 785 427 840 Si
475 787 598 856 quis
652 802 782 860 erga
833 791 1146 863 episcopum
1201 797 1284 851 vel
1332 807 1583 857 auctores
1632 805 1875 864 ecclesia

285 876 583 944 quamlibet
617 880 892 948 querela
939 884 1141 940 habere
1176 885 1382 956 justam
1427 892 1736 962 crediderit,
1765 913 1874 952 non

282 969 434 1040 prius
470 970 732 1038 primates
759 981 853 1028 aut
888 975 1024 1031 alios
1048 977 1205 1033 adeat
1224 977 1438 1048 judices
1465 999 1627 1054 quam
1656 988 1804 1057 ipsos
1840 1006 1873 1046 a

287 1058 486 1128 quibus
556 1075 616 1115 se
662 1062 851 1118 laesum
900 1067 1134 1122 aestimat
1195 1073 1482 1130 conveniat
1532 1075 1875 1138 familiariter

283 1163 393 1204 non
419 1150 608 1217 semel,
634 1153 730 1208 sed
757 1155 1074 1224 saepissime,
1106 1167 1167 1214 ut
1207 1161 1278 1216 ab
1303 1163 1383 1218 eis
1411 1173 1508 1220 aut
1535 1182 1688 1222 suam
1710 1168 1872 1238 justi-

283 1239 419 1296 tiam
477 1241 711 1312 accipiat
760 1254 856 1300 aut
893 1249 1321 1306 excusationem.
1374 1252 1432 1309 Si
1484 1264 1665 1314 autem
1713 1275 1873 1318 secus

282 1331 473 1401 egerit,
520 1333 589 1389 ab
634 1333 768 1404 ipsis
799 1345 856 1391 et
900 1339 969 1394 ab
1015 1340 1138 1396 aliis
1184 1347 1562 1405 communione
1606 1351 1866 1421 privetur,

282 1432 542 1493 tanquam
604 1426 975 1496 apostolorum
1046 1431 1381 1505 aliorumque
1441 1437 1663 1497 Patrum
1735 1459 1867 1500 con-

282 1521 532 1584 temptor.

988 1613 1176 1669 XXIII.

283 1713 436 1769 Nihil
461 1728 655 1788 praeter
677 1737 866 1790 panem
905 1725 1155 1800 et_uinum
1183 1745 1320 1800 aqua
1344 1733 1564 1788 mixtum
1605 1736 1675 1789 ad
1699 1738 1867 1794 altare

899 1795 1243 1863 offerendum;

348 2073 465 2129 Non
514 2076 673 2134 debet
724 2081 890 2148 enim,
946 2091 1070 2138 uta
1122 2087 1374 2146 Patribus
1429 2097 1757 2166 accepimus,
1807 2111 1866 2158 et

275 2163 392 2230 ipsa
417 2166 558 2222 ratio
586 2167 770 2236 docet,
800 2171 856 2226 in
885 2172 1053 2230 calice
1093 2177 1308 2235 Domini
1337 2189 1430 2238 aut
1447 2163 1637 2243 vinum
1661 2163 1857 2257 solum,

276 2263 372 2309 aut
418 2272 558 2326 aqua
606 2261 721 2316 sola
769 2262 977 2331 oﬂ'erri,
1021 2268 1115 2323 sed
1165 2279 1456 2343 utrumque
1490 2280 1857 2347 permixtum:

275 2349 405 2416 quia
433 2358 725 2422 utrumque
750 2370 818 2410 ex
867 2357 1038 2415 latere
1074 2360 1192 2429 ejus
1219 2364 1275 2419 in
1321 2382 1418 2423 sua
1445 2372 1696 2438 passione
1734 2391 1863 2446 pro-

274 2433 498 2494 ﬂuxisse
525 2440 745 2498 dicitur.
777 2443 895 2514 Ipsa
941 2463 1072 2503 vero
1105 2451 1320 2510 Veritas
1346 2433 1462 2513 nos
1483 2433 1752 2531 instruit:
1771 2481 1862 2522 ca-

271 2522 432 2582 licem
463 2538 518 2584 et
541 2547 737 2602 panem
761 2535 818 2589 in
861 2549 1200 2598 sacramento
1235 2543 1450 2616 oﬂ'erre,
1491 2555 1706 2620 quando
1742 2559 1856 2614 ait:

273 2619 480 2692 Accepit
503 2621 661 2680 Iesus
687 2643 896 2697 panem,
922 2639 971 2685 et
1003 2631 1282 2702 benedixit,
1325 2619 1567 2713 deditque
1590 2645 1860 2718 discipulis

272 2713 385 2768 suis
412 2713 630 2773 dicens:
675 2719 906 2792 Accipite
951 2732 1001 2778 et
1043 2728 1379 2797 manducate,
1427 2733 1526 2788 hoc
1552 2747 1628 2791 est
1667 2713 1858 2810 corpus

273 2818 465 2858 meum.
499 2805 756 2862 Similiter
799 2821 1074 2884 postquam
1112 2819 1355 2887 caznavit,
1384 2825 1581 2894 accepit
1619 2805 1854 2895 calicem,

1404 340 1720 398 CANONES
1757 341 1894 398 PRO
1935 342 2074 402 SUA
2109 345 2434 406 DKECESI.

1766 451 1773 456 ‘
1905 462 1953 521 Α
2687 467 2848 526 XXV.

3425 368 3557 426 HJZ

1981 548 2105 606 Non
2131 554 2207 606 eis
2233 557 2745 628 communicandum,
2774 561 2865 634 qui
2903 574 3210 635 perturbant
3241 572 3559 632 sacerdotes.

1978 659 2079 732 (Ex
2103 664 2330 734 epistola
2353 684 2520 756 supra
2557 674 2758 756 scripta
2786 677 3036 756 omnibus
3061 682 3332 756 episcopis
3357 689 3561 745 consti-

2353 735 2486 794 tutis
2508 756 2609 811 per
2637 735 2879 802 diversas
2909 735 3177 821 regionsz

2046 822 2106 878 Si
2144 823 2266 896 quis
2293 836 2475 883 autem
2506 829 2828 902 legationem
2871 846 3110 895 vestram
3157 843 3401 915 impedit,
3450 863 3558 904 non

1975 911 2158 978 unius,
2208 915 2303 969 sed
2350 917 2645 974 multorum
2692 933 3006 994 provectum
3054 911 3272 1002 avertit,
3323 911 3395 991 etv
3419 938 3561 994 sicut

1974 1002 2162 1059 multis
2195 1015 2376 1074 nocet,
2407 1009 2480 1063 ita
2515 1027 2546 1065 a
2575 1013 2760 1071 multis
2805 1022 3116 1089 arguendus
3157 1033 3264 1092 est,
3293 1035 3350 1081 et
3391 1029 3563 1085 bono-

1975 1109 2095 1148 rum
2126 1097 2384 1154 societate
2440 1105 2724 1161 carendus.
2764 1107 2832 1162 Et
2878 1112 3006 1180 quia
3054 1113 3150 1169 Dei
3201 1131 3419 1173 causam
3459 1122 3561 1176 im-

1972 1186 2122 1253 pedit
2149 1196 2204 1244 et
2229 1197 2428 1246 statum
2455 1197 2744 1252 conturbat
2768 1199 3043 1269 Ecclesia,
3073 1206 3195 1262 ideo
3219 1223 3251 1262 a
3280 1209 3558 1267 liminibus

1973 1273 2089 1342 ejus
2115 1289 2388 1348 arceatur,
2411 1284 2480 1340 ab
2499 1287 2752 1346 omnibus
2778 1291 2900 1347 talis
2926 1301 3010 1349 est
3045 1299 3341 1366 cavendus,
3369 1309 3425 1356 et
3449 1319 3556 1358 non

1973 1366 2026 1422 in
2079 1375 2456 1430 communione
2505 1377 2745 1435 ﬁdelium
2791 1399 2960 1454 usque
3009 1387 3078 1441 ad
3127 1390 3554 1448 satisfactionem

1973 1461 2333 1532 recipiendus.
2365 1466 2463 1522 Est
2480 1468 2624 1524 enim
2652 1479 2916 1530 statutum
2941 1478 3107 1534 olim:
3138 1481 3205 1546 Is,
3232 1484 3324 1554 qui
3352 1493 3554 1540 statum

1972 1553 2262 1608 conturbat
2289 1555 2566 1626 Ecclesiae,
2593 1564 2661 1617 ab
2691 1562 2806 1633 ejus
2842 1566 3120 1627 liminibus
3144 1553 3414 1642 arceatur,
3455 1593 3557 1634 nec

1971 1655 2095 1696 cum
2126 1642 2373 1702 ﬁdelibus
2422 1653 2784 1710 communicet
2812 1658 2906 1728 qui
2938 1673 3127 1716 eorum
3156 1662 3297 1721 bona
3333 1667 3552 1722 avertit.

2665 1767 2854 1824 XXVI.

1848 1923 1860 1934 ι
1895 1803 1944 1864 Β
1974 1840 2130 1909 Quod
2151 1847 2477 1906 schismatici
2518 1803 2868 1934 αρρειῖεῐζξ,
2910 1861 3001 1931 qui
3035 1879 3154 1918 cum
3192 1865 3552 1924 sacerdotibus

2509 1937 2611 1976 non
2648 1925 3000 1984 auwiliantur.

2387 2008 2489 2082 (Ex
2508 2012 2734 2082 epistola
2761 2016 2916 2088 cujus
2941 2019 3152 2096 supra.)

2030 2091 2136 2160 Qui
2161 2105 2344 2152 autem
2376 2114 2446 2154 ex
2471 2109 2655 2159 vestro
2680 2105 2911 2178 collegio
2937 2091 3141 2178 fuerit,
3166 2121 3220 2168 et
3249 2113 3318 2170 ab
3351 2117 3553 2175 auxilio

1961 2192 2144 2239 vestro
2174 2200 2234 2241 se
2259 2188 2612 2259 subtraxerit,
2661 2197 2833 2268 magis
2870 2200 3252 2262 schismaticus
3275 2222 3436 2277 quam
3466 2224 3553 2266 sa-

1960 2273 2153 2330 cerdos
2201 2291 2326 2333 esse
2372 2281 2736 2350 probabitur:
2795 2286 2932 2344 Ecce
2956 2331 2973 2356 ,
3029 2293 3204 2362 inquit
3258 2273 3548 2368 Propheta,

1959 2378 2118 2432 quam
2150 2365 2360 2432 bonum,
2399 2379 2449 2422 et
2473 2387 2632 2441 quant
2667 2373 2992 2444 jucundum,
3017 2381 3254 2438 habitare
3277 2365 3471 2455 fratres
3492 2389 3549 2443 in

1959 2467 2123 2506 unum
2147 2453 2320 2525 (Psal.
2347 2471 2553 2526 cum,
2587 2461 2661 2533 I).
2694 2463 2774 2519 Illi
2801 2482 2931 2523 vero
2957 2484 3065 2524 non
3112 2472 3166 2525 in
3196 2453 3360 2530 unum
3397 2477 3549 2532 habi-

1960 2548 2080 2594 tant
2128 2543 2222 2612 qui
2258 2559 2290 2599 a
2319 2542 2552 2604 fratrum
2591 2565 2650 2607 se
2697 2553 2891 2612 solatio
2934 2560 3277 2628 subtrahunt,
3319 2573 3373 2621 et
3403 2569 3546 2638 quod

1960 2634 2199 2692 deterius
2227 2647 2334 2706 est,
2354 2641 2616 2701 fratribus
2642 2645 2869 2706 insidias
2887 2665 3198 2724 praeparant
3216 2667 3308 2714 aut
3326 2634 3548 2732 laqueos

1957 2737 2184 2799 ponunt.
2225 2731 2359 2788 Item
2387 2745 2511 2807 post
2547 2753 2760 2810 pauca:
2815 2741 2926 2798 Nos
2953 2760 3105 2818 ergo,
3154 2750 3248 2819 qui
3293 2731 3544 2825 discipuli

1959 2821 2173 2878 Domini
2215 2832 2271 2880 et
2317 2826 2426 2882 dici
2470 2837 2528 2884 et
2571 2845 2694 2888 esse
2741 2834 3009 2904 cupimus,
3051 2847 3273 2908 portare
3320 2821 3540 2900 crucem

273 2891 416 2950 dedit
438 2895 710 2968 discipulis
736 2901 846 2955 suis
873 2902 1091 2958 dicens:
1140 2907 1371 2979 Accipite
1401 2921 1448 2965 et
1479 2891 1635 2969 bibite
1685 2933 1750 2971 ea:
1796 2891 1851 2976 eo

1957 2910 2160 2968 Christi
2189 2922 2244 2970 et
2268 2919 2503 2987 compati
2547 2891 3117 2994 fratribus-debemus,
3143 2939 3202 2984 et
3243 2947 3350 2987 non
3383 2949 3545 3004 quas-

273 2998 471 3048 omnes,
492 2986 615 3055 quia
643 2989 728 3042 hic
751 2999 826 3044 est
859 2991 1000 3050 calix
1022 2998 1292 3067 sanguinis
1321 3001 1444 3066 mei,
1477 3004 1569 3073 qui
1595 3023 1690 3074 pro
1716 3009 1851 3065 vobis

280 3071 519 3094 -ﬂ".-___l_.,
552 3092 570 3094 Α
605 3078 616 3088 ο
802 3081 813 3092 ο
875 3084 887 3094 σ
1472 3091 1538 3094 __,

1959 3015 2175 3073 cunque
2203 3004 2285 3060 eis
2311 2986 2538 3065 insidias
2580 3019 2674 3065 aut
2717 3011 2904 3071 foveas
2947 3031 3274 3088 praeparare,
3306 2986 3431 3094 qui;
3459 3034 3543 3080 ta-

271 3071 572 3140 eﬁ'undetur
598 3078 654 3132 in
685 3081 1041 3138 remissionem
1084 3097 1415 3156 peccatorum
1460 3091 1675 3164 (Matth.
1704 3114 1851 3167 xxvr,

271 3163 369 3204 98°
396 3164 547 3204 ῙῘἸης-
591 3186 646 3204 τι
693 3171 783 3204 on
829 3174 1061 3204 Putnam.
1097 3179 1235 3204 ηηε-..
1269 3189 1424 3204 -._---
1459 3195 1665 3204 ---μμ
1741 3189 1756 3204 ι
1780 3191 1793 3204 .

1957 3071 2156 3148 lionem
2201 3105 2442 3153 meretur
2464 3101 2558 3170 qui
2584 3099 2848 3160 fratribus
2893 3071 3106 3162 foveam
3147 3071 3340 3180 parat.l
3363 3113 3542 3172 Nolite

270 3163 371 3231 θεῖς
389 3165 420 3219 ι
442 3164 564 3223 εον,
591 3186 670 3238 ιι,
693 3171 804 3246 24),
829 3174 1065 3232 Crimina
1095 3179 1238 3237 enim
1267 3189 1429 3252 atque
1458 3163 1682 3254 peccata
1707 3163 1856 3246 omni.
1881 3163 1926 3204 υ
1957 3197 2156 3275 errare,
2202 3182 2422 3253 fratres,
2466 3163 2592 3261 quia
2627 3190 2771 3248 Deus
2815 3211 2920 3250 non
2964 3197 3234 3254 irridetur.
3266 3201 3438 3275 Hujus
3462 3207 3541 3262 rei

273 3254 344 3310 tis
387 3256 475 3320 his
514 3258 743 3320 Domino
781 3266 1063 3323 sacriﬁciis
1109 3270 1395 3329 delentur:
1428 3274 1630 3338 idcirco
1654 3287 1710 3334 et
1732 3297 1851 3351 pas-

1957 3274 2127 3343 gratia
2161 3275 2314 3333 vobis
2337 3254 2599 3339 Dominus
2635 3287 2910 3342 commisit
2938 3289 3238 3348 Ecclesiam
3275 3254 3451 3363 suam,
3479 3308 3539 3353 ut

270 3343 356 3400 sio
380 3345 497 3420 ejus
543 3351 602 3406 in
652 3354 737 3410 his
774 3363 1246 3418 commemoranda
1289 3372 1392 3432 est,
1435 3381 1539 3436 qua
1588 3343 1851 3444 redempti

1957 3379 2052 3434 pro
2097 3369 2348 3425 omnibus
2395 3370 2653 3430 laboretis
2702 3385 2758 3432 et
2795 3379 3008 3434 cunctis
3055 3386 3332 3451 oppressis
3380 3401 3538 3456 opem

270 3450 476 3508 Sumus,
507 3449 562 3496 et
583 3445 778 3516 saepius
799 3447 1076 3508 recitanda
1099 3461 1263 3524 atque
1298 3455 1417 3514 haec
1450 3458 1682 3519 Domino
1723 3464 1851 3520 oile-

1957 3453 2096 3510 ferre
2122 3472 2229 3512 non
2266 3460 2570 3531 negligatis.
2609 3463 2758 3522 Unde
2784 3475 2841 3522 et
2877 3445 3143 3527 Dominus
3177 3487 3277 3542 per
3298 3445 3540 3545 Prophe-

267 3526 456 3588 renda.
490 3528 712 3591 Talibus
752 3537 945 3594 hostiis
972 3540 1282 3612 delectabit,
1328 3555 1383 3602 et
1415 3548 1719 3620 placabitur
1743 3554 1852 3612 Do.

270 3617 473 3709 minus,
511 3631 566 3677 et
605 3637 827 3692 peccata
872 3632 1108 3690 dimittet
1150 3617 1599 3708 ingentiafNihil
1623 3647 1768 3702 enim
1793 3648 1848 3709 in

263 3708 553 3765 sacrificiis
587 3711 760 3780 majus
803 3731 923 3772 esse
968 3729 1148 3789 potest
1202 3741 1364 3794 quam
1410 3745 1607 3800 corpus
1641 3743 1698 3790 et
1726 3708 1850 3794 sa...

263 3797 387 3868 guis
409 3796 632 3868 Christi,
681 3817 784 3859 nec
814 3805 924 3862 ulla
977 3809 1178 3865 oblatio
1229 3815 1332 3868 hac
1374 3796 1564 3884 potior
1608 3829 1710 3886 est,
1751 3827 1847 3881 sed

265 3888 382 3942 haec
411 3903 602 3946 omnes
628 3894 903 3961 praecellit.
934 3896 1063 3965 Quae
1089 3916 1223 3970 pura
1248 3906 1576 3964 conscientia
1618 3910 1845 3974 Domino

262 3977 535 4034 oll'erenda
565 3991 669 4048 est,
707 3991 761 4038 et
796 4000 935 4055 pura
979 3999 1160 4046 mente
1191 4001 1635 4066 consummanda,
1681 4012 1844 4074 atque

264 4072 332 4124 ab
358 4072 608 4128 omnibus
632 4079 938 4134 veneranda
963 4097 979 4146 ;
1023 4090 1078 4137 et
1117 4085 1255 4142 sicut
1279 4089 1461 4156 potior
1486 4103 1572 4153 est
1605 4072 1838 4166 caeteris,

263 4158 340 4214 ita
375 4162 555 4230 potius
584 4165 776 4232 excoli,
807 4176 863 4224 et
886 4174 1134 4229 venerari
1169 4175 1344 4232 debet.

965 4306 1150 4365 XXIV.

646 4389 724 4446 De
762 4410 900 4466 aqua
926 4407 1110 4453 sancta
1131 4405 1444 4473 spargenda.

736 4500 837 4572 (Ex
861 4505 1049 4564 eadem
1081 4510 1350 4586 epistola.)

327 4601 537 4674 Aquam
555 4609 699 4665 enim
721 4613 832 4669 sale
852 4632 1195 4688 conspersam
1216 4629 1426 4696 populis
1440 4630 1830 4706 benedicimus,

257 4703 318 4748 ut
339 4709 403 4750 ea
432 4702 609 4764 cuncti
637 4706 842 4772 aspersi
873 4711 1295 4781 sanctiticentur,
1329 4720 1469 4788 quod
1501 4731 1554 4777 et
1583 4702 1833 4794 omnibus

257 4788 624 4848 sacerdotibus
679 4791 983 4852 faciendum
1033 4815 1152 4857 esse
1197 4808 1532 4867 mandamus.
1590 4789 1724 4870 Nam
1783 4819 1833 4876 si

251 5148 414 5210 atque
440 5147 681 5202 mundat.
710 5149 778 5205 Et
802 5151 848 5207 si
883 5154 996 5210 sale
1036 5172 1256 5228 asperso
1299 5179 1398 5233 per
1429 5166 1679 5224 Eliszeum
1703 5187 1829 5240 pro-

249 5230 471 5302 phetam
493 5238 750 5296 sterilitas
775 5258 929 5313 aqua:
967 5259 1157 5305 sanata
1193 5262 1276 5308 est
1300 5230 1373 5328 ‘(I
1389 5255 1430 5312 V
1459 5257 1585 5330 Reg.
1617 5277 1679 5330 η,
1703 5230 1826 5337 ἑο),

249 5330 454 5390 quanto
481 5329 652 5398 magis
679 5331 877 5389 divinis
911 5339 1164 5406 precibus
1207 5353 1442 5412 sacrata,
1486 5329 1826 5408 sterilitatem

247 5423 388 5478 aqua
419 5424 604 5471 sancta
650 5435 829 5478 rerum
872 5434 926 5480 et
954 5429 1131 5486 aufert
1170 5433 1544 5508 humanarum,
1583 5451 1640 5498 et
1673 5445 1823 5498 coin-

246 5503 499 5572 quinatos
521 5513 829 5572 sanctiﬁcat
849 5526 905 5572 et
927 5531 1139 5593 purgat,
1172 5535 1227 5583 et
1254 5537 1446 5590 uetera
1471 5503 1608 5588 bona
1637 5535 1821 5590 multi-

245 5589 430 5660 plicat,
465 5605 520 5651 et
563 5598 788 5662 insidias
831 5589 1272 5683 diaboli'avertit,
1305 5627 1360 5674 et
1484 5622 1823 5683 fantasmatis

249 5684 502 5743 versutiis
523 5687 796 5752 hominem
823 5696 1108 5763 defendit?

1858 4476 1914 4536 D

1952 3553 2062 3610 tam
2103 3545 2347 3618 loquitur
2388 3551 2614 3609 dicens:
2665 3555 2914 3615 Judicate
2957 3577 3112 3618 mane
3155 3565 3441 3636 judicium,
3487 3584 3536 3626 et

1949 3637 2114 3701 eruite
2148 3641 2197 3694 vi
2225 3656 2496 3712 oppressos
2526 3645 2592 3700 de
2635 3663 2797 3703 manu
2836 3651 3209 3711 calumniantis
3228 3675 3250 3724 ;
3296 3675 3360 3714 ne
3400 3663 3536 3732 forte

1947 3727 2270 3794 egrediatur,
2321 3735 2476 3802 quasi
2521 3735 2679 3806 ignis,
2723 3739 3017 3814 indignatio
3058 3761 3194 3813 mea,
3229 3757 3277 3802 et
3319 3767 3535 3806 succenv

1945 3814 2123 3880 datur,
2157 3827 2208 3869 et
2236 3835 2340 3874 non
2364 3823 2454 3887 sit,
2494 3826 2585 3893 qui
2629 3831 2928 3900 exstinguat
2976 3835 3110 3904 (Jcr.
3138 3854 3249 3904 ut,
3282 3840 3392 3913 12).
3425 3844 3535 3900 Vos

1943 3917 2072 3974 ergo
2113 3908 2206 3975 qui
2245 3909 2298 3962 in
2352 3927 2563 3969 summo
2612 3920 2832 3986 speculo
2883 3938 2915 3977 a
2965 3923 3194 3983 Domino
3238 3933 3525 3990 constituti

1942 3993 2094 4058 estis,
2130 3999 2414 4056 attendere
2444 4017 2537 4058 eos
2560 4011 2616 4058 et
2634 4009 2942 4078 Opprimere
2971 4024 3184 4083 oportet
3210 4019 3302 4088 qui
3335 4021 3390 4084 in
3417 4021 3530 4078 fra-

1943 4090 2055 4138 tres
2089 4086 2382 4146 seditiones
2423 4099 2480 4146 et
2512 4097 2765 4152 scandala
2811 4102 3072 4173 excitant,
3102 4122 3171 4163 ne
3211 4086 3374 4167 simul
3400 4128 3524 4170 cum

1940 4173 2021 4228 eis
2039 4176 2296 4242 pereatis.

2629 4276 2841 4334 XXVII.

1939 4353 2095 4418 Quod
2119 4373 2273 4440 sacra
2304 4377 2428 4441 uasa
2447 4380 2560 4441 non
2595 4366 2661 4420 ab
2683 4367 2828 4441 aliis,
2855 4387 3014 4441 quam
3036 4391 3067 4426 a
3090 4373 3316 4433 Domino
3340 4394 3496 4434 sacra

2223 4429 2292 4482 tis
2316 4431 2630 4500 hominibus,
2666 4429 2883 4493 debeant
2911 4429 3239 4500 contrectari;

1941 4536 2044 4608 (Ex
2072 4540 2296 4610 epistola
2320 4543 2493 4632 Xis‘ti,
2516 4554 3157 4632 successoris-Alexandri
3183 4562 3520 4632 papaé,.scri-

2381 4623 2472 4685 pta
2497 4620 2748 4677 omnibus
2777 4625 3085 4700 epiSCOPiS-)
3183 4620 3203 4630 -
3253 4620 3270 4632 ⁸
3343 4620 3374 4630 ’ἢ
3411 4713 3416 4720 ,

2009 4721 2311 4792 Cognoscat
2358 4729 2623 4797 sapientia
2670 4742 2848 4790 vestra
2875 4776 2890 4801 ,
2939 4739 3244 4797 charissimi
3293 4745 3515 4814 fratres,

1938 4809 2064 4876 quia
2094 4810 2148 4865 in
2171 4813 2276 4869 hac
2301 4825 2490 4873 sancta
2519 4823 2812 4890 apostolica
2839 4826 2965 4883 sede
2990 4844 3020 4883 a
3039 4830 3194 4888 nobis
3216 4843 3271 4890 et
3293 4837 3517 4906 reliquis

1937 4898 2221 4969 episcopis,
2258 4907 2577 4978 caeterisque
2621 4913 2831 4970 Domini
2863 4921 3231 4980 sacerdotibus
3255 4898 3513 4984 statutum

1791 4997 1833 5051 ί-
1933 5000 2040 5055 est,
2074 5001 2132 5046 ut
2159 5009 2311 5049 sacra
2339 5013 2468 5058 vasa
2497 5017 2602 5057 non
2630 5005 2698 5059 ab
2724 5007 2846 5064 aliis
2884 5025 3045 5078 quam
3075 5029 3105 5067 a
3147 5018 3377 5072 sacratis
3402 5019 3509 5074 Do-

1931 5081 2186 5151 minoque
2224 5085 2416 5143 dicatis
2447 5101 2850 5154 contrectentur
2871 5100 3199 5161 hominibus.
3229 5105 3508 5179 Indignum

1931 5173 2075 5225 cnim
2120 5174 2271 5231 valde
2313 5189 2400 5234 est
2445 5190 2506 5236 ut
2549 5199 2706 5241 sacra
2737 5190 2949 5246 Domini
2996 5210 3147 5263 vasa,
3174 5215 3507 5272 qumcunque

1931 5269 2074 5324 sunt,
2107 5263 2356 5324 humanis
2378 5271 2565 5328 usibus
2611 5279 2866 5344 serviant,
2915 5293 3008 5338 aut
3031 5287 3100 5343 ab
3142 5288 3262 5345 aliis
3284 5305 3445 5360 quam
3475 5308 3506 5347 a

1931 5347 2160 5407 Domino
2189 5353 2577 5418 famulantibus
2603 5365 2757 5435 eique
2781 5369 2970 5429 dicatis
3013 5347 3320 5434 tractentur.
3348 5382 3504 5452 viris,

1930 5457 1999 5496 ne
2020 5459 2119 5512 pm
2150 5446 2343 5504 talibus
2367 5458 2870 5524 praesumptionibus
2911 5464 3081 5521 iratus
3110 5469 3365 5527 Dominus
3382 5446 3503 5544 pla;

1927 5549 2048 5603 gam
2077 5536 2317 5607 imponat
2345 5543 2544 5612 p0pulo
2573 5560 2690 5614 suo,
2735 5559 2790 5606 et
2817 5553 2872 5607 III
2899 5556 2989 5624 qui
3029 5557 3192 5612 etiam
3235 5576 3341 5616 non
3374 5536 3505 5634 pec-

1927 5641 2208 5695 caverunt,
2246 5632 2382 5686 mala
2410 5637 2705 5706 patiantur,
2755 5652 2848 5698 aut
2893 5656 3152 5716 pereant:
3206 5653 3330 5721 quia
3359 5632 3503 5725 perit

1915 5714 2095 5786 justus
2125 5721 2421 5793 saepissime
2453 5739 2558 5793 pro
2593 5728 2785 5800 impio.
2835 5714 3128 5806 Attendite.
3173 5714 3390 5812 fratres,
3429 5764 3497 5805 ne
