3960 6424
438 318 577 374 “03

1552 324 1813 382 BEMIGII
1850 324 2215 384 CURIENSIS
2255 324 2559 389 EPISCOI’I

3558 330 3692 396 “0|

438 434 567 486 talia
599 432 795 487 vestris
824 432 877 487 in
923 434 1168 490 ecclesiis
1207 434 1536 505 permittatis
1580 437 1835 506 deinceps
1880 436 2020 501 ﬁeri,
2051 439 2102 498 Α
2127 450 2233 489 non
2260 434 2553 490 admittunt
2588 443 2645 492 et
2680 452 2779 493 nos
2805 439 3207 497 subntovemus.
3237 443 3549 504 Aeeusatori
3582 470 3697 507 om.

426 537 504 585 ne
527 536 657 593 grex
682 523 924 593 pretioso
947 524 1211 593 sanguine
1236 524 1438 580 Christi
1473 527 1780 596 redemptus
1811 527 1866 583 in
1888 544 2024 597 prae-

434 612 702 682 cipitium,
731 615 875 684 quod
910 614 1072 681 absit,
1103 624 1243 671 ruat.

1122 704 1357 763 XXVIII.

431 792 511 849 De
548 795 759 866 jejunio
811 805 1005 867 septem
1050 797 1521 866 hebdomadarum,
1565 810 1687 855 ante
1737 797 1945 855 Pascha
1987 817 2022 854 a

932 869 1135 923 clericis
1172 869 1514 924 observando.

432 955 533 1026 (Ex
561 958 787 1028 epistola
829 959 1142 1031 Tclespliori
1190 976 1349 1101 papae)
1377 962 1576 1031 scripta
1616 963 1866 1019 omnibus
1908 963 2023 1034 cpi-

1126 1046 1321 1101 scopis.

1126 1046 1321 1101 scopis.

501 1121 784 1179 Credimus
814 1134 1057 1179 sanctam
1093 1124 1252 1180 ﬁdem
1284 1133 1522 1180 vestram
1548 1126 1601 1181 in
1649 1126 2018 1198 apostolorum

428 1213 733 1270 eruditione
762 1217 1060 1283 fundatam,
1094 1217 1233 1272 hanc
1281 1226 1468 1274 tenere
1496 1225 1552 1274 et
1580 1219 1723 1274 hanc
1752 1220 2021 1275 universis

425 1304 639 1375 populis
685 1320 976 1376 exponere,
1026 1308 1117 1377 qui
1164 1306 1416 1363 videlicet
1460 1324 1491 1364 a
1536 1311 1848 1366 constitutis
1890 1326 2021 1380 apo-

424 1392 690 1451 stolorum
725 1411 1025 1469 eorumque
1061 1413 1435 1455 successorum
1482 1400 1627 1456 nulla
1655 1402 1864 1458 ratione
1910 1403 2020 1459 dis-

423 1484 688 1554 Sentinnt,
714 1492 974 1559 per'quos
1010 1487 1216 1559 justum
1244 1498 1330 1548 est
1353 1500 1583 1549 caeteros
1611 1494 1835 1550 erudiri.
1874 1494 2020 1562 Qua-

421 1587 646 1650 propter
688 1581 1021 1652 cognoscite,
1058 1596 1091 1637 a
1140 1583 1299 1640 nobis
1339 1591 1394 1639 et
1421 1585 1633 1641 cunctis
1661 1586 1930 1657 episcopis
1960 1586 2016 1642 in

421 1669 567 1726 hanc
605 1672 958 1744 apostolicam
1001 1675 1183 1731 sedem
1232 1677 1577 1749 congregatis
1615 1686 1878 1735 statutum
1905 1686 2015 1746 est,

421 1768 484 1814 ut
505 1769 711 1832 septem
753 1763 1125 1821 hebdomadas
1145 1765 1336 1836 plenas
1360 1774 1489 1823 ante
1517 1775 1765 1824 sanctum
1804 1768 2013 1827 Pascha

420 1864 614 1906 omnes
668 1851 849 1908 clerici
896 1853 954 1910 in
1010 1863 1157 1911 sorte
1210 1854 1427 1912 Domini
1476 1857 1651 1914 vocati
1680 1874 1711 1914 a
1738 1872 1902 1915 carne
1928 1859 2015 1931 je-

413 1937 625 2007 juncnt.
676 1942 814 2011 Quia
860 1944 1003 2001 sicut
1050 1945 1282 2001 discreta
1332 1947 1492 2004 debet
1530 1964 1652 2006 esse
1691 1951 1805 2006 vita
1855 1952 2015 2008 cleri-

417 2049 606 2089 corum
635 2034 962 2092 alaicorum
1005 2038 1438 2106 conversatione,
1490 2040 1563 2096 ita
1607 2050 1664 2097 et
1706 2042 1761 2098 in
1807 2042 2014 2113 jejunio

416 2125 578 2180 debet
611 2125 728 2181 ﬁeri
755 2127 1035 2197 discretio,
1077 2136 1135 2184 et
1159 2129 1300 2185 sicut
1330 2128 1459 2186 laici
1505 2139 1560 2186 et
1602 2130 1890 2190 saeculares
1916 2134 2015 2190 ho-

388 2217 594 2273 mines
640 2218 828 2276 nolunt
857 2236 953 2276 eos
979 2221 1227 2292 recipere
1272 2221 1326 2277 in
1366 2221 1838 2294 impulsationibus
1875 2228 2008 2296 suis,

417 2309 674 2379 quoniam
721 2311 773 2365 in
805 2312 1058 2368 omnibus
1088 2312 1323 2369 discreta
1353 2313 1515 2370 debet
1558 2330 1776 2387 semper
1813 2332 1936 2375 esse
1960 2328 2015 2375 et

415 2411 702 2472 segregata
754 2402 861 2457 vita
911 2409 967 2459 et
1014 2406 1357 2460 conversatio
1404 2404 1730 2462 clericorum
1770 2423 1802 2463 a
1838 2424 2010 2465 siccu-

418 2490 612 2546 larium
626 2490 943 2560 'laicorum.;
972 2501 1029 2549 et
1051 2493 1197 2549 sicut
1233 2494 1292 2551 bi
1334 2495 1566 2567 amplius
1608 2504 1735 2552 sunt
1758 2499 2013 2570 applicati

414 2581 615 2637 divinis
632 2583 876 2639 cultibus
898 2593 953 2640 et
991 2582 1291 2641 familiares
1312 2585 1567 2642 dicuntur
1584 2587 1799 2644 Domini
1828 2589 2015 2647 Salva-

415 2672 576 2736 toris,
606 2670 680 2727 ita
710 2672 951 2729 moribus
975 2680 1030 2728 et
1071 2675 1482 2731 conversatione
1511 2658 1677 2747 atque
1719 2678 2014 2737 sanctitate

414 2760 611 2816 debent
650 2776 771 2817 esse
799 2762 1065 2837 distincti.
1090 2761 1201 2818 Has
1230 2778 1359 2834 ergo
1396 2772 1607 2845 septem
1635 2764 2012 2824 hebdomadas

413 2868 605 2909 omnes
635 2853 817 2910 clerici
841 2871 870 2909 a
900 2872 1064 2912 carne
1092 2867 1149 2913 et
1173 2857 1668 2931 deliciisjejunent,
1696 2868 1752 2917 et
1770 2862 2007 2935 hymnis,

414 2955 471 3001 et
502 2946 722 3019 vigiliis,
775 2957 939 3019 atque
970 2949 1309 3009 orationibus
1356 2952 1588 3009 Domino
1631 2953 1899 3011 inbzerere
1925 2955 2012 3012 die

415 3048 685 3110 noctuque
728 3041 999 3095 studeant.

1110 3112 1311 3169 "XXIX.

2127 526 2257 580 nino
2282 540 2388 580 non
2411 527 2560 581 credi
2600 527 2943 586 decernimus
2961 572 2975 594 ,
3021 534 3112 586 aui
3149 535 3371 590 absente
3396 537 3699 599 adversario

2124 606 2343 670 causam
2374 619 2703 687 suggesserit
2733 628 2858 676 ante
2880 623 3161 694 utriusque
3188 627 3357 695 partis
3369 627 3573 696 justam
3594 633 3700 687 dis-

2123 708 2469 777 cussionem;
2511 725 2613 767 nec
2634 712 2690 767 hi
2711 713 2803 783 qui
2830 728 2938 769 non
2967 724 3095 770 sunt
3134 717 3313 773 idonei
3343 720 3700 793 suscipiantur

2122 798 2192 854 ad
2215 801 2656 869 accusationem;
2684 811 2740 859 et
2776 819 2967 861 omnes
2990 806 3082 877 qui
3109 808 3368 865 adversus
3400 811 3590 869 Patres
3616 830 3698 869 aro

2122 900 2361 959 mantur,
2393 892 2625 950 infames
2647 910 2771 953 esse
2797 913 3101 956 censemus.
3124 899 3315 956 Patres
3341 902 3484 956 enim
3513 918 3696 959 omnes

2120 984 2414 1039 venerandi
2441 992 2587 1052 sunt,
2617 1001 2725 1041 non
2748 989 3038 1059 respuendi
3063 1004 3129 1044 ac
3152 989 3460 1045 insidiandi.
3485 990 3550 1047 lli
3573 1007 3696 1048 vero

2123 1073 2212 1145 qui
2242 1090 2365 1130 cum
2395 1076 2634 1133 inimicis
2660 1087 2959 1144 morantur,
2989 1092 3081 1137 aut
3108 1081 3201 1152 qui
3230 1084 3465 1154 suspecti
3500 1085 3696 1141 haben-

2120 1174 2231 1235 tur,
2254 1168 2477 1225 minime
2504 1170 2856 1241 recipiantur,
2888 1172 3015 1243 quia
3040 1188 3228 1230 eorum
3255 1174 3524 1231 aemulatio
3561 1176 3698 1232 lace-

2119 1265 2208 1312 rat
2229 1259 2393 1314 etiam
2420 1260 2755 1317 innocentes.
2784 1262 2939 1319 Hunc
2964 1279 3176 1320 murum
3201 1264 3567 1322 ﬁrmissimum
3593 1276 3698 1323 sta-

2119 1353 2341 1403 tuerunt
2367 1349 2560 1406 Patres
2588 1352 2792 1419 nostri,
2820 1362 2874 1407 et
2912 1369 3012 1409 nos
3034 1370 3159 1409 cum
3187 1356 3266 1412 eis
3295 1365 3485 1411 contra
3510 1372 3695 1421 perse-

2118 1449 2336 1497 cutores
2362 1452 2592 1498 vestros.
2623 1443 2737 1499 Hoc
2768 1447 3008 1501 remedio
3056 1463 3244 1503 eorum
3288 1448 3556 1518 pellantur
3582 1466 3696 1504 ma-

2118 1532 2486 1600 chinamenta,
2518 1541 2575 1589 ct
2599 1550 2697 1590 vos
2723 1536 3023 1592 sanctiores
3045 1546 3099 1592 et
3124 1539 3427 1595 securiores
3449 1538 3697 1595 famulari

2076 1632 2083 1639 ‘
2116 1624 2435 1685 mereamini
2463 1633 2646 1682 vestro
2670 1625 2955 1682 Salvatori.

2042 1794 2090 1855 Β
2116 1827 2197 1884 De
2220 1832 2657 1903 metropolitanis,
2687 1839 2743 1886 ut
2777 1794 3169 1903 nullus—absque
3187 1833 3695 1902 comprovincialium

2185 1901 2545 1971 episcoporum
2582 1903 2838 1956 instantia
2864 1901 3161 1973 aliquorum
3183 1901 3364 1959 audiat
3393 1920 3604 1960 causas.

2115 1991 2231 2063 (Ex
2277 1992 2504 2064 epistola
2549 1993 2705 2063 Ygini
2736 2009 2887 2064 papa:
2929 1994 3140 2049 cunctis
3180 1994 3474 2064 apostolica
3513 1996 3618 2052 ﬁde
3647 2004 3699 2051 et

2118 2094 2123 2101 ι
2468 2063 2714 2117 doctrina
2740 2063 3044 2134 vigentibus
3072 2063 3323 2136 scripta.)

2183 2176 2477 2241 Caeterum,
2517 2176 2715 2232 fratres
2733 2217 2749 2237 .
2778 2176 2922 2231 salvo
2959 2179 3015 2232 in
3044 2178 3282 2232 omnibus
3308 2177 3561 2233 Romana:
3590 2177 3694 2232 Ec-

2113 2263 2288 2320 clesia:
2306 2265 2601 2336 priuilegio,
2628 2266 2808 2321 nullus
2836 2267 3285 2337 metropolitanus
3312 2267 3516 2337 absque
3540 2276 3698 2323 aete-

2114 2369 2300 2410 rorum
2333 2356 2579 2410 omnium
2626 2357 3164 2428 comprovincialium
3202 2360 3577 2429 episcoporum
3618 2360 3696 2413 in.

2108 2450 2314 2507 stantia
2342 2450 2647 2520 aliquorum
2686 2452 2874 2508 audiat
2915 2467 3139 2520 causas;
3170 2456 3295 2525 quia
3336 2454 3504 2509 irrita:
3537 2462 3697 2507 erunt

2112 2540 2271 2596 aliter
2307 2550 2445 2597 acta:
2474 2556 2641 2613 quam
2666 2542 2723 2599 in
2750 2552 3044 2615 conspectu
3070 2560 3258 2602 eorum
3302 2545 3543 2601 omnium
3570 2559 3697 2599 ven-

2112 2633 2299 2702 tilatse,
2322 2642 2379 2691 et
2399 2635 2513 2708 ipse
2540 2634 2589 2693 si
2609 2634 2822 2703 fecerit,
2853 2645 3230 2693 coerceatur-a
3255 2635 3532 2693 fratribus.

2798 2749 3015 2807 XXXII.

2503 2843 2621 2910 Quo
2648 2844 2734 2899 die
2762 2842 2971 2898 Pascha
2999 2842 3301 2898 celebretur.

2112 2929 2212 3005 (Ex
2242 2935 2467 3006 epistola
2499 2935 2579 3008 Pii
2607 2950 2762 3008 papae
2785 2938 2984 3007 scripta
3010 2938 3263 2992 omnibus
3291 2938 3356 3008 in
3376 2926 3480 2992 ﬁde
3517 2942 3576 2990 et
3598 2939 3697 2993 do-

2443 3005 2625 3060 ctrina
2643 3005 2938 3076 apostolica
2971 3005 3366 3080 manentibus.)
3606 3009 3619 3023 '

2179 3093 2448 3149 Cancrum
2478 3111 2640 3151 nosse
2666 3111 2766 3153 vos
2795 3096 3062 3161 volumus,
3088 3095 3235 3166 quod
3254 3095 3459 3152 Pascha
3482 3095 3693 3152 Domini

415 3199 492 3257 De
510 3211 736 3279 tempore
763 3205 886 3258 miss
903 3221 969 3279 1',
990 3214 1036 3259 et
1066 3205 1206 3279 quod
1236 3206 1525 3277 'Ange‘licus
1555 3208 1777 3279 hymnus
1818 3210 2002 3266 diccn-
2032 3160 2077 3222 ρ
2109 3186 2197 3242 die
2240 3187 2525 3244 omnium)
2572 3189 2769 3244 annuis
2812 3187 3148 3260 temporibus
3186 3188 3259 3243 8“
3290 3187 3693 3279 celebmndnm'

656 3275 755 3328 dus
784 3284 859 3329 est
890 3275 1217 3330 solummodo
1242 3275 1473 3348 tempore
1499 3275 1752 3350 congruo.

915 3368 1016 3440 (Ex
1040 3368 1241 3423 eadem
1266 3369 1539 3440 epistola.)

484 3458 655 3514 Nocte
706 3473 835 3516 vero
878 3469 1064 3515 sancta
1120 3461 1673 3517 nativitatis‘Domiui
1719 3464 2008 3521 salvatoris

413 3551 611 3605 missas
652 3549 930 3604 celebrent
957 3559 1013 3605 et
1042 3551 1302 3622 hymnum
1349 3552 1663 3624 Angelicum
1692 3555 1747 3608 in
1791 3556 1872 3610 eis
1914 3570 2005 3611 so-

412 3630 664 3696 iemniter
711 3641 1042 3695 t'ecantent:
1090 3641 1569 3711 quoniameadem
1608 3653 1765 3699 nocte
1807 3645 1876 3700 ab
1904 3660 2004 3699 an-

413 3730 533 3801 gelo
555 3732 862 3801 pas.m-ilms
899 3737 983 3784 est
1019 3731 1319 3793 nuntiatus,
1359 3731 1498 3787 sicut
1532 3731 1650 3803 ipsa
1695 3734 1896 3790 veritas
1925 3743 2005 3791 te-

415 3829 593 3877 statur
622 3822 845 3878 dicens:
884 3822 1128 3877 Pastores
1169 3824 1397 3878 erantin
1431 3825 1638 3895 regione
1663 3826 1847 3881 eadem
1883 3827 2008 3898 vigi-

413 3917 605 3980 lantes,
650 3925 700 3969 et
741 3916 1088 3971 custodientes
1132 3916 1340 3987 vigilias
1389 3918 1557 3972 noctis
1591 3935 1752 3990 supra
1798 3936 2003 3992 gregem

410 4024 589 4074 suum,
637 4017 685 4062 et
727 4024 844 4062 ecce
888 4007 1103 4079 angelus
1151 4007 1361 4063 Domini
1392 4009 1531 4064 stetit
1569 4010 1731 4081 juxta
1761 4010 1906 4079 illos,
1955 4020 2005 4067 et

411 4100 698 4153 timuerunt
723 4099 909 4152 timore
929 4114 1153 4168 magno;
1182 4108 1231 4153 et
1253 4098 1387 4153 dixit
1414 4098 1521 4154 illis
1541 4100 1793 4171 angelus:
1825 4100 2006 4156 Nolite

410 4192 613 4255 timere,
645 4206 759 4243 ecce
789 4190 926 4243 enim
947 4187 1244 4259 cvangelizo
1271 4188 1415 4243 vobis
1451 4189 1704 4260 gaudium
1732 4207 2000 4262 magnum,

409 4280 548 4351 quod
587 4281 686 4333 erit
734 4281 875 4333 omni
916 4277 1127 4349 populo.
1167 4276 1305 4344 Quia
1349 4288 1504 4333 natus
1551 4290 1627 4334 est
1672 4281 1812 4336 vobis
1848 4281 2005 4337 hodie

411 4369 667 4433 salvator,
697 4369 786 4439 qui
810 4366 1149 4423 est‘Cltristus
1178 4367 1454 4433 Dominus,
1492 4369 1545 4423 in
1568 4370 1776 4425 civitate
1795 4370 1965 4426 David
1979 4386 1998 4435 ,'

2106 3282 2229 3337 Istis
2256 3296 2391 3353 ergo
2423 3283 2762 3354 temporibus
2793 3282 3020 3339 Hermes
3059 3281 3251 3336 doctor
3283 3279 3407 3336 ﬁdei
3451 3287 3506 3335 et
3549 3278 3699 3335 Scri-

2106 3380 2391 3442 pturarum
2422 3372 2740 3429 fulsitinter
2765 3387 2884 3429 nos.
2925 3372 2993 3428 Et
3019 3372 3148 3428 licet
3184 3385 3286 3426 nos
3316 3371 3455 3426 idem
3484 3368 3697 3425 Pascha

2103 3464 2365 3535 prtedicta
2400 3465 2487 3521 die
2517 3465 2947 3530 celebraremus,
2982 3473 3039 3519 et
3077 3462 3298 3534 quidam
3334 3461 3457 3517 inde
3483 3460 3699 3517 dubita-

2106 3560 2231 3607 rent
2258 3554 2327 3609 ad
2354 3553 2790 3609 corroborandas
2818 3546 2999 3609 tamen
3038 3553 3251 3607 animas
3290 3566 3480 3607 eorum
3518 3550 3696 3605 eidem

2106 3638 2348 3696 Hermeti
2378 3642 2602 3712 angelus
2626 3640 2841 3696 Domini
2868 3643 2922 3695 in
2943 3641 3132 3696 habitu
3152 3639 3396 3696 Pastoris
3417 3639 3696 3710 apparuit,

2104 3738 2163 3785 et
2184 3731 2443 3802 praecepit
2485 3732 2536 3785 ei
2580 3738 2641 3784 ut
2688 3729 2895 3786 Pascha
2924 3731 3012 3786 die
3041 3730 3311 3786 dominico
3338 3729 3412 3784 ab
3441 3729 3700 3784 omnibus

2105 3820 2477 3876 celebraretur
2522 3829 2765 3888 tempore
2806 3836 2923 3876 suo.
2968 3821 3128 3877 'Unde
3167 3827 3224 3874 et
3256 3835 3357 3876 vos
3401 3819 3699 3889 apostolica

2107 3912 2432 3968 auctoritate
2453 3912 2791 3976 instruimus,
2809 3925 3001 3966 omnes
3021 3910 3213 3966 eadem
3235 3923 3455 3965 scrvare
3473 3908 3698 3974 debere,

2105 4007 2233 4077 quia
2265 4016 2322 4061 et
2348 4021 2449 4062 nos
2476 4006 2665 4062 eadem
2711 4020 3012 4061 servamus.
3043 4003 3153 4060 Nec
3193 4001 3404 4058 debetis
3443 4016 3476 4056 a
3519 4000 3701 4072 capite

2105 4110 2324 4167 quoquo
2342 4096 2505 4152 modo
2519 4094 2810 4151 dissidere.

2780 4205 3015 4262 XXXIII.

2108 4304 2192 4359 Ne
2227 4305 2431 4376 praedia
2464 4303 2820 4359 ecclesiastica
2862 4301 3054 4425 qliqpis
3092 4299 3242 4354 tollat
3281 4309 3329 4353 et
3369 4297 3479 4354 suis
3509 4296 3696 4351 usibus

2772 4389 2874 4425 ann
2896 4388 2974 4425 tce
3000 4411 3015 4424 .

2772 4388 3015 4447 appttcet.

410 4472 459 4517 et
486 4462 584 4515 hoc
614 4460 753 4516 vobis
794 4461 1037 4529 signum:
1073 4460 1350 4515 invenietis
1390 4460 1662 4530 infantem,
1692 4462 1880 4533 pannis
1917 4461 1997 4515 iu-
2028 4503 2078 4564 υ
2132 4465 2231 4536 (Ex
2260 4464 2487 4536 epistola
2516 4462 2669 4533 cujus
2696 4478 2857 4532 supra
2894 4462 3092 4517 Italicis
3120 4458 3381 4564 ira-tribus
3407 4457 3658 4528 scripta.)

412 4551 667 4618 relatum,
699 4560 748 4606 et
778 4552 1003 4623 positum
1035 4551 1089 4604 in
1133 4551 1406 4622 prasep'io.
1443 4550 1508 4604 Et
1550 4552 1722 4606 subito
1751 4552 1893 4622 facta
1923 4564 2000 4608 est

310 4676 317 4677 κ
410 4659 531 4696 cum
575 4640 760 4713 angelo
812 4640 1092 4694 multitudo
1138 4639 1340 4695 militiae
1385 4640 1620 4703 ctelestis,
1668 4641 2000 4697 laudantium

413 4733 605 4800 Deum,
630 4742 680 4787 et
728 4733 1011 4786 dicentium
1036 4745 1054 4782 :
1102 4728 1285 4786 Gloria
1317 4732 1381 4786 'iu
1416 4730 1686 4786 altissimis
1727 4732 1840 4786 Deo
1870 4743 1919 4787 et
1946 4735 2002 4788 in

411 4834 556 4879 terra
576 4842 683 4897 pax
698 4826 993 4881 hominibus
1015 4826 1163 4880 bonae
1173 4825 1458 4880 voluntatis
1486 4824 1640 4897 (Luc.
1669 4842 1731 4891 ll,
1758 4828 1792 4881 8
1810 4826 1997 4900 θείη),

422 4914 665 4985 Reliquis
694 4924 874 4971 autem
906 4917 1238 4987 temporibus
1276 4916 1568 4971 missarum
1606 4916 2000 4974 celebrationes

415 5015 545 5062 ante
570 5007 765 5062 harant
811 5006 919 5062 diei
949 5007 1168 5063 tertiam
1205 5006 1433 5064 minime
1472 5016 1598 5064 sunt
1637 5008 1997 5075 celebrandae.

414 5096 543 5169 quia
585 5098 775 5153 eadem
819 5098 955 5153 hora
1003 5106 1059 5153 et
1087 5097 1346 5154 Dominus
1379 5098 1691 5164 cruciﬁxus,
1734 5108 1790 5153 et
1840 5113 2003 5169 super

418 5190 692 5262 apostolos
730 5188 969 5262 Spiritus
1008 5199 1231 5248 sanctus
1275 5191 1620 5248 descendisse
1664 5191 1880 5275 legitur.
1919 5190 2003 5247 A'b

417 5285 685 5357 episcopis
727 5294 906 5340 autem
947 5286 1089 5341 idem
1120 5284 1409 5355 Angelicus
1452 5285 1688 5355 hymnus
1729 5298 1828 5354 pro
1863 5292 2005 5339 “tem-

419 5391 570 5446 pore,
586 5386 642 5433 et
670 5376 724 5432 in
751 5375 870 5432 loco
883 5376 949 5432 in
968 5376 1254 5431 missarum
1277 5374 1555 5431 solemniis
1570 5374 1879 5431 recitandus
1897 5382 1999 5430 est.

1105 5468 1279 5523 XXX.

490 5565 568 5621 Ne
594 5561 779 5618 absens
808 5571 1105 5625 accusetur,
1132 5570 1181 5614 et
1210 5560 1299 5630 qui
1321 5574 1573 5614 accusare
1607 5574 1707 5612 non
1734 5559 1952 5628 possint.

894 5652 1003 5720 (Ex
1027 5650 1219 5706 eadem
1247 5647 1519 5720 epistola.)

502 5743 859 5798 Accusatores
878 5757 1011 5798 vero
1032 5750 1086 5795 et
1104 5740 1479 5796 accusationes
1497 5753 1633 5810 quas
1654 5739 1798 5809 leges
1822 5739 2002 5795 saeculi

2179 4554 2259 4607 Ad
2286 4554 2470 4609 sedem
2500 4561 2682 4607 autem
2724 4550 3075 4620 apostolicam
3104 4549 3371 4620 perlatum
3410 4556 3514 4612 est,
3545 4546 3695 4617 quod

2107 4645 2216 4700 sint
2246 4645 2386 4699 i-iter
2413 4660 2510 4701 vos
2539 4645 2934 4709 contentiones,
2961 4653 3016 4697 et
3043 4640 3434 4703 aemulationes,
3469 4648 3524 4693 et
3548 4653 3699 4707 prtu-

2107 4736 2194 4789 dia
2221 4735 2419 4790 divinis
2440 4735 2628 4790 usibus
2656 4733 2872 4798 tradita,
2904 4732 3120 4802 quidam
3144 4729 3396 4784 humanis
3418 4726 3697 4797 applicent

2106 4829 2319 4894 usibus,
2347 4836 2405 4883 et
2425 4826 2656 4882 Domino
2672 4825 2789 4882 Deo
2803 4824 2894 4881 cui
2916 4823 3111 4879 tradita
3132 4830 3261 4876 sunt
3283 4835 3345 4876 ea
3367 4818 3699 4905 subtrahunt

2107 4926 2168 4972 ut
2204 4918 2319 4973 suis
2360 4917 2549 4972 usibus
2595 4914 2919 4972 inserviant.
2950 4912 3287 4984 QuaprOpter
3329 4910 3397 4964 ab
3437 4906 3698 4964 omnibus

2108 5007 2252 5063 illius
2295 5007 2665 5079 usurpationis
2710 5003 3043 5062 contumelia
3092 5000 3406 5073 depellenda
3448 5006 3570 5064 est,
3616 5011 3698 5052 ne

2107 5099 2308 5169 prsidia
2339 5099 2442 5154 sibi
2478 5106 2811 5155 secretorum
2853 5095 3156 5152 caelestium
3186 5093 3424 5164 iudicata
3448 5130 3464 5156 ,
3497 5105 3528 5145 a
3567 5088 3699 5160 qni—

2106 5191 2333 5247 lmsdam
2363 5189 2695 5246 irruentibus
2719 5195 3003 5244 vexentur.
3029 5184 3182 5253 Quod
3210 5184 3255 5239 si
3285 5183 3405 5253 quis
3427 5195 3701 5252 praesurn-

2106 5283 2294 5354 pserit,
2326 5281 2620 5352 sacrilegus
2647 5280 2934 5344 habeatur,
2975 5284 3031 5333 et
3060 5275 3200 5331 sicut
3223 5272 3516 5343 sacrilegus
3535 5269 3700 5339 judi-

2107 5385 2281 5432 cetur.
2309 5375 2460 5445 Ipsos
2485 5382 2663 5429 autem
2687 5373 2782 5443 qui
2801 5372 2903 5426 hoc
2928 5377 3096 5441 agunt
3117 5366 3367 5431 clericos,
3395 5372 3450 5419 et
3468 5360 3697 5418 Domini

2107 5468 2417 5522 sacerdotes
2442 5466 2694 5538 persequi
2722 5478 2927 5534 eosque
2957 5461 3222 5517 infamare
3255 5457 3588 5521 audivimus,
3630 5458 3704 5509 ut

2106 5560 2309 5614 malum
2337 5572 2501 5628 super
2521 5556 2725 5612 malum
2753 5556 3014 5612 addentes
3053 5552 3353 5610 deteriores
3383 5547 3542 5615 ﬁant,
3580 5560 3701 5603 non

2107 5648 2490 5718 intelligentes,
2518 5646 2662 5717 quod
2679 5644 2922 5701 Ecclesia
2963 5643 3057 5699 Dei
3086 5642 3139 5697 in
3167 5638 3536 5696 sacerdotibus
3560 5652 3704 5694 con-

2107 5738 2267 5793 sistat
2293 5746 2349 5792 et
2369 5745 2582 5791 crescat
2605 5737 2659 5791 in
2686 5732 2948 5807 templum
2975 5731 3094 5789 Dei.
3116 5732 3183 5787 Et
3213 5730 3354 5786 sicut
3384 5730 3473 5802 qui
3503 5728 3705 5785 Eccle-
