3960 6450
217 344 222 349 -
319 302 452 361 ηος

309 523 367 570 ει
394 509 618 571 invadit,
651 507 713 560 fit
743 503 1059 573 sacrilegus,
1110 500 1190 556 sic
1217 508 1273 554 et
1319 499 1408 552 ille
1441 497 1533 567 qui
1564 495 1681 564 ejus
1708 510 1889 549 sacer-

309 602 466 659 dotes
492 597 816 668 insequitur,
844 589 1115 663 sacrilegii
1135 604 1262 646 reus
1285 588 1488 652 existit,
1515 594 1572 641 et
1594 584 1891 651 sacrilegus

311 691 599 768 judicatur.

982 774 1216 831 XXXIV.

314 871 470 942 Quod
508 889 609 928 non
639 873 704 926 sit
741 869 950 941 gravius
990 879 1257 990 pqccqtum
1297 867 1576 935 fornicatio
1603 883 1760 936 quam
1803 883 1892 920 sa-

954 956 1029 990 cri
1054 954 1246 990 catum.

954 954 1246 1009 cruegmm.

777 1032 895 1105 (Ex
922 1033 1110 1088 eadem
1137 1031 1383 1102 epistola.
1411 1031 1430 1099 )

365 1149 500 1204 .Non
526 1162 656 1218 ergo
682 1147 902 1218 gravius
940 1154 1226 1215 peceatum
1263 1153 1348 1198 est
1377 1142 1685 1208 fornicatio,
1727 1156 1890 1210 quam

312 1240 692 1310 sacrilegium:
733 1248 788 1294 et
816 1241 957 1296 sicut
997 1235 1179 1306 majus
1209 1246 1293 1294 est
1332 1245 1616 1308 peceatum
1655 1236 1798 1307 quod
1836 1236 1890 1290 in

314 1330 483 1384 Deum
511 1329 870 1386 committitur
893 1345 1055 1399 quam
1077 1329 1222 1398 quod
1263 1328 1316 1382 in
1345 1327 1643 1391 hominem,
1674 1326 1751 1381 sic
1774 1341 1894 1396 gra-

314 1424 432 1479 vius
455 1421 800 1493 sacrilegium
830 1437 1015 1493 agere,
1038 1436 1204 1491 quam
1227 1419 1508 1474 fornicari.

1002 1532 1215 1588 XXXV.

311 1624 468 1693 Quod
496 1623 629 1680 nulli
674 1625 1048 1694 archiepiscopi
1077 1624 1325 1694 primates
1355 1631 1636 1686 vocentur,
1675 1621 1777 1675 nisi
1813 1619 1892 1674 illi

699 1696 787 1766 qui
814 1693 1012 1764 pronas
1037 1703 1209 1748 tenent
1239 1693 1492 1747 civitates.

311 1785 414 1858 (Ex
437 1784 670 1858 epistola
697 1761 904 1858 Αριέῃίί
936 1782 1122 1858 [Forte
1149 1781 1386 1858 Aniceti]
1415 1771 1587 1858 papas,
1624 1781 1891 1858 universis
1919 1761 1967 1819 Β

339 1852 582 1911 ecclesiis
611 1870 708 1925 per
729 1852 916 1909 Galliae
938 1852 1247 1924 provincias
1276 1852 1585 1909 constitutis
1619 1853 1866 1924 scripta.)

382 1945 523 2001 Nulli
551 1945 941 2016 archiepiscopi
980 1943 1240 2014 primates
1264 1951 1542 2009 vocentur,
1572 1944 1676 1999 nisi
1704 1943 1778 1998 illi
1799 1944 1892 2012 qui

310 2039 514 2110 primas
541 2045 722 2093 tenent
751 2038 1034 2104 civitates,
1066 2051 1293 2106 quarum
1337 2037 1618 2107 episcopos
1665 2037 1892 2107 apostoli

310 2137 365 2183 et
386 2143 728 2184 successores
757 2142 943 2183 eorum
969 2127 1295 2199 regulariter
1315 2128 1657 2198 patriarchas
1680 2129 1762 2182 vel
1782 2128 1895 2197 pri~

311 2228 484 2274 mutes
516 2233 639 2274 esse
671 2219 1090 2276 constituerunt.
1121 2218 1236 2275 Nisi
1266 2219 1445 2290 aliqua
1477 2236 1612 2291 gens
1639 2220 1894 2290 deinceps

311 2309 377 2363 ad
409 2309 566 2362 fidem
593 2317 965 2375 convertatur,
996 2309 1084 2364 cui
1111 2325 1336 2366 necesse
1369 2311 1439 2366 sit
1465 2317 1682 2382 propter
1709 2310 1892 2365 multi-

312 2400 556 2454 tudinem
607 2400 985 2470 episcoporum
1035 2402 1294 2470 primates
1351 2403 1627 2458 constitui.
1681 2402 1893 2473 Reliqui

309 2505 438 2545 vero
462 2492 555 2561 qui
581 2491 716 2546 alias
752 2491 1195 2561 metmpolitanas
1223 2493 1378 2548 sedes
1403 2494 1578 2562 adepti
1607 2502 1751 2560 sunt,
1787 2509 1894 2550 non

308 2584 591 2654 primates,
619 2585 714 2640 sed
741 2585 1141 2654 metropolitani
1170 2585 1538 2640 nominantur.

986 2677 1226 2732 XXXVI.

633 2769 713 2824 De
741 2768 1163 2823 ordinationibus
1192 2769 1570 2838 episcoporum.

585 2859 696 2931 (Ex
726 2859 914 2915 eadem
946 2858 1196 2930 epistola,
1237 2857 1392 2928 cujus
1421 2858 1629 2930 supra.)

384 2950 463 3007 De
503 2951 935 3006 ordinationibus
962 2951 1338 3022 episcoporum
1384 2965 1548 3022 super
1574 2951 1768 3022 quibus
1797 2968 1897 3008 nos

308 3042 592 3100 consulere
623 3042 888 3110 voluistis,
917 3043 1046 3098 olim
1082 3044 1136 3098 in
1175 3044 1370 3114 spiritu
1407 3043 1752 3115 pmcessoris
1791 3059 1890 3100 no-

308 3133 410 3190 stri
433 3133 680 3188 Anacleti
700 3174 715 3200 ,
761 3108 1005 3204 quaedam
1038 3133 1143 3203 iam
1173 3108 1392 3191 decreta
1407 3108 1740 3205 reperimus.
1776 3136 1894 3192 Sci-
1921 3108 1964 3171 C

308 3239 430 3279 mus
450 3225 615 3290 enim,
641 3225 865 3280 beatum
903 3223 1194 3292 Iacobum,
1229 3226 1320 3295 qui
1365 3225 1646 3280 dicebatur
1675 3224 1889 3295 justus,

308 3313 401 3382 qui
431 3315 596 3369 etiam
639 3316 934 3371 secundum
963 3332 1183 3372 carnem
1219 3316 1388 3372 frater
1433 3317 1644 3372 Domini
1687 3335 1894 3374 nuncu-

308 3411 470 3472 patus
493 3411 597 3469 est,
627 3421 660 3458 a
688 3403 872 3470 Petro,
912 3403 1134 3472 Jacobo,
1165 3416 1219 3460 et
1246 3405 1450 3462 Joanne
1479 3408 1740 3478 apostolis
1768 3409 1894 3466 Hie-

311 3493 596 3563 rosolymis
620 3494 929 3565 episcopum
959 3511 1081 3552 esse
1104 3498 1440 3554 ordinatum.
1487 3499 1543 3555 Si
1577 3510 1756 3557 autem
1783 3519 1892 3558 non

310 3582 492 3638 minus
517 3597 678 3652 quam
707 3600 736 3637 a
776 3585 949 3640 tribus
989 3587 1269 3656 apostolis,
1303 3596 1484 3644 tantus
1513 3590 1597 3644 vir
1627 3591 1728 3645 fuit
1749 3591 1895 3646 ordi-

310 3681 493 3736 natus,
513 3679 666 3741 patet
686 3676 928 3743 profecto
949 3693 1045 3730 eos
1073 3678 1304 3733 formam
1328 3682 1644 3738 instituente
1665 3683 1894 3740 Domino

311 3761 619 3828 tradidisse,
652 3778 758 3817 non
789 3765 990 3829 minus,
1026 3781 1187 3834 quam
1215 3783 1246 3821 a
1276 3768 1452 3824 tribus
1472 3772 1759 3840 episcopis,
1781 3776 1894 3840 epi-

310 3868 537 3923 scopum
562 3853 803 3908 Ordinari
840 3854 1058 3909 debere.
1092 3854 1200 3911 Sed
1230 3867 1508 3914 crescente
1532 3875 1758 3914 numero
1777 3861 1894 3930 epi-

310 3960 621 4015 scoporum,
647 3945 751 4001 nisi
780 3947 1078 4002 necessitas
1105 3947 1477 4015 intervenerit,
1509 3951 1708 4008 debent
1729 3954 1893 4008 etiam

310 4035 495 4104 plures
521 4035 725 4105 augeri,
764 4035 818 4090 id
862 4043 982 4102 est,
1022 4037 1463 4108 archiepiscopus
1485 4039 1530 4094 si
1569 4042 1797 4110 obierit,
1839 4054 1896 4099 et

313 4127 451 4196 alter
498 4127 831 4184 ordinandus
874 4129 1160 4200 episcopus
1205 4128 1370 4184 fuerit
1416 4147 1606 4188 omnes
1651 4134 1894 4204 ejusdem

311 4219 605 4289 provinciae
649 4220 886 4291 episcopi
931 4221 1000 4276 ad
1037 4222 1219 4278 sedem
1254 4223 1651 4294 metropolitani
1691 4241 1892 4283 conve-

313 4312 495 4378 niant,
547 4321 608 4368 ut
663 4313 732 4368 ab
761 4313 1013 4369 omnibus
1055 4314 1172 4385 ipse
1209 4315 1442 4385 eligatur
1487 4325 1542 4372 et
1586 4317 1888 4373 ordinetur.

311 4405 539 4475 Oportet
561 4415 742 4462 autem
771 4419 831 4463 ut
858 4407 971 4478 ipse
1007 4409 1100 4480 qui
1136 4410 1242 4466 illis
1267 4411 1516 4467 omnibus
1539 4427 1772 4482 prmesse
1800 4414 1895 4469 de-

311 4489 426 4564 bet,
455 4499 524 4554 ab
563 4499 816 4556 omnibus
859 4501 967 4557 illis
1009 4503 1239 4570 eligatur
1265 4511 1322 4560 et
1347 4504 1644 4561 ordinetur.
1669 4505 1891 4577 Reliqui

311 4605 442 4645 vero
461 4593 946 4660 comprovinciales
973 4594 1230 4665 episcopi,
1258 4597 1303 4651 si
1326 4611 1548 4652 necesse
1574 4597 1758 4664 fuerit,
1791 4614 1893 4654 eae-

312 4681 448 4736 teris
491 4683 982 4750 consentientibus,
1028 4701 1060 4740 a
1107 4688 1282 4742 tribus
1315 4688 1469 4758 jussu
1500 4690 1892 4762 archiepiscopi

311 4772 622 4827 consecrari
647 4783 877 4841 possunt
897 4776 1183 4846 episcopis.
1219 4777 1326 4834 Sed
1367 4780 1559 4835 melius
1585 4789 1668 4836 est
1705 4782 1751 4835 si
1779 4783 1894 4851 ipse

262 4939 269 4946 _
310 4879 436 4921 eum
464 4865 717 4923 omnibus
737 4883 860 4924 eum
889 4871 982 4939 qui
1010 4872 1202 4944 dignus
1229 4881 1314 4929 est
1347 4874 1603 4947 elegerit,
1632 4885 1688 4932 et
1711 4879 1892 4934 cuncti

311 4954 517 5026 pariter
541 4961 982 5016 consecraverint
1007 4963 1337 5032 pontificem.
1369 4966 1437 5020 Et
1462 4965 1590 5022 licet
1618 4967 1760 5022 istud
1798 4984 1891 5024 ne-

311 5045 562 5102 cessitate
591 5056 817 5119 cogente
844 5065 1163 5106 eoneessum
1206 5053 1310 5119 sit,
1357 5053 1487 5108 illud
1530 5063 1711 5110 autem
1748 5057 1892 5126 quod

311 5137 380 5192 de
399 5138 792 5210 archiepiscopi
811 5142 1225 5198 consecratione
1243 5152 1570 5214 praeceptum
1586 5153 1748 5215 atque
1761 5161 1893 5214 prae-

310 5229 518 5286 dictum
546 5238 650 5298 est,
675 5232 732 5290 id
750 5243 836 5290 est
854 5274 870 5300 ,
909 5243 970 5290 ut
993 5250 1183 5292 omnes
1227 5236 1551 5309 suffraganei
1585 5253 1708 5293 eum
1737 5239 1888 5295 ordi-

309 5329 464 5387 nent,
489 5323 794 5381 nullatenus
823 5325 1099 5383 immutari
1131 5327 1293 5384 licet:
1335 5328 1462 5398 quia
1490 5330 1582 5399 qui
1620 5329 1726 5386 illis
1758 5345 1895 5401 prae-

309 5419 414 5476 est,
445 5412 514 5467 ab
539 5415 793 5470 omnibus
817 5415 1085 5486 episcopis
1111 5416 1306 5486 quibus
1338 5426 1534 5487 prmest
1573 5418 1735 5474 debet
1759 5434 1892 5475 eon-

310 5501 463 5559 stitui
488 5521 500 5556 :
540 5505 623 5559 sin
652 5505 812 5561 aliter
835 5517 1222 5576 praesumptum
1255 5507 1436 5573 fuerit,
1472 5507 1679 5564 viribus
1705 5523 1893 5565 carere

312 5610 420 5650 non
446 5596 667 5653 dubium
692 5607 796 5666 est,
828 5599 953 5669 quia
999 5600 1153 5654 irrita
1185 5601 1291 5656 erit
1324 5601 1440 5671 ejus
1467 5615 1625 5657 secus
1659 5611 1778 5659 acta
1806 5617 1894 5658 or-

313 5689 533 5748 diuatio.

1421 289 1739 347 CANONES
1777 285 1914 342 PRO
1953 286 2086 343 SUA
2126 285 2445 379 l)I(IiCESI.

313 418 448 473 siam
475 412 572 468 Dei
599 415 777 466 vastat
800 410 1024 477 ejusque
1054 405 1250 476 praedia
1289 412 1343 459 et
1376 403 1596 458 donaria
1627 399 1893 470 exspoliat
1922 403 1970 460 Α

1915 4456 1969 4516 D

3440 285 3463 339 ι
3479 271 3569 340 uis

2655 397 2914 452 XXXVII.

1993 487 2145 554 Quod
2190 499 2414 544 sacram
2434 489 2542 543 Deo
2563 489 2790 558 (cutim,
2825 486 2900 541 rel
2941 487 3232 550 monacha',
3272 504 3424 541 sacra
3452 505 3576 542 rasa

2064 559 2140 628 vel
2167 570 2403 612 sacratas
2433 557 2603 628 pallas
2637 557 2957 628 contingere,
2993 565 3040 610 et
3068 558 3335 611 incensum
3377 559 3575 612 circum

2061 626 2255 682 altaria
2279 626 2482 698 deferre
2513 644 2617 682 non
2649 626 2888 682 debeant.

1991 741 2094 813 (Ex
2122 740 2348 810 epistola
2379 740 2589 813 Soteris
2617 756 2771 813 papae
2807 741 3008 810 scripta
3037 739 3307 813 episcOpis
3341 755 3441 809 per
3468 739 3575 794 Ita-

2379 811 2464 865 lia:
2489 810 2798 881 provincias
2823 810 3176 883 constitutis.)

2061 925 2317 980 Sacratas
2341 922 2726 987 Deo-feminas,
2765 920 2853 976 vel
2893 922 3208 987 monachas,
3240 938 3393 978 sacra
3423 939 3573 988 vasa,

1993 1015 2075 1070 vel
2091 1024 2333 1070 sacratas
2352 1013 2546 1084 pellas,
2569 1027 2740 1084 penes
2752 1028 2849 1068 vos
2863 1012 3199 1082 contingere,
3221 1023 3276 1068 et
3296 1015 3576 1070 incensum

1991 1106 2137 1161 circa
2167 1105 2359 1159 altaria
2406 1103 2618 1160 deferre
2639 1142 2656 1168 ,
2698 1102 2969 1174 perlatum
3011 1111 3095 1158 est
3125 1103 3194 1157 ad
3225 1104 3575 1173 apostolicam

1993 1197 2173 1251 sedem
2199 1211 2214 1249 :
2245 1210 2367 1266 quae
2389 1195 2571 1250 omnia
2611 1194 3036 1264 reprehensione
3081 1202 3138 1249 et
3180 1193 3579 1264 vituperatione

1992 1288 2149 1357 plena
2173 1301 2314 1353 esse,
2351 1285 2484 1341 nulli
2509 1293 2655 1341 recta
2682 1284 3010 1356 sapientium
3045 1284 3266 1339 dubium
3294 1292 3398 1340 est.
3436 1284 3580 1352 Qua-

1992 1391 2216 1453 propter
2240 1380 2400 1450 hujus
2442 1389 2642 1437 sancta:
2689 1380 2834 1436 sedis
2863 1380 3188 1436 auctoritate
3233 1381 3350 1435 lucc
3392 1381 3577 1435 omnia

1997 1475 2146 1530 vobis
2173 1489 2420 1530 resecare
2445 1473 2708 1566 fundi'tus,
2738 1481 2942 1542 quanto
2977 1473 3135 1528 citius
3159 1473 3430 1542 poteritis,
3455 1489 3582 1527 cen-

1995 1582 2214 1631 semus;
2252 1575 2307 1622 et
2332 1582 2399 1621 ne
2429 1565 2596 1635 pestis
2625 1567 2740 1620 haec
2768 1565 2933 1620 latius
2962 1565 3291 1635 divulgetur,
3332 1581 3429 1636 per
3462 1582 3580 1620 om-

1995 1672 2092 1712 nes
2120 1656 2426 1726 provincias
2454 1655 2691 1726 abstergi
2716 1655 3018 1710 diutissime
3043 1655 3380 1709 mandamus.

2640 1767 2925 1822 XXXVIII.

2640 1769 2789 1822 XXX
2819 1769 2925 1822 ’III.

1997 1859 2149 1925 Quod
2186 1860 2472 1930 baptismus
2499 1868 2725 1981 τεηιροῖῑ
2761 1769 2983 1980 graccho:
3024 1857 3362 1912 celebrandas
3402 1859 3467 1912 sit
3493 1875 3583 1911 ca-

2732 1945 2761 1981 o
2785 1943 2902 1981 rcis.

2732 1943 2779 1982 οι
2785 1943 2878 1982 1628
2888 1964 2902 1981 ο

1997 2039 2017 2110 ί
2039 2041 2116 2095 Ex
2157 2041 2384 2111 epistola
2430 2040 2664 2096 Victoris
2697 2055 2850 2165 papzz
2877 2040 3094 2180 )scripta
3133 2039 3429 2110 TheOphilo
3468 2040 3588 2110 cpi-

2685 2126 2814 2180 sc0p
2854 2150 2867 2163 .

2685 2125 2867 2181 scopo.

2065 2220 2449 2276 Celebritatem
2477 2219 2893 2276 sanetiPaschze
2921 2219 3006 2275 die
3043 2219 3326 2274 Dominica
3366 2219 3450 2290 agi
3489 2220 3585 2275 de-

1995 2314 2158 2378 bere,
2198 2321 2256 2368 et
2299 2313 2729 2382 praedecessores
2759 2312 2931 2367 nostri
2982 2312 3095 2382 jam
3145 2321 3471 2378 statuerunt,
3524 2321 3581 2369 et

1995 2405 2151 2460 vobis
2179 2405 2309 2460 illud
2351 2405 2541 2461 eadem
2563 2405 2650 2460 die
2680 2405 2959 2459 celebrare
2997 2405 3308 2460 solenmiter
3357 2405 3579 2458 manda-

1996 2512 2137 2562 mus,
2168 2496 2294 2567 quia
2326 2511 2435 2551 non
2463 2495 2616 2552 decet
2641 2504 2700 2550 ut
2728 2495 2972 2550 membra
3001 2510 3029 2548 a
3057 2494 3231 2564 capite
3253 2493 3582 2563 discrepent,

1997 2601 2099 2642 nec
2125 2588 2396 2642 contraria
2415 2593 2622 2658 gerant.
2651 2585 2694 2639 A
2718 2599 2788 2639 xv
2806 2583 2935 2638 Maii
2951 2598 3081 2638 vero
3102 2582 3228 2636 luna
3241 2582 3401 2651 primi
3429 2596 3552 2634 mon
3573 2611 3584 2619 -

1997 2678 2074 2733 sis
2111 2692 2284 2747 usque
2314 2679 2381 2731 ad
2410 2694 2502 2731 xx:
2539 2675 2780 2744 ejusdem
2828 2676 3032 2730 mensis
3083 2674 3257 2739 diem,
3289 2673 3477 2728 eadem
3498 2688 3587 2727 ce-

1999 2765 2240 2822 lebretur
2267 2765 2550 2821 festivitas.
2598 2765 2800 2820 Eodem
2842 2779 2975 2820 vero
3003 2773 3247 2834 tempore
3284 2763 3588 2832 baptismus

1995 2857 2356 2914 celebrandus
2392 2865 2476 2912 est
2514 2855 2818 2912 catholicis.
2878 2855 2984 2910 Sed
3022 2863 3224 2920 tamen,
3285 2856 3329 2910 si
3363 2869 3587 2910 necesse

1998 2949 2183 3014 fuerit,
2237 2957 2332 3004 aut
2357 2948 2552 3004 mortis
2579 2946 2881 3019 periculum
2926 2947 3212 3017 ingruerit,
3245 2946 3473 3016 gentiles
3516 2948 3584 3001 ad

2000 3040 2161 3097 fidem
2189 3041 2470 3096 venientes
2491 3055 2814 3111 quocunque
2834 3040 2972 3106 loco,
3017 3039 3101 3095 vel
3123 3049 3418 3106 momento,
3467 3041 3588 3094 ubi-

1996 3147 2209 3202 cunque
2233 3132 2506 3198 evenient,
2546 3133 2662 3188 sive
2691 3131 2744 3187 in
2769 3131 3006 3197 flumine,
3034 3131 3149 3186 sive
3193 3131 3248 3186 in
3280 3131 3440 3198 mari,
3472 3132 3586 3186 sive

1997 3226 2050 3280 in
2077 3224 2340 3290 fontibus,
2397 3232 2605 3279 tantum
2659 3222 2987 3278 Christianae
3026 3221 3368 3278 confessione
3394 3222 3588 3277 credu-

1995 3317 2164 3372 litatis
2189 3315 2506 3381 clarificata,
2529 3316 2891 3385 baptizentur.
2937 3315 3073 3386 ipsis
3096 3329 3331 3385 quoque,
3353 3315 3500 3386 quod
3528 3315 3586 3371 in

1995 3407 2265 3478 baptismo
2289 3406 2512 3477 polliciti
2541 3413 2684 3472 sunt,
2705 3420 3048 3477 summopere
3075 3413 3158 3461 est
3183 3406 3584 3472 attentendum,

1996 3517 2064 3556 ne
2090 3499 2353 3566 infideles,
2385 3499 2478 3555 sed
2503 3497 2688 3554 ﬁdeles
2717 3498 3080 3553 inveniantur.

2673 3611 2914 3667 XXXIX.

1999 3704 2152 3770 Quod
2169 3704 2462 3760 inconsulto
2479 3704 2718 3774 Romano
2741 3703 3007 3774 pontifice,
3027 3717 3203 3774 causa!
3226 3703 3585 3774 episcoporum

2483 3790 2588 3826 non
2618 3771 2840 3827 debeant
2867 3771 3102 3843 difﬁniri.

2330 3933 2337 3940 _
2443 3864 2543 3933 (Ex
2605 3863 2796 3918 eadem
2849 3864 3126 3936 epistola.)

2065 3953 2141 4008 Ea
2157 3969 2252 4008 vos
2262 3952 2528 4022 judicare,
2547 3954 2614 4006 ad
2637 3951 2994 4022 apostolicam
3010 3952 3248 4008 delatum
3262 3962 3346 4009 est
3372 3956 3578 4020 sedem,

1995 4057 2115 4113 quae
2144 4049 2367 4113 pr0pter
2407 4039 2614 4113 [Forte,
2653 4041 2871 4114 praeter]
2908 4049 3153 4098 nostram
3177 4043 3330 4100 vobis
3354 4043 3587 4102 diﬂinire

1994 4148 2104 4188 non
2134 4131 2263 4186 licet
2295 4131 2700 4196 auctoritatem,
2735 4131 2788 4185 id
2817 4140 2926 4198 est,
2966 4133 3342 4205 episcoporum
3369 4150 3583 4192 causas.

1997 4225 2151 4281 Unde
2181 4225 2256 4280 ita
2285 4225 2637 4281 constitutum
2663 4224 2834 4294 liquet
2858 4241 2890 4280 a
2929 4226 3583 4297 tempore'aposlolorum

1994 4325 2050 4374 et
2094 4317 2348 4388 deinceps
2382 4316 2607 4386 placuit,
2655 4323 2718 4371 ut
2761 4325 3048 4373 accusatus
3097 4319 3182 4372 vel
3223 4317 3502 4388 judicatus
3549 4336 3578 4373 a

1993 4409 2536 4483 comprovincialibus
2549 4410 2605 4465 in
2631 4410 2820 4478 aliqua.
2833 4425 2995 4466 causa
3029 4412 3315 4483 episcopus
3352 4412 3584 4468 licenter

1994 4501 2248 4574 appellet,
2271 4509 2329 4558 et
2361 4502 2524 4556 adeat
2547 4500 2856 4572 apostolicae
2883 4501 3028 4558 sedis
3072 4501 3387 4572 pontificem
3422 4520 3436 4556 :
3483 4504 3576 4572 qui

1994 4601 2089 4648 aut
2111 4607 2212 4664 per
2240 4607 2300 4648 se
2321 4599 2415 4647 aut
2435 4591 2671 4648 vicarios
2695 4607 2826 4648 suos
2854 4593 2972 4662 ejus
2993 4593 3280 4648 retractari
3305 4595 3578 4662 negotium

1993 4690 2270 4754 procuret,
2316 4689 2372 4741 ει
2399 4682 2527 4738 dum
2570 4682 2767 4737 iterato
2801 4680 3010 4750 judicio
3054 4682 3300 4752 pontifex
3357 4697 3579 4738 causam

1992 4790 2148 4834 suam
2175 4775 2306 4848 agit,
2336 4774 2517 4831 nullus
2539 4773 2677 4831 alius
2700 4774 2756 4830 in
2780 4773 2899 4845 ejus
2926 4775 3044 4832 loco
3068 4784 3325 4846 ponatur,
3367 4783 3459 4830 aut
3497 4791 3584 4830 or-

1993 4867 2212 4924 dinetur
2230 4868 2556 4941 episcopus:
2587 4868 2867 4939 quoniam,
2907 4884 3220 4940 quanquam
3241 4868 3582 4940 comprovin-

1995 4961 2224 5016 cialibus
2243 4961 2514 5032 episcopis
2547 4962 2785 5018 accusati
2813 4977 3034 5018 causam
3055 4962 3331 5034 pontificis
3351 4962 3578 5017 scrutari

1993 5051 2174 5118 liceat,
2199 5068 2307 5106 non
2333 5061 2512 5108 tamen
2535 5051 2787 5119 diffinire,
2826 5052 3133 5110 inconsulto
3162 5054 3406 5108 Romano
3443 5067 3569 5122 pon-

1993 5141 2158 5207 tifice,
2195 5143 2518 5212 permissum
2548 5151 2652 5197 est.

2725 5255 2834 5310 XL.

1997 5346 2374 5417 Episcoporum
2414 5354 2564 5400 testes
2607 5357 2730 5416 quot
2788 5362 2902 5417 esse
2925 5347 3166 5410 debeant,
3207 5356 3254 5398 ct
3285 5361 3348 5398 ne
3392 5345 3572 5401 absens

2497 5417 2770 5485 quisquam
2783 5416 3071 5485 judicelur.

1997 5507 2097 5580 (Ex
2135 5505 2360 5577 cpistola
2416 5505 2706 5586 zephxrini
2747 5521 2912 5586 papa}.
2927 5505 3132 5586 scripta
3179 5505 3429 5560 omnibus
3478 5520 3571 5573 per

2476 5576 2714 5632 Siciliam
2742 5576 3093 5646 constitutis.)

2066 5689 2398 5745 Patriarclue
2424 5688 2506 5744 vel
2556 5688 2816 5756 primates
2863 5693 3174 5742 accusatum
3221 5683 3572 5742 discutientes
