3960 6418
405 263 539 320 “07

1550 261 1813 321 BEIIJGII
1851 260 2218 320 CURIENSIS
2254 262 2562 322 EPISCOPI

3545 276 3686 335 “08

401 373 739 443 episcopum,
768 387 877 429 non
896 378 1020 427 ante
1045 373 1372 429 sententiam
1407 372 1689 444 proferant
1721 372 1987 429 ﬁnitivam
2013 374 2064 434 A
2090 372 2325 439 stituite,
2364 376 2510 431 unde
2543 376 2745 435 horum
2773 382 3034 441 societate
3058 391 3114 441 et
3140 386 3453 457 adjumento
3507 391 3686 462 pluri—

403 476 569 531 quam
606 459 903 531 apostolica
928 458 1051 517 fulti
1077 462 1424 528 auctoritate,
1470 471 1568 518 aut
1608 477 1763 519 reum
1791 476 1853 520 se
1879 462 1994 535 ipse

403 550 747 619 conﬁteatur,
773 558 869 607 aut
895 565 993 623 per
1019 552 1338 609 innocentes
1358 560 1415 608 et
1438 552 1764 624 regulariter
1786 555 1994 610 exami-

404 649 567 696 natos
593 639 951 698 convincatur
978 648 1180 698 testes:
1232 643 1325 713 qui
1354 642 1594 700 minores
1621 659 1730 700 non
1751 645 1861 701 sint
1896 662 1993 701 nu-

404 748 559 789 mero
577 748 741 804 quam
764 733 841 789 illi
866 732 1140 805 discipuli,
1163 748 1301 805 quos
1337 734 1602 792 Dominus
1624 735 1996 807 adiumentum

405 823 776 893 apostolorum
818 824 1021 898 eligere
1053 824 1334 898 praecepit,
1371 825 1427 881 id
1461 834 1547 882 est
1570 828 1908 897 septuaginta
1941 838 1997 883 et

405 916 533 970 duo.
600 913 951 972 Detractorcs
1001 931 1251 988 quoque,
1311 917 1406 988 qui
1441 916 1624 973 divina
1672 919 1998 975 auctoritate

403 1006 721 1064 eradicandi
774 1016 925 1075 sunt,
966 1015 1024 1064 et
1046 1016 1301 1065 auctores
1325 1009 1669 1065 inimicorum
1693 1010 1762 1065 ab
1797 1011 2001 1081 episco-

403 1099 511 1170 pali
543 1098 925 1156 submovetnus
962 1099 1311 1156 accusatione
1355 1100 1442 1154 vel
1479 1100 1814 1158 testimonio.
1885 1101 1998 1158 Nec

405 1205 741 1247 summorum
766 1193 1058 1263 quispiam,
1112 1209 1215 1250 nec
1242 1195 1515 1251 minorum
1557 1197 1998 1252 accusationibus

407 1281 704 1351 impetatur
734 1290 828 1337 aut
861 1282 1156 1354 dispereat,
1212 1300 1389 1356 neque
1446 1287 1502 1341 in
1533 1301 1595 1343 re
1634 1287 1797 1343 dubia
1846 1294 1996 1343 certa

398 1368 678 1439 iudicetur
726 1374 1017 1441 sententia,
1048 1389 1153 1430 nec
1196 1375 1364 1431 ullum
1387 1375 1679 1447 judicium,
1711 1378 1817 1434 nisi
1853 1379 2002 1434 ordi-

404 1461 661 1518 nabiliter
686 1463 954 1529 habitum,
994 1473 1266 1523 teneatur.
1320 1466 1533 1523 Absens
1553 1483 1687 1525 vero
1725 1468 1999 1539 nemoju-

407 1552 643 1620 dicetur,
673 1552 800 1624 quia
830 1563 888 1611 et
909 1555 1106 1612 divinae
1132 1562 1190 1612 et
1211 1557 1465 1613 humanae
1485 1559 1589 1614 hoc
1606 1559 1900 1629 prohibent
1922 1560 1999 1616 le-

406 1661 522 1716 ges.
554 1645 854 1704 Accusator
877 1657 1059 1705 autem
1070 1665 1263 1707 eorum
1284 1652 1431 1708 omni
1453 1660 1643 1709 careat
1663 1655 1995 1724 suspicione,

406 1737 537 1807 quia
561 1738 844 1796 columnas
864 1755 993 1797 suas
1020 1740 1286 1799 Dominus
1313 1741 1548 1798 ﬁrmiter
1568 1753 1718 1799 stare
1748 1723 1999 1811 voluerit,
2026 1723 2076 1783 Β

406 1843 517 1884 non
542 1844 576 1885 a
621 1831 955 1902 quibuslibet
996 1833 1213 1906 agitari.
1265 1833 1484 1891 Nullum
1527 1851 1766 1907 namque
1810 1852 1999 1893 eorum

408 1921 680 1978 sententia
700 1938 809 1979 non
847 1939 879 1979 a
908 1939 1006 1980 suo
1024 1921 1209 1994 judice
1233 1926 1376 1982 dicta
1402 1927 1757 1998 constringat,
1795 1928 1923 1998 quia
1946 1936 2002 1983 et

402 2010 552 2083 leges
603 2013 791 2070 seculi
840 2014 1076 2086 idipsum
1126 2016 1247 2074 fieri
1300 2018 1643 2089 pracipiunt.
1704 2020 2000 2077 Duodecim

404 2106 553 2160 enim
570 2101 784 2175 judices
802 2107 1030 2178 quilibet
1059 2108 1348 2181 episcopus
1372 2118 1682 2177 accusatus,
1710 2112 1756 2167 si
1774 2126 1998 2168 necesse

403 2192 593 2262 fuerit,
634 2194 822 2269 eligat,
855 2212 889 2252 a
923 2198 1122 2268 quibus
1168 2198 1290 2269 ejus
1309 2213 1477 2257 causa
1493 2199 1644 2270 iuste
1684 2201 1995 2272 iudicetur;

404 2303 511 2345 nec
532 2288 689 2360 prius
734 2290 987 2347 audiatur
1026 2300 1123 2350 aut
1148 2294 1672 2363 excommunicetnr,
1705 2310 1870 2367 quam
1895 2297 2001 2369 ipsi

404 2396 504 2453 per
529 2397 591 2438 se
617 2382 907 2454 eligantur,
966 2392 1025 2441 et
1074 2385 1401 2457 regulariter
1448 2395 1675 2443 vocatus
1713 2402 1746 2442 a
1776 2403 1999 2445 suorum

403 2470 588 2543 primo
617 2480 948 2529 conventum
970 2475 1374 2547 episcoporum,
1416 2487 1518 2547 per
1544 2492 1641 2535 eos
1687 2476 1807 2547 eius
1835 2494 2000 2535 causa

398 2562 553 2634 juste
588 2564 846 2622 audiatur
875 2573 933 2622 et
980 2567 1381 2624 rationabiliter
1425 2569 1792 2626 discernatur.
1852 2571 2003 2628 Finis

408 2671 543 2713 vero
573 2656 693 2728 ejus
728 2672 910 2714 causae
929 2658 997 2714 ad
1021 2658 1203 2716 sedem
1232 2660 1599 2731 apostolicam
1617 2660 1918 2729 deferatur,
1941 2672 2003 2720 ut

414 2747 494 2804 ibi
522 2747 934 2815 determinetur,
970 2763 1074 2806 nec
1097 2756 1228 2805 ante
1246 2747 1486 2818 ﬁniatur,
1527 2751 1668 2807 sicut
1689 2752 1761 2808 ab
1785 2762 2004 2825 aposto-

408 2835 479 2892 lis
509 2835 599 2892 vel
614 2837 1022 2894 successoribus
1042 2851 1232 2899 eorum
1254 2838 1386 2895 olim
1416 2846 1681 2897 stautttnn
1708 2850 1814 2906 est,
1837 2858 2004 2914 quam

416 2926 538 2999 eius
564 2929 895 2987 auctoritate
914 2928 1190 2988 iniciatur.

1142 3049 1259 3107 XLI

412 3135 572 3203 Quod
592 3135 775 3221 nauus
1351 3220 1357 3221 γ
1393 3140 1521 3221 eous
1542 3142 1822 3221 spatiatus,
1849 3154 2005 3221 apte-

500 3222 659 3279 quam
681 3209 795 3264 suis
822 3209 1153 3276 remtiatur,
1175 3209 1358 3266 deum
1393 3213 1464 3267 ad
1483 3209 1691 3281 iudicia
1712 3209 1911 3271 uocari.

412 3316 519 3386 (lix
550 3315 780 3387 epistola
806 3317 1175 3404 cujusnsupra,
1209 3320 1414 3404 scripta
1436 3320 1695 3404 fratribus
1720 3340 1823 3396 per
1841 3323 2010 3401 Egy-

781 3395 936 3459 ptum
955 3389 1188 3447 Domino
1223 3389 1632 3466 militantibus.)

487 3498 809 3554 Nuntiatum
827 3508 914 3555 est
931 3501 1079 3556 enim
1104 3502 1221 3559 sedi
1250 3504 1561 3574 apostolicae
1585 3520 1686 3577 per
1712 3510 2009 3580 apocrisia—

415 3594 529 3662 rios
559 3600 795 3658 nostros,
825 3593 1086 3662 quosdam
1106 3593 1338 3651 fratrum
1362 3605 1693 3666 nostrorum,
1717 3602 2006 3673 episcopo-

414 3698 539 3739 rum
583 3681 812 3748 scilicet,
865 3684 939 3740 ab
961 3684 1204 3741 ecclesiis
1228 3694 1285 3742 et
1313 3688 1532 3758 sedibus
1573 3692 1813 3762 propriis
1856 3693 2007 3765 Dem.

411 3788 621 3843 suaque
647 3773 728 3828 eis
747 3772 967 3836 Tauferri
1007 3774 1382 3845 supellectilis,
1418 3785 1474 3832 et
1502 3779 1583 3834 sic
1606 3781 1783 3838 nudos
1827 3792 1884 3840 et
1912 3800 2012 3841 ex-

413 3863 671 3933 spoliatos
697 3863 767 3919 ad
787 3861 993 3932 judicia
1036 3866 1219 3921 vocari
1249 3883 1264 3921 :
1319 3869 1463 3938 quod
1497 3871 1647 3926 omni
1685 3873 1903 3930 ratione
1921 3890 2008 3931 ca-

414 3964 520 4021 ret,
538 3968 663 4010 cum
675 3960 882 4009 statuta
901 3954 1269 4024 apostolorum
1282 3970 1579 4029 eorumque
1603 3975 1981 4019 successorum
1991 4005 2008 4031 ,

410 4055 469 4101 et
517 4050 795 4115 praecepta
820 4042 1215 4113 imperatorum
1264 4062 1331 4102 ac
1375 4048 1800 4106 constitutiones
1826 4051 2008 4123 legum

412 4139 653 4209 idipsum
680 4135 1023 4207 provideant,
1087 4145 1146 4193 et
1171 4139 1487 4209 apostolicae
1518 4142 1664 4198 sedis
1708 4143 2008 4201 auctoritas

415 4231 654 4299 idipsum
679 4226 800 4283 ﬁeri
835 4234 1001 4283 vetet.
1054 4227 1396 4300 Praeceptum
1424 4240 1510 4288 est
1534 4246 1667 4303 ergo
1697 4232 1751 4287 in
1772 4233 2010 4304 antiquis

412 4318 656 4385 statutis,
695 4317 986 4389 episcopos
1007 4316 1214 4387 eiectos
1232 4327 1398 4392 atque
1416 4323 1534 4378 suis
1557 4322 1721 4379 rebus
1745 4323 2010 4395 exspolia-

2097 478 2244 518 mum
2281 465 2585 534 gaudeatis.

2804 564 2986 623 XLIII.

2384 648 2464 705 De
2492 655 2880 724 conspiratione
2907 668 3094 716 contra
3113 663 3406 736 episcopos.

2100 753 2202 826 (Ex
2234 759 2463 828 epistola
2496 762 2685 820 Calisti
2729 782 2881 844 papa:
2917 773 3123 844 scripta
3173 776 3242 830 ad
3274 791 3466 836 omnes
3486 779 3690 839 Gallia-

2526 850 2649 889 rum
2672 837 2889 895 urbium
2920 837 3255 918 episcopos.)

2168 934 2645 1009 Conspirationum
2695 962 2823 1004 vero
2845 950 3075 1008 crimina
3112 957 3311 1014 vestris
3359 960 3415 1016 in
3440 964 3690 1031 partibus

2098 1025 2283 1096 vigere
2326 1031 2655 1101 audivimus,
2704 1044 2761 1093 et
2796 1038 2984 1109 plebes
3007 1051 3199 1099 contra
3248 1025 3533 1121 episcopos
3560 1067 3692 1109 suos

2097 1120 2592 1190 conspirarenohis
2616 1127 3029 1188 mandatum'est
3053 1149 3066 1187 :
3096 1133 3251 1204 cujus
3268 1120 3514 1195 criminis
3536 1149 3691 1196 astu-

2102 1207 2178 1263 tia
2212 1224 2322 1266 non
2380 1211 2554 1268 solum
2588 1213 2734 1272 inter
2770 1216 3109 1278 Christianos
3147 1225 3525 1284 aboniinabilis
3578 1238 3687 1296 est,

2098 1302 2197 1358 sed
2215 1302 2383 1359 etiam
2405 1304 2551 1362 inter
2574 1308 2912 1378 etbnices,et
2940 1315 3008 1369 ab
3027 1317 3228 1372 exteris
3254 1317 3369 1389 lege
3389 1320 3688 1390 prohibita.

2101 1392 2169 1448 Et
2187 1394 2391 1453 idcirco
2415 1397 2579 1470 huius
2603 1401 2850 1461 criminis
2878 1420 3001 1462 reos
3016 1423 3132 1464 .non
3160 1410 3333 1467 solum
3356 1412 3687 1471 ecclesiasti-

2100 1500 2201 1551 cae,
2227 1488 2324 1544 sed
2345 1489 2513 1545 etiam
2538 1493 2722 1549 saeculi
2768 1495 3029 1553 damnant
3053 1498 3222 1572 leges,
3274 1510 3332 1558 et
3377 1518 3483 1560 non
3509 1505 3687 1562 solum

2101 1578 2504 1649 conspirantes,
2529 1584 2625 1639 sed
2644 1592 2702 1640 et
2729 1589 3132 1645 consentientes
3160 1591 3261 1648 eis.
3298 1592 3691 1652 Antecessones

2104 1683 2235 1724 vero
2272 1672 2444 1727 nostri
2469 1688 2633 1743 quam
2659 1675 2891 1746 plurima
2924 1681 3082 1736 turba
3113 1682 3506 1754 episcoporum,
3558 1687 3684 1757 qui-
3732 1732 3739 1737 ,

2104 1773 2325 1828 cunque
2343 1775 2535 1818 eorum
2562 1764 2616 1819 in
2662 1768 2987 1824 sacerdotali
3030 1772 3219 1828 ordine
3249 1781 3374 1828 sunt
3407 1776 3691 1834 constituti

2104 1856 2203 1903 aut
2231 1850 2473 1907 existunt
2495 1852 2701 1922 clerici,
2723 1856 2930 1914 honore
2957 1868 3065 1931 quo
3089 1867 3315 1919 utuntur
3336 1866 3529 1923 cadere
3558 1883 3697 1939 prae-

2105 1951 2386 2011 ceperunt,
2443 1953 2676 2004 exteros
2717 1960 2848 2007 vero
2889 1955 3266 2012 communione
3290 1956 3494 2028 privari
3537 1968 3595 2016 et
3624 1961 3694 2016 ab

2101 2033 2351 2091 Ecclesia
2373 2046 2622 2096 extorres
2664 2038 2783 2098 fieri
2804 2043 3105 2115 jusserunt,
3152 2054 3210 2103 et
3244 2064 3353 2106 non
3387 2049 3560 2107 solum
3604 2051 3689 2109 fa-

2102 2125 2335 2194 cientes,
2356 2129 2457 2184 sed
2479 2130 2562 2186 eis
2581 2133 3004 2191 consentientes.
3578 2126 3582 2133 ’

2806 2240 2992 2301 XLIV.

2328 2329 2813 2391 Excommunicatis
2835 2354 2940 2393 non
2961 2340 3457 2396 communicandum

2583 2423 2685 2496 (Ex
2714 2424 2902 2482 eadem
2930 2425 3207 2499 epistola.)

2178 2540 2699 2601 Excommunicatos
2746 2560 2964 2616 quoque
3010 2561 3043 2601 a
3089 2547 3464 2606 sacerdotibus
3511 2548 3697 2605 nullus

2106 2630 2335 2701 recipiat
2346 2640 2473 2688 ante
2493 2634 2778 2706 utriusque
2790 2638 2966 2706 partis
2993 2638 3450 2696 examinationem
3464 2639 3693 2710 justam,

2106 2732 2208 2774 nec
2245 2733 2369 2776 eum
2410 2721 2492 2779 eis
2542 2723 2599 2779 in
2641 2725 2909 2792 oratime,
2948 2735 3046 2782 aut
3089 2728 3234 2795 cibo,
3281 2730 3367 2785 vel
3397 2739 3547 2801 potu,
3599 2740 3698 2787 aut

2106 2810 2294 2867 osculo
2314 2814 2702 2882 communicet,
2737 2831 2840 2873 nec
2860 2833 2960 2875 ave
2999 2817 3079 2875 eis
3113 2819 3258 2876 dicat
3278 2838 3297 2877 ξ
3316 2821 3442 2890 quia
3462 2822 3696 2892 quicun-

2109 2914 2215 2973 que
2237 2902 2295 2959 in
2342 2903 2431 2960 his
2457 2905 2541 2961 vel
2569 2905 2691 2964 aliis
2729 2909 3019 2980 prohibitis
3052 2911 3293 2969 scienter
3319 2915 3695 2971 excommuni-

2109 2994 2249 3065 caﬁs
2276 2998 2787 3069 communicaverit,
2813 3000 2975 3073 juxta
2995 3003 3364 3073 apostolorum
3396 3004 3695 3063 institutio-

2033 3074 2078 3137 C
2111 3098 2239 3141 nem
2266 3093 2323 3143 et
2351 3086 2469 3159 ipse
2492 3089 2658 3145 simili
2682 3092 3247 3165 excommunicaqu
3271 3094 3579 3165 suidacea‘t.
3608 3096 3700 3153 Ab

2110 3169 2199 3230 bis
2221 3190 2353 3247 ergo
2373 3185 2434 3233 et
2470 3178 2667 3236 clerici
2680 3189 2743 3238 et
2781 3181 2905 3239 laici
2930 3198 2993 3240 se
3011 3184 3342 3253 abstineant,
3386 3187 3480 3257 qui
3506 3188 3700 3245 eadem

2108 3265 2224 3336 pati
2250 3267 2546 3337 noluerint.

2704 3411 2739 3429 κ
2823 3364 2987 3422 XLV.

2453 3449 2727 3509 Termino:
2754 3457 3363 3527 contmnam-edim

2597 3542 2701 3616 (Ex
2735 3545 2927 3615 eadem
2950 3547 3222 3620 epiStOIa.)

2181 3648 2355 3707 Nemo
2390 3664 2613 3723 quoque
2631 3652 2860 3710 alterius
2886 3656 3150 3712 terminos
3174 3662 3418 3728 usurpet,
3448 3672 3550 3716 nec
3564 3662 3703 3719 alte-

2113 3740 2230 3796 rius
2259 3741 2656 3812 pareebianum
2686 3741 2934 3812 indit-are
2953 3755 3048 3803 aut
3074 3750 3546 3806 excommunicare
3557 3764 3700 3821 pra-—

2110 3840 2296 3888 sumat
2314 3832 2446 3903 quia
2472 3832 2598 3889 talis
2619 3833 2956 3905 dijudicatio,
2982 3844 3076 3893 aut
3096 3841 3584 3898 excommunicatio
3599 3858 3701 3900 nec

2111 3932 2232 3980 rata
2259 3918 2386 3990 erit,
2424 3939 2528 3982 nec
2553 3925 2702 3982 vires
2736 3925 2877 3982 ullas
2927 3927 3172 3995 habebit,
3224 3931 3480 4001 quoniam
3516 3933 3700 3990 nullus

2110 4014 2339 4070 alterius
2379 4014 2605 4084 iudicis,
2656 4016 2765 4072 nisi
2810 4018 2917 4083 sui,
2966 4022 3236 4076 sententia
3274 4022 3548 4079 tenebitur
3604 4033 3700 4080 aut

2109 4106 2456 4167 damnabitur
2480 4125 2495 4161 :
2524 4107 2669 4165 unde
2693 4117 2751 4166 et
2772 4111 3040 4166 Dominus
3066 4112 3307 4183 loquitur
3326 4114 3518 4172 dicens
3543 4134 3560 4172 :
3613 4117 3700 4173 Nc

2108 4198 2519 4270 transgrediaria
2533 4201 2785 4257 terminos
2801 4203 3045 4273 antiquos
3066 4200 3247 4277 (Prov.
3268 4218 3403 4273 xm,
3426 4207 3539 4280 18).
3569 4207 3701 4263 Nul-

2108 4288 2203 4346 lus-
2236 4298 2421 4347 autem
2446 4291 2655 4363 primas
2678 4292 2765 4349 vel
2788 4295 3258 4365 monopditanus,
3288 4297 3586 4354 dimeesani
3603 4311 3700 4353 ec-

415 4420 503 4466 tos
526 4382 790 4467 ecdesias
1091 4382 1362 4482 accipere,
1418 4420 1478 4468 et
1497 4413 1678 4483 primo
1702 4426 1805 4469 sua
1827 4382 2002 4471 omnia

2113 4382 2337 4441 clesiam
2360 4384 2447 4440 vel
2471 4384 2812 4456 parochiam,
2832 4394 2929 4442 aut
2952 4386 3190 4458 aligera
3203 4386 3272 4443 de
3290 4386 3411 4457 eius
3434 4388 3699 4458 parecbia

415 4504 505 4560 eis
537 4502 713 4570 reddi,
758 4510 819 4560 et
840 4503 919 4560 ita
943 4504 1187 4573 demum,
1218 4507 1266 4563 si
1291 4507 1417 4578 quis
1440 4520 1537 4564 eos
1566 4507 1723 4579 ’jusle
1749 4525 2011 4568 accusare

414 4594 675 4663 voluerit,
696 4596 1109 4669 aequopericulo
1132 4596 1315 4655 facere
1333 4596 1544 4671 judices
1563 4616 1685 4658 esse
1704 4603 2008 4661 decernen-

414 4699 525 4756 tes,
557 4689 846 4761 episcopos
879 4698 1030 4749 recte
1058 4692 1353 4762 sapientes,
1396 4701 1455 4749 et
1473 4695 1533 4749 in
1553 4695 1787 4752 ecclesia
1812 4706 2012 4753 conve-

418 4781 655 4848 nientes,
707 4782 805 4839 ubi
825 4789 997 4843 testes
1020 4792 1211 4841 essent
1257 4782 1614 4855 singulorum,
1649 4787 1743 4856 qui
1763 4788 2013 4857 oppressi

416 4871 784 4928 videbantur:
820 4887 924 4929 nec
944 4872 1100 4942 prius
1123 4887 1221 4931 eos
1250 4874 1584 4944 respondete
1611 4875 1811 4932 debere
1838 4891 2003 4947 quam

418 4963 598 5020 oculis
621 4976 721 5020 sua
743 4962 827 5019 eis
851 4970 911 5018 et
928 4962 1182 5020 ecclesiis
1203 4976 1394 5019 eorum
1418 4963 1629 5034 legibus
1652 4965 2005 5039 integerrime

420 5055 798 5110 restituantur.

1132 5146 1294 5206 XLII.

943 5260 1021 5317 De
1048 5258 1487 5319 ordinationibus.

879 5371 983 5445 (Ex
1033 5375 1225 5431 eadem
1277 5375 1550 5448 epistola.)

492 5479 871 5543 Ordinationes
883 5497 1013 5540 vero
1022 5484 1463 5556 presbyterorum
1491 5492 1546 5540 et
1569 5484 1855 5541 levitarum
1874 5492 2007 5545 tem—

421 5580 554 5638 pore
578 5581 908 5646 congruo,et
931 5573 1117 5632 multis
1142 5588 1326 5630 coram
1355 5574 1661 5630 astantibus
1688 5575 2005 5633 solemniter

426 5659 598 5734 agite;
633 5670 689 5720 et
698 5662 1006 5733 probabiles
1030 5679 1098 5721 ac
1117 5663 1310 5720 doctos
1337 5662 1485 5720 viros
1502 5663 1574 5747 ad
1594 5664 1700 5723 hoc
1719 5680 1857 5738 opus
1870 5680 2001 5725 can-

2110 4485 2412 4548 przcsumat
2448 4478 2956 4544 excommunicare,
3004 4478 3092 4534 vel
3104 4476 3373 4546 iudicare,
3420 4479 3699 4551 aliquidve

2112 4581 2275 4639 agere
2294 4565 2628 4638 absqueejus
2648 4567 2876 4624 consilio
2900 4567 2984 4624 vel
3004 4565 3230 4636 judicio.
3255 4566 3365 4625 Sed
3389 4568 3699 4625 bocobser-

2111 4667 2204 4716 vet
2222 4660 2370 4731 quod
2392 4660 2462 4717 ab
2491 4660 2751 4731 apostolis
2771 4675 2839 4717 ac
2863 4660 3113 4730 patribus
3129 4667 3187 4716 et
3203 4661 3701 4731 prodecessoribus

2112 4750 2315 4811 nostris
2335 4758 2421 4807 est
2439 4759 2727 4819 statutum,
2747 4758 2803 4807 et
2826 4766 2859 4807 a
2883 4751 3042 4808 nobis
3062 4752 3469 4819 conﬁrmatum,
3505 4753 3560 4809 id
3585 4760 3694 4821 est,

2110 4839 2160 4895 si
2182 4838 2307 4909 quis
2335 4839 2786 4911 metropolitanus
2812 4840 3117 4911 episcopus,
3154 4840 3260 4897 nisi
3287 4842 3521 4912 quodad
3536 4855 3698 4898 suam

2113 4928 2453 4985 solummodo
2474 4931 2751 5001 propriam
2779 4931 3018 5001 pertinet
3036 4932 3376 5002 parochiam,
3414 4932 3535 4989 sine
3556 4946 3698 4989 cono

2111 5020 2236 5077 silio
2259 5028 2317 5079 et
2348 5021 2627 5079 voluntate
2645 5024 2887 5083 omium
2920 5024 3458 5096 comprovincialium
3481 5022 3700 5097 episco-

2112 5126 2328 5183 porum,
2375 5120 2535 5170 extra
2573 5113 2785 5185 aliquid
2835 5128 3001 5185 agere
3037 5117 3349 5185 temtauerit,
3380 5119 3582 5189 gradus
3609 5120 3697 5175 sui

2113 5204 2353 5275 periculo
2372 5205 2699 5277 subiacebit,
2726 5214 2784 5263 et
2807 5206 2952 5277 quod
2973 5206 3166 5278 egerit,
3187 5206 3409 5264 irritum
3428 5208 3700 5264 habeatur

2111 5302 2169 5351 et
2199 5311 2450 5354 vacuum.
2512 5296 2625 5355 Sed
2648 5298 2917 5369 quidquid
2938 5298 3008 5354 de
3037 5299 3451 5370 provincialium
3486 5300 3698 5371 episco-

2110 5401 2304 5458 porum
2325 5389 2528 5455 causis,
2541 5402 2839 5459 eorumque
2864 5388 3242 5455 ecclesiam,
3261 5396 3319 5445 et
3345 5388 3695 5456 clericorum,-

2109 5484 2275 5547 atque
2301 5476 2664 5544 saecularium,
2689 5478 3057 5535 necessarium
3087 5493 3251 5550 agerc
3276 5487 3372 5534 aut
3407 5478 3699 5551 disponere

2109 5580 2332 5623 necesse
2375 5566 2562 5634 quit,
2606 5566 2711 5623 hoc
2742 5581 2869 5623 cum
2893 5569 3136 5625 omnium
3171 5583 3439 5626 consensu
3471 5569 3698 5639 provin-

2108 5660 2326 5718 cialium
2376 5668 2570 5732 agatur
2625 5656 2942 5732 pontiﬁcum
2965 5700 2982 5726 ,
3041 5676 3153 5718 non
3209 5661 3392 5734 aliquo
3441 5660 3701 5720 domina.
