3960 6426
399 252 531 309 ΗΠ

1863 253 2188 314 NUTANDA

3406 248 3409 251 ’
3528 256 3667 325 me

399 378 616 443 oportet
645 369 951 441 huiusmodi
977 370 1253 428 hominem
1287 370 1530 438 Satanc,
1556 376 1615 425 ut
1637 369 1857 443 spiritus
1878 371 1987 428 sal-
2012 377 2066 438 Α
2089 374 2249 431 celsae
2276 376 2606 446 constitutae,
2634 387 2689 435 et
2713 387 3032 453 praeparatae
3054 381 3402 440 inveniuntur
3434 380 3490 437 in
3522 383 3675 438 thro-

400 479 494 519 nus
530 462 626 534 ﬁat
658 464 714 518 in
738 461 824 517 die
842 460 1055 517 Domini
1077 459 1131 533 (I
1161 458 1284 516 Cor.
1326 476 1381 528 v,
1410 459 1486 533 5).

1110 548 1297 604 XLIX.

917 643 995 698 De
1024 641 1146 698 sede
1170 643 1415 715 episcopi.

866 734 969 807 (Ex
993 734 1184 790 eadem
1212 732 1495 806 epistola.)

467 823 624 893 Quod
670 832 853 881 autem
882 825 1039 881 sedes
1069 825 1124 880 in
1168 824 1548 895 episcoporum
1580 824 1828 881 ecclesiis
1882 840 1980 881 ex-

2087 484 2178 537 no,
2216 472 2661 542 speculationem,
2694 482 2749 531 et
2784 482 3110 544 potestatem
3146 475 3429 547 iudicandi
3476 485 3534 531 et
3560 478 3672 532 sol-

2087 564 2268 629 vendi,
2294 572 2456 634 atqu
2478 564 2679 637 ligandi
2728 581 2760 621 a
2794 566 3025 624 Domino
3054 568 3160 623 sibi
3185 568 3368 622 datam
3414 569 3665 624 materiae

2086 653 2275 719 docet;
2304 655 2448 709 unde
2480 653 2730 712 Salvator
2757 656 2814 712 in
2845 656 3135 729 Evangelio
3160 657 3239 712 ait
3278 677 3291 711 :
3327 658 3668 724 Quaecunque

2085 744 2372 816 ligaveritis
2396 764 2553 818 super
2576 758 2794 817 terram,
2825 758 2981 805 erunt
3007 749 3171 821 ligata
3194 751 3250 804 in
3273 749 3400 804 calo
3430 762 3479 802 α.

468 971 497 1000 ι
532 957 742 1015 Caetera
767 960 1165 1026 desiderantur,
1193 967 1256 1015 ut
1298 967 1355 1016 et
1374 958 1593 1030 Notingi
1621 959 1863 1030 episcopi
1889 958 2124 1031 capitula
2148 973 2268 1029 quae
2291 958 2553 1014 Remedio
2584 960 2785 1030 adjecit
2813 960 2920 1016 fide
2948 959 3214 1017 Goldasti.

3154 1127 3576 1138 ._——-———

426 1121 3649 1152 Μ

1442 1206 2014 1369 NOTANDA
2085 1278 2616 1385 QUIEDAM

2000 1489 2067 1533 IN

864 1635 1216 1695 SHARAGDI
1252 1633 1548 1691 ABBATIS
1584 1631 2103 1690 COLLECTIONES
2135 1632 2203 1688 1N
2238 1632 2620 1692 EPISTOLAS
2657 1634 2746 1690 ET
2786 1634 3181 1692 EVANGELIA

1433 1792 1581 1869 Qum
1605 1809 1724 1873 per
1756 1790 2097 1852 circuitum
2138 1791 2291 1852 anni
2319 1790 2633 1871 leguntur.

460 2036 931 2097 Commentaer
963 2037 1290 2102 perpetuum
1340 2043 1375 2082 an
1427 2026 1735 2098 Smaragdo
1783 2024 1980 2080 abbate
2007 2029 2056 2087 B
2083 2024 2257 2090 votis,
2294 2039 2360 2079 ac
2408 2022 2725 2079 christiana:
2763 2022 2937 2093 plebis
2975 2025 3287 2079 necessitati
3329 2027 3659 2096 inserviunt,

391 2128 450 2185 in
479 2123 719 2197 singulas
761 2119 1179 2192 Evangeliurum
1220 2126 1277 2173 et
1306 2115 1673 2187 Epistolarum
1720 2114 1981 2169 lectiones

391 2218 739 2282 adornatum,
762 2213 942 2270 denuo
963 2209 1181 2265 tandem
1207 2216 1333 2280 post
1358 2206 1554 2263 saecula
1584 2206 1715 2271 tria,
1742 2205 1982 2274 quinque

390 2309 616 2380 insuper
627 2305 817 2363 lustris
835 2316 1109 2359 annorum
1119 2299 1340 2370 elapsis,
1360 2314 1428 2354 ex
1452 2297 1697 2353 editione
1721 2295 1979 2366 principe,

389 2409 453 2457 ut
506 2400 683 2465 aiunt,
721 2409 995 2458 recusum,
1028 2390 1202 2448 multo
1242 2405 1301 2446 se
1350 2388 1570 2445 nomine
1600 2385 1982 2443 commendare

389 2495 626 2567 diligens
670 2491 902 2563 quisque
953 2486 1129 2541 lector
1155 2484 1315 2539 facile
1358 2481 1643 2552 intelliget.
1678 2478 1890 2533 Emicat
1925 2476 1980 2531 in

388 2600 458 2641 eo
489 2583 728 2656 primum
767 2578 1012 2636 omnium
1052 2574 1167 2631 fere
1213 2573 1539 2644 scriptorum
1586 2569 1982 2626 ecclesiasticu-

388 2691 537 2742 rum,
551 2674 644 2745 qui
670 2688 703 2729 a
723 2670 923 2729 sacculo
942 2668 1165 2725 circiter
1184 2675 1379 2723 octavo
1398 2664 1650 2730 ﬂoruere,
1678 2662 1981 2719 communis

266 2788 275 2799 θ
389 2765 620 2831 indoles,
651 2764 742 2835 pia
795 2777 947 2827 sane,
1001 2758 1226 2816 humilis
1255 2765 1312 2814 et
1346 2756 1686 2820 doctissima,
1740 2769 1846 2824 qua
1876 2751 1979 2809 sibi

388 2860 581 2916 minus
617 2854 833 2921 conﬁsi,
867 2861 1115 2909 veterum
1143 2850 1326 2921 potius
1349 2848 1574 2904 Patrum
1616 2860 1781 2917 opera
1813 2860 1979 2900 manu

388 2947 579 3006 sedula
602 2944 969 3011 revolverent,
989 2941 1359 3013 exprimerent
1384 2938 1602 3008 placita,
1637 2937 1890 3005 dictaque
1912 2936 1980 2990 de

386 3042 584 3108 verbo,
620 3039 736 3097 suis
762 3035 1057 3094 inserenda
1082 3032 1239 3089 libris
1268 3039 1365 3088 aut
1396 3029 1759 3095 sermonibus,
1791 3042 1981 3083 excer-

387 3138 603 3205 perent.
633 3128 995 3200 Smaragdus,
1012 3135 1075 3182 ut
1102 3126 1219 3198 ipse
1244 3132 1499 3189 testatur,
1533 3142 1553 3175 ι
1582 3124 1729 3179 hunc
1749 3137 1818 3178 ex
1846 3121 1979 3177 mul-

390 3228 467 3283 tis
491 3241 661 3283 unum
682 3222 896 3280 curavit
924 3220 1179 3291 colligere
1212 3219 1443 3285 librum,
1467 3225 1524 3274 et
1554 3216 1621 3272 de
1654 3229 1977 3286 magnorum

389 3320 714 3377 tractatibus
750 3316 1089 3390 prolatisque
1139 3311 1484 3370 sermonibus
1526 3309 1775 3374 Patrum,
1821 3306 1978 3378 quasi

2080 2114 2264 2169 varias
2290 2114 2533 2184 ejusdem
2561 2114 2679 2169 fere
2705 2113 3010 2184 argumenti
3037 2113 3272 2185 sylloges
3299 2115 3498 2184 publici
3519 2116 3666 2187 juris

2084 2203 2284 2259 fecere.
2319 2203 2470 2259 Unus
2513 2218 2642 2258 vero
2678 2203 2877 2258 Noster
2923 2204 3137 2258 obviam
3175 2205 3392 2272 quidem
3423 2215 3481 2261 et
3519 2223 3667 2263 com-

2080 2308 2300 2348 munem
2325 2293 2598 2359 semitam,
2636 2294 2858 2364 proprio
2889 2302 3073 2349 autem
3102 2296 3348 2361 tramite,
3380 2297 3667 2364 insistens,

2080 2389 2211 2444 dum
2240 2389 2332 2443 alii
2378 2389 2618 2460 integras
2651 2389 2878 2459 singulis
2907 2389 3231 2445 lectionibus
3266 2392 3518 2447 homilias
3570 2407 3668 2461 ap-

2080 2488 2365 2552 ponerent,
2397 2481 2514 2551 ipse
2558 2495 2628 2535 ex
2669 2480 2839 2535 variis
2864 2480 3203 2536 diversorum
3237 2490 3517 2537 auctorum
3542 2498 3664 2538 scr-

2082 2571 2336 2627 monibus
2365 2578 2462 2625 aut
2494 2570 2650 2627 libris
2696 2579 3017 2641 perpetuum
3075 2572 3524 2629 commentarium
3572 2590 3663 2631 re-

2082 2664 2279 2720 texuit.

2152 2754 2271 2810 Alia
2304 2754 2524 2811 demum
2557 2769 2719 2811 causa
2757 2756 2989 2812 accessit
3015 2771 3115 2812 cur
3156 2756 3215 2812 in
3247 2756 3338 2813 illo
3374 2756 3667 2830 Smaragdi

2081 2844 2484 2900 Commentario
2507 2843 2688 2901 obiter
2715 2844 3086 2911 immoreinur,
3118 2846 3328 2901 scilicet
3348 2846 3512 2915 quod,
3538 2863 3667 2902 cum

2080 2937 2167 2993 vel
2194 2937 2251 2993 in
2274 2937 2619 2993 bibliothecis
2668 2937 3016 3007 amplissimis
3044 2946 3157 2993 tam
3200 2938 3443 3007 ejusdem
3496 2938 3661 2994 Com-

2080 3029 2334 3085 mentarii
2378 3028 2545 3085 editio
2579 3028 2761 3093 unica,
2804 3043 2969 3097 quam
3005 3027 3282 3098 exemplar
3324 3044 3488 3083 manu
3527 3029 3666 3083 scri-

2079 3128 2231 3190 ptum
2248 3133 2374 3174 raro
2392 3118 2683 3175 admodum
2700 3120 3026 3187 reperiatur,
3043 3119 3271 3187 insignis
3284 3127 3339 3173 et
3357 3120 3488 3174 satis
3502 3119 3661 3174 bonae

2080 3219 2223 3267 nota:
2255 3210 2562 3266 invenimus
2584 3209 2851 3275 codicem,
2883 3209 2939 3263 in
2975 3208 3302 3285 bibliotheca
3331 3210 3661 3266 Bononiensi

2079 3316 2226 3357 nunc
2270 3309 2632 3365 asservatum,
2688 3314 2851 3370 quem
2906 3299 3033 3355 olim
3088 3301 3287 3370 raptim
3340 3301 3663 3369 evolvimus,

390 3376 462 3468 de
488 3410 703 3481 magnis
732 3376 1067 3473 fluminibus,
1096 3403 1381 3475 pelagique
1411 3399 1735 3473 gurgitibus,
1770 3376 1977 3468 pariter
2003 3376 2049 3439 (ἶ
2080 3391 2258 3447 denuo
2290 3390 2358 3446 ad
2387 3398 2604 3446 nostros
2630 3405 2785 3456 usus,
2822 3390 2994 3444 multa
3034 3405 3156 3445 cum
3190 3391 3546 3456 humanitate,
3573 3407 3663 3447 re-

388 3500 667 3557 derivator
685 3498 897 3554 exstitit
919 3504 977 3552 et
996 3496 1292 3552 breviatur.
1323 3513 1342 3546 ι
1370 3491 1429 3547 In
1451 3506 1517 3547 eo
1539 3496 1721 3545 autem
1741 3487 1979 3542 maxime

387 3599 448 3647 et
472 3589 828 3661 peculiariter
843 3585 1137 3651 notandus,
1159 3583 1304 3655 quod
1330 3591 1443 3636 tam
1466 3586 1791 3651 praestantes
1813 3591 1979 3646 quam

388 3681 708 3739 rarissimus
733 3676 838 3734 XX
857 3683 1114 3732 auctores
1154 3674 1259 3729 sibi
1301 3671 1473 3728 voluit
1497 3668 1815 3740 praelucere.
1840 3665 1978 3720 Nam

390 3774 465 3831 ab
483 3786 551 3828 eo
582 3771 848 3826 rescimus
877 3765 1168 3823 delloratus
1198 3762 1369 3817 fuisse
1392 3748 1683 3822 Hilarium,
1710 3756 1976 3826 Hierony-

390 3880 561 3928 mum,
592 3860 963 3925 Ambrosium,
1001 3855 1373 3928 Augustinum,
1406 3851 1752 3924 Cyprianum,
1808 3847 1979 3919 Cyril—

390 3955 527 4021 lum,
576 3950 911 4023 Gregorium,
948 3944 1310 4018 Fulgentium,
1359 3940 1811 4012 Chrysostomum,
1849 3934 1979 3991 Cas-

390 4047 692 4112 siodorum,
747 4041 1096 4105 Eucherium,
1143 4036 1435 4100 Isidorum,
1482 4031 1704 4097 Bedam,
1734 4027 1979 4085 omnium

390 4157 491 4199 ore
535 4137 951 4201 celeberrimos;
984 4132 1178 4190 deinde
1204 4128 1517 4185 Tichonium
1543 4133 1602 4181 et
1623 4122 1975 4187 Primasium,

392 4233 580 4290 minus
604 4238 765 4287 notos
793 4235 888 4284 aut
928 4240 1124 4297 magna
1170 4237 1239 4278 ex
1290 4227 1448 4292 parte
1485 4216 1827 4288 deperditus;
1867 4232 1886 4265 ι
1916 4228 1981 4268 ac

393 4334 554 4380 caute
592 4318 870 4393 legendos,
896 4336 916 4371 ›
967 4314 1247 4386 Pelagium
1289 4318 1347 4368 et
1390 4307 1713 4381 Origenem;
1742 4303 1981 4393 denique

392 4411 635 4484 ambigui
658 4392 903 4466 nominis
946 4406 1230 4470 Victorem,
1274 4409 1331 4459 et
1359 4398 1617 4472 Figulum
1652 4404 1746 4452 aut
1781 4392 1982 4466 Frigu-

393 4505 505 4561 lum
531 4545 552 4571 ,
578 4505 645 4560 de
685 4518 793 4574 quo
817 4501 1107 4563 hactenus,
1153 4493 1298 4567 apud
1320 4505 1512 4548 omnes
1541 4502 1687 4560 quos
1709 4486 1978 4550 noverim,

394 4598 564 4653 altum
594 4594 905 4653 silentium-

465 4689 735 4745 Praeterea
782 4686 851 4742 ad
884 4685 1026 4740 hanc
1066 4677 1417 4737 retexendam
1446 4674 1707 4731 Catenam
1754 4668 1977 4724 Smara-

2081 3484 2294 3539 censuit
2317 3482 2551 3538 eximius
2575 3489 2632 3536 et
2659 3481 2890 3553 diligens
2919 3482 2985 3537 ν.
3020 3481 3083 3535 ι).
3121 3482 3406 3551 llaigneré,
3437 3481 3548 3547 cui,
3580 3482 3664 3538 uti

2079 3582 2136 3629 et
2157 3572 2291 3628 mihi
2332 3580 2540 3627 tantum
2590 3586 2864 3627 concessae
2904 3570 3145 3636 fuerunt,
3186 3572 3323 3642 typis
3358 3586 3662 3642 properan-

2080 3665 2248 3730 tibus,
2271 3677 2456 3733 paucae
2480 3662 2650 3727 horar,
2686 3662 3006 3726 subcesivaa,
3038 3675 3139 3716 nec
3165 3660 3270 3715 illa:
3293 3660 3511 3731 quidem
3538 3677 3660 3716 um-

2079 3755 2212 3810 nino
2252 3753 2437 3809 liberae
2474 3770 2488 3807 :
2528 3754 2672 3809 unde
2714 3751 3025 3808 notularum
3067 3752 3410 3817 adversaria,
3459 3753 3658 3824 raptim

2080 3846 2211 3902 hinc
2237 3845 2363 3901 inde
2392 3859 2634 3911 corrasa,
2656 3845 2748 3899 vix
2773 3859 2839 3899 eo
2866 3842 2971 3899 loci
2996 3842 3151 3897 licuit
3174 3843 3438 3898 inserere.

2149 3937 2333 3993 Codex
2366 3943 2549 3991 autem
2578 3934 2669 3990 ille
2696 3949 2842 3990 nunc
2861 3932 3242 3999 Bononiensis,
3269 3932 3401 3988 olim
3434 3934 3484 3988 in
3515 3933 3662 3989 cele-

2077 4031 2332 4088 berrimae
2373 4029 2606 4085 abbatiaa
2649 4027 2836 4083 Sancti
2880 4026 3089 4082 Bertini
3129 4025 3557 4082 Audomarensis
3594 4026 3661 4080 li-

2078 4122 2263 4179 braria
2296 4120 2568 4191 repositus
2613 4126 2717 4175 est.
2767 4116 2958 4173 Nullus
2998 4116 3186 4171 dubito
3225 4116 3358 4187 quin
3390 4117 3531 4172 idem
3569 4116 3662 4172 ille

2078 4214 2171 4281 sit,
2217 4215 2284 4270 de
2319 4229 2428 4285 quo
2455 4213 2512 4268 in
2554 4212 2796 4284 ejusdem
2836 4209 3068 4266 abbatis:
3089 4209 3454 4276 Chartulario,
3487 4226 3663 4281 nuper

2081 4308 2251 4374 edito,
2270 4323 2326 4378 p.
2355 4305 2481 4370 208,
2502 4305 2631 4369 209,
2658 4303 2859 4375 legitur
2887 4321 2901 4356 :
2932 4302 3172 4356 Domum
3201 4300 3493 4368 Iohannes,
3515 4304 3661 4357 codi-

2081 4414 2165 4453 ces
2184 4414 2290 4451 non
2322 4395 2525 4451 modice
2545 4393 2941 4466 appretiationis
2981 4391 3240 4446 conscribi
3268 4391 3413 4461 fecit,
3436 4408 3661 4462 quorum

2082 4489 2266 4545 titulos
2299 4489 2368 4543 ad
2391 4486 2866 4543 commendandum
2893 4485 3010 4555 ejus
3031 4484 3266 4539 studium
3296 4484 3512 4539 breviter
3538 4483 3663 4537 sub-

2082 4590 2285 4637 nectere
2313 4596 2418 4635 non
2454 4579 2739 4650 piguit.....
2765 4576 2976 4632 Lxsnuu
3010 4574 3331 4632 OIELIABUI
3360 4589 3547 4629 TOCIUS
3569 4590 3665 4628 1m-

2081 4686 2273 4729 NUMJS
2293 4685 2505 4725 cmcuu
2539 4670 2595 4723 in
2634 4668 2741 4721 duo
2770 4665 3036 4722 volumina
3058 4665 3347 4719 divisum...
3376 4679 3440 4717 ea:
3462 4664 3663 4734 integro

395 4731 749 4853 simiai.
782 4731 1410 4848 giliiésriﬁisgab
1452 4764 1645 4820 eodem
1685 4760 1979 4853 adductum
2004 4731 2058 4792 Ι)
2083 4765 2308 4835 dignm
2335 4762 2443 4817 ,κίε
2470 4759 2691 4831 pauere.
2719 4757 2951 4830 “aqua,

395 4851 595 4939 studio,
612 4884 720 4941 quo
742 4868 849 4924 hac
866 4871 1192 4936 tempestate
1210 4857 1463 4917 certatim
1488 4865 1547 4910 et
1564 4853 1721 4924 quasi
1746 4851 1979 4941 invicem

396 4939 779 5031 conspiravere
811 4955 1014 5012 Paulus
1036 4948 1440 5013 Warnel'ridus,
1474 4939 1980 5007 Alcuinus,llraba-

397 5070 501 5111 nus
512 5052 754 5116 Maurus,
768 5048 979 5119 Haymo
988 5038 1499 5103 Halberstadiensis,
1513 5036 1626 5107 qui,
1641 5049 1768 5092 cum
1785 5046 1978 5088 recens

396 5163 498 5220 per
524 5143 728 5202 Gallias
758 5141 974 5197 invecta
1012 5135 1207 5192 fuisset
1252 5132 1513 5187 Romana:
1544 5125 1800 5184 Ecclesiae
1826 5122 1986 5178 litur-

2152 4853 2333 4909 Cudex
2358 4850 2506 4906 enim
2546 4856 2733 4904 noster
2770 4848 2825 4903 in
2863 4847 3000 4903 duos
3042 4855 3218 4902 tomos
3249 4846 3526 4911 dividitur,
3563 4861 3664 4901 sae-

2081 4940 2267 4998 culum
2294 4955 2349 4993 xl
2384 4938 2656 5008 scriptura
2698 4935 2964 5001 referens,
3019 4950 3129 5006 quo
3170 4934 3379 4991 scilicet
3417 4942 3661 5004 tempore

2080 5032 2317 5089 Joannes
2357 5030 2526 5086 abbas
2569 5025 2916 5102 (10854095)
2948 5025 3389 5081 Sanbertinianis
3413 5032 3665 5094 praeerat.

2087 5123 2311 5179 Primus
2322 5130 2501 5177 tomus
2526 5118 2845 5176 inscribitur
2869 5134 2931 5173 n°
2961 5133 3092 5182 xxv,
3117 5116 3390 5172 secundus
3411 5130 3473 5169 n°
3496 5129 3666 5179 xun;

398 5206 507 5312 gia,
547 5252 615 5294 ac
643 5242 806 5291 tantae
835 5230 1062 5301 hujusce
1086 5228 1169 5285 rei
1190 5234 1382 5282 auctor
1407 5222 1715 5294 praecipuus
1759 5214 1988 5271 Carolus
2088 5215 2221 5272 olim
2259 5215 2311 5269 in
2338 5212 2566 5270 libraria
2604 5211 2663 5267 S.
2702 5209 2909 5266 Bertini
2952 5223 3064 5279 prae
3086 5222 3145 5263 se
3189 5206 3435 5262 ferebant
3474 5219 3668 5259 nume-

400 5306 622 5387 nomine
657 5334 717 5381 et
740 5323 937 5380 merito
978 5320 1226 5391 Magnus,
1266 5317 1383 5388 ipse
1422 5323 1695 5384 quemque
1725 5306 1991 5379 peritissi-

402 5435 575 5485 mum,
610 5426 672 5473 ut
699 5421 932 5475 testatur
961 5409 1190 5483 epistola
1219 5407 1289 5463 ad
1315 5404 1547 5460 Paulum
1570 5402 1881 5464 diaconum,
1916 5396 1985 5453 ad

402 5508 753 5582 exponendas
797 5502 1233 5570 emittendasque
1274 5499 1329 5553 in
1362 5494 1558 5565 vulgus
1595 5498 1841 5582 veterum
1886 5487 1987 5544 Pa-

408 5580 556 5659 trum
582 5600 854 5665 humilius,
876 5596 1074 5669 quibus
1102 5589 1327 5662 singulae
1350 5587 1612 5643 lectiones
1641 5580 1983 5635 illustraren-

2088 5320 2189 5362 ros
2207 5305 2278 5361 85
2316 5311 2373 5359 et
2395 5303 2503 5369 84;
2532 5302 2685 5373 prior
2705 5302 2929 5371 insuper
2958 5298 3179 5354 titulum
3200 5297 3347 5353 hunc
3369 5302 3667 5359 recentem,

2061 5388 2252 5454 dorso
2278 5396 2583 5467 appositum
2618 5412 2635 5452 :
2670 5392 2947 5463 Expositio
2991 5389 3355 5462 Epistolan
3392 5396 3441 5442 et
3491 5385 3669 5440 Ευαηο

2048 5484 2049 5487 “
2091 5484 2379 5561 geliorum;
2400 5485 2672 5555 posterior
2690 5491 2872 5537 autem
2905 5495 2920 5535 :
2956 5478 3310 5550 Hieronymus
3342 5478 3398 5529 in
3428 5474 3671 5544 Scriptu-

2094 5598 2228 5637 ram.
2251 5580 2429 5637 Codex
2441 5576 2631 5633 eadem
2646 5590 2808 5631 manu
2826 5582 2969 5628 totus
2980 5579 3261 5635 exaratur,
3278 5568 3412 5623 satis
3432 5567 3669 5635 integer,

412 5704 528 5765 tur,
560 5653 1348 5761 excitasset,‘ohsccundarunt
1387 5682 1529 5738 ultro
1561 5675 1696 5732 tanti
1726 5674 1987 5748 principis
2095 5674 2279 5746 paucis
2328 5671 2471 5729 foliis
2523 5670 2613 5726 hic
2662 5669 2770 5724 illic
2816 5665 3068 5731 resectis,
3106 5671 3199 5719 aut
3242 5659 3533 5719 laceratis.
3585 5653 3667 5713 vel
