3960 6408
342 288 469 342 1121

1393 285 1458 339 IN
1495 283 1774 340 SMABAG
1785 283 1848 339 DI
1887 283 2426 342 COLLECTIONES.

3464 288 3601 344 “2‘2

412 404 542 457 \‘III.
593 401 877 456 Antlmlrms
911 410 1082 454 mitem
1110 399 1266 452 Iesus
1288 401 1448 472 juxta
1481 419 1626 454 mare
1657 400 1899 459 Galilérr.
1933 402 1981 462 Α
2009 415 2117 470 quo
2140 399 2411 472 Christus,
2440 401 2532 471 qui
2562 401 2730 456 dixit:
2776 401 2887 472 Ego
2916 419 3029 457 sum
3057 402 3210 472 panis
3237 402 3399 464 vivus.
3431 406 3608 458 nasci-

412 475 524 528 Iloc
559 486 584 514 ιι
617 489 764 527 mare
800 481 1022 542 propter
1053 480 1226 525 terras
1255 471 1565 542 adjacentcs
1610 473 1795 527 multis
1823 491 1917 528 vo-

338 554 494 600 catur
517 540 844 604 nominibus,
879 540 930 595 id
964 550 1048 595 est
1073 555 1221 595 mare
1264 540 1516 605 Galilaezc,
1567 542 1918 602 lacus-Cina-

338 617 480 678 reth,
514 625 762 735 stagnqu
787 611 1050 674 Genesar,
1090 627 1240 667 mare
1270 612 1590 678 Tiberiadis,
1623 613 1771 670 lacus
1793 616 1918 672 sali-

338 701 554 735 narum.
585 693 638 735 et
665 697 722 735 re
749 723 762 735 .

338 701 554 748 narum,
585 693 638 738 et
665 693 762 737 rel.

410 756 498 809 IX.
541 754 842 809 Vidit'duos
869 753 1062 822 fratres
1081 791 1097 819 ,
1134 751 1400 808 Simonem
1429 754 1520 823 qui
1563 763 1778 808 vocatur
1810 755 1915 811 Pe-

290 873 309 889 .
339 835 478 889 tm,
505 835 611 880 etc.
638 824 819 891 Quare
849 824 1147 893 piscatores
1174 825 1472 877 vocantur?
1504 839 1570 877 ne
1607 824 1730 892 quis
1767 827 1915 881 testi-

337 905 516 970 {ualet
532 937 549 970 ἲ
584 895 727 970 (ιιιοᾴ
771 911 871 970 ρει·
884 893 1273 970 _eloquentiam
1298 893 1714 970 praedicatorum
1738 911 1918 970 sermo

341 965 436 1019 Dei
460 963 621 1020 latius
641 963 836 1020 exiret.
884 963 1000 1018 Non
1018 963 1133 1034 ’filii
1150 980 1360 1033 regum,
1398 980 1505 1019 non
1529 964 1720 1020 scriba:
1739 965 1918 1034 primo

339 1037 516 1090 vocati
545 1042 939 1096 memorantur,
966 1034 1060 1089 sed
1087 1033 1408 1102 piscatores.

410 1104 716 1162 Piscatores
747 1107 774 1146 ι)
803 1113 861 1160 et
902 1104 1166 1160 illitterati
1203 1104 1495 1158 mittuntur
1520 1103 1585 1156 ad
1618 1105 1919 1172 praedican-

344 1177 488 1241 dum,
522 1192 590 1232 ne
615 1176 748 1230 ﬁdes
778 1175 1145 1237 credentium,
1175 1190 1280 1229 non
1309 1175 1507 1229 virtute
1532 1173 1660 1238 Dei,
1688 1177 1782 1230 sed
1809 1177 1920 1232 elo-

341 1247 560 1315 quentia
591 1254 754 1315 atque
782 1246 1030 1300 doctrina
1059 1245 1175 1298 ﬁeri
1203 1253 1506 1314 putaretur.

409 1317 528 1371 Bini
559 1327 580 1355 ι
619 1324 898 1380 vocantur,
927 1315 1148 1385 binique
1188 1315 1475 1369 mittuntur
1505 1322 1561 1370 et
1597 1324 1722 1384 apte
1765 1334 1776 1370 :
1828 1315 1920 1371 Vw

340 1388 516 1452 enim,
553 1387 630 1456 ait
673 1386 986 1456 Scriptura,
1035 1384 1170 1448 soli,
1197 1385 1322 1456 quia
1352 1400 1476 1456 cum
1503 1385 1776 1448 ceciderit,
1811 1403 1919 1442 non

342 1458 508 1512 habet
536 1455 927 1511 sublevantem.
956 1455 1088 1510 Bina
1118 1455 1320 1510 etenim
1361 1455 1603 1510 doctrina
1632 1463 1748 1520 est,
1785 1457 1921 1511 dile-

341 1528 451 1582 ctio
481 1526 577 1580 Dei
605 1535 661 1581 et
685 1527 902 1581 dilectio
928 1525 1184 1596 proximi,
1204 1541 1311 1594 qua
1335 1525 1480 1595 pleni
1505 1527 1706 1580 bonum
1732 1527 1919 1583 Testa-

343 1605 586 1667 mentum
614 1595 943 1666 praedicant,
961 1596 1127 1667 idest
1155 1595 1317 1667 Legis
1343 1603 1400 1650 et
1423 1596 1720 1666 Evangelii.

412 1666 481 1720 X.
535 1667 602 1720 Et
622 1665 910 1736 procedens
936 1665 1076 1731 inde,
1106 1675 1212 1722 etc.

414 1737 654 1817 Primum
684 1737 710 1776 ιι
740 1738 886 1817 enim
908 1737 1069 1817 homo
1093 1737 1248 1817 retia.
1262 1736 1517 1792 desiderii
1545 1737 1627 1792 sui
1662 1739 1827 1794 mittit
1862 1740 1915 1794 in
1952 1757 1996 1817 Β

343 1806 676 1876 marehujus
703 1807 907 1870 szeculi,
936 1813 996 1860 ut
1022 1806 1170 1861 velut
1199 1806 1374 1876 pisces
1399 1822 1563 1876 opera
1593 1817 1806 1863 mortua
1837 1825 1922 1864 ca-

343 1879 476 1948 piat.
497 1875 602 1950 Sed
627 1877 1053 1950 misericorditer
1072 1875 1367 1950 adveniens
1388 1875 1651 1942 Christus,
1668 1894 1767 1950 per
1779 1895 1921 1934 com-

342 1946 687 2018 punctionem
714 1949 878 2002 animi
906 1947 1090 2018 priora
1119 1955 1302 2018 mutat
1322 1946 1700 2018 instrumenta,
1729 1957 1788 2002 ut
1819 1950 1922 2004 ite-

343 2016 466 2089 rum
490 2026 603 2072 rete
618 2018 745 2089 boni
768 2017 1020 2072 desiderii
1039 2018 1100 2089 in
1127 2016 1308 2089 saeculi
1331 2031 1480 2089 mare
1495 2016 1728 2084 jactans,
1746 2019 1921 2089 pisces

344 2088 606 2142 bonarum
633 2088 892 2142 virtutum
929 2087 1050 2140 navi
1081 2087 1266 2140 carnis
1291 2087 1356 2141 ad
1392 2097 1606 2156 portum
1635 2087 1761 2144 vita:
1792 2089 1922 2143 affe-

343 2167 450 2228 rat,
476 2159 786 2227 relinquens
811 2157 1093 2228 fugitivum
1124 2156 1395 2210 diabolum
1417 2198 1431 2220 ,
1464 2158 1543 2228 sic
1573 2159 1717 2212 enim
1745 2159 1920 2214 Zebe-

343 2227 490 2281 dmus
537 2226 940 2295 interpretatur.
999 2226 1242 2294 Quatuor
1291 2227 1658 2297 apostolorum
1701 2230 1921 2283 nomina

343 2297 476 2352 duos
506 2297 729 2367 populos
759 2298 1085 2368 significant.
1119 2296 1306 2352 Simon
1331 2296 1487 2351 enim
1517 2298 1790 2364 obediens,
1823 2299 1923 2354 Pc-

345 2375 666 2440 trusantem
696 2384 979 2440 agnoscens
1011 2367 1423 2440 interpretatur,
1456 2368 1727 2440 signiﬁcat
1749 2385 1920 2440 popu-

343 2436 451 2491 lum
471 2436 798 2501 Jndzcorum,
830 2437 919 2506 qui
943 2437 1092 2506 prius
1118 2438 1357 2491 obedivit
1377 2436 1662 2506 pmc'eptis
1684 2436 1920 2504 Domini,

339 2516 395 2560 et
422 2507 640 2577 agnovit
667 2508 981 2562 Creatorem
1025 2521 1200 2577 suum.
1252 2506 1308 2559 Id
1345 2507 1519 2577 ipsum
1539 2547 1554 2569 ,
1583 2517 1636 2560 et
1663 2506 1922 2574 Iacobus,

339 2576 431 2645 qni
466 2575 871 2658 interpretatur
914 2575 1307 2658 supplantator,
1351 2576 1634 2658 signiﬁcat.
1673 2577 1924 2658 Andreas

339 2661 472 2701 vero
492 2649 876 2717 interpretatur
896 2646 1079 2717 virilis,
1095 2646 1630 2717 signiﬁcatpopulum
1655 2648 1919 2717 gentium,

340 2717 430 2786 qui
461 2719 512 2771 in
547 2716 649 2770 ﬁde
678 2717 877 2771 Christi
906 2716 1134 2771 viriliter
1157 2717 1287 2786 agit.
1321 2716 1636 2786 ldipsumet
1661 2716 1918 2786 Joannes,

340 2785 432 2856 qui
485 2786 698 2840 Domini
745 2788 916 2856 gra:ia
968 2787 1358 2854 interpretatur
1407 2785 1696 2853 signiﬁcat.
1735 2785 1921 2841 Gratia

339 2856 484 2911 enim
515 2857 608 2910 Dei
650 2856 866 2912 salvataa
891 2863 1018 2911 sunt
1041 2865 1246 2925 gentes.
1283 2856 1416 2909 Nam
1453 2864 1506 2909 et
1547 2857 1661 2911 haec
1690 2863 1924 2926 quatuor

341 2927 560 2996 nomina
591 2927 644 2980 in
673 2929 916 2982 moribus
939 2927 1358 2996 uniuscujusque
1380 2926 1614 2981 hominis
1642 2927 1925 2981 continen-

342 3005 450 3060 tur,
477 2995 661 3050 Simon
691 2998 992 3052 obediendo
1027 2995 1385 3058 Deo,’Petrus
1411 2997 1756 3064 agnoscendo
1795 3011 1924 3066 pec-

342 3073 521 3120 catum
562 3083 737 3130 suum,
787 3067 1031 3121 Andreas
1066 3065 1300 3120 viriliter
1341 3066 1656 3120 sustinendo
1688 3066 1918 3132 labores,

342 3133 510 3190 Jacob
530 3137 659 3189 vitia
689 3139 870 3190 carnis
890 3137 1305 3206 supplantando,
1321 3133 1557 3190 Joannes
1578 3136 1670 3190 Dei
1691 3136 1922 3205 gratiam

344 3207 686 3274 suscipiendo
711 3208 1004 3269 habeatur;
1034 3208 1146 3261 sive
1170 3208 1284 3260 lucc
1315 3214 1550 3276 quatuor
1580 3208 1798 3260 nomina
1827 3223 1927 3276 pro

345 3285 576 3398 quatuor
616 3276 1007 3345 principalibus
1048 3277 1394 3345 intelligenda
1438 3285 1566 3330 sunt
1613 3276 1921 3332 virtutibus.

394 3361 498 3398 unc
521 3346 665 3398 enim
696 3347 1063 3398 unusnuisnue
1104 3347 1361 3398 obedicns
1391 3354 1508 3398 est.
1539 3362 1661 3398 cum
1691 3346 1921 3398 pruden-

394 3361 498 3400 nnc
521 3346 665 3400 enim
696 3347 1063 3414 unusquisque
1104 3347 1361 3401 obediens
1391 3354 1508 3408 est,
1539 3362 1661 3401 cum
1691 3346 1926 3415 pruden-

348 3415 478 3468 tiam
507 3417 831 3485 agnoscendi
873 3425 1094 3485 peccata
1141 3415 1408 3471 habuerit.
1453 3417 1604 3471 Tunc
1638 3417 1810 3470 virilis
1842 3425 1927 3470 est

343 3487 909 3556 cum_temperantiam
947 3487 1242 3542 sustinendi
1279 3487 1519 3541 laborem
1555 3487 1923 3556 apprchende-

343 3554 435 3624 rit.
469 3553 624 3609 Tune
649 3556 1020 3624 supplantator
1040 3598 1055 3617 ,
1101 3572 1224 3611 cum
1273 3553 1645 3612 fortitudinem
1672 3556 1925 3611 vincendi

273 3628 280 3634 '
342 3623 472 3693 vitia
500 3623 784 3693 receperit.
811 3625 964 3678 Tunc
983 3627 1076 3679 Dci
1097 3628 1292 3693 gratia,
1311 3643 1436 3682 cum
1455 3641 1640 3682 veram
1660 3627 1926 3682 iustitiam

345 3690 598 3746 implendi
625 3693 879 3744 mandata
906 3690 1190 3746 invenerit.
1279 3690 1286 3692 “
1771 3715 1776 3720 ·

465 3759 505 3812 l.
527 3759 714 3834 Magos
740 3771 762 3798 ο
790 3761 882 3829 qui
911 3762 977 3814 ad
999 3763 1332 3834 adorandum
1350 3765 1641 3834 Dominum
1666 3779 1924 3834 perrexe-

345 3837 492 3891 runt,
513 3829 731 3897 quidam
761 3845 823 3882 ex
856 3832 1110 3900 progenie
1138 3830 1304 3886 fuisse
1345 3833 1558 3886 Balaam
1585 3829 1922 3898 existimant,

345 3901 585 3954 eruditos
600 3900 652 3971 in
669 3902 1028 3971 astronomica
1044 3901 1344 3971 disciplina,
1359 3911 1414 3956 et
1431 3903 1639 3956 stellam
1658 3903 1801 3956 illam
1818 3918 1925 3957 non

345 3985 412 4024 ex
442 3971 585 4023 notis
614 3968 779 4024 fuisse
805 3970 1072 4025 sideribus
1093 4010 1107 4034 ,
1144 3968 1270 4040 quia
1310 3987 1409 4026 nec
1440 3973 1494 4026 in
1530 3973 1718 4027 eodem
1759 3973 1926 4027 cccle-

347 4043 414 4094 sti
438 4040 626 4094 ordine
645 4040 981 4104 movebatur,
1004 4047 1064 4093 ut
1087 4049 1314 4096 caeterae.
1345 4042 1469 4096 "me
1489 4042 1634 4096 enim
1656 4043 1724 4097 ad
1748 4042 1926 4096 locum

347 4112 404 4164 in
443 4125 548 4179 quo
572 4117 730 4164 natus
760 4118 877 4164 erat
910 4109 1190 4175 Dominus,
1221 4110 1700 4167 demonstrandum
1741 4111 1760 4151 ί
1791 4119 1926 4166 nutu

346 4181 568 4250 proprio
599 4179 891 4234 ferebatur.

418 4250 520 4303 Alii
551 4251 739 4322 dicunt
780 4259 1005 4320 nepotes
1036 4250 1251 4306 Balaam
1293 4265 1443 4319 esse,
1475 4251 1573 4306 ﬁlii
1605 4252 1772 4318 Beor,
1799 4251 1928 4322 quia

349 4329 552 4374 sectam
582 4319 698 4388 ejus
723 4322 893 4374 secuti
917 4329 1060 4375 sunt.

417 4389 521 4443 Alii
539 4391 722 4445 dicunt
739 4389 932 4446 Perses
958 4391 1145 4458 luisse,
1164 4399 1224 4446 ut
1236 4399 1410 4448 metro
1427 4391 1699 4447 Cmoaws
1715 4393 1741 4432 8
1758 4390 1922 4446 dicit:

470 4500 611 4552 Tunc
629 4503 777 4563 jubet
801 4513 854 4554 et
878 4504 1058 4554 Persas
1080 4503 1299 4555 celerem
1323 4505 1626 4566 pertendere
1649 4516 1890 4566 gressum.

419 4583 768 4641 Hisnoxvlus
795 4588 960 4642 dicit:
1001 4587 1233 4642 Chaldaei
1263 4587 1445 4643 stellas
1481 4587 1612 4640 deos
1648 4603 1768 4641 esse
1797 4603 1926 4641 con-

354 4654 668 4721 ﬁrmabant,
714 4658 854 4711 unde
883 4673 1070 4712 eorum
1119 4660 1259 4711 Deus
1302 4658 1693 4725 nuncupativus
1735 4673 1924 4712 verum

355 4726 556 4781 indicat
602 4727 802 4789 Deum;
835 4729 973 4782 unde
1004 4737 1058 4780 et
1087 4725 1322 4782 Chaldaei
1353 4742 1475 4782 esse
1511 4728 1922 4792 existimantur,

353 4796 494 4868 quod
527 4796 694 4851 dicit:
741 4795 976 4851 Vidimus
1007 4795 1211 4868 stellam
1242 4798 1358 4868 ejus
1393 4799 1448 4850 in
1477 4798 1696 4868 oriente,
1731 4797 1784 4851 id
1817 4805 1924 4862 est,

354 4881 452 4920 nos
481 4865 534 4918 in
567 4867 772 4921 oriente
799 4868 976 4936 positi,
1010 4868 1125 4936 sive
1154 4867 1220 4921 de
1247 4865 1457 4922 Oriente
1493 4867 1545 4921 in
1568 4868 1920 4929 occidentem,

353 4936 560 4988 stellam
586 4947 762 4990 ortam
792 4935 1041 4992 vidimus.
1075 4935 1226 4990 Fixis
1246 4937 1486 4991 historiae
1509 4937 1798 5003 radicibus,
1819 4937 1929 5003 spi-

355 5005 564 5059 ritualia
595 5007 917 5061 intueamur.
961 5005 1236 5060 Bethleem
1266 5021 1387 5075 qua:
1417 5008 1804 5075 interpretatur
1834 5005 1930 5060 do-

351 5091 466 5128 mus
487 5077 660 5145 panis,
689 5076 958 5148 signiﬁcat
981 5075 1299 5141 Ecclesium,
1327 5076 1442 5130 sive
1470 5092 1566 5130 cor
1587 5076 1840 5140 hominis,
1871 5076 1927 5130 in

424 5217 450 5279 9
476 5205 722 5279 In_edit._,
757 5207 852 5279 Eg:
867 5207 1127 5263 Eucherio
1150 5206 1466 5279 prmﬁgitur.

423 5273 452 5314 δ
481 5275 639 5349 Ibid,
668 5276 753 5331 Ea:
785 5277 1124 5349 Hieronymo.

424 5355 446 5384 ε
475 5345 654 5400 Codex
677 5356 860 5402 noster
883 5345 1073 5403 rursus
1103 5349 1192 5403 Fri
1248 5348 1379 5402 llum
1415 5347 1666 5419 designat
1695 5348 1750 5403 in
1778 5361 1922 5402 mar-

391 5415 509 5472 ine:
542 5416 813 5472 UIrichius
842 5421 1084 5472 reposuit
1106 5435 1170 5472 ea:
1196 5364 1499 5472 gulaentio.

353 5416 509 5485 gine;
542 5416 813 5472 UIrichius
842 5421 1084 5487 reposuit
1106 5435 1170 5473 ea:
1197 5416 1499 5490 Fulgentio.
1544 5416 1560 5419 ⁷

423 5484 448 5523 d
478 5487 673 5556 lterum
703 5487 833 5541 editi
859 5489 974 5542 haec
1003 5487 1280 5556 Fulgentio
1311 5488 1609 5544 ascribunt.

427 5567 450 5593 ε
475 5555 640 5628 Paulo
666 5556 804 5610 infra
831 5558 1000 5611 codex
1020 5555 1202 5612 noster
1222 5559 1449 5614 inseruit
1471 5557 1679 5628 Friguli
1705 5571 1920 5621 nomen,

350 5625 441 5678 ubi
470 5626 595 5689 alii;
622 5629 764 5695 quod
788 5642 951 5698 quum
982 5628 1338 5698 praecedentia
1366 5625 1587 5698 videtur
1616 5630 1922 5698 requirere,

355 5703 522 5750 totum
559 5711 716 5766 quem
740 5697 988 5767 ponimus
1018 5697 1192 5753 locum
1210 5738 1225 5765 ,
1254 5707 1436 5769 putem
1458 5713 1488 5751 a
1518 5697 1737 5770 Frigul’o
1760 5699 1933 5754 colle--

2021 471 2418 544 turaHerodes,
2451 472 2544 543 qui
2575 473 2969 544 interpretatur
2997 473 3276 544 pelli’ccus,
3306 474 3420 527 sive
3449 474 3606 544 pellis

2018 541 2222 614 glo_ri:e,
2249 541 2521 614 signiﬁcat
2555 541 2828 597 diabolum
2858 541 3176 614 regnantem
3207 544 3262 614 in
3294 541 3517 598 mundo.

2089 611 2224 693 'I‘res
2253 611 2402 693 Magi
2419 611 3067 693 genusnhumanum'cum
3100 613 3347 693 physica,
3385 615 3564 693 ethice
3584 654 3602 680 ,

2019 678 2212 754 logica,
2230 678 2564 754 significant:
2591 682 2838 754 Physica,
2865 683 2916 738 id
2943 678 3362 754 est,_naturalis;
3387 678 3602 754 Ethica,

2020 750 2206 824 id'cst,
2232 750 2838 824 moralis,mores'enim
2866 753 3007 824 apud
3037 751 3255 824 Grgecos
3280 753 3394 809 ἔθεσι
3423 753 3605 824 appel-

2019 820 2238 885 lantur;
2282 821 2502 892 Logica,
2539 822 2592 876 id
2619 830 2702 876 est
2726 820 3038 877 rationalis:
3075 822 3426 892 philosophiae
3453 820 3602 878 enim

2018 891 2232 964 species
2257 891 2382 964 est,
2404 893 2544 964 ratio
2572 893 2716 947 enim
2763 891 2985 964 Grtece,
3026 893 3175 964 λᾷιχος
3214 891 3433 964 dicitur.
3464 893 3604 964 Magi

2019 961 2110 1030 qui
2159 961 2470 1016 sacerdotes
2501 962 2895 1033 interrogant,
2945 961 3257 1033 significant
3303 961 3606 1018 Ecclesiain

2019 1033 2289 1103 gentium;
2322 1032 2658 1103 sacerdotes,
2691 1032 2861 1102 legem
2887 1032 2970 1086 vel
3005 1033 3368 1103 Synagogam.

2090 1100 2118 1140 ιι
2140 1102 2509 1173 λρυωτθηάμῐη
2535 1103 2664 1172 quid
2699 1100 2771 1173 sit
2796 1104 2940 1173 quod
2966 1100 3326 1172 Redemptum
3355 1111 3482 1157 nato
3503 1118 3605 1173 pa-

2021 1171 2258 1242 storibus
2283 1171 2505 1240 angelus
2526 1171 2795 1242 apparuit,
2814 1171 2989 1242 atque
3013 1174 3082 1228 ad
3107 1171 3439 1227 adorandum
3463 1171 3609 1228 hunc

2022 1241 2235 1312 Magos,
2266 1257 2373 1296 non
2411 1241 2675 1312 angelus,
2705 1243 2800 1297 sed
2842 1243 2995 1297 stella
3019 1243 3297 1312 perduxit.
3344 1241 3610 1298 Videlicet

2019 1310 2218 1366 Judtcis
2249 1311 2458 1366 ratione
2490 1310 2767 1366 utentibus
2802 1310 3066 1368 rationale
3104 1311 3338 1376 animal,
3387 1312 3440 1367 id
3485 1319 3606 1379 est,

2021 1383 2244 1451 angelus
2271 1381 2569 1450 praedicare
2606 1382 2812 1436 debuit.
2846 1382 3105 1446 Gentiles,
3138 1383 3265 1452 quia
3292 1383 3371 1436 uti
3396 1383 3611 1437 ratione

2020 1453 2339 1507 nesciebant
2359 1492 2379 1522 ,ί
2419 1452 2486 1504 ad
2533 1452 2968 1522 cognoscendum
3001 1453 3320 1518 Dominum,
3369 1467 3474 1506 non
3510 1467 3612 1522 per

2021 1538 2242 1586 vocem,
2292 1521 2393 1592 sed,
2431 1536 2528 1592 per
2555 1521 2719 1592 signa
2740 1524 3138 1591 perducuntur;
3171 1521 3278 1577 illis
3310 1521 3611 1592 prophetia

2022 1589 2758 1718 haqquamtﬁdclibusﬁstis
2804 1592 2958 1663 signa
3007 1601 3263 1662 tanquam
3305 1589 3612 1648 inﬁdelibus

2061 1678 2090 1716 a
2121 1680 2150 1717 a
2179 1678 2279 1717 sun
2313 1701 2326 1714 .

2061 1671 2150 1717 ata
2179 1670 2326 1717 sunt.

2325 1774 2352 1848 §
2391 1775 2450 1829 ll.
2496 1774 2740 1832 Sascrus
2769 1775 2978 1833 Vicroa
3007 1775 3306 1832 Careamus.

2094 1906 2282 1963 Sancti
2308 1906 2538 1964 Victoris
2558 1908 2801 1980 Capuani
2826 1910 3064 1980 episeOpi
3079 1925 3300 1975 nomen,
3316 1925 3470 1980 reque
3491 1925 3614 1980 pro-

2021 1999 2311 2069 pemodum
2338 2014 2404 2055 ac
2430 1999 2632 2070 Friguli
2679 2001 2918 2072 ignotum
2955 2001 3008 2055 in
3047 2001 3353 2055 litterarum
3382 2001 3611 2056 historia

2013 2089 2394 2161 jacet,quanto
2408 2099 2591 2146 tamen
2603 2091 2818 2162 dignius
2831 2091 2973 2162 quod
2989 2091 3210 2145 meliore
3223 2091 3366 2146 fama
3378 2092 3613 2146 circurn-

2021 2181 2249 2237 feratur.
2275 2181 2376 2237 Cui
2404 2183 2458 2236 in
2494 2182 2669 2237 lucem
2699 2197 2894 2237 novam
2931 2182 3270 2237 restituendo
3297 2197 3458 2252 spero
3495 2181 3612 2236 fore

2022 2280 2085 2329 ut
2111 2288 2218 2327 non
2247 2273 2594 2329 mediocriter
2612 2274 2929 2338 inserviant,
2948 2288 3068 2343 qua:
3083 2274 3394 2344 propediem
3415 2273 3613 2328 edituri

2023 2379 2213 2418 sumus
2242 2364 2298 2418 in
2321 2364 2499 2433 primo
2529 2363 2798 2435 Spicilegii
2828 2364 3188 2420 Solesmensis
3217 2372 3386 2429 tomo,
3417 2365 3470 2418 in
3502 2379 3612 2434 quo

2023 2457 2326 2511 habentur:
2361 2457 2416 2510 1ο
2447 2454 2594 2510 Satis
2629 2455 2808 2526 ampla
2835 2455 3141 2526 fragmenta
3169 2469 3238 2510 ex
3268 2455 3413 2510 illius
3446 2454 3614 2510 Scho-

2023 2549 2109 2604 liis
2138 2550 2193 2604 in
2227 2549 2661 2615 Pentateuchum,
2694 2551 2993 2620 desumptis
3021 2568 3088 2607 ex
3117 2552 3611 2607 vetustissimorum

2023 2648 2306 2694 auctorum
2333 2642 2502 2694 sancti
2531 2638 2837 2712 Polyearpi,
2881 2641 3152 2712 Origenis,
3193 2639 3368 2696 Severi
3397 2639 3613 2694 Gabali-

2023 2729 2156 2791 tani,
2175 2727 2396 2782 Diodori
2411 2727 2702 2792 Tarsensis,
2719 2736 2849 2792 etc.,
2875 2731 3094 2806 scriptis
3108 2730 3404 2798 deperditis
3419 2748 3434 2794 ;
3452 2729 3617 2784 201n-

2024 2817 2177 2887 signe
2193 2817 2558 2888 fragmentum
2583 2833 2651 2872 ex
2669 2815 2966 2873 illiuslibro
2979 2818 3244 2885 Reticulo,
3267 2835 3361 2874 seu
3386 2821 3450 2873 de
3471 2819 3612 2875 Area

2026 2907 2176 2972 Noe;
2213 2908 2270 2962 5°
2308 2907 2404 2964 His
2430 2909 2734 2964 luculenter
2757 2908 3114 2964 conﬁrmatur
3153 2912 3452 2966 auctoritas
3494 2911 3610 2966 fra-

2025 3007 2369 3067 gmentorum
2396 3014 2461 3053 ex
2487 3001 2678 3054 eodem
2701 3001 2875 3054 sancti
2897 3000 3180 3071 Polycarpi
3205 3001 3363 3055 Libro
3377 3001 3612 3072 Respon-

1951 3101 1996 3163 ρ
2026 3090 2234 3144 sianum
2257 3105 2288 3144 a
2310 3089 2526 3145 Victore
2545 3090 3212 3160 Capuanoexcerptorum
3231 3132 3246 3155 ,
3282 3107 3404 3162 qua:
3446 3106 3612 3160 supra

2029 3179 2302 3234 habentur
2330 3180 2386 3235 in
2410 3179 2612 3234 PatroL
2632 3189 2761 3235 tom.
2782 3179 3022 3245 LXVIII;
3041 3180 3100 3234 4ο
3134 3180 3375 3250 Denique
3388 3181 3615 3236 accedat

2029 3269 2406 3338 interpretatio
2451 3269 2645 3324 Latina
2711 3269 3150 3340 Evangelicarum
3192 3268 3612 3324 Harmoniarum

2025 3358 2297 3412 Ammonii
2325 3359 2700 3425 Alexandrini,
2719 3359 2917 3414 ibidem
2941 3359 3167 3424 inserta,
3192 3374 3246 3429 p.
3275 3358 3401 3413 251.
3419 3359 3477 3411 5ο
3490 3357 3617 3425 Qui-

2026 3449 2128 3503 bus
2157 3449 2372 3504 demum
2400 3450 2446 3504 si
2463 3450 2737 3504 addideris
2751 3466 2871 3519 qua:
2884 3449 3055 3504 variis
3069 3450 3122 3503 in
3139 3449 3488 3504 collectaneis
3510 3465 3612 3504 εω-

2026 3540 2134 3594 culi
2163 3556 2242 3605 ιχ,
2275 3539 2559 3612 Smaragdi
2586 3542 2818 3608 scilicet,
2869 3541 3109 3595 Hrabani
3135 3548 3192 3596 et
3219 3540 3476 3605 aliorum,
3499 3538 3614 3607 jam

2026 3646 2190 3702 opera
2219 3632 2390 3686 sancti
2412 3631 2648 3687 Victoris
2661 3631 2903 3701 Capuani
2919 3633 2974 3686 in
2995 3629 3157 3699 iustae
3181 3631 3337 3685 molis
3361 3630 3614 3684 volumen

2027 3719 2188 3776 facile
2222 3729 2552 3776 accrescent.
2588 3723 2739 3778 Unde
2764 3731 2822 3776 ut
2859 3724 2927 3778 de
2955 3723 3153 3793 insigni
3191 3730 3247 3776 et
3273 3721 3486 3776 erudito
3524 3720 3616 3776 illo

2027 3819 2250 3862 auctore
2271 3811 2482 3878 plenior
2525 3812 2717 3866 notitia
2765 3814 3066 3877 habeatur,
3100 3813 3187 3866 his
3233 3812 3487 3866 duximus
3527 3826 3620 3865 an-

2027 3900 2290 3954 nectenda
2308 3915 2430 3969 qua:
2453 3901 2520 3955 de
2549 3917 2614 3955 eo
2639 3901 2805 3956 refert
2833 3903 3114 3971 Ughellius
3139 3903 3195 3956 in
3223 3903 3374 3969 Italia
3404 3903 3570 3957 Sacra
3599 3921 3614 3957 :

2105 4010 2124 4043 ‹
2156 3991 2386 4048 Sanctus
2414 3993 2618 4059 Victor,
2657 4003 2846 4050 sancto
2871 3994 3145 4050 Germano
3173 3997 3336 4052 rebus
3363 3997 3618 4051 humanis

2027 4089 2314 4152 exempto,
2377 4083 2670 4153 episcopali
2727 4087 2921 4140 throno
2973 4086 3286 4141 nobilitatus
3339 4093 3424 4141 est
3473 4101 3618 4141 anno

2027 4173 2127 4228 sal.
2158 4173 2288 4238 5M,
2328 4174 2549 4228 ineunte
2589 4175 2890 4231 Februario
2929 4191 3134 4232 mense.
3187 4175 3342 4232 Sedit
3380 4177 3615 4231 sanctis-

2029 4265 2165 4320 sime
2208 4280 2380 4320 annos
2417 4266 2711 4331 tredecim,
2753 4275 2808 4320 et
2851 4268 2967 4322 dies
3010 4268 3230 4337 triginta
3275 4279 3420 4323 octo.
3471 4265 3619 4322 Obiit

2028 4369 2161 4410 vero
2204 4371 2349 4411 anno
2388 4356 2494 4410 554
2518 4397 2533 4422 ,
2585 4357 2806 4412 ineunte
2849 4358 3020 4427 Aprili
3060 4359 3148 4414 die
3188 4360 3445 4414 secunda.
3506 4359 3618 4414 Me-

1954 4435 2008 4493 D
2033 4454 2276 4500 moratur
2317 4445 2370 4499 in
2414 4445 2796 4518 Martyrologio
2853 4446 3098 4501 Romano
3143 4447 3231 4502 die
3275 4447 3342 4500 17
3384 4447 3614 4515 Octob.;

2027 4551 2188 4606 quem
2228 4538 2631 4594 sanctissimum
2672 4546 2730 4592 et
2763 4538 3137 4593 doctissimum
3171 4539 3346 4593 virum
3381 4540 3618 4610 appellat

2026 4627 2201 4693 Beda,
2242 4629 2307 4683 de
2350 4628 2573 4684 Ratione
2617 4629 2952 4700 Temporum,
2995 4644 3114 4699 cap.
3150 4630 3238 4686 49.
3305 4629 3616 4688 Confutavit

2027 4736 2261 4790 namque
2301 4721 2614 4790 paschalem
2667 4721 2878 4792 cyclum
2915 4720 3177 4786 Victorii,
3219 4738 3314 4777 seu
3349 4724 3614 4782 Victorini

2027 4811 2318 4884 Aquitani,
2359 4825 2422 4869 ut
2461 4815 2604 4869 idem
2641 4814 2786 4869 Beda
2823 4822 3070 4869 testatur.
3128 4813 3258 4883 Ejus
3299 4815 3480 4886 cyclus
3525 4832 3614 4873 re-

2029 4914 2220 4977 ceptus
2263 4915 2320 4964 et
2359 4909 2744 4979 comprobatus
2787 4907 2886 4962 fuit
2927 4907 2982 4962 in
3027 4922 3082 4961 Iv
3125 4905 3328 4977 synodo
3365 4905 3612 4962 Aurelia-

2028 4999 2204 5064 nensi,
2251 5014 2370 5054 can.
2409 4999 2434 5053 I
2482 5009 2537 5055 et
2575 4999 2630 5054 2.
2680 5000 2875 5055 Exstat
2911 4997 3151 5067 ejusdem
3188 4997 3423 5053 Victoris
3466 5013 3609 5067 prae-

2029 5087 2162 5143 fatio
2226 5089 2278 5142 in
2341 5087 2795 5144 Concordantiam
2856 5088 3276 5159 Evangeliorum
3336 5088 3611 5144 Ammonii

2029 5231 2175 5348 etum
2203 5232 2312 5308 tam
2337 5241 2404 5280 ex
2431 5224 2647 5282 Victore
2676 5242 2838 5298 quam
2860 5241 2926 5282 ex
2965 5227 3326 5298 Hieronymo,
3366 5223 3610 5284 Juvenco

2078 5308 2309 5348 regor-no.

2078 5308 2309 5366 regem).

2107 5362 2126 5401 τ
2146 5362 2318 5426 Ὁοά..
2349 5364 2776 5419 demonstrando.

2102 5435 2128 5474 ε
2157 5433 2246 5489 Gs.
2277 5433 2500 5490 Juvenc.
2535 5434 2677 5489 Hist.
2730 5435 2826 5489 Eu.
2859 5436 3002 5491 Idem
3031 5451 3220 5492 versus
3259 5434 3418 5504 paulo
3449 5433 3608 5490 aliter

2031 5503 2084 5559 in
2110 5505 2266 5569 edit.,
2293 5513 2348 5559 et
2373 5520 2504 5560 sane
2539 5505 2772 5560 notanda
2804 5505 3050 5561 lectionis
3076 5503 3315 5560 varietas
3343 5520 3357 5556 :

2153 5615 2290 5665 Tunc
2308 5615 2452 5677 jubet
2476 5615 2708 5665 Herodes
2730 5615 2906 5688 Persas
2939 5616 3242 5676 pertendere
3267 5625 3510 5675 gressum.

2102 5698 2128 5737 h
2163 5697 2304 5752 Editi
2331 5697 2414 5752 his
2440 5704 2772 5768 praemittunt
2797 5694 3105 5770 Gregorium
3128 5705 3427 5751 auctorem.
