3986 6442
284 520 291 521 κ
398 520 421 527 -
460 520 463 521 ν
500 523 528 532 _
587 524 608 530 __
718 517 760 525 -—
1083 521 1240 534 ﬁ.“
1322 519 1371 525 <--
1394 518 1451 526 νιν-
1511 526 1520 530 .
1627 518 1642 524 ’³
1705 523 1762 531 ..-
1890 537 1895 540 _
1941 520 1988 528 ’ν’-
2021 525 2109 534 --Α
2149 526 2155 533 ι
2173 525 2276 538 ορ.-
2297 527 2318 533 ’Δ
2369 533 2382 541 ﬂ
2413 527 2452 537 --λΔ
2477 526 2614 534 ευ---ο
2637 528 2758 536 ν-,πν
2789 530 2894 537 -ωη
2915 530 2951 536 ——
3029 531 3184 538 ———~—-——
3207 533 3240 535 --
3325 531 3465 538 ———~

260 516 3522 575 V______
621 550 1836 560 ,_______________.—.._._______.____._-
2039 552 2292 560 ...ενα-.-η
2331 555 2334 558 .
2394 555 2405 561 η
2440 555 2442 560 .
2571 557 2587 562 ..
2683 558 2687 560 ν
2726 556 2831 563 ηκ...
2881 557 2917 563 .-
2985 558 2998 563 ν
3037 559 3046 563 -
3123 559 3177 565 ---
3332 561 3374 564 --ρ
3423 561 3450 565 μ.

478 1072 1444 1166 ΡΑΤΒΙΑΒΩΗΛΕ
1538 1073 2052 1169 CONSTA

1728 1075 3279 1171 NSTANTINOPOLITANI

861 1366 1519 1495 OPERUM
1617 1363 2055 1549 PARS
2117 1367 2884 1501 SECUNDA.

1298 1840 2437 1958 DOGMATICA.

1542 2354 2190 2447 PBIEFATIO

560 2588 619 2648 J.
670 2586 1275 2651 CHRISTOPHORI
1323 2589 1628 2653 WOLFII
1673 2588 1755 2649 ΙΝ
1806 2589 2094 2653 LIBROS
2138 2591 2222 2653 ιν
2270 2591 2595 2655 CONTRA
2641 2591 3138 2654 MANICHIEOB

304 2762 451 2815 Sisto
505 2759 627 2820 tibi.
676 2760 899 2816 erudite
940 2762 1133 2829 lector,
1182 2779 1377 2819 novam
1428 2772 1939 2828 monumentorum,
1977 2765 2159 2821 adhuc
2210 2781 2319 2820 non
2370 2764 2660 2829 editorum,
2698 2763 3110 2824 collectionem,
3139 2760 3192 2813 in
3233 2768 3511 2830 posterum

237 2852 279 2903 si
314 2847 422 2903 Deo
463 2847 527 2901 Ο.
565 2846 635 2902 Μ.
682 2849 862 2903 visum
910 2849 1096 2916 fuerit,
1148 2867 1248 2922 per
1290 2852 1582 2907 fasciculos
1613 2852 1821 2921 aliquot
1856 2854 2306 2908 continuandam.
2348 2851 2483 2907 Nata
2528 2852 2665 2906 mihi
2707 2851 2795 2905 illa
2841 2858 2929 2905 est
2968 2858 3084 2904 tum
3109 2847 3349 2911 aliunde,
3398 2856 3509 2900 tum

236 2954 301 2993 ex
348 2937 666 3000 itincribus,
719 2954 842 3007 quae
890 2947 1018 2993 ante
1062 2940 1163 2995 hos
1197 2940 1436 2995 sedecim
1470 2955 1648 2994 annos
1672 2941 1972 2995 litterarum
2006 2956 2168 2995 causa
2202 2941 2510 3009 suscepisse
2559 2955 2669 3005 me,
2719 2954 2845 2994 cum
2898 2938 3179 3007 voluptate
3230 2935 3509 2990 recordor.

238 3026 448 3095 Accipis
482 3026 668 3094 itaque
698 3025 789 3079 hic
824 3028 1101 3095 specimen
1128 3028 1350 3097 duplex,
1406 3028 1641 3083 alterum
1688 3028 1755 3083 ad
1800 3044 2030 3094 sacram,
2079 3031 2311 3085 alterum
2341 3030 2408 3084 ad
2444 3028 2730 3099 profanam
2770 3028 3135 3082 litteraturam
3170 3025 3340 3096 magis
3387 3040 3517 3094 pcr-

238 3114 433 3167 tinens.
490 3112 567 3166 Ita
608 3112 756 3166 enim
806 3113 971 3183 hujus
1023 3115 1261 3170 instituti
1309 3117 1554 3172 rationes
1603 3116 1916 3172 formandas
1959 3131 2083 3173 esse
2128 3116 2339 3188 putavi,
2394 3126 2457 3170 ut
2498 3116 2566 3170 ad
2612 3116 2915 3171 novitatem
2942 3114 3230 3170 accederet
3254 3113 3514 3168 varietas.

234 3205 440 3271 Agmen
479 3201 632 3255 ducit
684 3199 932 3267 Photius,
981 3204 1291 3273 patriarcha
1339 3207 1618 3274 quondam
1663 3206 2007 3271 CPolitanus,
2040 3222 2150 3260 non
2199 3205 2383 3260 minus
2430 3205 2499 3260 de
2533 3220 2593 3259 re
2624 3219 2781 3259 sacra
2812 3213 2870 3258 et
2900 3203 3301 3264 ecclesiastica,
3351 3216 3514 3271 quam

235 3291 432 3345 litteris
465 3290 833 3360 politioribus,
870 3293 1014 3361 apud
1053 3294 1296 3362 azqualcs
1350 3305 1405 3349 et
1448 3303 1700 3365 posteros
1748 3294 2307 3349 commentationibus
2343 3293 2481 3359 suis,
2522 3309 2647 3363 quze
2695 3300 2913 3347 aetatem
2955 3292 3221 3357 tulerunt,
3254 3291 3517 3361 przeclare

237 3378 593 3447 promeritus.
638 3378 813 3445 llujus
858 3379 983 3433 libri
1018 3378 1084 3435 IV
1119 3380 1319 3435 Contra
1358 3381 1678 3436 Manio/imos
1726 3390 1951 3437 veteres.
1973 3391 2030 3437 et
2058 3381 2398 3437 recentiores
2446 3381 2678 3446 exarati,
2708 3381 2906 3443 lucem,
2934 3396 3042 3450 qua
3072 3389 3256 3434 tamen
3287 3379 3517 3433 omnino

238 3467 379 3537 digni
424 3476 605 3528 erant,
643 3466 826 3521 adhuc
856 3482 968 3521 nou
998 3467 1277 3522 viderunt.
1327 3468 1546 3524 Primus
1594 3485 1811 3533 eorum,
1857 3469 2056 3534 fateor,
2092 3486 2120 3523 a
2167 3471 2627 3539 praestantissimo
2657 3480 2714 3525 et
2742 3484 2908 3541 supra
2938 3469 3131 3524 laudes
3159 3484 3313 3523 meas
3336 3468 3517 3538 posito

237 3554 514 3609 Brrnardo
544 3556 614 3609 de
642 3554 995 3611 Moutfaucon
1023 3572 1149 3610 cum
1199 3557 1393 3612 Latina
1426 3559 1682 3613 versione
1711 3559 1953 3613 insertus
1982 3566 2069 3613 est
2112 3557 2445 3614 Bibliotltecw
2474 3556 2843 3621 Caiatinianw,
2883 3573 3045 3627 quam
3092 3556 3381 3611 indefessa:
3412 3556 3514 3610 viri

237 3642 520 3697 industriae
566 3643 635 3697 ab
687 3659 836 3699 anno
877 3644 1015 3698 I715
1066 3644 1268 3699 debere
1299 3645 1591 3715 cmpimus,
1628 3661 1750 3717 pag.
1785 3646 1888 3702 549
1938 3662 2092 3716 seqq.
2126 3647 2196 3701 At
2223 3659 2348 3701 cum
2381 3646 2661 3719 egregium
2705 3646 2841 3701 illud
2891 3644 3044 3716 Opus
3080 3646 3134 3699 in
3165 3646 3277 3701 oris
3311 3655 3517 3700 nostris

239 3731 410 3784 rarius
465 3732 691 3785 obvium
744 3734 837 3790 sit.
873 3733 975 3787 ista
1028 3748 1158 3786 vero
1189 3730 1470 3788 Photianaa
1511 3734 1991 3790 commcntationi’s
2021 3750 2145 3803 pars
2175 3733 2329 3789 inter
2354 3742 2433 3790 tot
2462 3735 2568 3789 alia
2611 3734 2900 3804 praeclara,
2928 3748 3051 3803 quae
3081 3734 3287 3788 ibidem
3314 3748 3515 3789 occur-

242 3832 382 3884 runt,
427 3821 718 3889 opuscula,
753 3820 910 3890 quasi
942 3820 1156 3889 sepulta
1182 3820 1456 3880 videatur.
1512 3838 1620 3875 non
1674 3822 1849 3876 solum
1880 3822 2188 3878 consultum
2218 3820 2429 3892 putavi,
2482 3820 2577 3876 sed
2621 3829 2680 3875 et
2710 3819 3105 3885 necessarium,
3138 3828 3201 3874 ut
3229 3819 3375 3874 idem
3424 3821 3515 3874 ille

243 3908 370 3963 liber
414 3910 629 3980 primus
679 3925 805 3964 cum
853 3910 1071 3964 caeteris
1119 3910 1298 3963 tribus
1349 3910 1438 3964 hic
1472 3910 1852 3965 recuderetur.
1903 3910 2077 3980 Hujus
2106 3910 2321 3965 consilii
2347 3910 2490 3965 hanc
2518 3917 2786 3980 praeterea
2815 3908 2995 3963 habeo
3041 3907 3332 3975 rationem,
3367 3910 3513 3977 quod

240 3996 506 4056 intellexi.
540 3996 813 4050 beneﬁcio
841 3995 1049 4049 codicis
1080 3996 1287 4050 nostris
1318 3994 1773 4067 llamburgcnsis,
1820 4013 1984 4066 quem
2020 3997 2073 4050 in
2123 3998 2363 4053 editione
2394 3999 2497 4052 hac
2526 3996 2874 4067 potissimum
2915 4004 3141 4050 secutus
3186 4012 3330 4060 sum,
3363 3996 3515 4051 varia

236 4086 352 4140 loca
400 4086 543 4141 male
585 4096 815 4156 accepta
866 4085 1164 4157 integritati
1203 4102 1317 4141 suae
1353 4086 1617 4141 vindicari
1652 4096 1833 4157 posse,
1883 4086 2029 4154 quod
2086 4085 2261 4155 ipsum
2316 4085 2452 4140 mihi
2494 4084 2841 4139 occasionem
2896 4083 3286 4153 suppeditavit,
3336 4084 3511 4138 inter-

235 4174 598 4244 pretationem
634 4172 911 4235 Latinam,
959 4173 1206 4242 alioquin
1240 4173 1528 4244 optimam,
1581 4174 1712 4229 hinc
1740 4174 1869 4228 inde
1910 4173 2259 4230 emendandi.
2296 4171 2375 4227 Ne
2412 4173 2543 4243 quid
2594 4172 2664 4227 de
2714 4172 2861 4227 notis
2903 4171 3103 4236 dicam,
3135 4172 3337 4242 quibus
3367 4173 3513 4227 indi-

232 4278 358 4331 gere
388 4262 683 4317 videbatur
713 4262 932 4334 egregia
964 4262 1226 4325 narratio,
1257 4278 1378 4332 qua:
1406 4262 1618 4316 ca'teris
1643 4263 1919 4324 omnibus,
1951 4261 2021 4315 ad
2056 4262 2161 4317 hoc
2194 4270 2579 4331 argumentum
2612 4259 3011 4331 spectantibus,
3041 4268 3100 4314 et
3131 4259 3419 4325 brevitate,
3458 4270 3516 4313 et

234 4350 493 4404 dictionis
524 4349 727 4413 nitore,
778 4358 835 4403 et
892 4364 1075 4403 rerum
1113 4350 1270 4418 copia
1317 4350 1516 4403 merito
1562 4350 1874 4419 prtefertur.
1910 4348 2347 4405 Laudatissimus
2377 4348 2823 4403 Montfauconius
2857 4347 2980 4402 libri
3007 4346 3172 4417 hujus
3196 4347 3359 4416 primi
3392 4347 3512 4401 edi—

230 4437 437 4491 tionem
472 4453 538 4491 ex
574 4436 793 4491 duobus
818 4436 1129 4501 codicibus,
1169 4437 1505 4493 Coisliniano
1522 4438 1714 4499 altero,
1757 4437 1930 4492 altero
1978 4437 2301 4502 Colbertino,
2346 4436 2688 4507 procuravit,
2725 4450 2962 4506 quorum
2994 4436 3132 4490 alter
3160 4435 3316 4489 alteri
3344 4435 3514 4490 inter-

225 4526 359 4579 dum
403 4527 692 4597 suppetias
725 4526 869 4579 tulit.
905 4525 1046 4580 Num
1077 4526 1132 4580 in
1162 4536 1397 4596 utroque
1430 4534 1539 4581 tres
1569 4526 1765 4596 reliqui
1801 4526 1922 4582 libri
1952 4527 2248 4582 desiderati
2280 4526 2411 4590 sint,
2440 4526 2624 4580 dicere
2669 4541 2780 4579 non
2809 4525 3007 4578 habeo.
3050 4523 3210 4578 Certe
3242 4523 3293 4577 id
3325 4525 3511 4593 suspi-

226 4627 344 4675 cor,
386 4630 500 4669 non
525 4613 647 4668 sine
672 4614 785 4667 veri
818 4612 1026 4683 specie,
1065 4613 1192 4684 quia
1222 4612 1578 4668 doctissimus
1608 4614 1804 4677 editor,
1834 4616 1978 4684 quod
2026 4618 2163 4671 alias
2190 4618 2369 4670 facere
2411 4614 2718 4677 consuevit,
2771 4612 2987 4667 illorum
3036 4612 3089 4665 in
3116 4611 3323 4665 codicis
3352 4612 3512 4666 Cois-

222 4704 419 4758 liniani
452 4703 829 4773 descriptione
856 4718 968 4757 non
1003 4702 1136 4757 facit
1164 4703 1526 4756 mentionem.
1583 4701 1837 4758 Fortasse
1869 4703 2153 4758 omissioni
2187 4706 2241 4756 in
2275 4712 2509 4772 utroque
2537 4700 2735 4756 codice‘
2757 4700 3103 4755 occasionem
3140 4701 3513 4770 suppeditavit

220 4792 538 4861 argumenti
586 4791 907 4855 diversitas,
946 4806 1072 4845 cum
1106 4790 1246 4845 liber
1294 4790 1385 4843 ille
1436 4790 1648 4859 primus
1702 4798 1916 4847 tantum
1962 4794 2031 4848 ad
2078 4793 2361 4848 historiam
2412 4791 2830 4854 Manichaeismi,
2884 4800 3001 4846 tres
3027 4806 3161 4846 vero
3216 4791 3412 4862 reliqui
3442 4792 3513 4847 ad

215 4881 670 4936 confutationem
703 4881 992 4939 doctrinae,
1030 4895 1153 4949 qua:
1176 4879 1287 4949 jam
1321 4879 1389 4932 ab
1420 4878 1543 4933 aliis
1572 4889 1825 4950 suscepta
1853 4890 1993 4948 erat,
2031 4891 2087 4936 et
2113 4897 2219 4951 qua
2250 4880 2483 4951 proinde
2522 4879 2664 4935 forte
2694 4894 2809 4933 non
2843 4879 2983 4934 adeo
3025 4895 3165 4950 opus
3199 4880 3509 4937 videbatur.

218 4978 502 5039 spectent.
542 4967 603 5021 In
636 4978 833 5021 nostro
866 4965 1230 5022 Holsteniano
1274 4966 1484 5035 integra
1515 4970 1936 5036 commentatio,
1963 4970 2097 5025 ’sine
2142 4970 2451 5040 interrupto
2482 4968 2675 5024 ordine
2696 5009 2712 5033 ,
2753 4976 2954 5022 exstat.
2987 4966 3100 5023 Nec
3132 4968 3371 5022 dubitari
3405 4984 3506 5037 po-

218 5066 354 5118 test,
394 5057 466 5110 ab
489 5056 693 5110 eodem
725 5064 956 5109 auctore
992 5055 1162 5108 libros
1187 5054 1435 5124 singulos
1478 5070 1603 5110 esse
1652 5057 1945 5125 profectos,
1989 5073 2114 5112 cuiu
2156 5058 2211 5111 in
2247 5058 2398 5113 calce
2430 5057 2595 5126 primi
2627 5072 2757 5126 spes
2794 5056 3004 5111 diserte
3034 5055 3126 5111 flat
3158 5067 3507 5122 eteterorum,

213 5145 317 5215 qui
351 5144 799 5199 confutationem
829 5158 1079 5197 errorum
1127 5143 1425 5197 exhibituri
1472 5143 1602 5207 sint,
1638 5159 1702 5197 ac
1733 5154 1995 5214 prteterea
2040 5146 2156 5216 ipsa
2194 5146 2467 5201 scribendi
2499 5145 3022 5215 commentandique
3072 5145 3211 5199 ratio
3253 5143 3510 5199 Photium

216 5233 454 5287 referat.
488 5233 559 5286 At
588 5232 790 5285 librum
838 5246 878 5295 ι,
916 5230 1172 5285 Photium
1214 5239 1496 5285 auctorem
1538 5232 1762 5297 habere,
1809 5242 2008 5303 praeter
2043 5243 2309 5288 constans
2342 5233 2595 5289 codicum
2640 5248 2776 5288 mss.
2825 5233 3222 5295 testimonium,
3256 5232 3512 5288 dubitare

216 5337 337 5375 non
367 5322 504 5375 sinit
536 5319 881 5391 Euthymius,
932 5319 1024 5388 qui
1079 5326 1232 5388 parte
1283 5335 1322 5371 η
1354 5319 1634 5389 PanOplia:
1678 5336 1811 5386 suae,
1853 5322 2013 5376 titulo
2049 5320 2140 5383 2|,
2171 5322 2558 5392 compendium
2594 5320 2933 5376 narrationis
2974 5321 3257 5376 Photiante
3285 5321 3511 5377 totidem

215 5420 283 5464 ut
320 5407 624 5477 plurimum
652 5408 839 5461 verbis
873 5406 1115 5470 exhibet,
1145 5417 1204 5460 et
1233 5407 1438 5461 diserte
1466 5406 1663 5463 Photio
1697 5411 1904 5476 tribuit,
1930 5410 1999 5465 iis
2024 5410 2224 5475 verbis,
2254 5426 2375 5481 qua;
2406 5410 2458 5464 in
2492 5410 2639 5464 notis
2668 5410 2736 5464 ad
2772 5427 2827 5480 p.
2862 5409 2887 5462 1
2927 5410 3106 5465 attuli.

293 5496 477 5562 Atque
523 5491 645 5545 hate
678 5490 897 5560 quidem
928 5506 1092 5544 causa
1126 5500 1232 5555 est,
1266 5506 1365 5544 cur
1395 5500 1566 5546 totam
1604 5493 1745 5549 hanc
1786 5498 2138 5567 scriptionem
2188 5498 2243 5553 in
2294 5499 2472 5554 lucem
2512 5498 2899 5569 proferendam
2950 5498 3286 5559 censuerim.
3314 5508 3515 5553 nactus

212 5580 482 5651 inprimis
510 5580 570 5633 in
617 5578 738 5648 ipsa
770 5579 871 5631 hac
904 5576 1046 5632 urbe
1083 5586 1193 5631 tam
1237 5578 1508 5649 insignem
1555 5584 2042 5650 opportunitatem.
2079 5585 2418 5642 Bibliotheca
2454 5587 2604 5642 enim
2633 5595 2819 5642 nostra
2849 5586 3066 5657 publica
3097 5587 3240 5641 inter
3292 5586 3513 5643 Graecos

208 5670 467 5733 codices,
499 5681 643 5737 quos
676 5665 994 5719 liberalitati
1024 5667 1468 5735 praestantissimi
1522 5668 1684 5724 Lucae
1728 5669 2018 5739 llolstenii,
2062 5673 2198 5731 civis
2240 5676 2439 5739 nostri,
2485 5676 2670 5741 debet,
2718 5676 2945 5730 exhibet
2992 5674 3207 5745 insigne
3251 5676 3512 5730 volumen

209 5758 437 5813 ordinis
466 5754 717 5825 majoris,
750 5754 917 5823 quod,
962 5764 1165 5823 praeter
1213 5755 1530 5825 Serapionis
1568 5767 1624 5812 et
1660 5758 1763 5813 Titi
1797 5760 2110 5819 Bostrensis
2155 5774 2347 5820 contra
2380 5763 2710 5820 Manichaeos
2761 5763 2987 5832 scripta,
3040 5760 3338 5819 Photianas
3391 5764 3513 5818 illas

206 5866 385 5908 utras
413 5847 825 5919 complectitur.
861 5845 1216 5902 Monumenta
1263 5846 1352 5903 iila
1404 5847 1638 5922 singula,
1675 5851 2135 5922 quemadmodum
2175 5861 2232 5910 et
2286 5858 2547 5927 pleraque
2569 5867 2762 5909 eorum
2803 5867 2926 5923 quae
2968 5848 3287 5909 llolstenius
3317 5853 3513 5909 biblio-

542 5944 815 6009 Punon.
864 5945 981 6007 Gn.
1029 5944 1160 6006 Cll.
3214 5952 3238 6012 t
