3986 6478
405 401 460 465 il
1528 406 1584 466 J.
1628 404 1807 466 ΕΗΒ.
1846 403 1979 464 W0]

2101 404 2126 464 Ι
2169 404 2566 466 ΡΒᾸΞΕΑΤΙΟ
3607 401 3675 467 12

401 519 579 574 theca
612 517 817 566 nostra
850 509 1074 582 legavit,
1102 510 1403 584 ἀπόγραφα
1430 514 1714 579 exhibent,
1749 527 1817 568 ex
1852 512 2012 567 bona
2039 511 2550 583 antiquissimaque
2580 520 2727 568 nota
2755 511 3060 579 codicibus,
3099 527 3133 568 a
3158 512 3456 571 recentiori
3503 529 3675 571 manu

400 602 692 675 diligenter
718 607 962 666 exarata,
998 609 1054 654 et
1103 598 1171 654 ab
1218 598 1526 666 llolstenio,
1561 614 1665 655 ceu
1694 614 1762 654 ex
1792 599 2001 654 notulis
2029 599 2360 670 quibusdam
2408 600 2800 672 marginalibus
2845 609 3034 669 patere
3078 599 3317 664 videtur,
3372 604 3672 673 recognita.

399 695 656 749 Fortasse
688 689 907 745 illorum
938 687 1153 758 copiam
1188 688 1289 759 ipsi
1317 687 1449 743 fecit
1472 687 1800 744 bibliotheca
1826 685 2109 753 Vaticana,
2141 688 2300 765 cujus
2328 702 2514 743 curam
2551 687 2765 759 agebat.
2799 685 2976 759 Hujus
3006 688 3339 758 conjectura
3368 687 3511 743 hanc
3537 704 3675 743 cau-

399 794 515 833 sam
553 778 730 833 habeo
761 776 844 833 Cl.
875 777 1203 832 Laurentius
1251 777 1557 832 Alexander
1584 777 1910 849 Zacagnius,
1938 771 2187 847 ejusdem
2232 775 2578 831 bibliotheca
2621 775 2899 846 quondam
2932 775 3250 846 prafectus.
3278 785 3335 831 et
3366 791 3458 831 an.
3507 771 3672 841 t7l2,

397 866 469 921 26
498 863 664 920 Febr.
696 880 821 921 cum
853 864 1163 919 litterarum
1189 864 1403 934 jactura
1431 864 1556 920 fatis
1587 864 1833 932 functus,
1880 877 1948 920 ex
1981 864 2124 919 libro
2172 878 2192 917 ι
2234 862 2457 928 Ῥιιοιίἰ,
2491 871 2604 917 ιιιιιι
2643 877 2755 917 ιιοιι
2783 862 2952 929 edito,
2984 861 3147 918 affert
3169 862 3349 919 locum
3381 862 3673 928 illustrem,

398 970 509 1025 quo
538 952 737 1024 praesul
765 950 1217 1024 diligentissimus
1248 951 1523 1017 Archelai,
1555 951 1959 1007 Carcharorum
1997 950 2264 1023 episcopi,
2306 950 2638 1006 industriam
2687 952 2744 1005 in
2781 951 3199 1021 compescendis
3244 950 3672 1007 Manichaorum

398 1050 657 1097 veterum
682 1039 975 1096 conatibus
1002 1038 1323 1095 collocatam
1370 1039 1580 1097 laudat.
1613 1040 1746 1097 Eum
1777 1038 1920 1094 infra
1945 1038 2002 1094 in
2045 1039 2193 1095 notis
2223 1039 2413 1094 monui
2447 1053 2570 1094 cum
2612 1037 3320 1113 apographollolsteniano
3345 1039 3421 1094 ita
3460 1054 3674 1094 conve-

398 1129 543 1195 nire,
568 1137 628 1184 ut
654 1128 807 1183 nulla
836 1142 1065 1199 prorsus
1090 1125 1398 1183 diﬂ‘erentia
1441 1126 1547 1183 nisi
1595 1126 1652 1182 in
1684 1127 1852 1182 unius
1890 1126 2087 1183 littera
2121 1126 2424 1197 scriptione
2462 1116 2803 1183 observetur.
2853 1126 2997 1183 Hinc
3043 1127 3358 1198 conjectum
3402 1126 3539 1182 mihi
3609 1124 3674 1180 ﬁt

399 1218 748 1274 Holstenium
799 1225 1054 1271 nostrum
1098 1216 1317 1280 eodem,
1365 1230 1528 1286 quem
1576 1215 1622 1271 is
1653 1215 1868 1280 habuit,
1911 1215 2103 1270 codice
2141 1230 2302 1270 usum
2343 1214 2536 1271 fuisse.
2580 1214 2797 1281 Quanta
2842 1229 2974 1271 vero
3002 1231 3137 1272 cura
3171 1215 3485 1286 exemplum
3535 1212 3675 1269 illud

398 1304 842 1368 Holsten‘ianum,
874 1317 942 1359 ex
967 1303 1244 1374 primitivo
1272 1317 1383 1357 non
1406 1303 1588 1358 minus
1622 1303 1907 1374 castigato,
1942 1302 2279 1373 descriptum
2324 1303 2415 1368 sit,
2456 1304 2542 1379 vel
2571 1319 2637 1358 ex
2666 1318 2734 1359 eo
2763 1312 2915 1374 patet
2971 1303 3119 1375 quod
3164 1302 3299 1358 illud
3325 1318 3496 1358 unum
3519 1316 3671 1358 sem-

398 1410 499 1466 per
524 1394 669 1450 bene
696 1393 916 1453 habeat.
958 1391 1050 1446 ubi
1092 1391 1222 1458 duo,
1274 1390 1645 1448 Coislinianus
1678 1399 1738 1446 et
1790 1389 2164 1453 Coibertinus,
2203 1385 2287 1447 ex
2319 1391 2521 1462 quibus
2567 1392 2652 1447 Cl.
2706 1389 3145 1448 Montfauconius
3179 1405 3334 1447 suam
3371 1389 3671 1446 editionem

399 1480 635 1547 curavit,
667 1478 1003 1537 dissentiunt
1022 1472 1049 1545 ς’
1074 1478 1277 1548 passim
1313 1492 1444 1534 vero
1469 1480 1632 1534 etiam
1661 1479 1901 1549 utrique,
1930 1478 2024 1534 ubi
2057 1478 2209 1535 labes
2238 1491 2343 1546 est,
2366 1486 2673 1547 succurrat,
2695 1488 2752 1535 et
2784 1479 2873 1533 vix
2925 1494 3034 1534 una
3062 1478 3302 1534 alterave
3324 1477 3443 1534 vice
3474 1491 3673 1533 neces-

397 1571 613 1628 sitatem
645 1568 784 1625 mihi
820 1565 1161 1637 imposuerit,
1205 1581 1236 1622 a
1264 1566 1500 1622 lectione
1524 1567 1695 1637 ipsius
1721 1565 2035 1622 recedendi.
2061 1565 2325 1638 Exempla
2353 1567 2518 1637 hujus
2551 1567 2869 1623 assertionis
2890 1566 2946 1622 in
2978 1566 3143 1631 notis,
3168 1566 3359 1629 lector,
3392 1564 3672 1631 invenies,

396 1675 521 1731 qua
549 1657 876 1721 effecerunt,
906 1663 968 1711 ut
1000 1663 1192 1711 nostro
1221 1654 1564 1726 potissimum
1603 1655 1780 1711 codici
1812 1654 2118 1726 putaverim
2147 1656 2536 1712 insistendum.
2590 1655 2650 1710 In
2693 1669 2803 1726 quo
2836 1664 3016 1709 tamen
3052 1653 3273 1725 negotio
3295 1653 3369 1708 ita
3419 1662 3673 1707 versatus

398 1764 541 1815 sum,
576 1754 638 1803 ut
665 1761 778 1801 non
807 1743 1139 1816 negligerem
1180 1742 1563 1798 auctoritatem
1587 1743 1822 1799 duorum
1860 1742 2075 1798 illorum
2100 1742 2514 1810 Parisiensium,
2554 1757 2692 1813 quos
2717 1742 2796 1797 (ll.
2830 1740 3270 1797 Montfauconius
3300 1749 3531 1807 secutus
3560 1750 3670 1795 est.

396 1837 524 1893 Istis
556 1849 689 1892 vero
717 1832 943 1905 adjunxi
970 1831 1357 1904 compendium
1389 1831 1837 1904 Euthymianum,
1868 1840 2032 1902 prout
2053 1830 2094 1887 ι.
2133 1848 2185 1888 c.
2218 1832 2274 1887 in
2300 1831 2566 1903 Panopb'a
2593 1840 2776 1886 exstat
2818 1829 3135 1902 Tergobysti
3167 1828 3355 1885 Graece
3380 1843 3474 1883 an.
3506 1827 3672 1892 l7l0,
3745 1894 3753 1900 _

396 1928 497 1983 fol.
529 1926 698 1991 edita,
734 1932 789 1980 et
811 1940 841 1978 a
869 1938 959 1978 me
989 1921 1142 1988 olim,
1164 1922 1309 1993 quod
1337 1922 1405 1977 ad
1436 1922 1579 1977 hanc
1606 1930 1816 1992 partem
1846 1928 2076 1993 spectat,
2112 1920 2409 1989 descripta.
2454 1910 2758 1975 Hacenim
2793 1934 3004 1973 summa
3026 1918 3228 1988 passim
3261 1916 3435 1973 nostri
3464 1915 3675 1972 codicis

397 2016 667 2071 lectiones
711 2013 947 2069 asseruit
986 2019 1040 2066 et
1074 2009 1389 2065 vindicavit.
1438 2009 1698 2065 Prasidio
1739 2024 1906 2080 porro
1931 2008 2064 2065 mihi
2103 2006 2208 2063 fuit
2254 2006 2399 2062 Petri
2445 2004 2614 2062 Siculi
2644 2007 2883 2061 Historia
2925 2002 3398 2077 (Manichaeorum)
3457 2018 3525 2058 ex
3557 2017 3671 2057 ms.

396 2104 587 2159 codice
615 2100 962 2156 bibliotheca
995 2097 1271 2152 Vaticana
1298 2097 1485 2153 Grace
1515 2113 1641 2153 cum
1668 2096 1860 2152 Latina
1893 2101 2145 2152 versione
2170 2096 2318 2151 edita
2358 2110 2459 2166 per
2485 2094 2800 2150 Matthaum
2835 2093 3132 2157 Raderum,
3164 2092 3476 2164 Ingolstadii
3502 2091 3668 2155 £604,

396 2189 544 2242 ιιι-4.
579 2186 715 2242 Cum
748 2185 916 2251 enim,
948 2183 1093 2255 quod
1125 2183 1358 2238 subinde
1392 2183 1449 2238 in
1476 2184 1624 2239 notis
1653 2183 1894 2248 ostendi,
1926 2183 2158 2256 insignis
2183 2184 2329 2240 inter
2356 2183 2537 2241 Photii
2568 2194 2624 2240 et
2664 2182 2812 2240 Petri
2839 2184 3006 2240 Siculi
3036 2183 3529 2239 commentationes
3552 2180 3674 2237 alli-

398 2276 539 2331 nitas
569 2273 893 2335 intercedat,
925 2271 1053 2342 quia
1095 2270 1151 2325 in
1192 2270 1546 2326 recensendis
1589 2280 1836 2327 veterum
1870 2270 2296 2327 Manichaeorum
2323 2272 2491 2327 rebus
2531 2271 2752 2329 eosdem
2780 2281 3054 2339 auctores,
3092 2273 3148 2327 in
3189 2286 3454 2327 novorum
3481 2278 3671 2326 autem

396 2362 645 2417 eamdem
682 2368 916 2428 uterque
946 2357 1217 2413 rationem
1250 2357 1425 2414 secuti
1454 2367 1604 2425 sunt,
1657 2358 1776 2415 ﬁeri
1803 2373 1913 2414 non
1961 2361 2159 2431 potuit,
2192 2361 2328 2432 quin
2366 2375 2513 2432 sape
2544 2361 2591 2416 is
2624 2363 2920 2433 genuinam
2954 2362 3247 2418 lectionem
3288 2360 3668 2421 conﬁrmaret,

393 2456 711 2518 corruptam
755 2454 938 2500 autem
972 2443 1289 2516 contigeret.
1343 2443 1814 2510 Quemadmodum
1850 2444 2094 2502 vicissim
2125 2447 2192 2517 is,
2240 2448 2333 2519 qui
2370 2449 2530 2505 istam
2566 2449 2713 2505 Petri
2742 2448 2912 2506 Siculi
2946 2451 3247 2504 Historiam
3286 2449 3671 2521 recognitione

395 2545 451 2591 et
484 2536 738 2591 versione
776 2547 939 2596 nova,
975 2546 1138 2602 quam
1181 2530 1409 2587 omnino
1439 2531 1688 2603 requirit,
1729 2532 1941 2609 dignari
1976 2534 2130 2601 velit,
2190 2551 2301 2592 non
2347 2552 2541 2610 parum
2575 2537 2803 2594 subsidii
2835 2554 2901 2594 ex
2934 2536 3202 2594 Photiana
3229 2537 3332 2592 hac
3364 2535 3670 2607 scriptione

394 2624 499 2682 sibi
525 2640 650 2680 cum
683 2622 894 2679 ratione
918 2621 1219 2693 promittet.

463 2750 598 2817 Qua
633 2749 763 2805 dum
791 2762 1059 2813 memoro,
1094 2761 1205 2801 non
1237 2760 1460 2817 possum
1491 2761 1602 2802 non
1635 2745 1940 2819 signiﬁcare
1970 2745 2391 2812 dubitationem,
2423 2761 2588 2818 quam
2621 2748 2674 2802 in
2706 2747 2852 2804 notis
2873 2748 3012 2804 meis
3042 2747 3325 2819 professus
3352 2763 3497 2814 sum,
3519 2757 3576 2805 et
3605 2748 3665 2803 in

393 2855 501 2910 qua
537 2853 627 2894 me
653 2837 839 2893 adhuc
865 2837 1073 2891 haerere
1105 2833 1299 2901 fateor,
1328 2843 1452 2889 uter
1482 2834 1695 2891 scilicet
1724 2835 1921 2891 horum
1965 2834 2199 2890 alterum
2233 2832 2289 2888 in
2320 2834 2615 2891 scribendo
2659 2835 2906 2891 imitatus
2946 2836 3215 2892 videatur.
3247 2837 3491 2893 Alterum
3521 2836 3666 2911 alte-7

394 2930 511 2982 rius
547 2924 778 2996 vestigia
814 2923 1083 2994 pressisse
1113 2937 1225 2977 non
1269 2921 1562 2987 dubitabit,
1608 2921 1703 2992 qui
1734 2932 2028 2993 utrumque
2070 2923 2335 2993 scriptum
2381 2925 2802 2993 comparaverit,
2848 2934 2904 2980 et.
2942 2925 3027 2980 vel
3056 2941 3120 2980 ea
3170 2916 3378 2996 legerit,
3422 2942 3665 2997 quorum

392 3014 659 3069 indicium
700 3011 816 3082 ipse
857 3010 982 3065 feci.
1020 3009 1299 3065 Proferam
1347 3010 1435 3064 hic
1486 3025 1656 3065 unum
1689 3010 2090 3068 convenientia
2131 3021 2537 3084 argumentum,
2588 3014 2751 3084 idque
2803 3029 2926 3068 meo
2951 3013 3161 3085 judicio
3193 3013 3556 3079 luculentum,
3589 3030 3664 3070 ex

392 3117 549 3156 nutu.
586 3098 646 3152 Vl
674 3098 807 3170 (col.
828 3096 944 3169 25).
980 3097 1060 3153 lbi
1089 3097 1331 3168 potiores
1353 3096 1774 3153 Manichaeorum
1806 3098 2178 3153 recentiorum
2205 3112 2423 3153 errores
2444 3098 2510 3152 ad
2532 3113 2625 3152 sex
2655 3097 2833 3168 capita
2866 3107 3214 3153 revocantur.
3246 3097 3499 3154 Totidem
3525 3114 3665 3155 con-

394 3189 575 3245 stituit
616 3188 812 3243 Pelrus
857 3185 1073 3243 Siculus
1105 3204 1159 3257 p.
1214 3187 1280 3241 l7
1320 3201 1433 3256 seq.
1470 3185 1585 3243 Iloc
1611 3202 1641 3241 a
1668 3187 1892 3242 nemine
1919 3195 2168 3242 veterum
2204 3185 2323 3242 ﬁeri
2355 3185 2602 3242 memini.
2637 3185 2705 3243 Et
2733 3186 2777 3242 si
2814 3185 3016 3241 factum
3044 3198 3210 3253 esset,
3248 3187 3332 3242 vel
3364 3189 3442 3243 sic
3475 3198 3663 3243 tamen

390 3276 588 3333 rationi
621 3277 750 3331 huic
777 3290 937 3330 suum
968 3282 1251 3331 constaret
1296 3275 1534 3346 pondus,
1566 3275 1693 3346 quia
1735 3275 1991 3346 utrinque
2025 3274 2167 3330 idem
2213 3277 2372 3339 ordo,
2417 3284 2472 3330 et
2529 3261 2736 3330 eadem
2768 3274 3044 3330 interdum
3077 3277 3307 3346 phrases
3356 3277 3663 3331 observan-

391 3377 502 3423 tur.
548 3365 838 3435 Compara,
869 3378 1078 3435 quaso,
1115 3379 1238 3435 qua
1278 3363 1348 3419 de
1384 3363 1565 3435 primo
1598 3362 2038 3419 Paulicianorum
2075 3377 2263 3418 errore
2297 3362 2442 3433 apud
2478 3372 2729 3418 nostrum
2777 3363 3053 3434 leguntur,
3087 3378 3212 3418 cum
3266 3364 3371 3431 his,
3418 3380 3541 3435 qua
3588 3381 3665 3423 ex

393 3450 578 3509 Siculo
606 3450 799 3507 Latine
832 3448 1111 3523 proferam
1146 3468 1160 3505 :
1203 3470 1222 3503 ι
1249 3448 1492 3507 Primum
1516 3451 1731 3506 illorum
1759 3450 1976 3507 axioma
2004 3461 2112 3518 est,
2144 3452 2254 3507 duo
2276 3467 2459 3506 rerum
2493 3467 2616 3507 esse
2636 3450 2932 3522 principia,
2970 3450 3139 3506 Deum
3172 3451 3379 3507 malum
3409 3461 3464 3507 et
3486 3452 3661 3507 Deum

390 3540 597 3597 bonum
629 3559 644 3595 :
689 3540 966 3611 aliumque
997 3539 1164 3618 hujus
1191 3539 1381 3595 mundi
1411 3540 1758 3597 conditorem
1790 3555 1854 3596 ac
1887 3539 2216 3611 principem,
2253 3549 2310 3596 et
2342 3540 2509 3595 alium
2556 3540 2722 3604 futuri
2752 3540 2874 3597 avi.
2910 3568 2982 3579 -—
3015 3541 3129 3613 Age
3152 3540 3260 3605 die,
3297 3540 3495 3612 inquit,
3525 3541 3666 3612 quid

390 3644 495 3685 nos
517 3645 548 3684 a
576 3627 841 3686 Romanis
871 3627 1150 3686 secernit?
1179 3628 1390 3701 seipsos
1419 3628 1565 3685 enim
1615 3628 1885 3685 exsecrati
1921 3627 2019 3695 illi,
2050 3637 2108 3683 et
2147 3628 2341 3685 nefarii
2380 3644 2716 3700 prorsusque
2748 3628 2947 3701 ingrati
2990 3637 3047 3684 et
3082 3628 3274 3699 perﬁdi
3309 3628 3665 3687 Christianos

389 3726 737 3789 nuncupant,
771 3732 874 3774 nos
920 3726 1106 3773 autem
1156 3730 1286 3771 vere
1331 3716 1559 3781 Christi,
1611 3717 1727 3773 veri
1771 3715 1871 3772 Dei
1924 3716 2096 3772 nostri
2119 3716 2498 3788 cognomines,
2539 3714 2839 3779 Romanos,
2870 3715 3095 3771 ethnico
3124 3717 3348 3772 nomine
3372 3719 3660 3789 proprium

388 3813 702 3876 permutare
729 3805 934 3872 conati,
961 3805 1260 3876 appellant.
1289 3832 1358 3844 -—
1380 3803 1652 3860 Asserunt
1675 3813 1860 3860 autem
1904 3803 2306 3876 sejunctiouem
2337 3819 2489 3859 suam
2520 3818 2552 3858 a
2593 3803 2753 3861 nobis
2782 3802 2837 3856 in
2871 3802 2977 3858 hoc
3012 3803 3336 3871 consistere,
3369 3804 3516 3875 quod
3551 3805 3662 3876 ipsi

386 3895 609 3964 quidem
635 3894 803 3950 alium
834 3894 990 3948 aiant
1020 3908 1143 3948 esse
1168 3892 1342 3947 Deum
1368 3893 1561 3948 mundi
1589 3893 1950 3957 conditorem,
1983 3902 2039 3947 et
2067 3892 2256 3958 alium,
2288 3907 2453 3962 quem
2479 3891 2696 3946 Patrem
2728 3891 3008 3947 calestem
3040 3891 3329 3959 vocabant,
3370 3894 3663 3951 exclusum

380 3998 416 4035 ιι
458 3981 648 4037 mundi
690 3981 1189 4047 administratione,
1220 3979 1446 4049 solaque
1469 3979 1524 4034 in
1552 3980 1862 4036 aeternitate
1890 3978 2288 4035 dominantem.
2332 3997 2351 4031 ι
2384 3977 2517 4034 Uter
2555 3978 2647 4033 hic
2676 3986 2861 4033 utrum
2898 3979 3137 4043 duxerit,
3187 3988 3283 4034 aut
3310 3990 3533 4038 secutus
3558 3982 3657 4049 sit,

384 4070 620 4125 arduum
647 4068 814 4124 fuerit
842 4067 1093 4124 deﬁnire.
1138 4067 1341 4123 IEtatis
1382 4066 1731 4140 investigatio
1771 4068 1862 4124 hic
1894 4082 2011 4122 rem
2041 4083 2154 4122 non
2194 4065 2514 4123 confecerit.
2550 4065 2796 4122 Fuerunt
2823 4066 2971 4123 enim
3007 4066 3265 4136 aequales,
3295 4077 3351 4123 et
3375 4070 3577 4126 saeculo
3600 4087 3659 4128 ιι

383 4154 566 4210 medio
591 4155 932 4210 claruerunt.
974 4154 1256 4218 Photium,
1305 4153 1371 4209 A.
1405 4155 1467 4211 C.
1503 4156 1627 4221 858,
1660 4154 2030 4226 patriarcham
2077 4154 2240 4211 CPoli
2282 4156 2644 4211 constitutum
2677 4169 2799 4210 esse
2844 4164 2899 4210 et
2928 4156 2993 4211 A.
3033 4155 3131 4211 891
3171 4156 3378 4212 obiisse
3412 4168 3649 4215 constat.

379 4242 528 4314 Lege
571 4242 717 4298 hanc
763 4242 820 4298 in
867 4258 982 4297 rem
1033 4241 1339 4298 doctissimi
1388 4242 1816 4313 amicissimique
1855 4243 2020 4298 nobis
2045 4241 2133 4300 Jo.
2163 4241 2372 4298 Alberti
2415 4241 2651 4297 Fabricii
2683 4241 3064 4297 Bibliotheazm
3090 4242 3354 4307 Grrccam,
3385 4254 3516 4300 tom.
3551 4245 3652 4315 IX,

377 4347 436 4402 p.
463 4330 570 4387 369
603 4342 660 4388 et
698 4331 825 4389 370.
876 4329 1098 4386 Petrum
1131 4330 1377 4387 Siculum
1405 4330 1601 4399 eodem
1648 4340 1896 4402 tempore
1925 4331 2124 4387 vixisse
2156 4346 2224 4386 ex
2259 4329 2408 4385 calce
2448 4329 2701 4385 Historia
2734 4330 2855 4399 ejus
2908 4340 3152 4402 apparet.
3187 4330 3440 4388 Referam
3488 4350 3661 4406 argu-

377 4428 624 4474 mentum
656 4419 839 4475 verbis
867 4418 1103 4487 Mgtthai
1134 4417 1360 4485 Raderi,
1391 4418 1619 4475 editoris
1649 4418 1791 4489 ejus,
1828 4434 1951 4490 qua
1998 4418 2052 4473 in
2101 4418 2288 4472 limine
2327 4416 2494 4472 libelli
2552 4418 2623 4472 ita
2660 4417 2916 4488 leguntur
2955 4437 2969 4474 :
3020 4437 3038 4470 ι
3082 4418 3227 4474 Vixit
3258 4418 3454 4475 Petrus
3496 4421 3664 4478 Sicu-

377 4506 464 4562 lus
497 4507 564 4562 A.
592 4506 655 4561 P.
683 4506 746 4563 C.
786 4506 1081 4578 N.gprater
1128 4513 1353 4590 propter
1382 4506 1509 4572 870,
1537 4522 1647 4578 quo
1690 4516 1932 4578 tempore
1970 4522 2040 4563 ex
2073 4506 2306 4577 imperio
2345 4504 2528 4560 Basilii
2578 4513 2633 4560 et
2664 4505 2902 4562 ﬁliorum
2934 4505 3279 4564 Constantini
3322 4499 3379 4565 et
3411 4508 3614 4574 Leonis
3634 4554 3656 4577 ,

300 4677 307 4681 ἤ
377 4601 769 4673 imperatorum
787 4600 1052 4670 Orientis,
1068 4600 1281 4673 legatus
1301 4598 1599 4666 Tibricam,
1620 4600 1893 4655 Armenia
1922 4600 2218 4667 civitatem,
2244 4608 2302 4654 ut
2325 4600 2393 4655 de
2414 4598 2755 4669 captivorum
2785 4600 3186 4670 permutatione
3200 4613 3389 4675 ageret
3409 4645 3424 4670 ,
3447 4606 3665 4667 missus

374 4703 480 4758 est,
504 4708 839 4764 causamque
855 4692 1112 4761 feliciter,
1132 4700 1195 4750 ut
1216 4692 1334 4764 ipse
1353 4694 1618 4750 extremis
1636 4703 1827 4750 narrat
1847 4694 2223 4767 paginis,cum
2241 4709 2446 4760 novem
2477 4693 2712 4750 Tibrica
2741 4708 2964 4751 menses
2992 4704 3241 4753 moratus
3265 4709 3434 4766 esset,
3461 4709 3657 4759 trans-

374 4785 507 4853 vgit.
542 4802 562 4834 ι
595 4782 784 4854 itaque
820 4793 1052 4855 uterque
1103 4799 1404 4857 provocare
1433 4786 1615 4857 potuit
1647 4788 1706 4841 in
1734 4788 1942 4858 scripto
1970 4802 2072 4843 suo
2101 4788 2169 4842 ad
2199 4803 2283 4853 ea,
2330 4802 2453 4857 qua
2476 4802 2508 4842 a
2540 4786 2855 4843 Manichais
2883 4803 2980 4843 sua
3003 4798 3163 4844 atate
3189 4800 3338 4862 gesta
3367 4793 3454 4849 vel
3492 4795 3663 4852 vide-

375 4876 466 4939 rit,
512 4873 600 4928 vel
637 4873 931 4930 audiverit.
973 4873 1056 4930 CI.
1096 4873 1538 4942 Montfauconio,
1590 4894 1647 4950 p.
1690 4878 1796 4934 549
1836 4874 2176 4932 Bibliotheca
2216 4873 2567 4931 Coisliniame
2625 4874 2960 4930 narrationis
3002 4875 3152 4933 illius
3184 4876 3471 4937 Photiana
3520 4898 3665 4953 pars

370 4961 612 5019 maxima
647 4970 708 5017 ut
736 4962 1036 5033 plurimum
1063 4963 1353 5034 desumpta
1383 4964 1603 5021 videtur
1641 4981 1709 5022 ex
1745 4966 1976 5022 historia
2018 4966 2087 5019 de
2116 4974 2256 5020 'ortu
2295 4980 2590 5037 progressu
2638 4974 2695 5021 et
2722 4980 2921 5021 occasu
2957 4965 3384 5025 Manichaorum
3413 4986 3446 5026 a
3479 4972 3663 5041 Petro

372 5050 559 5105 Sicqu
600 5050 898 5120 descripta.
951 5050 1011 5104 In
1056 5050 1309 5107 eamdem
1352 5053 1688 5110 sententiam
1732 5054 1957 5124 penitus
1981 5054 2382 5122 concederem,
2427 5054 2533 5110 nisi
2593 5054 2876 5118 obstaret,
2911 5056 3058 5127 quod
3099 5056 3334 5114 Photius
3355 5060 3411 5116 in
3452 5060 3663 5119 limine

365 5137 703 5193 narrationis
731 5152 845 5193 sua
887 5138 1069 5194 varios
1109 5138 1248 5194 alios
1277 5140 1541 5213 allegans,
1593 5157 1832 5212 quorum
1867 5156 2033 5213 opera
2078 5143 2332 5211 usussit,
2371 5142 2619 5202 Siculum
2648 5151 2901 5201 nostrum
2954 5155 3118 5214 tacet,
3156 5148 3226 5204 ad
3256 5164 3419 5220 quem
3461 5159 3662 5209 tamen

363 5242 469 5296 pro
515 5227 777 5291 candore,
827 5224 924 5297 qui
969 5225 1212 5296 alioquin
1262 5227 1319 5283 in
1368 5243 1437 5285 eo
1468 5228 1814 5297 observatur,
1844 5230 1951 5287 hoc
1976 5234 2169 5305 magis,
2200 5235 2473 5305 siquidem
2519 5251 2583 5292 ea
2618 5252 2753 5293 usus
2790 5236 3008 5302 fuisset,
3051 5249 3450 5309 provocaturus
3474 5241 3669 5301 fuisse

362 5312 799 5384 videtur,«quod
828 5312 1008 5382 ipsum
1055 5313 1222 5369 rebus
1250 5325 1441 5372 contra
1476 5314 1805 5373 Manichaos
1843 5320 2008 5389 gestis
2040 5321 2357 5378 interfuisse
2397 5338 2464 5379 ex
2496 5324 2620 5394 ipsa
2655 5325 3119 5381 commentatione
3143 5337 3351 5384 nosset.
3385 5327 3660 5391 Vicissim

361 5398 451 5451 vix
478 5400 594 5454 veri
623 5401 847 5484 videtur
872 5401 1073 5468 simile,
1103 5400 1328 5458 Petrum
1379 5402 1627 5458 Siculum
1665 5405 1847 5462 Photii
1881 5406 2092 5463 forulos
2123 5408 2470 5479 compilasse,
2496 5410 2554 5465 in
2585 5410 2782 5481 primis
2814 5410 2871 5465 in
2902 5411 2990 5479 iis,
3023 5428 3145 5482 qua
3172 5415 3241 5468 ad
3274 5416 3669 5473 recentiorum

359 5484 819 5552 Manichaeorum,
854 5503 952 5543 seu
991 5486 1462 5555 Paulicianorum,
1494 5490 1779 5549 historiam
1824 5484 2096 5565 spectant.
2138 5496 2222 5551 Ad
2268 5512 2390 5551 eam
2422 5497 2571 5552 enim
2602 5498 2955 5554 scribendam
2984 5499 3279 5557 invitatum
3319 5511 3377 5557 et
3421 5518 3671 5573 permo-

358 5581 482 5627 tum
511 5588 573 5631 se
613 5574 692 5630 ait
719 5573 991 5645 legatione
1025 5576 1193 5645 regia,
1221 5593 1326 5647 qua
1354 5578 1409 5632 in
1437 5578 1573 5644 oris,
1626 5579 1716 5635 his
1752 5581 2072 5639 hominibus
2099 5583 2339 5650 refertis,
2382 5584 2709 5655 perfunctus
2732 5585 2826 5641 sit.
2874 5584 3058 5644 Verba
3084 5588 3159 5644 ita
3193 5590 3398 5645 habent
3426 5588 3669 5653 Latine.

359 5682 418 5737 p.
445 5666 515 5722 5:
541 5685 561 5718 ι
589 5667 735 5738 Ergo
759 5681 889 5722 vero
919 5666 1180 5725 inductus
1215 5669 1294 5723 rei
1325 5669 1659 5725 necessitate
1684 5670 1793 5728 hoc
1810 5674 2057 5729 muneris
2081 5674 2323 5745 suscepi.
2341 5676 2562 5746 quando
2578 5678 2727 5747 regia
2758 5677 3030 5750 legatione
3059 5678 3456 5750 perfuncturus
3487 5682 3558 5737 ad
3576 5697 3672 5741 ea

356 5758 482 5812 lora
512 5758 743 5822 accessi,
770 5758 889 5829 ipso
926 5759 1142 5815 excidio
1166 5761 1381 5831 imperii
1405 5760 1588 5817 Basilii
1615 5761 1794 5834 Magni
1826 5764 2177 5834 imperatoris
2200 5768 2398 5833 nostri,
2422 5781 2455 5822 a
2489 5765 2605 5824 Deo
2630 5752 2863 5834 delecti,
2893 5779 3003 5825 etc.
3035 5769 3209 5826 Porro
3236 5771 3448 5844 legatus
3474 5773 3674 5844 ibam,

356 5857 422 5903 ut
442 5848 510 5903 de
534 5849 872 5921 captivorum
903 5852 1307 5921 permutatione
1327 5867 1572 5924 agerem,
1610 5863 1719 5911 etc.
1747 5855 1980 5914 Tibrica
2007 5859 2173 5933 igitur
2194 5859 2480 5931 legationis
2501 5861 2769 5920 obeunda
2806 5877 2972 5919 causa
3003 5864 3146 5935 apud
3179 5863 3680 5929 Paulicianosdiu
