3986 6432
323 370 389 434 13
1173 368 1254 429 ΙΝ
1302 370 1535 430 ΡΗΟΤΙ
1546 370 1569 428 Ι
1618 369 1892 430 LIBROS

2028 369 2233 430 NTRA
2274 371 2750 432 MANICII/EOS.
3534 367 3602 434 ιι

321 489 583 542 moratus,
605 493 749 549 stepe
784 478 1116 548 disputando
1147 495 1270 534 cum
1301 481 1407 533 illis
1435 494 1553 534 sum
1574 494 1921 550 congressus,
1942 477 2268 549 illornmque
2310 496 2506 534 arcana
2538 481 2718 535 omnia
2742 495 2839 550 per
2871 480 3185 537 Catholicos
3208 481 3372 537 etiam
3403 478 3476 537 ibi
3502 483 3600 536 de-
3626 512 3634 518 -

320 580 509 640 gentes
529 569 748 621 curiose
774 567 1118 635 investigavi,
1155 586 1172 618 ι
1207 577 1313 622 clc.
1345 566 1443 621 llic
1469 568 1675 621 clarum
1708 577 1810 631 est,
1841 566 2060 620 Petrum
2086 566 2255 620 videri
2282 566 2420 621 velle
2446 584 2633 621 eorum
2658 578 3019 634 narratorem,
3050 584 3172 638 quae
3206 567 3291 623 vel
3313 576 3460 639 gesta
3484 568 3601 638 ipsa

320 656 535 719 viderit,
563 655 647 709 vel
693 669 760 708 ex
791 654 1093 722 aequalibus
1131 664 1187 708 et
1214 654 1528 709 Manichteis
1548 655 1842 709 audiverit.
1880 653 2132 708 Fortasse
2163 654 2344 723 itaque
2372 655 2451 708 sic
2480 657 2832 710 statuendum
2864 655 3047 720 fuerit,
3079 654 3303 710 Petrum
3349 656 3600 709 Siculum

321 742 501 796 Photii
532 741 1057 796 commentationem
1087 751 1214 797 ante
1240 742 1428 798 oculos
1452 742 1711 797 habuisse
1732 742 1784 795 in
1811 743 2117 796 enarranda
2148 751 2395 795 veterum
2424 741 2847 798 Manichaeorum
2880 736 3182 797 liistoria'et
3205 742 3475 805 doctrina,
3500 743 3601 796 de-

324 828 475 889 inde,
510 844 642 883 vero
664 829 758 882 ubi
800 829 871 883 ad
898 830 1270 884 recentiorum
1303 845 1392 885 res
1423 830 1571 900 (nam
1596 831 1862 884 ethorum
1889 830 2165 885 doctrinas
2188 829 2378 883 eodem
2406 831 2587 894 modo,
2624 846 2730 899 quo
2753 830 3002 894 Pliotius,
3036 829 3308 896 recenset)
3327 844 3601 899 pervene-

325 925 425 975 rat,
449 916 732 986 proprium
758 916 991 971 fundum
1015 918 1378 972 consuluisse.
1402 916 1470 971 Et
1495 932 1626 971 sane
1656 918 1922 972 minorem
1953 918 2005 971 in
2028 926 2270 971 extrema
2291 917 2605 972 narratione
2626 919 2770 973 inter
2790 929 3084 989 utrumque
3125 918 3447 987 scriptorem
3468 932 3603 971 con-

325 1004 657 1057 venientiam
688 1004 1123 1074 deprehendisse
1161 1006 1297 1060 mihi
1332 1006 1541 1067 videor,
1574 1020 1737 1075 quam
1762 1020 1884 1074 quae
1915 1004 1970 1057 in
2005 1002 2193 1057 limine
2223 1012 2279 1057 et
2301 1004 2719 1059 continuatione
2742 1005 2925 1075 operis
2949 1012 3197 1074 apparet.
3218 1003 3345 1058 Veri
3382 1017 3602 1073 quoque

322 1103 406 1143 est
431 1091 685 1153 similius,
716 1091 938 1145 Petrum
976 1092 1249 1156 Siculum,
1278 1092 1600 1163 scriptorem
1641 1102 1836 1145 czetera
1869 1089 2227 1161 incognitum,
2262 1090 2498 1159 peritum
2530 1092 2747 1156 ducem,
2780 1108 2941 1161 quem
2970 1100 3312 1162 sequeretur,
3343 1090 3598 1161 elegisse,

323 1194 487 1245 quam
519 1178 797 1243 Photium,
836 1180 1116 1234 hominem
1148 1181 1200 1233 in
1233 1180 1527 1235 scribendo
1553 1178 2092 1234 exercitatissimum.
2130 1174 2353 1232 Monere
2391 1178 2630 1248 denique
2674 1189 2730 1233 et
2770 1180 2875 1233 hoc
2915 1179 3098 1243 liceat,
3142 1178 3388 1233 Siculum
3420 1192 3600 1246 atque,

322 1282 387 1318 ac
419 1264 699 1328 Pbotium.
739 1283 793 1337 p.
827 1268 891 1320 I7
939 1278 995 1321 et
1027 1269 1091 1321 ‘2l
1142 1268 1396 1322 Ilistortw
1429 1284 1543 1322 suae
1581 1267 1903 1338 promittere
1931 1265 2360 1323 confutationem
2403 1267 2817 1333 Maniehteismi,
2863 1266 2972 1320 imo
3015 1266 3205 1321 eadem
3251 1266 3601 1336 perfunctum

323 1366 469 1413 esse,
502 1368 587 1415 ea,
620 1369 740 1421 quae
785 1354 984 1409 Photio
1022 1371 1081 1409 se
1110 1355 1381 1424 probavit,
1422 1355 1652 1409 ratione.
1694 1355 1941 1410 Raderus
1966 1354 2133 1418 enim,
2164 1353 2191 1425 §
2222 1356 2254 1409 4
2282 1355 2729 1409 Praamonitionis
2754 1370 2868 1410 sua:
2896 1355 2962 1409 ad
3003 1353 3171 1409 Siculi
3224 1353 3496 1419 libellum,
3533 1370 3603 1410 ex

320 1438 441 1493 Jac.
486 1438 761 1495 Sirmundi
823 1444 929 1495 title
987 1443 1171 1506 refert,
1230 1444 1461 1496 duorum
1515 1443 1775 1511 capitum,
1831 1456 1900 1495 ex
1962 1455 2058 1497 sex
2104 1443 2234 1509 illis,
2301 1444 2369 1498 de
2421 1443 2622 1513 quibus
2675 1442 2838 1497 modo
2895 1443 3155 1508 diximus,
3213 1442 3602 1498 refutationem

324 1536 545 1581 exstare
602 1528 655 1580 in
702 1528 1036 1583 bibliotheca
1076 1529 1334 1583 Vaticana
1397 1545 1562 1582 manu
1624 1540 1924 1591 exaratam,
1991 1538 2224 1600 eamque
2289 1545 2355 1586 ex
2428 1530 2594 1585 nudis
2659 1546 2830 1601 prope
2891 1531 3200 1585 divinarum
3268 1530 3601 1586 Litterarum

326 1615 660 1669 testimoniis
682 1626 1019 1671 contextam.
1044 1617 1190 1671 Idem
1225 1618 1330 1671 hoc
1366 1616 1560 1671 Pliotio
1590 1632 1736 1672 cura:
1756 1615 2099 1686 potissimum
2118 1617 2286 1672 fuisse
2313 1633 2422 1671 non
2458 1617 2697 1689 negabit,
2725 1617 2815 1689 qui
2844 1618 3044 1673 librum
3073 1618 3193 1688 ejus
3242 1634 3281 1673 ιι
3317 1619 3403 1673 vel
3424 1619 3606 1674 obiter

326 1703 652 1772 inspexerit.

394 1790 669 1860 Quidquid
720 1793 887 1863 hujus
928 1792 1052 1857 erit,
1087 1793 1430 1847 eruditorum
1475 1807 1587 1846 non
1637 1809 1779 1846 unus
1815 1792 2035 1862 dignum
2087 1791 2304 1846 censuit
2361 1791 2467 1845 hoc
2515 1806 2676 1861 opus,
2721 1791 2870 1862 quod
2911 1792 2964 1845 in
3002 1793 3180 1847 lucem
3213 1794 3491 1849 ederetur.
3527 1792 3604 1849 Ita

324 1878 669 1935 Abrahamus
720 1880 1201 1944 Ilinckelmannus,
1236 1883 1263 1933 ὀ
1294 1882 1629 1951 μακαρίτης,
1660 1881 2028 1949 praedecessor
2072 1896 2248 1940 meus,
2276 1880 2343 1934 de
2374 1879 2578 1933 Graecis
2612 1880 2766 1934 libris
2794 1895 2907 1935 non
2940 1880 3123 1936 minus
3155 1883 3410 1951 praeclare
3439 1899 3603 1952 quam

326 1969 394 2021 de
422 1967 819 2033 Orientalibus,
860 1970 1281 2038 promeriturus,
1314 1969 1420 2022 luci
1451 1968 1502 2022 id
1534 1984 1654 2022 cum
1687 1968 1939 2021 versione
1962 1982 2058 2021 sua
2081 1967 2292 2033 Latina,
2326 1968 2483 2036 cujus
2506 1980 2718 2037 partem
2757 1968 3083 2038 perfecerat,
3110 1970 3437 2025 destinabat.
3471 1970 3608 2025 Vide

326 2055 683 2109 Detectionem
708 2058 1042 2128 fundamenti
1080 2056 1384 2120 Bri/uniuni,
1408 2072 1465 2126 p.
1499 2056 1567 2110 5'2
1597 2066 1651 2108 et
1681 2056 1807 2109 125.
1840 2054 1989 2108 Illius
2018 2055 2337 2124 ἀπόγραφον
2378 2071 2485 2109 una
2518 2071 2641 2109 cum
2691 2055 3009 2126 Serapionis
3052 2067 3107 2111 et
3145 2058 3253 2112 Titi
3292 2057 3606 2114 Bostrensis

325 2144 886 2197 commentationibus
915 2158 1081 2211 supra
1114 2144 1450 2207 memoratis,
1480 2143 1704 2198 devenit
1734 2153 1919 2211 postea
1956 2143 2009 2195 in
2034 2159 2229 2197 manus
2251 2142 2464 2197 Sebast.
2500 2143 2755 2198 Gottfridi
2788 2144 3015 2199 Starckii
3037 2185 3050 2206 ,
3084 2146 3410 2215 professoris
3430 2162 3609 2216 quon-

322 2231 451 2283 dam
483 2231 793 2301 linguarum
827 2229 1094 2284 Oriental.
1125 2230 1661 2301 Gryphiswaldensis
1708 2246 1773 2284 ac
1814 2230 2014 2285 deinde
2073 2231 2275 2285 scholae
2306 2232 2579 2300 equestris
2633 2232 3182 2304 Braudenburgensis
3217 2236 3603 2300 moderatoris,

324 2320 417 2388 qui
451 2319 616 2373 telam
652 2320 721 2372 ab
751 2318 1185 2373 Ilinckelmanno
1227 2329 1459 2389 emptam
1518 2329 1867 2389 pertexturus
1921 2329 2054 2382 erat,
2089 2320 2135 2373 si
2189 2335 2285 2389 per
2332 2319 2438 2373 fata
2474 2320 2741 2374 licuisset.
2786 2320 2930 2392 Lege
2954 2321 3099 2376 illius
3128 2323 3502 2392 praefationem
3534 2324 3603 2378 ad

326 2411 527 2463 librqu
561 2406 742 2461 Kelila
771 2407 1083 2471 l‘l'adimua,
1121 2407 1308 2463 Grzece
1344 2409 1413 2462 ab
1444 2408 1564 2478 ipso
1598 2409 1828 2470 editum,
1881 2407 1935 2461 in
1983 2408 2151 2472 calce,
2194 2416 2245 2461 et
2290 2407 2482 2462 confer
2520 2407 2601 2461 Cl.
2644 2407 2862 2463 Martini
2912 2408 3186 2464 Dietericb
3254 2412 3607 2482 Programma

326 2498 631 2568 singulare,
659 2496 902 2551 Berolini
940 2513 1033 2551 an.
1067 2496 1196 2550 l7”
1235 2497 1537 2567 vulgatum,
1567 2506 1623 2551 et
1665 2495 1944 2549 memoria:
1981 2493 2080 2549 viri
2112 2494 2303 2564 optimi
2338 2495 2695 2549 destinatum.
2739 2494 2889 2549 Idem
2931 2496 3149 2551 animus
3180 2499 3280 2552 fuit
3313 2498 3611 2555 Laurentio

324 2585 636 2639 Alexandro
662 2584 931 2654 Zacagnio
961 2600 1125 2653 supra
1160 2584 1402 2649 laudato,
1449 2584 1593 2653 quod
1626 2599 1696 2637 ex
1719 2581 2046 2637 Praefatione
2075 2583 2196 2653 ejus
2227 2584 2296 2638 ad
2335 2592 2545 2637 tomum
2591 2583 2611 2636 l
2666 2581 3125 2639 Collectaneorum
3151 2586 3608 2643 Monumeutorum
3662 2650 3665 2651 ν

329 2685 561 2729 ceterum
593 2672 847 2727 Ecclesia:
891 2673 1111 2738 (It-(ecce,
1153 2690 1206 2743 p.
1260 2673 1349 2738 15,
1392 2672 1755 2743 intelligitur:
1808 2688 1825 2721 ι
1863 2669 1971 2725 Sed
2008 2679 2068 2724 ut
2114 2669 2183 2723 ad
2231 2669 2588 2733 Archelaum,
2635 2670 2814 2740 inquit
2854 2671 2920 2737 is,
2962 2673 3203 2741 redeam,
3248 2685 3467 2745 reperto
3506 2677 3613 2733 hoc

329 2762 708 2815 vetustissimo
737 2761 1004 2814 adversus
1026 2760 1355 2817 Manichacus
1377 2761 1575 2830 Opere,
1597 2760 1662 2814 ad
1684 2758 1905 2814 nefariae
1921 2758 2242 2813 eorumdem
2261 2759 2547 2829 haereseos,
2566 2758 2851 2814 historiam
2874 2761 3331 2818 conscribendam
3363 2764 3610 2818 animum

328 2850 567 2909 admovi.
589 2850 752 2918 eique
784 2866 892 2902 non
923 2850 1084 2903 modo
1113 2849 1379 2920 integram
1407 2848 1659 2902 Archelai
1692 2845 2143 2916 disputationem,
2178 2846 2271 2900 sed
2304 2855 2359 2901 et
2401 2846 2581 2901 Pliotii
2610 2848 2937 2916 patriarchae
2966 2848 3075 2905 (ΣΡ.
3106 2850 3273 2906 libros
3301 2850 3369 2904 IV
3412 2852 3614 2907 adver--

328 2954 423 2992 sus
459 2937 794 2992 Manielueos
826 2954 926 2992 suo
975 2947 1221 3007 tempore
1253 2938 1449 2992 iterum
1487 2924 1726 3001 exortes,
1762 2935 1977 3004 aliaque
2027 2933 2193 2986 multa
2239 2933 2421 2987 adhuc
2465 2933 2672 2989 inedita
2719 2936 3021 3007 magnique
3063 2937 3313 2992 facienda
3364 2949 3611 2993 veterqu

329 3036 617 3081 auctorum
645 3026 867 3095 scripta,
917 3026 1239 3096 appendicis
1278 3027 1399 3080 loco
1432 3026 1764 3095 subjungcre
1790 3025 2140 3078 decreveram
2179 3041 2191 3074 :
2237 3022 2333 3077 sed
2370 3022 2818 3078 doctissimorum
2862 3024 3105 3080 virorum
3137 3027 3367 3081 consilio
3408 3027 3612 3081 factum

330 3124 434 3179 est,
484 3126 543 3168 ut
573 3114 630 3168 in
658 3122 1008 3167 antecessum
1051 3125 1173 3167 aeta
1216 3113 1320 3168 ista
1352 3113 1407 3167 in
1450 3113 1628 3182 primo
1658 3112 2011 3168 Collectionis
2038 3121 2240 3167 nostrm
2285 3122 2433 3168 tomo
2464 3113 2781 3172 ederentur.
2818 3134 2838 3167 ι
2891 3114 3100 3170 Ilorum
3143 3116 3328 3185 itaque
3362 3116 3613 3189 exemplo

329 3201 603 3255 adductus
644 3201 712 3254 de
746 3200 1085 3270 perﬁciendo
1122 3200 1230 3255 hoc
1264 3199 1484 3270 negotio
1517 3200 1630 3268 jam
1660 3206 1790 3253 ante
1824 3198 2031 3268 aliquot
2062 3216 2257 3264 annos,
2297 3201 2585 3255 consilium
2616 3202 2759 3271 cepi,
2788 3218 2967 3272 nuper
3014 3218 3146 3257 vero
3175 3204 3319 3258 serio
3351 3206 3610 3274 cogitavi.

330 3300 623 3360 postquam
661 3287 771 3341 vidi
816 3289 895 3341 Cl.
927 3287 1190 3343 Iacobum
1223 3289 1478 3358 Basnag.,
1517 3288 1570 3341 in
1603 3285 1916 3356 Specimine
1949 3302 2124 3349 novre,
2156 3303 2319 3356 quam
2348 3289 2611 3359 suscepit,
2648 3289 2907 3344 editionis
2934 3291 3290 3360 Antiquarum
3326 3292 3610 3347 lectionum

328 3377 560 3441 Canisii,
591 3376 910 3445 Serapionis
940 3384 990 3429 et
1021 3375 1126 3430 Titi
1164 3375 1473 3430 Bostrensis
1505 3375 1708 3443 scripta
1755 3382 1943 3428 contra
1986 3374 2316 3429 Manichaeos
2361 3390 2424 3429 ex
2466 3376 2781 3448 apngrapho
2804 3376 3009 3431 codicis
3049 3377 3412 3443 Holsteniani,
3463 3382 3611 3450 quod

328 3483 363 3521 a
396 3466 455 3520 S.
492 3466 690 3519 Rever.
723 3463 809 3517 Jo.
849 3462 1129 3518 Friderico
1163 3462 1509 3526 Wincklero,
1548 3462 1751 3533 collega
1801 3477 1925 3515 meo
1968 3461 2444 3530 conjunctissimo,
2497 3464 2731 3533 accepit,
2764 3464 2951 3519 Graece
2980 3465 3242 3532 edidisse,
3288 3482 3412 3522 eum
3445 3477 3606 3523 antea

332 3555 405 3609 ibi
449 3552 650 3607 Latine
680 3561 893 3606 tantum
932 3552 1268 3622 legerentur.
1301 3550 1627 3605 Consultum
1674 3551 1860 3619 itaque
1895 3551 2175 3619 putabam,
2220 3549 2457 3616 efficere,
2493 3560 2555 3605 ut
2603 3551 2875 3607 triumviri
2908 3551 3018 3616 isti,
3057 3568 3197 3623 quos
3224 3554 3418 3609 eodem
3450 3555 3608 3610 volu-

332 3642 479 3695 miue
515 3656 616 3714 ms.
655 3639 879 3708 junetos
924 3639 1197 3703 videbam,
1243 3638 1457 3708 publice
1493 3637 1548 3692 in
1576 3644 1855 3707 posterum
1883 3652 1992 3692 non
2026 3646 2216 3692 essent
2258 3638 2540 3707 disjuncti,
2581 3638 2636 3692 in
2680 3638 2873 3707 primis
2902 3654 3029 3693 eum
3056 3640 3321 3707 viderem,
3353 3642 3606 3698 Pbotium

318 3729 390 3781 ‘in
417 3726 820 3781 Confutatione
878 3740 976 3779 sua
1027 3725 1262 3779 duorum
1309 3725 1539 3779 istorum
1583 3724 1827 3779 laborem
1870 3725 2146 3794 supplere.
2205 3724 2282 3779 Illi
2324 3724 2492 3787 enim,
2527 3733 2588 3779 ut
2636 3726 2704 3780 de
2751 3724 2980 3779 historia
3025 3726 3300 3782 haereseos
3344 3729 3609 3798 pestilen-

334 3814 558 3868 tissima:
583 3820 787 3876 tacent,
826 3826 1159 3882 erroresque
1190 3811 1339 3881 ipsos
1389 3810 1751 3881 argumentis,
1779 3825 1841 3865 ex
1880 3811 2092 3867 ratione
2121 3819 2176 3867 ct
2208 3811 2557 3882 philosophia
2606 3812 2815 3882 petitis,
2852 3822 3206 3885 oppugnant;
3256 3816 3332 3870 ita
3380 3815 3610 3873 Pbotius

337 3903 650 3958 narratione
693 3901 955 3957 historica
993 3900 1210 3975 egregie
1259 3900 1628 3971 perfungitur,
1678 3914 1744 3955 ac
1773 3898 2017 3955 furorem
2049 3900 2267 3955 illorum
2296 3900 2585 3955 hominum
2620 3914 2685 3955 ex
2730 3898 3013 3971 Scriptura
3052 3900 3322 3957 diviniore
3381 3918 3611 3974 compe-

334 3990 596 4047 scendum
638 3989 891 4059 sumpsit.

402 4080 483 4134 Ita
514 4080 662 4133 enim
708 4079 952 4132 rationes
987 4092 1115 4131 suas
1162 4076 1219 4131 in
1253 4082 1369 4130 toto
1406 4090 1575 4144 opere
1609 4075 1716 4129 hoc
1747 4073 1985 4130 instituit
2027 4074 2277 4143 Photius,
2321 4084 2384 4131 ut
2422 4075 2518 4130 lib.
2550 4091 2566 4131 ι
2600 4085 2810 4131 tantum
2838 4076 3127 4133 historiam
3156 4077 3352 4144 tradat,
3386 4078 3610 4150 reliquis

330 4182 462 4222 vero
507 4166 756 4236 potiores
806 4180 997 4219 eorum
1050 4178 1267 4218 errores
1314 4160 1599 4233 proﬂiget;
1651 4171 1815 4232 atque
1858 4163 2017 4230 adeo,
2080 4162 2173 4217 lib.
2216 4179 2290 4228 ιι,
2350 4173 2539 4219 contra
2585 4178 2680 4218 eos
2733 4164 2970 4228 evincat,
3026 4163 3195 4219 Deum
3242 4166 3495 4221 eumdem
3555 4183 3611 4223 et

331 4254 547 4308 animas
583 4263 640 4311 et
669 4267 899 4322 corpora
941 4261 998 4306 et
1031 4260 1227 4306 cretera
1261 4250 1516 4305 sensibus
1548 4249 1794 4319 subjecta
1831 4250 2177 4316 condidisse;
2222 4250 2320 4305 lib.
2353 4266 2437 4317 tu,
2470 4249 2655 4306 Veteri
2698 4250 3051 4307 Testamento
3077 4252 3342 4324 originem
3370 4254 3609 4311 divinam

332 4342 605 4407 viuiicet;
644 4356 720 4405 iv,
756 4340 995 4407 denique
1039 4338 1188 4392 varia
1233 4344 1464 4407 repetat,
1503 4337 1567 4391 ad
1615 4337 1808 4392 eadem
1842 4346 2165 4409 argumenta
2216 4338 2571 4409 pertinentia,
2608 4346 2665 4393 et
2717 4340 3135 4409 exceptionibus
3180 4339 3609 4397 Manichaeorum

333 4429 614 4483 nonnullis
644 4426 964 4482 satisfaciat.
1005 4425 1079 4480 De
1122 4424 1306 4487 titulo,
1358 4439 1522 4494 quem
1558 4424 1697 4479 libro
1749 4441 1785 4479 u
1820 4426 2102 4496 praefixum
2134 4426 2369 4491 videbis,
2405 4427 2479 4481 ita
2520 4427 2688 4482 habe.
2724 4427 2777 4481 Is
2802 4444 2912 4483 non
2958 4438 3066 4484 tam
3100 4428 3346 4499 proxime
3369 4436 3424 4482 et
3454 4430 3611 4500 sigila

332 4517 483 4570 latim
514 4516 581 4570 ad
610 4515 813 4570 librum
849 4514 1001 4568 illum
1037 4528 1199 4582 quam
1236 4512 1304 4566 ad
1358 4511 1597 4580 reliquos
1638 4512 1777 4567 duos
1826 4513 2082 4582 pertinet,
2130 4523 2185 4568 et
2212 4513 2520 4585 generalem
2543 4514 2725 4584 operis
2748 4514 3184 4585 inscriptionem,
3217 4514 3286 4568 ab
3307 4513 3412 4568 alia
3443 4530 3610 4570 manu

332 4604 658 4674 profectam,
713 4601 877 4665 sistit,
910 4602 1178 4669 docetque
1206 4599 1354 4670 quod
1408 4599 1541 4653 illud
1600 4599 1654 4653 in
1689 4601 2074 4671 oppugnandis
2114 4599 2427 4655 Manicbaeis
2457 4616 2762 4671 eorumque
2808 4601 3221 4672 exceptionibus
3276 4602 3611 4671 repellendis

333 4701 658 4761 occupetur.
708 4689 988 4745 Promittit
1034 4688 1182 4743 enim
1242 4687 1502 4759 Ἀπορὶας
1532 4687 1628 4740 καὶ
1665 4687 1849 4763 adeat;
1879 4705 1907 4741 τ

2037 4687 2365 4758 ἡανιχαίωη
2405 4687 2511 4743 hoc
2540 4696 2645 4757 est,
2675 4687 2852 4743 Dubia
2893 4688 3303 4744 Manichaeorum
3326 4705 3611 4762 eorumque

332 4780 637 4833 solutiones.
1574 4826 1579 4829 τ
2936 4784 2941 4787 Δ

410 4868 482 4921 De
527 4867 697 4933 notis,
747 4881 883 4935 quas
920 4865 1126 4931 addidi,
1170 4864 1243 4919 ita
1294 4863 1567 4920 existima.
1610 4863 1667 4918 In
1701 4864 1848 4919 Iib.l
1898 4862 2221 4919 illustrando
2271 4863 2543 4928 diffusior,
2581 4864 2634 4919 in
2683 4864 2857 4920 altero
2899 4863 3117 4936 parcior
3144 4864 3247 4931 fui,
3296 4864 3351 4920 in
3383 4865 3610 4936 reliquis

334 4956 478 5011 idem
505 4956 748 5011 futurus.
773 4954 1046 5009 Historica
1073 4954 1222 5009 enim
1254 4953 1343 5008 illa
1371 4953 1505 5008 hinc
1526 4954 1655 5009 inde
1683 4954 1770 5009 vel
1813 4954 1936 5007 luce
1966 4968 2031 5007 ex
2061 4952 2412 5021 antiquitate,
2440 4953 2527 5007 vel
2558 4951 2758 5008 robore
2781 4969 2847 5009 ex
2875 4955 3351 5013 consentientibus
3376 4954 3609 5012 aliorum

338 5044 669 5100 testimoniis
698 5043 967 5116 indigere,
1007 5042 1248 5099 vicissim
1274 5056 1408 5099 vero
1432 5042 1737 5113 dogmatica
1774 5056 1872 5097 sua
1901 5040 2121 5097 radiare
2160 5040 2284 5096 luce
2311 5039 2451 5096 mihi
2478 5040 2826 5096 videbantur.
