3986 6460
331 349 400 416 21
1388 349 1690 410 CONTRA
1728 346 2189 409 MANICHIEOS
2237 347 2468 407 LIBER
2509 347 2563 409 Ι.

3536 348 3612 413 22

395 465 469 516 A'.
494 459 659 517 Μετά
678 458 853 516 δὲ’τδν
875 458 1187 526 Σιλουανδν,
1209 460 1436 532 Συμεὼν
1467 460 1650 516 αὐτῶν
1671 459 1767 513 τοῦ
1787 459 1918 512 δυσ-

2093 455 2182 512 1V.
2219 455 2348 512 Post
2395 456 2674 512 Silvanum
2709 455 2894 526 impiae
2930 454 3191 512 doctrinae
3232 439 3610 531 magisterium

324 552 519 617 σεϐοῦς
537 552 924 606 διδασκαλείου
939 553 1293 623 προΐσταται,
1320 553 1480 630 Τίτοον
1498 553 1591 607 καὶ
1614 552 1778 616 αὐτὸς
1804 552 1920 623 (28)

322 645 514 698 ἑαυτὸν
548 641 1095 713 μετοωμασάμενος.
1142 641 1306 712 Ἑξῆς
1329 642 1388 696 δὲ
1423 643 1712 714 Ἀρμένιος
1737 643 1918 711 γένος,

321 733 645 804 Γετναίσιος
690 733 808 804 (29)
851 732 1044 804 ὄνομα,
1101 733 1467 805 μετακληθεὶς
1513 736 1596 796 είς
1627 735 1916 804 Τιμόθεον.

318 829 434 881 Καὶ
455 827 725 898 τέταρτος
758 825 960 897 Ἰωσὴφ
979 827 1010 879 ὁ
1029 827 1114 904 είς
1148 827 1549 898 Ἐπαφρόδιτον
1579 828 1923 898 μεταόεὸλη-

324 918 488 988 μένος
536 919 603 972 τὸ
641 919 860 990 κύριον.
894 915 1031 973 Εἶτα
1065 921 1370 990 Ζαχαρίας,
1418 920 1479 973 ὅν
1526 921 1628 975 οὐκ
1657 921 1917 994 ἐλαχίστη

327 1012 490 1081 μοῖρα
523 1010 804 1082 αἱρέσεως
841 1010 1117 1082 μισθωτόν
1153 1028 1214 1064 τε
1242 1013 1463 1082 ἡγεῖται
1502 1013 1598 1067 καὶ
1643 1013 1743 1083 τῆς
1771 1012 1920 1066 διδα-

325 1101 601 1169 animi};
642 1100 826 1156 αὐτῶν
863 1101 1163 1173 προεδρίας
1210 1101 1452 1167 ἀνάξιον.
1501 1103 1701 1167 Ἕκτος
1735 1104 1924 1166 αὐτοῖς

323 1185 636 1256 ιπιγίνεται
667 1187 887 1259 Βαάνης
917 1189 947 1241 ὀ
985 1187 1256 1259 ῥυπαρὸς,
1294 1188 1380 1258 ἐφ’
1420 1183 1500 1253 οἷς
1552 1188 1782 1260 ἕϐδομον
1827 1190 1924 1243 καὶ

323 1277 638 1332 τελευταῖον
669 1278 844 1332 κακὸν
875 1276 1104 1350 Σέργιος
1133 1277 1460 1347 ἀναφύεται,
1490 1279 1572 1342 είς
1601 1279 1838 1350 Τυχικὸν
1865 1278 1924 1332 δὲ

322 1370 424 1423 καὶ
472 1371 643 1435 αὐτὸς
689 1371 886 1425 ἑαυτὸν
935 1370 1326 1440 μετεκάλεσεν.
1394 1371 1536 1426 Ἀλλ’
1575 1374 1625 1427 oi
1675 1373 1778 1446 μὲν
1823 1375 1923 1446 τῆς

324 1463 678 1526 ἀποστασίας
720 1462 902 1517 αὐτῶν
941 1463 1278 1529 διδάσκαλοι,
1328 1466 1424 1534 ἀφ’
1466 1457 1528 1518 οὗ
1559 1465 1662 1536 τῆς
1707 1465 1922 1519 Παύλου

325 1557 692 1626 μετωνυμίας
721 1556 918 1627 ἔλαχεν
951 1557 1016 1611 τὸ
1045 1557 1416 1612 ἀποστατικδν
1448 1557 1607 1612 τοῦτο
1637 1558 1734 1613 καὶ
1762 1558 1920 1629 μισό-

329 1663 556 1717 χριστον
608 1646 925 1718 σύνταγμα,
979 1648 1142 1720 μέχρι
1191 1647 1288 1701 τοῦ
1318 1648 1440 1702 καθ’
1496 1650 1648 1720 ἡμᾶς
1693 1650 1923 1721 ἥκοντος

328 1736 529 1807 χρόνου
555 1736 651 1790 ἐπὶ
674 1737 934 1791 τοσοῦτον
962 1737 1342 1810 προήχθησαν.
1385 1739 1595 1794 Ἐκεῖνο
1617 1738 1677 1793 δὲ
1701 1739 1784 1793 δεῖ
1810 1739 1922 1810 (50)

2021 550 2233 606 obtinet
2273 548 2520 612 Simeon,
2555 548 2648 618 qui
2680 563 2882 602 nomen
2912 556 2970 602 et
2993 548 3113 618 ipse
3143 565 3302 604 suum
3337 550 3392 603 in
3423 551 3609 608 Titum

2023 641 2418 698 commutavit:
2451 640 2650 696 deinde
2695 641 2990 696 Armenius
3023 641 3244 710 quidam
3278 652 3440 713 gente
3465 684 3480 706 ,
3508 661 3611 698 no-

2023 734 2173 789 mine
2205 726 2548 804 Gegnazsius,
2583 732 2675 802 qui
2712 747 2912 786 nomen
2943 748 3104 786 suum
3136 732 3302 788 vertit
3333 733 3388 788 in
3423 732 3614 789 Timo-

2027 827 2232 882 theum.
2264 825 2504 892 Quartus
2530 823 2758 895 Joseph,
2793 823 2985 879 relicto
3023 825 3246 894 pmprio
3277 818 3522 888 nemine,
3555 841 3614 882 se

2022 915 2454 986 Epaphroditum
2485 916 2668 971 vocari
2697 915 2848 970 fecit.
2874 913 3068 970 Postea
3101 915 3415 980 Zacharias,
3448 931 3615 986 quem

2021 1022 2150 1079 pars
2189 1008 2462 1062 haereseos
2497 1022 2606 1062 non
2649 1006 2875 1062 minima
2907 1006 3309 1062 mercenarium
3339 1014 3531 1077 putat,
3560 1017 3618 1063 et

2023 1100 2288 1156 doctrinae
2319 1099 2635 1170 magisterio
2666 1098 2978 1170 indignum.
3009 1098 3210 1155 Sextus
3234 1099 3370 1170 ipsis
3392 1100 3618 1156 advenit

2023 1190 2268 1255 Baanes,
2315 1190 2566 1261 impurus
2594 1191 2717 1258 ille,
2767 1207 2931 1262 quem
2965 1190 3172 1261 excipit
3217 1192 3511 1262 septimum
3559 1201 3617 1246 et

2023 1293 2361 1353 postremum
2387 1283 2589 1337 malum
2615 1283 2856 1353 Sergius,
2883 1283 2981 1353 qui
3001 1291 3212 1356 mutato
3234 1282 3364 1338 item
3391 1285 3618 1339 nomine

2023 1388 2086 1428 se
2129 1372 2426 1444 Tychicum
2465 1373 2780 1445 appellavit.
2819 1374 2886 1429 Hi
2926 1374 3117 1438 fuere,
3163 1390 3228 1430 ex
3258 1391 3367 1445 quo
3397 1377 3618 1432 rebellis

2024 1463 2120 1519 ille
2151 1473 2206 1520 et
2232 1464 2437 1521 Christi
2468 1466 2724 1520 inimicus
2747 1475 2925 1521 coetus
2953 1465 3107 1522 Pauli
3148 1482 3352 1522 nomen
3380 1470 3613 1539 accepit,

2027 1555 2352 1611 defectionis
2383 1549 2647 1628 magistri,
2689 1557 2782 1627 qui
2812 1573 2988 1628 usque
3035 1557 3103 1612 ad
3134 1567 3322 1612 nostra
3371 1566 3619 1630 tempora

2026 1662 2093 1702 eo
2123 1647 2373 1718 provecti:
2394 1656 2541 1702 sunt.
2576 1647 2713 1704 illud
2746 1657 2929 1703 autem
2957 1648 3129 1718 probe
3167 1648 3618 1704 animadverten-

2025 1738 2155 1794 dum
2188 1747 2241 1794 et
2271 1738 2552 1794 sciendum
2587 1747 2670 1794 est
2692 1779 2706 1801 ,
2739 1737 3038 1794 bodiernos
3072 1738 3283 1793 scilicet
3319 1738 3484 1808 hujus
3517 1738 3621 1794 de-

537 1829 838 1900 ἑπιστῆσαι
865 1831 960 1883 κα)¹
989 1804 1213 1896 εἰδέναι,
1243 1829 1318 1894 ὼς
1351 1832 1400 1885 oi
1432 1830 1534 1885 νῦν
1553 1832 1654 1902 τῆς
1683 1804 1924 1886 ἀποστάξ

2037 1830 2280 1886 lectionis
2315 1831 2472 1896 filios,
2507 1846 2632 1886 cum
2667 1832 2940 1902 quispiam
2987 1831 3056 1886 ab
3100 1831 3206 1887 illis
3243 1804 3506 1903 exegerit,
3556 1841 3616 1886 ut

330 1935 469 1982 πως
487 1919 700 1988 ταύτης
716 1921 931 1987 παῖδες,
956 1920 1180 1975 ἐπειδὰν
1200 1920 1398 1986 αὐτούς
1424 1939 1509 1986 τις
1527 1922 1786 1993 ἀπαιτοίη
1811 1922 1924 1994 (51)

324 2013 456 2076 τοὺς
476 2011 746 2082 ἐξάρχους
760 2013 862 2082 τῆς
877 2013 1138 2085 τοιαύτης
1157 2014 1592 2084 ἀποπέμπεσθαι
1616 2015 1924 2087 βδελυρίας,

323 2105 589 2160 Μάνεντα
619 2106 719 2176 μὲν
746 2107 842 2160 κα)⁸
872 2107 1089 2162 Παῦλον
1112 2109 1209 2161 καὶ
1243 2109 1526 2180 Ἰωάννην,
1552 2110 1803 2175 καὶ-τοὺς
1829 2111 1928 2165 ἄλ-

326 2197 457 2260 λους
487 2197 790 2268 προθύμως
826 2197 1325 2270 ἀναθεματίζουσιν
1344 2218 1357 2233 ·
1389 2204 1808 2259 Κωνσταντίνον
1842 2206 1922 2272 δὲ,

325 2289 390 2343 ὃν
432 2290 721 2344 Σιλουανδν
750 2291 1004 2357 καλοῦσι,
1043 2295 1134 2347 καὶ
1167 2295 1435 2365 Συμεῶνα
1462 2296 1554 2350 τὸν
1587 2297 1781 2365 Τίτον,
1828 2299 1927 2352 καὶ

328 2379 655 2447 Γεγναίσιον
717 2379 835 2449 (52)
883 2381 977 2435 τὸν
1036 2383 1342 2453 Τιμόθεον.
1400 2384 1498 2439 καὶ
1559 2385 1651 2440 τὸν
1723 2387 1925 2458 Ἰωσὴφ

344 2472 761 2544 Ἐπαφρόδιτον,
792 2474 891 2528 καὶ
915 2474 1007 2528 τὸν
1033 2477 1279 2549 ῥυπαρὸν
1302 2477 1541 2547 Βαάντιν,
1573 2480 1669 2533 καὶ
1698 2479 1926 2552 Σέργιον

325 2564 428 2616 τὸν
457 2564 717 2634 Τυχικδν,
763 2567 1020 2637 οὐδαμῶς
1057 2567 1462 2640 ἀναθεματίσαι
1492 2570 1888 2643 καταδέχονται
1909 2589 1924 2604 ·

327 2656 452 2711 ἀλλ’
475 2653 567 2711 οἷα
593 2657 660 2730 δὴ
703 2659 945 2730 Χριστοῦ
975 2661 1314 2724 ἀποστόλους
1354 2663 1448 2716 καὶ
1510 2663 1613 2734 τῆς
1641 2663 1929 2726 εύσεὸείας

324 2748 694 2814 διδασκάλους
729 2751 1200 2822 περιπτύσσονταί
1220 2771 1280 2807 τε
1313 2755 1410 2808 καὶ
1436 2754 1838 2827 ἀποδέχονται,
1862 2757 1925 2810 οὐ

325 2840 541 2904 πάντες
567 2841 646 2908 δὲ,
680 2841 804 2894 οὐδὲ
837 2843 964 2906 τοὺς
989 2844 1321 2915 εἰρημένους
1349 2844 1563 2908 πάντας
1588 2847 1792 2917 ὁμοίως
1825 2864 1925 2900 πε-

327 2933 645 3004 ριέπουσιν,
676 2934 814 2989 ἀλλὰ
835 2936 965 2999 τοὺς
991 2937 1093 3006 μὲν
1117 2937 1279 3008 μέχρι
1305 2937 1551 3003 Βαάνους
1575 2939 1673 2993 καὶ
1692 2940 1926 3010 Σεργίου

325 3025 754 3096 καταγομένους
782 3027 962 3093 ὲξίσου
995 3027 1327 3094 θειάζουσινο
1358 3031 1573 3083 ἐκεῖθεν
1587 3030 1644 3084 δὲ
1663 3031 1929 3102 ραγέντες

2025 1922 2360 1979 detestandae
2407 1923 2733 1993 huiusmodi
2769 1932 2934 1980 sectae
2983 1923 3261 1995 principes
3293 1923 3613 1994 repudient,

2025 2012 2241 2068 Manem
2268 2013 2489 2084 quidem
2511 2053 2527 2080 ,
2557 2013 2798 2069 Paulum.
2831 2023 2895 2068 et
2929 2013 3235 2079 Joannem,
3265 2023 3322 2070 et
3348 2014 3618 2084 quosdam

2024 2105 2161 2160 alios
2194 2105 2430 2161 libenter
2471 2105 2823 2160 anathemate
2851 2105 3112 2160 damnare
3133 2147 3148 2170 ,
3188 2105 3616 2161 Constantinum

2025 2211 2177 2262 vero,
2203 2212 2365 2266 quem
2393 2197 2677 2252 Silvanum
2701 2205 2921 2256 vocant.
2952 2197 3299 2268 Symeonem,
3327 2212 3490 2266 quem
3525 2197 3620 2250 Τί-

2025 2295 2164 2352 tum,
2191 2289 2554 2359 Grgnaesium,
2587 2303 2751 2358 quem
2783 2288 3153 2353 Timotheum,
3187 2296 3245 2344 et
3272 2287 3576 2360 Joscphum
3601 2332 3615 2356 ,

2024 2393 2186 2446 quem
2232 2377 2661 2448 Epaphroditum
2693 2378 3000 2448 appellant,
3032 2393 3134 2432 nec
3176 2394 3288 2431 non
3336 2379 3617 2448 impurum

2028 2470 2263 2526 Baanem
2304 2481 2360 2525 et
2400 2469 2650 2542 Sergium
2701 2485 2799 2525 seu
2844 2469 3140 2536 Tychicum
3177 2471 3330 2526 nullo
3384 2472 3619 2526 anathe-

2025 2571 2172 2617 matc
2203 2562 2399 2627 ferire;
2427 2563 2523 2617 sed
2556 2561 2709 2632 quasi
2744 2560 2948 2617 Christi
2971 2562 3249 2631 apostolos
3288 2570 3344 2618 et
3382 2564 3485 2634 piae
3517 2579 3621 2618 re—

2025 2653 2242 2724 ligionis
2312 2653 2600 2725 magistros
2646 2653 2902 2724 amplecti
2964 2662 3018 2708 et
3077 2653 3383 2724 suscipere.
3432 2654 3621 2724 Neque

2025 2755 2208 2801 tamen
2238 2760 2465 2812 omnes,
2516 2761 2694 2816 neque
2743 2745 2988 2816 singulos
3043 2761 3212 2816 supra
3261 2754 3620 2810 memoratos,

2025 2839 2280 2895 similiter
2342 2848 2585 2894 tuentur.
2629 2838 2740 2912 Sed
2775 2854 2905 2905 eos,
2946 2839 3046 2909 qui
3087 2840 3156 2896 ad
3201 2839 3440 2895 Baanem
3495 2837 3623 2908 qui-

2028 2932 2155 2987 dem
2205 2940 2262 2987 et
2311 2930 2563 3004 Sergium
2601 2947 2777 3002 usque
2823 2931 3174 2988 successione
3240 2931 3620 2993 devenerunt.

2027 3022 2243 3078 divinos
2289 3023 2438 3078 viros
2483 3023 2686 3094 pariter
2736 3023 3052 3083 admittunt.
3089 3023 3299 3079 Exinde
3344 3030 3530 3078 autem
3566 3022 3624 3078 in

325 3119 415 3182 είς
435 3117 772 3182 ἀντιπάλους
802 3119 895 3173 δύο
930 3120 1179 3190 μερίδας,
1212 3123 1261 3174 οἱ
1291 3121 1389 3192 μὲν
1418 3121 1512 3176 τὸν
1536 3123 1753 3192 Βαάνην
1789 3125 1839 3177 οἱ
1868 3123 1926 3177 δὲ

2037 3115 2334 3171 contrarias
2357 3124 2540 3185 partes
2569 3114 2706 3170 duas
2739 3114 2925 3182 divisi,
2952 3115 3043 3171 alii
3075 3113 3336 3182 Baanem,
3368 3113 3460 3171 alii
3492 3113 3628 3168 Ser-

327 3208 648 3263 θεοποιοῦσι
676 3209 770 3263 τὸν
797 3210 1046 3281 Σέργιον,
1070 3209 1168 3263 ἐπὶ
1194 3209 1452 3265 τοσοῦτον
1484 3211 1584 3283 τὴν
1614 3211 1737 3266 κατ’
1765 3211 1931 3284 ἀλλή-

323 3300 443 3354 λων
465 3299 589 3372 έριν
613 3301 708 3354 καὶ
741 3301 930 3356 στάσιν
958 3301 1346 3372 κρατύναντες,
1373 3302 1452 3366 ὡς
1467 3302 1572 3356 καὶ
1603 3301 1767 3374 μέχρι
1792 3320 1930 3374 σφα⁹

321 3391 439 3462 γῆς
457 3393 653 3458 αὐτοῖς
675 3395 989 3465 προχωρεῖν
1012 3393 1075 3446 τὸ
1100 3393 1430 3464 φιλόνεικον.

399 3484 483 3541 E'.
520 3488 620 3553 Ἐξ
655 3487 712 3540 δὲ
742 3486 924 3541 αὐτῶν
965 3486 1392 3558 ἀνομολογοῦσιν
1435 3487 1765 3559 Ἐκκλησίας
1792 3489 1929 3561 (55),

320 3573 408 3636 ὧν
435 3579 545 3651 τὴν
585 3579 685 3650 μὲν
729 3577 1079 3632 Μακεδονίαν
1127 3578 1409 3632 καλοῦσιν·
1477 3580 1704 3650 Ἀχαΐαν
1734 3579 1794 3634 δὲ
1831 3580 1932 3652 τὴν

321 3671 622 3742 δευτέραν,
669 3671 763 3722 καὶ
790 3670 983 3741 τρίτην
1014 3669 1125 3724 τῶν
1158 3669 1565 3742 Φιλιππησίων,
1601 3672 1688 3740 ἐφ’
1715 3668 1797 3735 οἷς
1829 3673 1931 3743 τὴν

325 3763 672 3828 Λαοδικέων,
703 3763 799 3816 καὶ
839 3763 1099 3834 πέμπτην
1137 3762 1246 3816 τῶν
1293 3762 1579 3832 Ἐφεσίων,
1614 3763 1932 3819 τελευταίαν

327 3856 390 3909 δὲ
413 3857 522 3928 τὴν
545 3854 658 3908 τῶν
685 3853 1063 3908 Κολοσσαέων.
1112 3853 1272 3908 Ἀλλὰ
1302 3855 1373 3908 τὰ
1409 3855 1510 3925 μὲν
1541 3855 1787 3926 ὀνόματά
1815 3857 1934 3911 ἐστι

329 3948 574 4014 πόλεων,
610 3939 686 4000 ὧν
713 3948 812 4002 καὶ
847 3949 881 4019 ἡ
913 3945 1123 4001 παλαιὰ
1143 3947 1242 4018 τὴν
1263 3947 1468 4016 γνῶσιν
1497 3941 1646 4018 εἶχεν
1678 3949 1892 4019 ἱστορία
1914 3989 1930 4015 ,

326 4040 429 4098 καὶ
456 4040 488 4094 ὁ
510 4041 653 4104 θεῖος
674 4039 1056 4111 ἐμνημόνευσε
1079 4039 1314 4103 Παῦλος.
1343 4041 1406 4093 Οἱ
1432 4040 1490 4092 δὲ
1520 4040 1691 4110 μηδὲν
1719 4041 1930 4110 ἄδολον,

327 4133 462 4203 μηδ’
501 4133 889 4202 ἀκαπήλευτον
937 4130 1374 4201 φιλονεικοῦντες
1410 4132 1758 4198 καταλιπεῖν,
1806 4133 1932 4207 μηδ’

325 4227 437 4281 ὅσα
485 4224 610 4296 ὕψει
650 4225 1026 4297 διελέγχεται,
1082 4225 1219 4297 μηδὲ
1265 4225 1442 4279 ταῦτα
1483 4225 1930 4297 δυσωπούμενοι,

327 4317 686 4372 Μακεδονίαν
714 4319 814 4389 μὲν
846 4316 1174 4388 ὀνομάζουσι
1205 4317 1490 4388 πολίχνιόν,
1519 4334 1572 4370 τι
1603 4318 1934 4383 Κωλωνείας

327 4409 677 4480 καλούμενον
731 4411 1018 4464 Κίϐωσσα
1039 4403 1177 4479 (54),
1212 4409 1270 4461 ἐν
1304 4402 1338 4484 ᾖ
1378 4409 1789 4472 Κωναταντίνος
1819 4407 1932 4481 (55)

2031 3207 2179 3279 gium
2205 3207 2316 3263 Deo
2346 3218 2637 3278 exaaquant
2669 3225 2682 3261 :
2711 3207 2841 3263 hinc
2867 3206 2922 3261 in
2945 3216 3154 3264 tantam
3185 3216 3379 3263 mutuo
3400 3215 3625 3262 conten-

2031 3300 2239 3354 tionem
2272 3309 2329 3354 et
2357 3299 2686 3358 seditionem
2713 3299 3041 3366 excitantur,
3070 3307 3132 3354 ut
3155 3314 3328 3369 usque
3353 3299 3422 3354 ad
3449 3297 3628 3354 credes

2012 3391 2207 3463 .jurgia
2242 3389 2486 3446 foveant.
3139 3464 3142 3466 η

2104 3481 2313 3537 V.-Sex
2328 3479 3094 3540 autemEcclesiassibiesse
3120 3478 3447 3552 proﬁtentur
3473 3497 3485 3530 :
3519 3474 3629 3546 pri-

2032 3590 2200 3642 mam,
2221 3573 2588 3630 Macedoniam
2610 3574 2844 3641 vocant';
2865 3571 3458 3638 secundam,Ac.haiam
3481 3587 3495 3634 ;
3516 3578 3629 3642 ter-

2036 3670 2190 3735 tiam,
2210 3666 2673 3738 Philippensium;
2695 3675 2968 3737 quartam,
2988 3666 3418 3720 Laodicenorum
3435 3679 3450 3729 ;
3469 3661 3631 3730 quin~

2035 3769 2168 3828 tam,
2201 3760 2601 3832 Ephesiorum;
2637 3768 2994 3830 postremam,
3038 3756 3466 3814 Colossensiutn.
3521 3753 3630 3808 Sed

2034 3857 2156 3914 haec
2190 3857 2411 3928 quidem
2441 3856 2665 3912 nomina
2702 3865 2832 3912 sunt
2859 3855 3078 3911 urbium
3100 3895 3114 3919 ,
3147 3868 3282 3925 quas
3321 3861 3481 3907 vetus
3541 3850 3631 3905 hi-

2034 3949 2212 4004 storia
2232 3947 2472 4018 praefert,
2497 3956 2554 4003 et
2581 3947 2801 4003 divinus
2826 3945 3028 4004 Paulus
3058 3953 3344 4000 memorat.
3367 3941 3444 3997 Illi
3478 3957 3627 4005 vero,

2035 4042 2129 4113 qui
2150 4041 2293 4100 nihil
2324 4056 2437 4096 non
2460 4040 2733 4102 dolosum,
2763 4039 2906 4094 nihil
2924 4053 3037 4093 non
3063 4037 3429 4093 adulteratum
3460 4033 3632 4088 relin-

2035 4148 2204 4206 quere
2234 4133 2292 4189 in
2321 4133 2504 4189 animo
2523 4133 2748 4195 habent,
2770 4146 2834 4186 ac
2855 4146 2960 4185 nec
2980 4143 3046 4185 ex
3075 4128 3240 4183 rebus
3261 4125 3478 4196 quidem
3512 4124 3631 4192 ipso

2034 4225 2156 4282 visu
2188 4225 2486 4296 exploratis
2516 4232 2572 4280 et
2598 4223 2720 4279 falsi
2745 4222 2948 4278 notatis
2970 4221 3181 4292 pudore
3213 4217 3628 4280 sutIunduntur,

2035 4315 2418 4370 Macedoniam
2469 4314 2692 4385 quidem
2744 4320 2946 4368 vocant
2989 4310 3312 4384 oppidulum
3360 4306 3631 4377 quoddam

2036 4405 2280 4462 Coloniae
2301 4406 2446 4476 quod
2475 4405 2780 4477 appellatur
2803 4404 3054 4468 Cibossa;
3091 4401 3184 4456 ubi
3212 4399 3627 4457 Constantinus,

325 4505 360 4558 ὀ
389 4503 691 4566 Σιλουανδς
733 4503 831 4572 τὴν
862 4500 1210 4557 ἀποστασίαν
1249 4498 1482 4566 ἐδίδαξε.
1515 4500 1699 4571 Κώμη
1730 4499 1790 4554 δὲ
1821 4500 1927 4553 Σα-

2037 4499 2290 4555 Silvanus
2325 4500 2538 4565 dictus,
2589 4497 2913 4554 defectionis
2974 4495 3234 4566 magister
3283 4493 3404 4548 fuit.
3463 4489 3632 4544 Vicus

1492 4692 1730 4748 VARIIE
1768 4691 2156 4751 LECTIONES
2199 4690 2287 4746 ET
2329 4689 2566 4748 ΝΟΤιΕ.

409 4877 529 4949 (28)
556 4878 773 4943 Αὐτός.
805 4877 878 4950 l_ta
917 4887 1108 4950 noster
1147 4893 1270 4934 cum
1299 4877 1610 4950 Euthymio.
1642 4875 1936 4933 Coislinia-

333 4943 446 5006 nus
477 4964 589 5005 non
618 4963 773 5018 aeque
811 4947 955 5004 bene
983 4943 1160 5011 οὗτος.

412 5019 527 5089 (29)
597 5017 895 5088 Ἀρμένιος
934 5019 1109 5088 γένος
1161 5018 1544 5089 Γετσναίσιος.
1596 5017 1674 5089 Ita
1725 5023 1935 5089 noster,

334 5086 469 5147 cum
509 5086 620 5160 quo
649 5086 877 5160 prorsus
916 5086 1197 5160 cbnspirat
1235 5086 1710 5160 ColbertinusaAt
1737 5086 1936 5160 Coi_sli-

337 5155 546 5216 nianus
576 5155 766 5214 vocem
806 5159 966 5226 γένος
997 5155 1236 5230 omittit,
1268 5175 1431 5230 quam
1472 5174 1576 5212 nec
1605 5158 1782 5230 habet
1825 5155 1935 5230 Eu-

338 5230 609 5301 thymius,
634 5231 731 5301 qui
748 5236 1011 5301 prasterea
1037 5227 1358 5296 Γεγναισίου
1377 5243 1577 5282 nomen
1591 5227 1656 5301 in
1679 5227 1930 5280 Γενεσίου

339 5299 625 5355 transfert.
675 5299 854 5370 videri
901 5299 1087 5370 itaque
1132 5309 1347 5370 poterat
1385 5315 1488 5370 vox
1535 5299 1693 5370 γένος
1729 5313 1795 5370 ex
1831 5312 1931 5351 no-

339 5371 495 5429 mine
513 5370 767 5422 Γενεσίου
797 5367 1103 5439 irrepsisse.
1133 5367 1214 5424 De
1238 5369 1410 5438 priori
1432 5380 1611 5423 utram
1639 5367 1931 5430 lectionem

319 5440 624 5508 admittas,
656 5440 721 5494 ad
744 5454 966 5495 sensum
992 5454 1184 5508 parum
1206 5439 1393 5493 refert.

416 5507 704 5593 (59)⁷.Δεῖ.
759 5509 839 5565 Ita
890 5507 1078 5564 noster
1133 5518 1190 5564 et
1237 5508 1562 5581 Euthymius
1615 5523 1717 5579 pro
1763 5507 1934 5562 δεῖται

342 5580 704 5638 Coisliniano.

415 5651 531 5720 (51)
585 5648 866 5705 Ἐπειδὰν
895 5649 1119 5716 αὐτούς
1149 5667 1238 5716 τις
1269 5649 1572 5718 ἀπαιτοίη.
1602 5648 1685 5720 Ita
1709 5649 1935 5706 Colber-

348 5719 518 5784 tinus.
550 5728 607 5775 et
637 5729 847 5790 noster.
888 5729 947 5776 et
979 5720 1310 5790 Euthymius
1331 5758 1346 5783 .
1381 5735 1483 5789 pro
1510 5735 1621 5790 quo
1647 5719 1938 5778 Coislinia-

350 5809 454 5849 nus
491 5789 713 5845 ἐπειδὰν
742 5789 930 5855 αὐτοῖς
964 5807 1047 5855 τις
1076 5789 1281 5863 ἀπαιτῇ
1310 5790 1490 5846 minus
1523 5789 1690 5846 recte.

2115 4873 2248 4947 (3‘2)A
2283 4873 2672 4947 Γετναίσιον.
2733 4868 3061 4941 Eutbymius
3117 4868 3314 4947 iterum
3368 4864 3618 4947 Ιῖενέσιον

2037 4936 3005 5016 quam'lectionemguoqugex'suo
3035 4937 3224 4994 codice
3255 4936 3514 5006 exprimit
3545 4936 3634 4989 in-

2038 5012 2512 5087 terpresiifatinus
2536 5012 2950 5087 Franc._Zinus.
3083 5076 3116 5087 __
3367 5086 3371 5087 ί
3417 5075 3451 5087 υ
3492 5075 3506 5087 ,

2111 5075 2225 5157 (55)
2263 5085 2650 5157 Ἐκξξλησίαςκ
2686 5084 2839 5138 Adeo
2868 5082 2924 5138 in
2948 5076 3205 5157 omnibus
3223 5075 3508 5157 apostolici
3533 5077 3634 5130 aevi

2037 5147 2280 5228 speciem
2324 5147 2689 5228 allectat-unt,
2732 5162 2851 5228 ψη
2877 5147 3342 5228 quemadmodum
3389 5147 3632 5228 virorum

2037 5217 2462 5299 apostolicorum
2481 5263 2495 5286 ,
2527 5222 2599 5276 ita
2638 5231 2695 5277 et
2730 5217 3093 5299 EcClesiarum
3123 5217 3324 5299 veteris
3353 5217 3636 5299 memoria:

2038 5287 2264 5351 nomina
2305 5295 2662 5362 adoptarent,
2693 5294 2760 5348 ad
2797 5291 3110 5360 exemplum
3149 5287 3404 5342 factionis
3441 5287 3587 5340 illius
3614 5325 3631 5346 .

2040 5381 2162 5437 quae
2180 5363 3006 5437 Apostolicorumltomineapud
3035 5367 3247 5437 veteres
3272 5364 3629 5416 memoratur.

2113 5427 2236 5506 (54)
2266 5435 2574 5488 Κίϐωσσα.
2607 5427 3086 5506 Eutlgmiuslegit
3106 5427 3341 5506 -Ιςξὸοσω
3396 5441 3498 5495 pro
3521 5442 3637 5506 quo

2043 5495 2271 5560 Latinus
2308 5507 2580 5574 interpres
2631 5504 2687 5558 in
2729 5495 3051 5559 Bibliotheca
3098 5497 3340 5554 Patrum-
3375 5495 3638 5552 mendose

2043 5577 2306 5633 Cimossa.

2118 5647 2232 5718 (55)
2295 5647 2397 5718 Ἐν
2441 5637 2993 5718 ᾗ-ξςωνσιξᾳντῒτος
3049 5641 3082 5694 d
3135 5634 3469 5718 Σιλρυᾳνὸς
3517 5643 3638 5718 Δτὴν·

2047 5706 2714 5781 ἀποστασίανὲδίδαξε.
2737 5713 2864 5770 llaec
2883 5706 3095 5767 frustra
3108 5707 3309 5781 quaeris
3329 5706 3385 5781 in
3407 5714 3596 5781 nostro
3619 5722 3646 5758 εΔ

2016 5833 2022 5836 .
2051 5788 2295 5860 genuina.
2323 5803 2452 5844 vero
2491 5800 2614 5844 esse
2639 5776 2852 5845 evincit
2884 5776 3190 5840 consensus
3229 5776 3550 5852 Euthymii..
