3986 6438
219 374 284 440 33
1288 373 1586 436 CONTRA
1627 376 1788 436 MAN
1798 378 2091 440 [CH/EOS
2128 380 2362 441 LIBER
2396 383 2439 445 Ι.
3441 396 3476 454 3

219 483 489 555 πίωνίἹϐ)
506 485 538 537 ὁ
554 483 660 554 τῆς
674 480 931 554 Θμούεως
943 525 957 546 ,
970 483 1001 535 ὃ
1024 500 1088 535 τε
1100 485 1199 553 τῆς
1214 484 1425 547 πόλεως
1440 484 1635 537 Λύκων
1650 483 1801 549 ’Λλέξ

1931 487 2021 558 qui
2053 488 2385 560 Cyropoleos
2400 491 2935 564 archiepiscopatum
2961 499 3159 553 tenuit.
3182 498 3386 556 Praeter
3410 504 3512 559 hos

216 577 409 646 ανδρος
463 576 589 645 (77)
644 575 777 639 τοὺς
844 575 1276 645 ἀρχιερατικοὺς
1339 577 1822 648 ἐγκεχειρισμένος

216 670 435 736 νόμους.
471 669 604 721 Ἐπὶ
642 668 703 721 δὲ
733 670 845 731 τοῖς
889 669 1208 739 εἰρημένοις
1237 668 1333 721 καὶ
1372 670 1401 722 ὁ
1442 669 1649 722 τούτων
1682 670 1821 723 πάν-

215 778 319 812 των
365 761 518 815 κατὰ
554 762 765 835 κράτος
803 761 1039 831 μάλιστα
1092 760 1471 832 θριαμϐεύσας
1500 779 1563 814 τε
1612 762 1708 815 καὶ
1737 762 1818 814 δι-

214 852 441 919 ελέγξας
457 852 564 922 τὴν
587 855 965 924 προκειμένην
993 852 1255 907 ἀσέϐειαν
1281 852 1676 923 Ἠρακλειανὸς
1706 853 1820 924 (78)

212 944 240 995 ὁ
288 943 654 1013 Καλχηδόνος
697 946 1023 1007 ἐπίσκοπος,
1059 944 1121 997 ὲν
1180 942 1357 996 εἴκοσι
1410 942 1638 1013 βιϐλίοις
1690 945 1821 1009 τοὺς

213 1030 357 1085 κατὰ
401 1032 510 1100 τῆς
544 1032 899 1096 ἀποστασίας
946 1032 1170 1100 ἀγῶνας
1225 1032 1689 1103 καταϐαλόμενος,
1719 1034 1813 1088 καὶ

212 1124 456 1177 πλεῖστοι
522 1125 712 1196 ἕτεροι
765 1124 904 1195 (79).
956 1124 1105 1195 Πλὴν
1154 1124 1251 1178 καὶ
1309 1122 1423 1189 νῦν,
1455 1126 1483 1177 ό
1528 1123 1686 1192 λόγος
1715 1126 1817 1180 οὐκ

212 1216 536 1287 ἀσύμφορον
580 1217 746 1271 τοῦτο
810 1216 1181 1288 λογιζόμενος,
1233 1216 1357 1270 κατ’
1400 1217 1707 1287 ἐπιδρομήν
1758 1234 1879 1272 τινα

212 1326 383 1363 σεται.

277 1402 378 1454 ΙΒ¹.
409 1398 725 1460 meum
768 1414 856 1462 τις
904 1396 1018 1469 (80)
1057 1396 1159 1468 τὴν
1213 1398 1448 1468 πατρίδα
1491 1396 1814 1466 Αἰγύπτιος,

210 1493 267 1545 τὸ
310 1492 367 1543 δὲ
425 1492 491 1557 ἐξ
552 1488 867 1560 ἀνθρώπιον
924 1490 1084 1558 γένος
1130 1489 1450 1561 Σαρακηνὸς
1471 1489 1572 1561 τὴν
1629 1490 1815 1557 Ἀλεξ-

211 1584 445 1654 ανδρέων
481 1582 648 1651 ᾤκει,
692 1580 818 1635 οὔτε
848 1581 1198 1652 Χριστιανοῖς
1251 1582 1688 1650 συμφερόμενος,
1719 1582 1814 1635 καὶ

211 1678 275 1729 τὰ
306 1675 587 1730 Ἰουδαίων
613 1675 680 1727 οὐ
710 1673 1100 1745 προσιέμενος.
1132 1665 1302 1735 Οὗτος
1332 1674 1398 1725 ὲκ
1424 1674 1534 1725 τῶν
1573 1673 1814 1743 Ἀριστο-

209 1770 434 1824 {dixin
482 1768 983 1840 παρακουσμάτων
1010 1768 1263 1839 ἐντριϐὴς
1292 1769 1394 1837 τὴν
1422 1768 1677 1838 γλῶσσαν
1697 1770 1809 1840 (8i)

1925 588 2109 634 autem
2146 582 2211 647 is,
2244 582 2337 651 qui
2366 585 2432 637 de
2463 582 2528 638 iis
2570 586 2831 641 omnibus
2866 586 3081 643 fortiter
3118 592 3504 662 triumphavit,

1924 680 1979 725 et
2024 671 2187 737 hanc,
2227 675 2295 727 de
2352 690 2458 742 qua
2513 676 2712 745 agitur,
2770 678 3111 748 impietatem
3169 683 3507 750 confutavit;

1924 761 2312 832 llcraclianus,
2361 764 2725 823 Chalcedonis
2772 770 3101 840 episcopus,
3167 774 3259 843 qui
3316 776 3507 845 viginti

1922 855 2077 911 libris
2107 858 2406 912 certamina
2433 866 2625 914 contra
2655 875 2847 917 eorum
2885 866 3216 933 apostasiam
3248 866 3504 923 instituit.

1920 944 2192 1000 Caeterum
2224 962 2333 1001 non
2367 948 2465 1003 abs
2491 965 2551 1004 re
2595 965 2778 1021 neque
2803 951 2999 1008 inutile
3027 954 3146 1010 fore
3188 955 3340 1021 duxi,
3376 971 3506 1009 cur—

1921 1036 2023 1090 sim
2053 1046 2108 1091 et
2136 1038 2371 1093 strictim
2419 1041 2670 1110 quaedam
2698 1058 2889 1097 eorum
2943 1060 3252 1111 recensere,
3283 1063 3406 1117 (pne
3436 1047 3505 1101 ad

1920 1128 2167 1183 notitiam
2201 1129 2366 1199 hujus
2403 1133 2714 1200 argumenti
2738 1136 3237 1205 exploratissimam
3264 1137 3499 1194 faciunt.

1922 1218 2027 1273 τῶν
2081 1222 2162 1285 εἰς
2218 1221 2422 1290 γνῶσιν
2473 1223 2706 1295 ἐχόντων
2756 1226 2819 1280 τὸ
2870 1227 3248 1300 ἀπαραίτητον
3295 1228 3502 1282 διελεύ-

1986 1400 2105 1456 XII.
2209 1402 2539 1475 Scythianus
2615 1406 2836 1475 quidam
2874 1448 2889 1474 ,
2950 1410 3130 1478 patria
3175 1410 3501 1482 Egyptius.

1917 1509 2117 1564 genere
2163 1506 2346 1551 autem
2410 1498 2754 1564 Saracenus,
2800 1500 3143 1558 Alexandriae
3196 1505 3499 1571 habitabat,

1918 1601 2094 1655 neque
2160 1602 2287 1642 cum
2357 1588 2690 1645 Christianis
2750 1608 2979 1649 versans
3033 1611 3213 1665 neque
3282 1598 3500 1655 Judaeu-

1915 1691 2038 1730 rum
2065 1676 2371 1732 doctrinam
2410 1679 2713 1749 amplexus.
2737 1680 2839 1736 Hic
2865 1698 2930 1737 ex
2971 1683 3336 1741 Aristotelicis
3356 1687 3500 1742 male

1917 1769 2211 1825 intellectis
2264 1771 2418 1825 libris
2467 1771 2667 1833 lingua:
2717 1772 2964 1843 (Graecae)
2993 1790 3152 1829 usum
3186 1785 3495 1841 assecutus,

211 1863 467 1933 γεγονὼς,
490 1862 785 1933 τέσσαρας
802 1861 913 1932 (82)
935 1862 1220 1916 συντάττει
1239 1860 1457 1931 βίϐλους
1475 1856 1551 1915 ὧν
1567 1862 1668 1931 τὴν
1692 1861 1801 1933 (85)

1910 1870 2144 1932 quatuor
2195 1862 2507 1933 composuit
2560 1862 2732 1919 libros
2774 1880 3011 1934 quorum
3065 1880 3235 1920 unum
3272 1867 3494 1936 quidem

1299 2014 1537 2071 VARIIE
1582 2006 1967 2072 LECTIONES
2005 2015 2093 2070 ET
2131 2016 2367 2074 NOTA‘I.

211 2172 452 2242 rtissimo
468 2170 681 2242 collega
708 2186 853 2242 meo.
880 2171 1467 2242 descriptojcxhibebit,
1502 2172 1587 2226 vel
1615 2173 1799 2242 potius

207 2244 315 2310 jam
339 2241 596 2295 exhibuit
621 2241 706 2297 Cl.
726 2241 844 2296 Jac.
870 2241 1102 2312 Basnag.
1135 2241 1188 2296 in
1222 2258 1385 2307 nova,
1418 2258 1580 2311 quam
1618 2241 1794 2312 parat,

209 2261 315 2310 jam
339 2261 596 2295 exuuntur.
621 2261 844 2297 u.aac.
870 2261 1044 2298 nasna
1089 2285 1102 2298 .
1135 2261 1188 2296 ιη
1222 2261 1385 2307 nova,
1418 2261 1580 2311 quam
1618 2261 1794 2312 parat,

209 2312 425 2381 Antiqu.
454 2312 667 2367 Canisii
709 2313 990 2367 lectionum
1012 2261 1269 2378 editione,
1312 2314 1468 2380 cujus
1506 2315 1796 2382 Sperimcn

211 2384 321 2437 luci
356 2383 640 2451 superiore
661 2398 810 2437 anno
843 2384 1170 2453 expositum,
1192 2392 1247 2437 et
1280 2382 1383 2437 Titi
1409 2391 1465 2437 et
1486 2384 1805 2452 Serapionis

214 2453 706 2507 commentationes
730 2454 873 2506 inter
902 2452 1097 2508 caetera
1126 2452 1290 2507 sistit.
1330 2452 1377 2506 Is
1408 2454 1555 2507 enim
1580 2453 1631 2505 in
1656 2469 1805 2522 prte—

211 2524 380 2575 missa
443 2523 916 2577 animadversione
982 2524 1327 2588 observavit,
1385 2524 1628 2577 codicem
1678 2524 1805 2577 Hol-

212 2594 531 2645 stenianum
564 2593 1027 2663 llamhurgensem
1052 2595 1251 2664 passim
1280 2610 1399 2648 esse
1430 2594 1800 2660 mutilum.et,

208 2664 681 2733 inversoordine,
722 2666 1022 2729 turbatum,
1049 2678 1211 2733 quem
1247 2673 1426 2717 tamen
1448 2664 1614 2717 ductu
1649 2664 1801 2718 desi-

206 2732 493 2800 gnationis
543 2740 991 2802 argumentorum
1049 2732 1079 2787 a
1134 2733 1258 2787 Tito
1315 2735 1416 2803 ipsi
1482 2734 1798 2787 tractationi

206 2803 537 2869 prtemissae,
582 2803 657 2873 ita
695 2818 841 2857 nunc
871 2804 1128 2870 restituit,
1177 2813 1235 2857 ut
1270 2804 1392 2858 libri
1450 2815 1561 2858 tres
1605 2805 1800 2873 integri

206 2884 535 2944 appareant.
566 2872 836 2927 Caeterum
861 2883 1053 2944 aut-tor
1088 2875 1203 2943 ipse
1236 2875 1573 2944 argumentis
1624 2872 1802 2943 philo-

206 2943 457 3021 mphicis
502 2943 843 3011 frequenter,
874 2941 1156 3013 Scriptura
1204 2941 1334 2999 vero
1361 2941 1639 2999 diviniore'
1673 2960 1797 2999 raro

212 3023 415 3065 utitur.

277 3084 397 3149 (76)
448 3083 792 3148 Σαραπίων.
833 3084 910 3139 lta
961 3099 1161 3137 nomen
1217 3085 1475 3138 scribitur
1520 3084 1573 3137 in
1610 3083 1805 3139 Coisli-

210 3153 379 3239 niano
404 3162 459 3205 et
478 3161 677 3239 nostro
704 3154 909 3233 codice,
935 3155 1080 3235 quod
1121 3155 1211 3239 alii
1238 3170 1352 3239 ‘per
1381 3154 1800 3239 ἴςειοιιπνὶοηῄειίιὶς-
1827 3181 1868 3239 C

210 3232 337 3293 runt
375 3224 611 3285 rectius,
641 3222 801 3289 cujus
835 3224 1073 3278 nominis
1115 3234 1170 3278 et
1204 3222 1294 3279 alii
1326 3225 1470 3278 inter
1501 3222 1798 3293 Scriptores

209 3292 455 3356 (ηεροδ,
485 3293 542 3345 iu
574 3293 758 3360 primis
792 3296 1034 3362 sophista
1063 3296 1283 3364 quidam
1326 3306 1380 3349 et
1424 3292 1686 3364 comicus,
1742 3302 1804 3348 ut

208 3374 443 3415 caateros
493 3371 726 3423 taceam,
785 3373 1018 3418 exstant.
1082 3365 1214 3433 Ejus
1267 3373 1547 3429 tractatus,
1614 3363 1802 3419 Graece

208 3433 495 3504 apudunos
540 3446 664 3485 cum
710 3433 834 3487 Tito
884 3434 1163 3488 Bostreusi
1209 3446 1428 3488 exstans
1466 3434 1680 3504 paginis
1705 3434 1799 3499 24,

208 3502 435 3555 iri-folio
473 3505 808 3573 continetur,
846 3512 903 3558 et
955 3504 1027 3573 in,
1047 3505 1275 3573 repetita
1311 3502 1616 3559 Lectionum
1642 3505 1803 3557 Cani-

208 3576 491 3643 sianarum
541 3571 958 3643 editlottejuxta
1010 3571 1255 3628 Latinam
1313 3574 1618 3629 versionem
1658 3574 1800 3627 Tur-

209 3641 353 3695 riani
392 3641 653 3695 exstabit.
696 3641 917 3697 Interim
956 3643 1009 3696 in
1052 3643 1289 3698 secunda
1316 3654 1371 3698 et
1403 3644 1558 3698 tertia
1591 3644 1798 3698 codicis

209 3712 386 3765 nostri
448 3711 640 3781 pagina
683 3714 827 3767 varia
859 3713 1260 3778 desiderantur,
1292 3729 1515 3768 sensum
1553 3714 1799 3767 hiulcum

207 3780 535 3834 reddentia.
569 3780 745 3836 Unum
813 3791 1023 3837 tantum
1085 3782 1312 3837 Manetis
1357 3798 1631 3847 errorem,
1691 3790 1799 3852 quo

206 3861 473 3922 corpuset
498 3862 725 3904 materia
757 3853 811 3922 in
844 3869 894 3905 se
926 3852 1070 3906 mala
1093 3854 1465 3916 venditantur,
1480 3868 1799 3922 Oppugnan-

204 3923 340 3992 dum
373 3920 490 3992 sibi
512 3924 747 3992 sumpsit
783 3921 1069 3990 Serapion.
1091 3922 1407 3992 Utriusque,
1442 3920 1569 3977 Titii
1589 3920 1799 3992 scilicet

205 3999 260 4044 et
296 3989 656 4060 Serapionis,
685 3989 1204 4046 commeiitationem
1236 3989 1424 4047 Graece
1464 3991 1797 4060 descriptam

209 4060 475 4113 habuisse
516 4059 577 4113 B.
620 4062 835 4114 Sehast.
884 4062 1085 4116 Gottfr.
1124 4063 1460 4125 Starchium,
1497 4061 1576 4116 Cl.
1610 4059 1796 4115 Marti-

206 4145 310 4183 nus
362 4127 642 4185 Dieterich
696 4133 751 4185 in
821 4132 1037 4186 funebri
1091 4131 1211 4201 ejus
1255 4130 1662 4203 Programmate
1715 4140 1796 4187 te-

214 4208 419 4253 statur.

274 4273 397 4337 (77)
435 4270 844 4337 ’ué60r6poc.
872 4270 1035 4324 Liber
1059 4270 1177 4341 ejus
1206 4270 1342 4341 πρὸς
1374 4271 1471 4332 τὰς
1492 4270 1795 4340 Μανιχαίου

205 4338 363 4405 δόξεις
398 4358 430 4395 a
489 4343 685 4395 Franc.
709 4341 1039 4394 Combelisio
1084 4338 1263 4395 editus
1295 4349 1381 4394 est
1440 4349 1587 4394 tomo
1617 4338 1796 4395 ll'Au-

205 4412 369 4463 clarii
394 4411 689 4475 novissimi,
722 4409 899 4463 Paris.
930 4410 1069 4463 1672
1098 4411 1191 4464 fol.
1215 4410 1293 4465 Ex
1314 4426 1400 4474 eo,
1423 4418 1536 4463 tum
1572 4411 1789 4473 inedito,

206 4480 390 4551 locum
423 4481 715 4551 quemdam
738 4480 897 4533 atlert
919 4480 1226 4535 Alexander
1246 4481 1427 4535 Morus
1458 4480 1513 4532 i'n
1545 4480 1700 4534 Notis
1728 4480 1795 4535 ad

205 4548 415 4603 Novum
441 4548 655 4610 Fredus.
692 4566 745 4618 p.
777 4551 903 4604 245.

274 4624 289 4685 t_
300 4622 395 4685 78)
439 4623 881 4689 Ἠρακλειανός.
913 4620 1118 4675 Laudat
1147 4621 1311 4689 hujus
1335 4619 1430 4673 XX
1454 4620 1623 4674 libros
1651 4619 1796 4675 Pho-

208 4690 314 4743 tius
348 4688 549 4745 noster
582 4692 635 4743 in
679 4688 1003 4743 Bibliotheca
1034 4688 1233 4746 codice
1251 4692 1338 4744 85.

272 4760 686 4830 (Ἱ9)Πλεῖστοι
734 4759 944 4827 ἕτεροι.
982 4759 1089 4814 Eos
1127 4768 1390 4815 consueta
1438 4769 1492 4814 et
1543 4759 1796 4830 familiari

207 4830 306 4883 sibi
357 4829 635 4901 industria
678 4839 735 4901 et
794 4830 1049 4901 doctrina
1089 4830 1371 4901 congessit
1417 4830 1601 4901 Celeb.
1660 4829 1791 4885 Joh.

207 4902 470 4955 Albertns
531 4900 849 4964 Fabricius,
906 4901 961 4954 in
1014 4898 1265 4954 Bibliot'lr.
1331 4898 1504 4953 Crtec.
1567 4899 1660 4953 lib.
1724 4918 1797 4967 ν,

205 4986 257 5041 p.
284 4971 396 5025 289
442 4986 600 5039 seqq.
632 4970 849 5041 Mireris
894 4969 1053 5035 forte,
1079 4969 1221 5026 Petri
1251 4968 1441 5041 Siculi,
1471 4986 1632 5039 quem
1662 4969 1799 5025 Pho-

206 5040 279 5094 tio
314 5050 633 5109 temporum
665 5040 908 5094 rationes
930 5041 1042 5095 fere
1075 5041 1340 5110 mqualem
1379 5040 1611 5100 faciunt.
1644 5057 1798 5095 men-

206 5112 416 5165 tionem
441 5112 533 5165 bic
564 5126 674 5165 non
705 5111 903 5165 factam
932 5126 1074 5174 esse,
1107 5112 1266 5180 cujus
1317 5111 1526 5180 ἱστορία
1547 5112 1796 5180 περὶτῆς

206 5182 371 5251 κενῆς
421 5183 520 5234 καὶ
570 5181 809 5251 ματαίας
856 5181 1121 5251 αἱρέσεως
1146 5182 1254 5233 τῶν
1301 5180 1642 5251 Μανιχαίων,
1672 5181 1796 5251 ίτῶν

206 5256 295 5303 καὶ
323 5249 731 5303 ’Παυλικιανῶν
785 5249 1099 5317 λεγομένων
1131 5265 1259 5305 cura
1301 5249 1540 5304 Matthaai
1570 5250 1792 5314 Raderi,

206 5321 414 5389 prodiit
466 5320 805 5391 lngolstadii,
836 5320 994 5391 1604,
1020 5321 1160 5374 ἱη-ιί.
1186 5320 1433 5389 Cumque
1462 5321 1796 5391 comparatio

202 5388 400 5459 scripti
450 5388 763 5459 utriusque,
797 5406 827 5443 a
878 5388 1074 5444 Photio
1118 5398 1174 5443 et
1230 5388 1412 5444 Sicqu
1442 5390 1692 5459 profecti,
1729 5389 1797 5444 ad

204 5464 428 5515 oculum
456 5461 738 5524 ostendat,
765 5461 994 5513 alterum
1022 5461 1247 5515 alterius
1267 5475 1433 5530 opera
1463 5475 1621 5513 usum
1653 5475 1794 5525 esse,

204 5546 310 5585 non
376 5532 653 5594 dubitem,
710 5532 797 5585 vel
856 5531 984 5584 hinc
1025 5529 1318 5592 afﬁrmare,
1375 5529 1619 5583 Siculum
1673 5539 1799 5598 post

206 5600 464 5655 f'hotium
498 5617 599 5654 sua
630 5600 828 5671 litteris
858 5600 1230 5671 consignasse,
1261 5598 1353 5671 qui
1382 5599 1625 5671 alioquin
1651 5600 1797 5654 illius

208 5688 329 5724 tum
356 5672 581 5725 caeteris
620 5670 957 5724 mentionem
988 5669 1233 5725 facturus
1258 5669 1430 5723 fuisse
1451 5670 1685 5725 videtur.

274 5741 390 5809 (80)
416 5742 762 5811 Σκυθιανός
798 5757 912 5805 τις.
943 5739 1068 5795 Haec
1080 5740 1309 5811 Photius
1333 5739 1514 5793 hausit
1533 5739 1793 5811 enyrilli

208 5808 480 5867 Caiecltesi
516 5826 593 5879 vt,
632 5810 783 5883 §13;
807 5824 928 5879 quae
957 5810 1122 5865 etiam
1156 5810 1211 5864 in
1251 5826 1348 5865 sua
1384 5811 1570 5866 retulit
1600 5808 1795 5865 Petrus

1905 2172 2124 2249 Siculus
2202 2172 2285 2249 ἰηὴ
2324 2170 2573 2249 Historia
2597 2173 3064 2249 _Maniriitvorur_n,
3120 2193 3193 2249 p._
3232 2177 3301 2230 20
3338 2194 3490 2249 seqq.

1910 2244 2151 2314 Uterque
2186 2258 2215 2314 a
2246 2241 2426 2313 Cyrilli
2460 2244 2641 2314 verbis
2680 2245 2879 2313 passim
2902 2246 3043 2311 abit,
3085 2241 3283 2314 quibus
3306 2241 3489 2303 tamen

1907 2328 2019 2382 pra:
2055 2313 2252 2367 Photio
2272 2314 2472 2385 insistit
2493 2313 2685 2385 Petrus
2708 2315 2947 2385 Siculus.
2971 2313 3319 2385 Com’paravit
3347 2318 3491 2374 inter

1905 2377 1987 2458 se
2014 2393 2325 2458 utrumque
2357 2382 2774 2458 ﬂev._:l‘bomas
2838 2377 3031 2458 Milles
3062 2377 3123 2458 in
3165 2402 3260 2458 sua
3304 2389 3487 2458 Cyrilli

1903 2453 2144 2526 editione
2178 2452 2232 2522 p.
2264 2454 2332 2526 9‘2
2366 2452 2686 2526 seq._Nostri
2718 2455 3125 2524 itaquejudicio
3158 2452 3488 2526 Scythianus

1906 2523 2240 2597 lticnprimus
2263 2525 2405 2597 inter
2435 2524 2777 2597 Christianos
2793 2523 2981 2597 stultae
3009 2527 3077 2597 de
3102 2523 3316 2581 duobus
3343 2529 3491 2597 prin-

1906 2593 2063 2662 cipiis
2092 2593 2367 2662 opinionis
2405 2607 2597 2648 auctor
2622 2596 2852 2658 exstitit,
2887 2595 3031 2664 quod
3057 2597 3231 2663 ipsum
3267 2593 3489 2653 tradunt

1901 2664 2200 2736 Archelaus
2237 2664 2289 2736 iu
2334 2666 2484 2736 Actis
2535 2664 2803 2736 Disputat.
2854 2682 2973 2717 cum
3020 2666 3245 2728 Mancte,
3296 2683 3347 2736 p.
3393 2668 3485 2729 95.
3550 2688 3551 2691 ‘

1902 2742 1959 2787 et
1990 2733 2347 2803 Epiphanius,
2388 2735 2579 2789 lueresi
2610 2734 2698 2796 66,
2735 2736 2954 2804 aliique.
2975 2737 3055 2788 Ab
3084 2736 3170 2788 his
3204 2733 3487 2792 discedere

1900 2803 2158 2873 videntur
2180 2804 2579 2867 'l‘heodoretus,
2605 2803 2854 2858 Haeretic.
2874 2804 3062 2858 Fabul.
3096 2807 3191 2860 lib.
3240 2822 3277 2871 ι,
3305 2822 3355 2860 c.
3380 2808 3483 2873 55;

1899 2872 2180 2954 Gedrenus
2209 2891 2262 2954 ρ.
2297 2875 2430 2938 9.59;
2463 2883 2518 2929 et
2545 2875 2674 2954 hipc
2713 2874 3044 2954 forte,_qu_i_a_
3073 2875 3262 2954 iisdem
3305 2872 3487 2932 verbis

1900 2943 2092 3007 utitur,
2129 2943 2347 3007 Suidas,
2405 2956 2533 2999 tom.
2580 2943 2645 3010 ΙΙ,
2710 2962 2764 3013 ι).
2801 2943 2938 2999 491.
2972 2945 3046 2998 lhi
3094 2946 3240 2998 enim
3295 2962 3489 3002 omnes

1902 3013 2172 3067 Manetem
2222 3016 2384 3068 etiam
2454 3014 2753 3068 Σκυθιανὸν
2823 3016 3153 3083 appellatum
3214 3016 3484 3082 scribunt,

1899 3084 2047 3155 quod
2072 3099 2138 3137 eo
2169 3100 2335 3138 sensu
2380 3085 2534 3138 multi
2562 3094 2911 3155 acceperunt,
2942 3096 3002 3139 ut
3045 3084 3231 3138 Manes
3266 3095 3321 3140 et
3352 3087 3488 3155 Scy-

1903 3154 2124 3208 thianus
2152 3155 2402 3208 eumdem
2434 3170 2529 3209 eos
2552 3154 2826 3223 judicasse
2853 3164 3165 3209 censerent.
3195 3154 3310 3207 Meo
3335 3154 3487 3223 judi-

1904 3224 1989 3295 cio
2026 3224 2102 3295 illi
2135 3225 2235 3295 hac
2285 3224 2562 3295 Scythiani
2613 3224 2976 3295 appellatione
3018 3226 3223 3279 erroris
3252 3226 3484 3295 primam

1904 3294 2168 3363 originem
2210 3294 2452 3365 indicare
2484 3295 2798 3356 voluerunt,
2828 3294 3104 3365 inprimis
3142 3295 3285 3352 ideo.
3335 3298 3485 3365 quod

1902 3371 2186 3417 versutum
2220 3363 2452 3435 manetis
2477 3365 2755 3435 ingenium
2795 3373 2847 3417 et
2880 3363 3006 3418 felix
3032 3365 3087 3417 in
3113 3365 3331 3434 negotio
3353 3363 3486 3420 auc-

1903 3446 2089 3487 cessus
2149 3444 2205 3486 et
2260 3433 2560 3503 Scythiani'
2610 3444 2665 3488 et
2716 3434 3061 3494 Terebinthi,
3130 3436 3484 3490 decessorum

1902 3503 2043 3575 ejus,
2073 3503 2391 3575 memoriam
2440 3504 2658 3557 abolere
2688 3504 2987 3575 videretur.
3025 3505 3078 3559 ld
3100 3514 3273 3575 Acerte
3300 3508 3484 3575 suspi-

1901 3571 2015 3627 cari
2043 3573 2248 3637 malim,
2288 3588 2450 3641 quam
2506 3589 2630 3627 cum
2682 3574 3055 3628 eruditissimo
3098 3571 3481 3629 Pearsonidin

1900 3643 2235 3696 Adversariis
2262 3642 2626 3703 Miscellaneis.
2660 3658 2709 3697 c.
2748 3644 2837 3707 55,
2882 3659 2937 3712 p.
2977 3644 3104 3706 555,
3138 3642 3486 3699 velauctoris

1902 3712 2137 3783 σφάλμα
2186 3713 2555 3783 μνημονικὸν,
2590 3713 2673 3766 vel
2719 3713 2924 3769 librarii
2981 3714 3253 3781 γραφικὴν
3300 3716 3485 3783 ἀμάρ-

1901 3782 2061 3852 τημα
2089 3782 2178 3837 hic
2223 3783 2482 3852 cogitare.
2525 3782 2883 3852 Scythianum
2916 3784 3065 3836 hunc
3105 3784 3171 3836 ad
3203 3782 3484 3852 apostolo-

1900 3867 2025 3905 rum
2074 3861 2316 3922 tempora
2345 3854 2414 3906 ab
2452 3852 2720 3906 Archelao
2768 3852 2804 3922 l.
2837 3867 2887 3907 c.
2922 3853 3112 3905 referri
3135 3854 3341 3922 merito
3375 3854 3487 3907 mi-

1900 3922 2059 3983 reris,
2101 3920 2224 3975 cum
2251 3922 2424 3991 ipsius
2452 3922 2693 3976 narratio
2715 3921 2933 3986 inferat,
2956 3922 3096 3975 inter
3125 3920 3482 3991 Scythianum

1898 3998 1955 4044 et
2005 3992 2296 4055 Manetem,
2364 3992 2793 4046 unum'tantum
2846 3992 3262 4057 Tcrebinthum,
3323 3995 3481 4060 primi

1899 4060 2046 4130 illius
2085 4062 2438 4129 discipulum,
2488 4061 2888 4122 intercessisse,
2922 4071 2982 4116 ut
3030 4062 3259 4130 proinde
3296 4062 3482 4118 Manes

1902 4129 2279 4201 Scythianum,
2314 4132 2360 4185 si
2389 4131 2527 4184 forte
2552 4140 2711 4185 attate
2737 4129 3045 4199 provectior
3073 4131 3257 4197 fuerit,
3292 4134 3481 4188 videre

1898 4202 2160 4271 potuerit.
2202 4201 2256 4255 id
2311 4202 2454 4270 quod
2505 4203 2838 4270 persuadere
2892 4201 3050 4255 nobis
3102 4210 3314 4271 poterat
3366 4202 3482 4257 fra-

1904 4279 2186 4341 gmentum
2234 4272 2482 4341 epistolae
2502 4270 2569 4341 ad
2618 4271 2999 4341 Scythianum,
3041 4270 3202 4325 incido
3244 4272 3385 4325 idem
3433 4273 3482 4328 is

1898 4339 2043 4412 cumg
2058 4347 2247 4412 nostro
2270 4339 2373 4412 isit.
2402 4356 2448 4412 a_
2468 4339 2678 4412 hlancte
2695 4339 3098 4412 _s_cripta:.rquod
3134 4341 3300 4394 habes
3326 4343 3476 4412 apud

1897 4410 1979 4464 Cl.
2006 4410 2314 4464 Fabricium
2340 4411 2393 4463 iu
2413 4409 2663 4463 Biblioth.
2695 4410 2863 4466 (ἶπες.
2899 4409 2993 4465 lib.
3018 4427 3072 4475 ν,
3105 4426 3159 4480 p.
3190 4411 3315 4464 285.

1969 4480 2540 4551 (81)ΫἘντριϐὴςτῄν
2561 4480 2871 4551 γλῶσσαν.
2898 4480 3081 4551 Refert
3106 4481 3219 4533 haec
3241 4481 3309 4533 ad
3339 4481 3481 4549 peri-

1900 4549 2029 4604 tiam
2064 4549 2265 4620 lingua:
2302 4550 2503 4604 Grasca:
2530 4550 3012 4620 praestantissimus;
3066 4550 3356 4620 interpres.
3406 4552 3479 4606 At

1899 4620 2116 4675 videtur
2129 4619 2709 4674 l’ltotiusde-doctrinis
2725 4620 2907 4689 potius
2921 4619 3280 4672 Aristotelieis
3294 4635 3477 4689 prom-

1941 4700 2099 4759 taque
2125 4705 2218 4744 cas
2259 4691 2379 4744 aliis
2414 4691 2735 4758 propinandi
2772 4690 3025 4749 facultate
3064 4689 3152 4742 hic
3184 4692 3475 4758 cogitasse.

1941 4706 2099 4759 taque
2125 4706 2218 4744 cas
2259 4706 2379 4744 ams
2414 4706 2735 4758 propmanm
2772 4706 3025 4749 tacuttate
3064 4706 3152 4742 mc
3184 4706 3475 4758 cogitasse.

1899 4706 1957 4830 rd
1986 4762 2182 4830 suadet
2210 4761 2392 4830 Cyrilli
2443 4760 2614 4828 ipsius
2663 4759 2913 4830 phrasis,
2952 4759 3044 4830 qui
3086 4772 3185 4828 pro
3219 4759 3323 4822 his,
3355 4776 3479 4829 qua:

1900 4828 2128 4885 Photius
2158 4828 2342 4896 habet,
2372 4830 2565 4884 scribit
2622 4828 3068 4899 Ἀριστοτελικὸν
3094 4828 3479 4898 μιμησάμενος

1902 4900 2038 4969 βίον,
2079 4901 2130 4953 id
2156 4910 2260 4965 est,
2302 4909 2362 4953 ut
2394 4897 2751 4969 interpretor,
2803 4897 3479 4969 Aristotelicum;philoso-

1899 4967 2098 5037 phandi
2114 4971 2372 5023 rationem
2410 4978 2657 5022 sectatus.
2681 4968 2813 5021 Bion
2844 4968 3169 5038 enimetiam
3191 4967 3259 5021 de
3287 4971 3475 5038 τέχνῃ.

1899 5036 1996 5093 Seu
2050 5049 2166 5093 arte
2220 5049 2273 5094 et
2326 5039 2630 5107 disciplina,
2691 5038 2945 5106 usurpari
3009 5036 3220 5107 pridem
3265 5036 3481 5093 monuit

1900 5107 2127 5163 Tzetzes
2171 5110 2238 5164 ad
2285 5106 2602 5174 Hesiodum,
2652 5118 2708 5163 et
2741 5106 3025 5178 Menagius
3070 5107 3137 5161 ad
3183 5106 3477 5178 Diogenem

1899 5178 2199 5245 Laertium,
2227 5195 2279 5248 p.
2309 5180 2412 5233 459
2434 5181 2488 5234 b.

1974 5249 2085 5320 {82)
2124 5246 2449 5317 Τέσσαρας.
2502 5246 2704 5303 Confer
2754 5246 3006 5302 Archelai
3036 5246 3309 5316 Disputat.
3358 5262 3478 5299 cum

1901 5317 2135 5373 Manete.
2164 5335 2219 5373 ι).
2251 5321 2341 5373 96.

1962 5332 2135 5374 aucte.
2164 5335 2219 5374 ι).
2251 5321 2341 5374 96.

1974 5335 2387 5461 ἷὲἕςῆἓλήΰῖἧν
2408 5387 2545 5461 μέν.
2570 5386 2626 5441 Si
2659 5388 2749 5442 hic
2779 5387 2957 5461 Photii
2986 5389 3138 5461 locus
3168 5401 3291 5461 cum
3325 5385 3473 5461 Petri
3556 5399 3573 5405 ·

1901 5458 2073 5513 Siculi
2107 5459 2290 5513 verbis
2314 5459 2629 5513 conferatur
2656 5500 2671 5524 ,
2723 5459 2930 5527 patebit
2978 5458 3209 5512 alterum
3244 5458 3473 5510 alterius

1899 5530 2143 5599 vestigiis
2174 5530 2456 5583 institisse.
2504 5528 2640 5582 Cum
2690 5528 2838 5599 enim
2869 5529 3102 5598 Cyrillus
3132 5528 3167 5579 l.
3225 5543 3274 5582 c.
3309 5542 3472 5599 quem

1899 5596 2131 5667 uterque
2150 5599 2297 5668 legit,
2341 5604 2572 5668 quatuor
2602 5599 2723 5652 illus
2781 5596 2951 5653 libros
2985 5599 3221 5653 breviter
3248 5606 3302 5668 et
3333 5596 3477 5650 unde

1902 5678 2115 5723 tantum
2166 5667 2588 5737 quoad’titplos
2646 5676 2951 5729 retenseat,
3003 5678 3231 5735 uterque
3279 5667 3475 5719 horum

1900 5740 2149 5809 quaedam
2180 5738 2333 5794 addit
2358 5740 2487 5809 hsibi
2517 5739 2752 5809 invicem
2783 5739 3002 5793 similia.
3031 5739 3110 5791 Eu
3138 5738 3231 5791 tibi
3271 5737 3478 5809 descri-

1900 5807 2146 5878 ptionem
2175 5810 2319 5865 Petri
2348 5808 2516 5864 Siculi
2553 5825 2566 5864 :
2597 5808 2881 5877 Τέσσαρας
2911 5809 3129 5879 βίϐλους
3164 5807 3474 5873 συνέταξεν,
