3986 6432
265 387 319 447 Η
1316 384 1615 446 CONTRA
1656 384 1844 443 MANl

1958 384 2111 444 REOS
2152 384 2377 444 LIBER
2416 384 2462 441 ῐ.
3454 384 3524 447 42

264 493 605 564 πλανώμενον
652 495 703 547 οἱ
756 491 855 546 τοῦ
918 494 1147 566 Περσῶν
1198 495 1462 564 βασιλέως
1523 495 1834 565 δορυφόροι,

1952 494 2031 562 1ui
2063 510 2121 547 se
2148 494 2388 548 miserat.
2418 492 2518 563 Qui
2550 507 2672 547 cum
2707 492 2827 562 eius
2865 491 3231 557 mendacium,
3256 493 3521 549 fallaciam

263 592 347 644 ἅτε
377 585 663 656 πανταχοῦ
710 585 801 637 τὸν
844 586 1125 656 ἀλιτήριον
1166 586 1609 656 διερευνώμενοι,
1648 585 1839 655 εὑρόν-

260 697 339 742 τες
361 679 560 744 ἄγουσι
593 675 731 745 πρὸς
771 675 864 727 τὸν
898 675 1299 730 ἀποστείλαντα
1348 677 1592 745 δέσμιον.
1640 678 1749 731 Καὶ
1778 677 1839 739 ὃς

258 770 340 822 τοῦ
364 785 423 823 τε
724 766 818 817 καὶ
848 765 949 834 τῆς
1000 766 1177 834 φυγῆς
1229 767 1399 820 πολλὰ
1444 768 1713 836 χλευάσας
1744 769 1838 819 καὶ

257 859 645 919 κατονειδίσας,
690 856 848 926 δίκην
887 857 1082 910 ἐλαϐεν
1130 859 1251 910 ἀντὶ
1300 859 1522 911 πάντων
1564 859 1715 928 μίαν,
1746 860 1839 911 τὸν

258 952 344 1005 τοῦ
390 951 713 1013 ἀπατεῶνος
778 950 1019 1017 κάκείνῳ
1071 950 1219 1021 μόνῳ
1273 950 1554 1019 πρέποντα
1581 951 1835 1006 θάνατον.

262 1047 316 1098 ΕΞ
351 1043 455 1115 γάρ
509 1044 616 1095 καὶ
692 1042 922 1111 μηδαμῆ
995 1042 1264 1112 μηδαμῶς
1303 1044 1401 1112 τῆς
1485 1044 1837 1113 ἀνθρωπίνης

260 1136 457 1205 φύσεως
487 1130 585 1203 ἦν.
626 1136 769 1205 μήτε
794 1134 989 1189 παθεῖν
1021 1136 1161 1205 μήτε
1180 1134 1379 1204 δράσαι
1413 1136 1583 1201 ἄξιος,
1612 1137 1750 1189 ἀλλά
1773 1155 1836 1204 γε

256 1230 357 1279 τῶν
407 1228 697 1289 Μάνεντος
766 1226 1197 1297 ἀνυπερΰλήτων
1256 1227 1687 1297 δυσσεϐημάτων
1732 1232 1836 1283 οὐκ

256 1321 482 1383 ἀνάξιος.
519 1320 645 1371 Ἔτι
686 1319 794 1386 γάρ
824 1320 882 1371 ὲν
912 1319 1082 1382 ζῶσιν
1112 1319 1265 1379 ὄντος
1293 1318 1387 1371 τοῦ
1418 1321 1831 1391 κακοδαίμονος,

260 1415 325 1473 εἰς
352 1410 520 1465 ἀσκὸν
558 1410 622 1461 τὸ
678 1410 839 1477 σῶμί
892 1409 1277 1477 ἀποδείραντες
1334 1406 1477 1461 οὕτω
1534 1409 1633 1477 τῆς
1688 1410 1834 1478 ζωῆς

259 1501 513 1556 διασπῶσι
571 1502 665 1552 καὶ
709 1499 1160 1571 διαῤῥηγνύουσι,
1200 1498 1261 1550 τὸ
1296 1497 1481 1551 λοιπὸν
1518 1498 1613 1550 τοῦ
1651 1498 1836 1568 σώμα-

266 1612 340 1656 τος
389 1593 555 1665 βορὰν
608 1593 825 1662 Θηρίοις
866 1591 1290 1661 προσρίψαντες,
1326 1590 1456 1643 αὐτὸ
1487 1590 1543 1643 δὲ
1573 1591 1632 1643 τὸ
1657 1591 1838 1662 δέρμα

271 1686 478 1738 θυλάκου
520 1686 735 1754 τρόπον
781 1683 1174 1753 πληρώσαντες
1222 1682 1535 1753 πνεύματος
1585 1682 1693 1750 πρὸ
1730 1684 1840 1735 τῶν

1944 598 1999 639 et
2030 587 2210 646 fugam
2267 586 2550 642 irrisisset.
2595 599 2831 654 eumque
2872 584 3181 654 opprobriis
3222 584 3525 641 insectatus

1941 687 2109 740 esset,
2137 679 2398 732 ultionem
2450 677 2681 746 sumpsit
2720 691 2817 746 pro
2846 676 3102 732 omnibus
3143 693 3330 740 unam,
3378 695 3527 734 mor-

1944 782 2051 825 tem
2108 772 2380 840 iufligens,
2430 786 2550 840 qua:
2603 770 2695 823 uni
2748 767 2875 824 huic
2931 770 3094 838 plano
3141 771 3525 825 conveniebat.

1942 863 2259 919 Lieeteuim
2290 864 2343 917 id
2374 864 2624 916 humanae
2667 873 2878 915 naturae
2931 861 3245 917 nullatenus
3295 863 3386 924 sit,
3426 879 3529 915 nec

1944 956 2255 1025 quempiam
2291 956 2394 1009 tale
2424 956 2509 1009 vel
2546 954 2657 1025 pati
2692 954 2775 1009 vel
2819 954 2999 1009 facere
3033 954 3115 1009 fas
3167 971 3289 1010 esse
3342 956 3526 1009 videa-

1946 1056 2072 1107 tur;
2103 1056 2343 1100 attamen
2372 1046 2713 1101 horribilium
2758 1046 2992 1101 Manetis
3041 1048 3382 1117 impietatnm
3414 1066 3524 1102 non

1944 1138 2161 1208 indigna
2193 1154 2338 1192 mors
2359 1149 2490 1191 erat.
2526 1137 2662 1191 Cum
2694 1138 2841 1192 enim
2888 1137 3076 1192 infelix
3118 1139 3205 1192 ille
3259 1139 3439 1194 adhuc
3472 1141 3525 1192 in

1943 1227 2079 1281 vivis
2110 1236 2271 1289 esset,
2296 1243 2513 1298 corpus,
2546 1227 2789 1281 detracta
2834 1228 3005 1297 pelle,
3035 1230 3090 1282 in
3144 1238 3321 1283 utrem
3362 1245 3525 1283 exrn-

1940 1317 2147 1371 riantes
2184 1318 2261 1373 sic
2308 1334 2375 1372 ex
2407 1318 2513 1372 vita
2545 1319 2861 1385 detrahunt,
2918 1329 2976 1375 et
3016 1321 3167 1390 quasi
3201 1322 3478 1376 dissecant
3512 1338 3525 1383 ;

1938 1411 2205 1480 reliquum
2240 1425 2369 1464 vero
2412 1425 2611 1479 corpus
2661 1411 2714 1465 in
2746 1412 2988 1482 praedam
3054 1414 3188 1468 feris
3228 1415 3529 1484 projiciunt

1941 1503 2226 1574 ipsamque
2264 1505 2459 1574 pellem
2517 1506 2653 1560 utris
2690 1506 2867 1561 instar
2898 1517 3064 1562 vento
3116 1508 3376 1578 repletam
3421 1524 3530 1578 prae

1943 1595 2151 1650 foribus
2180 1597 2601 1666 suspenderunt.
2637 1598 2821 1653 Talem
2888 1609 3141 1670 apostata
3166 1610 3221 1655 et
3257 1600 3530 1655 scelestis-

1946 1689 2119 1743 simus
2149 1688 2311 1741 homo
2332 1688 2453 1743 vita:
2475 1689 2767 1743 terminum
2800 1702 3141 1745 consecutus
3172 1703 3280 1747 est.

274 1780 427 1831 πυλῶν
455 1778 870 1847 ἁνηρτήσαντο.
915 1777 1079 1829 Ἀλλὰ
1111 1778 1213 1847 τὴν
1247 1777 1347 1845 μὲν
1380 1775 1474 1828 τοῦ
1514 1774 1629 1843 βίον
1681 1779 2114 1850 καταστροφὴνὸ
2142 1781 2456 1852 ἀποστάτης
2483 1774 2635 1842 οὗτος
2686 1782 2784 1835 καὶ
2882 1784 3286 1854 τρισαλιτὴριος
3349 1785 3531 1837 τοιαύ-

280 1887 362 1940 την
386 1870 709 1938 ἀπείληφεν.

343 1961 419 2014 Ll'.
442 1960 673 2029 Ἕτερος
714 1960 771 2012 δὲ
800 1958 877 2026 τῷ
914 1958 1092 2028 χρόνῳ
1124 1957 1298 2029 βραχὺ
1327 1977 1380 2010 τι
1409 1959 1599 2012 τούτου
1631 1977 1836 2031 προγει-

2012 1962 2156 2017 XIV.
2206 1965 2357 2019 Alius
2402 1980 2566 2034 porro
2598 1972 2846 2035 tempore
2902 1965 3068 2036 paulo
3102 1966 3204 2020 hoc
3251 1968 3530 2037 antiquior

286 2056 517 2123 νέπερος,
549 2054 825 2121 ὁμότιμος
853 2051 909 2103 δὲ
950 2053 1047 2121 τὴν
1076 2052 1418 2117 δυσσέϐειαν,
1451 2054 1701 2124 Ζαράνης
1726 2055 1838 2125 (10)

284 2148 449 2215 ὄνομα,
492 2148 582 2197 καὶ
634 2144 807 2205 αὐτὸς
860 2145 959 2195 οὐκ
994 2142 1154 2210 ὀλίγα
1209 2146 1331 2206 ταῖς
1375 2144 1715 2208 δυσσεϐείαις
1762 2146 1841 2217 τῷ

290 2238 571 2307 ἀνθρωπίνῳ
588 2237 745 2305 γένει
785 2236 1191 2307 ὲπελυμήνατο.
1233 2236 1492 2303 Μαθηταὶ
1524 2238 1707 2306 μέντοι
1744 2237 1840 2290 τοῦ

292 2329 573 2397 δυσωνύμου
593 2329 883 2390 Μάνεντος
918 2327 1177 2395 γεγόνασι
1226 2327 1457 2394 δώδεκα,
1519 2329 1785 2392 Σισίννιος
1813 2330 1842 2381 ὁ

308 2420 392 2473 xit
422 2421 473 2471 τὺ
512 2420 712 2489 ἀξίωμα
773 2419 947 2471 αὐτοῦ
990 2419 1087 2488 τῆς
1145 2419 1441 2483 δυσσεϐοῦς
1489 2420 1843 2484 διδασκαλίας

304 2513 673 2581 ἀναδεξάμενος,
700 2514 796 2565 καὶ
820 2512 1022 2579 Θωμᾶς
1050 2511 1161 2582 (Η)
1190 2514 1216 2564 ὁ
1245 2512 1306 2564 τὸ
1348 2511 1470 2566 κατ’
1517 2512 1683 2564 αὑτὸν
1723 2513 1842 2564 ὀνο-

294 2604 563 2673 μαζόμενον
589 2603 1001 2672 συνταξάμενος
1036 2603 1391 2673 Εὐαγγέλιον.
1424 2602 1628 2666 Βούδας
1659 2621 1719 2655 τε
1748 2604 1844 2656 καὶ

298 2698 496 2767 Ἑρμᾶς,
539 2696 1024 2766 Ἀδείμαντοςμῆ
1068 2697 1164 2748 καὶ
1224 2695 1595 2765 Ἀδείμαντος,
1646 2695 1841 2766 ὃν(15)

282 2792 361 2843 καὶ
388 2792 660 2861 διαφόροις
713 2788 984 2857 διέπεμψε
1044 2788 1273 2858 κλίμασι
1326 2789 1427 2858 τῆς
1484 2789 1695 2861 πλάνης
1750 2790 1846 2842 καὶ

276 2886 361 2952 τῆς
379 2882 721 2944 ἀποστασίας
747 2880 929 2935 αὐτῶν
952 2884 1193 2950 κήρυκα.
1246 2879 1542 2951 Ἐξηγηταὶ
1579 2882 1635 2934 δὲ
1676 2880 1845 2936 αὐτοῦ

278 2970 476 3028 καιρίαν
515 2975 1017 3044 ὑπομνηματισταὶ
1072 2974 1367 3042 γεγόνασιν
1426 2973 1602 3044 Ἱέραξ
1650 2991 1710 3026 τε
1751 2975 1847 3028 καὶ

284 3068 631 3139 Ἡρακλείδης
689 3070 785 3120 καὶ
870 3066 1174 3133 Ἀφθόνιος.
1253 3066 1615 3137 Ἠριθμοῦντο
1660 3067 1718 3120 δὲ
1772 3067 1847 3138 τῷ

269 3160 390 3231 χορῷ
415 3161 525 3214 τῶν
597 3158 1052 3230 μαθητευθέντων
1121 3158 1270 3229 αὑτῷ
1321 3160 1417 3212 καὶ
1475 3159 1760 3227 Ἀγάπιος,
1818 3162 1850 3225 ὁ

268 3255 346 3323 τὴν
376 3252 725 3319 Ἐπτάλογον
775 3252 1111 3322 καλουμένην
1154 3251 1421 3315 συντάξας
1462 3254 1555 3305 καὶ
1604 3255 1850 3324 Ζαρούας

1941 2071 2041 2127 par
2066 2057 2368 2127 impietate,
2408 2059 2632 2113 Zaranis
2658 2060 2903 2123 nomine,
2959 2075 3068 2113 non
3126 2076 3296 2129 pauca
3338 2060 3529 2131 impie-

1943 2150 2149 2205 tatibus
2199 2152 2313 2205 suis
2370 2152 2613 2205 humano
2673 2153 2862 2221 generi
2936 2153 3136 2206 damna
3196 2155 3527 2223 importavlt.

1943 2240 2201 2313 Discipuli
2224 2252 2405 2297 autem
2441 2242 2661 2297 infausti
2701 2244 2941 2299 nominis
2979 2244 3077 2297 viri
3115 2244 3344 2300 Manetis
3376 2246 3531 2302 fuere

1943 2336 2260 2399 duodecim;
2291 2335 2584 2400 Sisinnius,
2616 2335 2709 2405 qui
2755 2337 3128 2406 principatum
3164 2338 3282 2405 ejus
3322 2336 3375 2391 in
3430 2338 3529 2391 im-

1942 2427 2029 2496 pia
2042 2425 2286 2481 doctrina
2310 2424 2508 2479 tuenda
2526 2424 2735 2493 accepit
2752 2440 2766 2488 ;
2782 2423 3042 2488 Thomas,
3065 2423 3155 2493 qui
3177 2423 3525 2493 Evangelium

1944 2533 2045 2575 suo
2072 2518 2294 2572 nomine
2325 2516 2576 2586 scripsit;
2618 2515 2815 2581 Budas,
2872 2516 3229 2580 Adamautus,
3263 2516 3531 2569 Adiman-

1946 2620 2056 2673 tus,
2085 2624 2247 2678 quem
2270 2608 2325 2661 in
2353 2608 2567 2662 diversa
2597 2606 2744 2660 orbis
2763 2606 3003 2668 climata,
3039 2606 3243 2659 erroris
3279 2616 3334 2658 et
3378 2607 3530 2660 defc-

1948 2690 2148 2755 ctionis
2179 2714 2485 2769 praeconem
2518 2698 2688 2752 misit.
2717 2698 3113 2767 Explanatores
3136 2714 3265 2751 vero
3295 2708 3349 2751 et
3374 2699 3528 2768 quasi

1949 2798 2409 2846 commentatores
2436 2789 2556 2859 ejus
2596 2789 2821 2842 fuerunt
2862 2788 3080 2852 Hierax,
3123 2789 3435 2844 Heraclides
3476 2800 3532 2843 et

1949 2883 2317 2953 Aphthonius.
2368 2883 2429 2936 In
2485 2881 2881 2949 discipulorum
2960 2881 3087 2934 item
3169 2884 3288 2950 ejus
3361 2883 3532 2935 choro

1952 2975 2380 3030 numerabantur
2408 2972 2668 3043 Agapius,
2688 2971 2778 3041 qui
2813 2970 3195 3041 lleptalogum,
3233 2981 3291 3025 ut
3313 2984 3528 3038 vocant,

1951 3066 2296 3135 conscripsit,
2356 3063 2561 3119 Zaruas
2609 3072 2662 3117 et
2696 3063 3043 3119 Gauriabius.
3081 3064 3293 3118 Chorus
3348 3076 3531 3120 autem

1953 3157 2251 3228 impietatis
2285 3173 2496 3220 eorum,
2538 3156 2631 3226 qui
2684 3164 2815 3210 tunc
2866 3156 3128 3224 temporis
3174 3173 3281 3211 una
3333 3156 3534 3212 ﬂorue-

1954 3261 2103 3314 runt,
2147 3251 2249 3305 hos
2304 3248 2790 3316 complectebatur,
2825 3263 3059 3317 quorum
3106 3255 3225 3302 acta
3282 3264 3530 3310 narrare.

268 3319 344 3397 uti
367 3346 735 3415 Γαυριάδιος.
776 3347 885 3399 Καὶ
910 3319 958 3396 δή
983 3319 1081 3413 μὲν
1136 3345 1246 3397 τῶν
1277 3346 1397 3397 τότε
1452 3319 1845 3415 συνακμασάν-

1955 3343 2037 3397 vel
2062 3342 2311 3413 dogmata
2346 3354 2632 3395 recensere
2676 3339 2798 3408 quis
2838 3338 3045 3391 valeat?
3100 3339 3177 3393 Eo
3225 3340 3370 3393 enim
3427 3342 3532 3394 ini-

273 3454 355 3489 τιισν
380 3439 481 3506 τῆς
509 3437 790 3499 ἁσεὸείας
839 3436 1001 3506 χορὸς
1040 3436 1099 3488 ὲν
1132 3434 1412 3498 τοσούτοις
1471 3436 1846 3507 παρετείνετο,

276 3518 332 3575 ὧν
354 3525 463 3586 πῶς
499 3524 586 3577 ἄν
616 3540 701 3586 τις
724 3523 869 3577 εἴποι
893 3523 993 3587 τὰς
1024 3524 1277 3597 πράξεις,
1308 3525 1425 3587 πῶς
1448 3526 1504 3578 δὲ
1536 3525 1737 3579 διέλθοι
1780 3525 1851 3578 τὰ

261 3616 527 3686 ὃόγματας
606 3616 734 3667 Ἐπὶ
774 3616 1032 3669 τοσοῦτον
1084 3622 1194 3688 γὰρ
1246 3618 1454 3688 ἤλασαν
1507 3619 1688 3689 πάσης
1746 3620 1849 3689 μὲν

257 3708 634 3779 ἀκαθαρσίας,
678 3709 858 3777 πάσης
900 3707 959 3759 δὲ
999 3708 1278 3781 ρυπαρίας
1327 3712 1418 3764 καὶ
1465 3711 1645 3780 πάσης
1680 3711 1854 3764 ἀθεω-

255 3801 402 3852 circa
448 3799 659 3865 63611;,
717 3800 811 3853 καὶ
856 3799 1130 3855 τοσούτων
1162 3802 1275 3872 (id)
1324 3803 1506 3856 αὐτῶν
1558 3804 1720 3872 γέμει
1779 3804 1849 3858 τὰ

258 3892 422 3959 βιὸλία
452 3893 854 3963 ρυπασμάτων
885 3909 946 3946 τε
995 3895 1090 3947 καὶ
1148 3895 1545 3966 ἀτοπημάτων,
1584 3896 1661 3959 ὡς
1709 3897 1845 3967 μηδὲ

250 3989 368 4052 τοὺς
396 3987 463 4053 ἐξ
494 3986 696 4041 αὐτῶν
715 3986 942 4041 ἐκείνων
967 3988 1430 4060 προεληλυθότας,
1459 3991 1556 4044 καὶ
1592 3992 1661 4045 τὰ
1694 3992 1847 4044 πλεῖ-

1946 3434 2204 3506 puritatis
2232 3433 2381 3487 omni
2414 3432 2573 3486 modo
2603 3433 2964 3495 devenerunt,
2997 3448 3063 3486 eo
3096 3448 3266 3502 usque
3291 3433 3530 3487 immun-

1951 3526 2118 3587 ditiae,
2152 3539 2219 3578 co
2260 3538 2433 3592 usque
2490 3522 2669 3594 impia:
2720 3523 3007 3589 doctrinae,
3055 3533 3243 3593 totque
3278 3510 3534 3582 sordibus

1953 3626 2008 3672 et
2037 3615 2464 3671 absurditatibus
2496 3630 2685 3669 eorum
2728 3615 2854 3668 libri
2906 3615 3097 3685 repleti
3156 3626 3302 3678 sunt.
3368 3628 3429 3671 ut
3462 3634 3533 3672 ne

1954 3712 2176 3782 quidem
2210 3723 2556 3764 successores
2584 3706 2822 3770 illorum,
2851 3707 2943 3775 qui
2994 3707 3281 3761 maximam
3339 3724 3531 3763 eorum

1954 3803 2252 3874 impietatis
2300 3809 2509 3870 partem
2562 3799 2929 3866 retinuerunt,
2991 3814 3087 3853 eos
3164 3800 3416 3870 amplecti
3478 3812 3535 3855 ct

1954 3898 2198 3967 recipere
2245 3894 2514 3957 audeant;
2578 3900 2691 3945 tum
2745 3892 2895 3961 quod
2960 3892 3427 3948 abominationnm
3478 3896 3534 3950 in

1956 3990 2065 4045 illis
2108 3996 2493 4044 contenlarum
2550 3985 2991 4054 exsuperantiam
3048 3986 3225 4058 legere
3282 4004 3389 4041 non
3442 4008 3535 4044 va-

1361 4145 1597 4202 VARIAE
1630 4146 2013 4204 LECTIONES
2044 4147 2134 4203 ET
2174 4144 2407 4203 ΝΟΤᾹΖ.

309 4289 425 4357 (10)
477 4286 793 4354 Ζαράνης.
844 4289 920 4342 Ita
955 4286 1318 4342 Coislinianus
1376 4286 1845 4357 etLColhertinus,

242 4354 427 4413 noster
448 4373 599 4413 vero
621 4358 887 4428 Ζανάρης.
903 4358 971 4411 At
989 4374 1111 4411 cum
1134 4367 1189 4409 et
1214 4358 1404 4428 Petrus
1423 4354 1659 4428 Siculus,
1685 4373 1738 4425 p.
1758 4356 1847 4420 30,

242 4431 484 4497 priorem
559 4426 846 4497 lectionem
899 4428 1109 4497 probet.
1163 4442 1264 4479 nec
1300 4427 1456 4497 inter
1502 4426 1695 4497 Persas
1737 4428 1841 4481 hoc

240 4494 495 4552 bentinis
596 4494 913 4551 inauditum-
963 4498 1034 4551 sit
1099 4497 1242 4562 (vide
1298 4494 1453 4549 Tullii
1535 4496 1642 4549 lter
1692 4496 1847 4551 Itali-

2017 4287 2128 4358 (13)
2165 4287 2287 4339 Ὃν.
2336 4284 2481 4358 _Trcs
2528 4285 2756 4340 Manetis
2806 4284 3058 4358 discipuli
3126 4285 3177 4337 in
3211 4295 3337 4358 tres
3381 4290 3531 4343 orbis

1947 4355 2137 4430 plagas
2196 4355 2377 4430 missi
2400 4366 2778 4430 memorantur
2823 4356 2875 4407 in
2918 4356 3349 4430 Actis_A_rchelai
3401 4374 3526 4413 cum

1956 4424 2191 4492 Naiiete,
2230 4442 2284 4494 p.
2314 4426 2407 4480 νε.
2451 4426 2633 4481 Addas
2667 4424 2893 4486 scilicet,
2952 4425 3045 4494 qui
3087 4425 3227 4479 idem
3271 4437 3355 4480 est
3402 4444 3527 4483 cum

1958 4442 2191 4492 manete,
2271 4467 2284 4479 .
2314 4442 2407 4480 22.
2451 4442 2633 4481 Aquas
2667 4442 2893 4486 scutcet,
2952 4442 3045 4494 qur
3087 4442 3227 4479 idem
3271 4442 3355 4480 εει
3402 4444 3526 4483 cum

1958 4499 2167 4561 Budda,
2224 4442 2464 4549 ¥h0mas
2522 4506 2577 4550 et
2624 4494 2872 4549 Hermas.
2908 4495 3143 4549 Eosdem
3194 4497 3526 4552 nominatim

236 4541 516 4645 ξιῑιξζῑςῖυι
533 4541 1061 4645 ξέλιῖξεῑίιῖέιῑηηῑέῑο
1096 4541 1489 4645 nigrasset].
1528 4541 1678 4645 agro.
1692 4541 1849 4645 'tajg'e
1881 4541 1924 4595 υ
1952 4541 2207 4645 manu
2232 4541 2487 4645 again;
2521 4541 2577 4645 βξ
2613 4541 2721 4627 ῥὶςῖ
2737 4541 3143 4645 ξιῑῖιλιεῇιςῖβξδ·
3157 4541 3533 4637 tanta}:

235 4640 302 4692 de
347 4636 465 4693 isto
527 4636 620 4690 .lo.
667 4636 1027 4691 l’earsonium
1081 4638 1148 4690 ad
1204 4636 1523 4705 Symbolum
1568 4638 1847 4705 Apostoli-

235 4725 359 4763 cum
390 4724 452 4778 p.
488 4708 623 4770 116,
655 4707 790 4778 edit.
821 4708 1023 4778 Latina:
1045 4708 1097 4778 in
1125 4707 1288 4778 notis,
1329 4707 1416 4758 ubi
1443 4707 1489 4761 is
1520 4709 1850 4778 persuadere

236 4776 510 4840 conatur,
556 4787 635 4833 ut.
674 4777 880 4831 inserto
904 4776 1215 4830 Manicbatis
1251 4776 1478 4838 Zarane,
1504 4778 1595 4845 qui
1635 4776 1851 4831 Manete

238 4865 346 4901 una
380 4864 528 4902 cum
564 4847 858 4915 Scythiano
907 4846 1183 4915 antiquior
1216 4854 1355 4905 erat.
1398 4847 1687 4902 credamus
1719 4847 1852 4915 Scy-

238 4922 513 4972 taiauum
551 4918 617 4970 ad
652 4916 963 4981 Apostolica
1005 4926 1249 4984 tempora
1302 4916 1618 4969 accessisse.
1674 4917 1853 4970 Enim-

239 5004 399 5042 vero.
484 4990 749 5055 quamvis
825 5003 935 5039 non
1000 4987 1243 5040 dubitem
1323 4985 1590 5041 Zarancm
1648 4986 1850 5040 Maneti

238 5069 410 5111 aetate
465 5058 792 5125 proximum
852 5056 1041 5115 fuisse.
1092 5072 1215 5109 cum
1270 5066 1461 5109 noster
1516 5071 1641 5109 eum
1692 5056 1853 5124 paulo

238 5129 626 5197 antiquiorem
662 5126 868 5179 diserte
902 5127 1169 5184 nominet,
1194 5126 1308 5193 ipsa
1344 5136 1523 5197 tamen
1557 5126 1642 5178 illa
1672 5127 1854 5180 brevis

243 5196 541 5265 temporis
590 5196 943 5265 intercapedo
985 5212 1160 5265 magis
1219 5196 1403 5259 ellicit,
1456 5206 1512 5249 ut
1563 5199 1853 5249 credamus

241 5267 635 5337 Scythianum
675 5276 732 5320 et
783 5266 1047 5320 Zarauem
1092 5266 1327 5333 aequales
1372 5266 1538 5337 fuisse
1580 5274 1855 5337 aatate,et

241 5336 583 5391 eo'tantum
639 5336 859 5391 neruine
918 5351 947 5389 a
992 5352 1052 5390 se
1094 5337 1328 5389 invicem
1367 5336 1675 5400 distinctos,
1708 5336 1854 5404 quod

243 5408 391 5459 alius
441 5421 647 5459 eorum
704 5406 826 5459 aliis
881 5406 935 5459 in
972 5407 1107 5460 locis
1159 5406 1426 5459 doctrina:
1478 5421 1591 5459 sua:
1644 5407 1854 5460 semina

242 5485 578 5547 spargeret.

318 5542 448 5613 ili)
505 5542 731 5613 Θωμᾶς.
762 5543 838 5597 De
876 5544 982 5597 hoc
1011 5554 1067 5599 et
1096 5545 1452 5613 sequentibus
1484 5543 1715 5598 Manetis
1770 5545 1855 5597 di-

242 5617 501 5741 ﬁcipulis
534 5617 648 5685 lcge
675 5617 758 5670 Cl.
795 5614 1126 5681 Fabricium,
1152 5616 1243 5670 lib.
1274 5632 1325 5680 ι’,
1359 5632 1411 5683 p.
1443 5616 1570 5679 287,
1600 5614 1852 5670 Bibliotlr.

294 5702 428 5740 rex.

294 5702 404 5740 nec
413 5726 428 5738 .

320 5756 451 5825 (li)
512 5752 887 5822 Ἀδείμαντος.
949 5754 1222 5809 Adantum
1273 5771 1398 5810 cum
1457 5763 1614 5810 vocat
1661 5752 1855 5809 Petrus

250 5823 491 5878 SiCulus
521 5840 570 5891 p.
599 5825 687 5877 30.

606 5918 869 5977 Ριτιιυι..
902 5920 1017 5977 Gn.
1059 5918 1182 5977 Cll.

1932 5444 1935 5447 -
1958 5417 2178 5463 vocant.
2216 5408 2308 5461 Sic

1952 4640 2092 4704 laus,
2149 4648 2205 4691 et
2260 4634 2800 4706 Ilistoria’ka'reseos
2837 4634 3307 4706 quarm/tatarum,
3365 4634 3528 4706 quam

1951 4710 2179 4763 doctiss.
2229 4705 2546 4775 Christoph.
2606 4704 2797 4759 Matth.
2835 4704 3051 4758 Pfatlius
3091 4720 3217 4759 cum
3264 4704 3530 4764 Lactantii

1952 4780 2219 4849 Epitomeﬁ
2261 4778 2663 4849 [mutationum
2730 4775 3053 4849 divinarum,
3096 4791 3187 4849 _p.
3254 4776 3356 4829 182
3400 4794 3526 4849 _seq.

1954 4840 2143 4903 edidit.
2188 4848 2261 4901 lbi
2293 4840 2409 4900 haec
2440 4847 2582 4899 inter
2614 4855 2807 4900 caetera
2855 4860 2907 4911 p.
2944 4844 3061 4905 185.
3096 4840 3218 4911 lego
3256 4863 3268 4898 :
3319 4864 3337 4897 ι
3398 4840 3531 4902 Ροὲι

1954 4920 2114 4987 cujus
2164 4917 2450 4988 (Curbicii)
2501 4926 2729 4969 mortem
2782 4930 2888 4988 non
2939 4914 3351 4988 solunrlibros,
3393 4934 3533 4988 quos

1960 4984 2324 5044 Terebinthns
2360 4988 2673 5053 reliquerat,
2726 4984 2820 5037 sed
2872 4993 2925 5037 et
2953 4986 3238 5053 pecuniam
3287 4984 3531 5043 Curbirii

1956 5073 2200 5126 sumens,
2232 5072 2243 5113 ι
2277 5057 2528 5126 Τιἐειηὺὶη
2578 5053 2875 5126 discipulos
2937 5058 3244 5123 acquisivit.
3299 5074 3531 5126 quorum

1956 5145 2119 5188 unus.
2158 5106 2419 5189 'l‘homas,
2466 5125 2605 5179 alius
2663 5106 2836 5185 Abda,
2874 5106 3067 5178 tertitis
3099 5135 3183 5179 est
3216 5106 3463 5182 Her'mas.
3507 5148 3527 5181 ι

1958 5199 2034 5253 lbi
2065 5214 2173 5252 non
2200 5197 2389 5252 dubito
2422 5210 2520 5264 pro
2560 5194 2766 5265 Trembi
2807 5194 3097 5265 legendum
3128 5213 3250 5250 esse
3281 5206 3385 5251 tres
3430 5198 3532 5252 sibi

1960 5270 2211 5337 (totidem
2257 5267 2406 5339 enim
2447 5264 2711 5339 discipuli
2752 5264 2954 5339 postea
2988 5277 3397 5339 memorantur;
3432 5284 3533 5339 pro

1957 5335 2109 5393 Abda
2135 5347 2315 5391 autem
2342 5336 2542 5393 Abdus.
2573 5350 2736 5404 quem
2772 5335 2958 5388 caeteri
3011 5338 3308 5405 scriptores
3341 5335 3533 5393 omnes

2362 5421 2416 5474 p.
2474 5405 2596 5471 182,
2634 5415 2691 5459 ut
2743 5405 2922 5459 obiter
2958 5405 3063 5459 hoc
3121 5422 3397 5469 moneam,
3434 5424 3533 5475 pro

1959 5477 2336 5547 capitulorum,
2384 5477 2563 5545 legere
2615 5475 2810 5547 malim
2865 5475 3177 5544 capitulum.
3232 5476 3347 5530 Hoc
3386 5478 3533 5547 enim

1959 5550 2184 5603 nomine
2251 5551 2552 5601 secundum
2614 5546 2875 5617 libroruin
2957 5562 3182 5600 suorum
3245 5546 3538 5617 appellant

1959 5617 2310 5687 Scythianus,
2336 5632 2433 5670 ceu
2458 5616 2927 5687 ex_superioribus
2956 5625 3191 5687 constat.

2032 5684 2144 5757 (14)
2168 5686 2502 5767 Τοσούτων.
2532 5684 2633 5741 Ita'
2661 5701 2726 5739 ex
2760 5693 2950 5741 nostro
2990 5694 3045 5739 et
3070 5684 3385 5741 Colbertino
3418 5686 3537 5758 lege

1958 5771 2059 5825 pro
2087 5768 2366 5811 τοσουτον.

3222 5919 3262 5975 2
