  <div class='ocr_page' id='page_1' title='image "/cluster/home/n/w/nwhite01/storage/ocr_20150623/102:no.2/coo.31924054870062/035.png"; bbox 0 0 3986 6440; ppageno 0'>
   <div class='ocr_carea' id='block_1_1' title="bbox 452 378 3744 463">
    <p class='ocr_par' dir='ltr' id='par_1_1' title="bbox 452 378 3744 463">
     <span class='ocr_line' id='line_1_1' title="bbox 452 378 3744 463; baseline -0.007 -2"><span class='ocrx_word' id='word_1_1' title='bbox 452 400 524 463; x_wconf 76' lang='grc'><strong>43</strong></span> <span class='ocrx_word' id='word_1_2' title='bbox 1596 389 1865 450; x_wconf 83' lang='grc' dir='ltr'><strong>ΡΠΟΤΙΙ</strong></span> <span class='ocrx_word' id='word_1_3' title='bbox 1904 384 2422 449; x_wconf 65' lang='grc' dir='ltr'><strong>ΡΛΤΒῙΑΒΕΗΕ</strong></span> <span class='ocrx_word' id='word_1_4' title='bbox 2460 383 2569 443; x_wconf 83' lang='lat' dir='ltr'><strong>CP.</strong></span> <span class='ocrx_word' id='word_1_5' title='bbox 3675 378 3744 440; x_wconf 69' lang='grc'><strong>’14</strong></span> 
     </span>
    </p>
   </div>
   <div class='ocr_carea' id='block_1_2' title="bbox 452 489 2055 578">
    <p class='ocr_par' dir='ltr' id='par_1_2' title="bbox 452 501 2039 578">
     <span class='ocr_line' id='line_1_2' title="bbox 452 501 2039 578; baseline -0.01 -12"><span class='ocrx_word' id='word_1_6' title='bbox 452 514 626 577; x_wconf 83' lang='lat' dir='ltr'><strong>leant;</strong></span> <span class='ocrx_word' id='word_1_7' title='bbox 661 519 777 564; x_wconf 87' lang='lat' dir='ltr'><strong>tum</strong></span> <span class='ocrx_word' id='word_1_8' title='bbox 833 505 979 578; x_wconf 82' lang='lat' dir='ltr'><strong>quod</strong></span> <span class='ocrx_word' id='word_1_9' title='bbox 1042 501 1581 559; x_wconf 88' lang='lat' dir='ltr'><strong>irrationabilitatcm</strong></span> <span class='ocrx_word' id='word_1_10' title='bbox 1634 509 2039 572; x_wconf 77' lang='lat' dir='ltr'><strong>pnnceptorum</strong></span> 
     </span>
    </p>
   </div>
   <div class='ocr_carea' id='block_1_3' title="bbox 2166 489 3745 578">
    <p class='ocr_par' dir='ltr' id='par_1_3' title="bbox 2166 489 3745 564">
     <span class='ocr_line' id='line_1_3' title="bbox 2166 489 3745 564; baseline -0.002 -15"><span class='ocrx_word' id='word_1_11' title='bbox 2166 514 2256 549; x_wconf 73' lang='grc' dir='ltr'>ςτα</span> <span class='ocrx_word' id='word_1_12' title='bbox 2279 495 2382 564; x_wconf 81' lang='grc' dir='ltr'>τῆς</span> <span class='ocrx_word' id='word_1_13' title='bbox 2413 493 2594 548; x_wconf 82' lang='grc' dir='ltr'>αὐτῶν</span> <span class='ocrx_word' id='word_1_14' title='bbox 2635 489 2959 554; x_wconf 83' lang='grc' dir='ltr'>δυσσεϐείας</span> <span class='ocrx_word' id='word_1_15' title='bbox 2984 490 3519 562; x_wconf 84' lang='grc' dir='ltr'>παρακατασχόντας</span> <span class='ocrx_word' id='word_1_16' title='bbox 3551 492 3745 562; x_wconf 84' lang='grc' dir='ltr'>ἀνέχε-</span> 
     </span>
    </p>
   </div>
   <div class='ocr_carea' id='block_1_4' title="bbox 449 590 2042 669">
    <p class='ocr_par' dir='ltr' id='par_1_4' title="bbox 449 590 2042 669">
     <span class='ocr_line' id='line_1_4' title="bbox 449 590 2042 669; baseline -0.011 -9"><span class='ocrx_word' id='word_1_17' title='bbox 449 601 754 660; x_wconf 75' lang='lat' dir='ltr'><strong>ratiociniis</strong></span> <span class='ocrx_word' id='word_1_18' title='bbox 795 599 1066 669; x_wconf 85' lang='lat' dir='ltr'><strong>subjicere</strong></span> <span class='ocrx_word' id='word_1_19' title='bbox 1092 611 1201 651; x_wconf 95' lang='lat' dir='ltr'><strong>non</strong></span> <span class='ocrx_word' id='word_1_20' title='bbox 1235 594 1468 666; x_wconf 88' lang='lat' dir='ltr'><strong>possint,</strong></span> <span class='ocrx_word' id='word_1_21' title='bbox 1534 604 1652 648; x_wconf 86' lang='lat' dir='ltr'><strong>tum</strong></span> <span class='ocrx_word' id='word_1_22' title='bbox 1686 593 1850 647; x_wconf 89' lang='lat' dir='ltr'><strong>etiam</strong></span> <span class='ocrx_word' id='word_1_23' title='bbox 1895 590 2042 660; x_wconf 87' lang='lat' dir='ltr'><strong>quod</strong></span> 
     </span>
    </p>
   </div>
   <div class='ocr_carea' id='block_1_5' title="bbox 451 684 2044 757">
    <p class='ocr_par' dir='ltr' id='par_1_5' title="bbox 451 684 2044 757">
     <span class='ocr_line' id='line_1_5' title="bbox 451 684 2044 757; baseline -0.009 -8"><span class='ocrx_word' id='word_1_24' title='bbox 451 703 702 750; x_wconf 88' lang='lat' dir='ltr'><strong>metuant</strong></span> <span class='ocrx_word' id='word_1_25' title='bbox 729 699 785 746; x_wconf 89' lang='lat' dir='ltr'><strong>et</strong></span> <span class='ocrx_word' id='word_1_26' title='bbox 831 698 1082 752; x_wconf 76' lang='lat' dir='ltr'><strong>caveant,</strong></span> <span class='ocrx_word' id='word_1_27' title='bbox 1138 704 1208 741; x_wconf 89' lang='lat' dir='ltr'><strong>ne</strong></span> <span class='ocrx_word' id='word_1_28' title='bbox 1263 686 1626 757; x_wconf 84' lang='lat' dir='ltr'><strong>opprobrium</strong></span> <span class='ocrx_word' id='word_1_29' title='bbox 1682 684 1853 738; x_wconf 90' lang='lat' dir='ltr'><strong>risum</strong></span> <span class='ocrx_word' id='word_1_30' title='bbox 1879 692 2044 752; x_wconf 91' lang='lat' dir='ltr'><strong>atque</strong></span> 
     </span>
    </p>
   </div>
   <div class='ocr_carea' id='block_1_6' title="bbox 451 774 2042 854">
    <p class='ocr_par' dir='ltr' id='par_1_6' title="bbox 451 774 2042 854">
     <span class='ocr_line' id='line_1_6' title="bbox 451 774 2042 854; baseline -0.011 -12"><span class='ocrx_word' id='word_1_31' title='bbox 451 787 640 842; x_wconf 89' lang='lat' dir='ltr'><strong>odium</strong></span> <span class='ocrx_word' id='word_1_32' title='bbox 687 783 833 854; x_wconf 92' lang='lat' dir='ltr'><strong>apud</strong></span> <span class='ocrx_word' id='word_1_33' title='bbox 882 796 1077 837; x_wconf 91' lang='lat' dir='ltr'><strong>omnes</strong></span> <span class='ocrx_word' id='word_1_34' title='bbox 1124 779 1229 833; x_wconf 87' lang='lat' dir='ltr'><strong>sibi</strong></span> <span class='ocrx_word' id='word_1_35' title='bbox 1297 778 1616 833; x_wconf 91' lang='lat' dir='ltr'><strong>concilient.</strong></span> <span class='ocrx_word' id='word_1_36' title='bbox 1668 774 2042 842; x_wconf 84' lang='lat' dir='ltr'><strong>Quamobrem</strong></span> 
     </span>
    </p>
   </div>
   <div class='ocr_carea' id='block_1_7' title="bbox 456 865 2044 946">
    <p class='ocr_par' dir='ltr' id='par_1_7' title="bbox 456 865 2044 946">
     <span class='ocr_line' id='line_1_7' title="bbox 456 865 2044 946; baseline -0.008 -14"><span class='ocrx_word' id='word_1_37' title='bbox 456 879 576 933; x_wconf 77' lang='lat' dir='ltr'><strong>bzrc</strong></span> <span class='ocrx_word' id='word_1_38' title='bbox 602 892 779 946; x_wconf 89' lang='lat' dir='ltr'><strong>nuper</strong></span> <span class='ocrx_word' id='word_1_39' title='bbox 809 883 1003 928; x_wconf 84' lang='lat' dir='ltr'><strong>exorta</strong></span> <span class='ocrx_word' id='word_1_40' title='bbox 1053 881 1302 926; x_wconf 83' lang='lat' dir='ltr'><strong>veterum</strong></span> <span class='ocrx_word' id='word_1_41' title='bbox 1347 870 1560 923; x_wconf 92' lang='lat' dir='ltr'><strong>illorum</strong></span> <span class='ocrx_word' id='word_1_42' title='bbox 1618 865 2044 923; x_wconf 88' lang='lat' dir='ltr'><strong>abominationis</strong></span> 
     </span>
    </p>
   </div>
   <div class='ocr_carea' id='block_1_8' title="bbox 453 958 2043 1032">
    <p class='ocr_par' dir='ltr' id='par_1_8' title="bbox 453 958 2043 1032">
     <span class='ocr_line' id='line_1_8' title="bbox 453 958 2043 1032; baseline -0.008 -9"><span class='ocrx_word' id='word_1_43' title='bbox 453 969 736 1023; x_wconf 91' lang='lat' dir='ltr'><strong>seminum</strong></span> <span class='ocrx_word' id='word_1_44' title='bbox 773 965 1073 1026; x_wconf 84' lang='lat' dir='ltr'><strong>fruticatio,</strong></span> <span class='ocrx_word' id='word_1_45' title='bbox 1109 972 1170 1017; x_wconf 89' lang='lat' dir='ltr'><strong>ut</strong></span> <span class='ocrx_word' id='word_1_46' title='bbox 1203 977 1367 1032; x_wconf 86' lang='lat' dir='ltr'><strong>supra</strong></span> <span class='ocrx_word' id='word_1_47' title='bbox 1397 961 1654 1025; x_wconf 78' lang='lat' dir='ltr'><strong>diximus,</strong></span> <span class='ocrx_word' id='word_1_48' title='bbox 1677 975 1798 1030; x_wconf 75' lang='lat' dir='ltr'><strong>qua:</strong></span> <span class='ocrx_word' id='word_1_49' title='bbox 1835 959 1904 1012; x_wconf 89' lang='lat' dir='ltr'><strong>ab</strong></span> <span class='ocrx_word' id='word_1_50' title='bbox 1935 958 2043 1011; x_wconf 80' lang='lat' dir='ltr'><strong>illis</strong></span> 
     </span>
    </p>
   </div>
   <div class='ocr_carea' id='block_1_9' title="bbox 452 1053 2044 1128">
    <p class='ocr_par' dir='ltr' id='par_1_9' title="bbox 452 1053 2044 1128">
     <span class='ocr_line' id='line_1_9' title="bbox 452 1053 2044 1128; baseline -0.006 -15"><span class='ocrx_word' id='word_1_51' title='bbox 452 1059 581 1114; x_wconf 91' lang='lat' dir='ltr'><strong>olim</strong></span> <span class='ocrx_word' id='word_1_52' title='bbox 608 1057 885 1128; x_wconf 80' lang='lat' dir='ltr'><strong>magistris</strong></span> <span class='ocrx_word' id='word_1_53' title='bbox 914 1055 1118 1124; x_wconf 89' lang='lat' dir='ltr'><strong>scripto</strong></span> <span class='ocrx_word' id='word_1_54' title='bbox 1160 1053 1265 1107; x_wconf 84' lang='lat' dir='ltr'><strong>sibi</strong></span> <span class='ocrx_word' id='word_1_55' title='bbox 1291 1053 1488 1106; x_wconf 87' lang='lat' dir='ltr'><strong>tradita</strong></span> <span class='ocrx_word' id='word_1_56' title='bbox 1525 1061 1676 1116; x_wconf 89' lang='lat' dir='ltr'><strong>sunt,</strong></span> <span class='ocrx_word' id='word_1_57' title='bbox 1709 1066 1887 1120; x_wconf 87' lang='lat' dir='ltr'><strong>neque</strong></span> <span class='ocrx_word' id='word_1_58' title='bbox 1923 1066 2044 1104; x_wconf 86' lang='lat' dir='ltr'><strong>am-</strong></span> 
     </span>
    </p>
   </div>
   <div class='ocr_carea' id='block_1_10' title="bbox 454 1142 2045 1222">
    <p class='ocr_par' dir='ltr' id='par_1_10' title="bbox 454 1142 2045 1222">
     <span class='ocr_line' id='line_1_10' title="bbox 454 1142 2045 1222; baseline -0.006 -17"><span class='ocrx_word' id='word_1_59' title='bbox 454 1152 792 1222; x_wconf 90' lang='lat' dir='ltr'><strong>plectuntur,</strong></span> <span class='ocrx_word' id='word_1_60' title='bbox 835 1164 1012 1217; x_wconf 84' lang='lat' dir='ltr'><strong>neque</strong></span> <span class='ocrx_word' id='word_1_61' title='bbox 1052 1146 1424 1212; x_wconf 89' lang='lat' dir='ltr'><strong>tuentur;sed</strong></span> <span class='ocrx_word' id='word_1_62' title='bbox 1450 1145 1517 1198; x_wconf 92' lang='lat' dir='ltr'><strong>iis</strong></span> <span class='ocrx_word' id='word_1_63' title='bbox 1546 1145 1721 1198; x_wconf 93' lang='lat' dir='ltr'><strong>solum</strong></span> <span class='ocrx_word' id='word_1_64' title='bbox 1752 1159 1811 1196; x_wconf 90' lang='lat' dir='ltr'><strong>se</strong></span> <span class='ocrx_word' id='word_1_65' title='bbox 1867 1142 2045 1196; x_wconf 71' lang='lat' dir='ltr'><strong>adlue-</strong></span> 
     </span>
    </p>
   </div>
   <div class='ocr_carea' id='block_1_11' title="bbox 458 1234 2044 1304">
    <p class='ocr_par' dir='ltr' id='par_1_11' title="bbox 458 1234 2044 1304">
     <span class='ocr_line' id='line_1_11' title="bbox 458 1234 2044 1304; baseline -0.008 -7"><span class='ocrx_word' id='word_1_66' title='bbox 458 1257 580 1298; x_wconf 91' lang='lat' dir='ltr'><strong>rere</strong></span> <span class='ocrx_word' id='word_1_67' title='bbox 610 1243 764 1295; x_wconf 84' lang='lat' dir='ltr'><strong>vafre</strong></span> <span class='ocrx_word' id='word_1_68' title='bbox 811 1248 866 1294; x_wconf 94' lang='lat' dir='ltr'><strong>et</strong></span> <span class='ocrx_word' id='word_1_69' title='bbox 890 1240 1083 1294; x_wconf 75' lang='lat' dir='ltr'><strong>callide</strong></span> <span class='ocrx_word' id='word_1_70' title='bbox 1109 1239 1391 1298; x_wconf 86' lang='lat' dir='ltr'><strong>simulant,</strong></span> <span class='ocrx_word' id='word_1_71' title='bbox 1445 1238 1497 1290; x_wconf 88' lang='lat' dir='ltr'><strong>in</strong></span> <span class='ocrx_word' id='word_1_72' title='bbox 1531 1237 1731 1304; x_wconf 78' lang='lat' dir='ltr'><strong>quibus</strong></span> <span class='ocrx_word' id='word_1_73' title='bbox 1765 1234 2044 1289; x_wconf 86' lang='lat' dir='ltr'><strong>Dominica</strong></span> 
     </span>
    </p>
   </div>
   <div class='ocr_carea' id='block_1_12' title="bbox 451 1327 2048 1403">
    <p class='ocr_par' dir='ltr' id='par_1_12' title="bbox 451 1327 2048 1403">
     <span class='ocr_line' id='line_1_12' title="bbox 451 1327 2048 1403; baseline -0.004 -14"><span class='ocrx_word' id='word_1_74' title='bbox 451 1335 672 1389; x_wconf 90' lang='lat' dir='ltr'><strong>oracula</strong></span> <span class='ocrx_word' id='word_1_75' title='bbox 707 1343 761 1387; x_wconf 89' lang='lat' dir='ltr'><strong>et</strong></span> <span class='ocrx_word' id='word_1_76' title='bbox 795 1333 976 1403; x_wconf 82' lang='lat' dir='ltr'><strong>magni</strong></span> <span class='ocrx_word' id='word_1_77' title='bbox 1000 1332 1227 1402; x_wconf 78' lang='lat' dir='ltr'><strong>apostoli</strong></span> <span class='ocrx_word' id='word_1_78' title='bbox 1262 1330 1413 1400; x_wconf 83' lang='lat' dir='ltr'><strong>Pauli</strong></span> <span class='ocrx_word' id='word_1_79' title='bbox 1460 1328 1720 1399; x_wconf 63' lang='lat' dir='ltr'><strong>Epistula:</strong></span> <span class='ocrx_word' id='word_1_80' title='bbox 1759 1327 2048 1397; x_wconf 72' lang='lat' dir='ltr'><strong>descripta:</strong></span> 
     </span>
    </p>
   </div>
   <div class='ocr_carea' id='block_1_13' title="bbox 451 1419 2047 1492">
    <p class='ocr_par' dir='ltr' id='par_1_13' title="bbox 451 1419 2047 1492">
     <span class='ocr_line' id='line_1_13' title="bbox 451 1419 2047 1492; baseline -0.004 -12"><span class='ocrx_word' id='word_1_81' title='bbox 451 1436 607 1492; x_wconf 86' lang='lat' dir='ltr'><strong>sunt;</strong></span> <span class='ocrx_word' id='word_1_82' title='bbox 634 1425 913 1479; x_wconf 88' lang='lat' dir='ltr'><strong>nonnullis</strong></span> <span class='ocrx_word' id='word_1_83' title='bbox 942 1425 1106 1478; x_wconf 87' lang='lat' dir='ltr'><strong>etiam</strong></span> <span class='ocrx_word' id='word_1_84' title='bbox 1134 1425 1266 1477; x_wconf 90' lang='lat' dir='ltr'><strong>Acta</strong></span> <span class='ocrx_word' id='word_1_85' title='bbox 1285 1422 1662 1492; x_wconf 81' lang='lat' dir='ltr'><strong>apostolorum</strong></span> <span class='ocrx_word' id='word_1_86' title='bbox 1682 1430 1736 1475; x_wconf 90' lang='lat' dir='ltr'><strong>et</strong></span> <span class='ocrx_word' id='word_1_87' title='bbox 1761 1419 2047 1474; x_wconf 65' lang='lat' dir='ltr'><strong>catholica:</strong></span> 
     </span>
    </p>
   </div>
   <div class='ocr_carea' id='block_1_14' title="bbox 439 1512 2045 1586">
    <p class='ocr_par' dir='ltr' id='par_1_14' title="bbox 439 1512 2045 1586">
     <span class='ocr_line' id='line_1_14' title="bbox 439 1512 2045 1586; baseline -0.006 -12"><span class='ocrx_word' id='word_1_88' title='bbox 439 1517 732 1586; x_wconf 72' lang='lat' dir='ltr'><strong>Epistolae,</strong></span> <span class='ocrx_word' id='word_1_89' title='bbox 771 1524 968 1586; x_wconf 56' lang='lat' dir='ltr'><strong>praeter</strong></span> <span class='ocrx_word' id='word_1_90' title='bbox 1014 1529 1130 1578; x_wconf 86' lang='lat' dir='ltr'><strong>eas,</strong></span> <span class='ocrx_word' id='word_1_91' title='bbox 1186 1531 1308 1584; x_wconf 74' lang='lat' dir='ltr'><strong>qua:</strong></span> <span class='ocrx_word' id='word_1_92' title='bbox 1355 1513 1630 1584; x_wconf 76' lang='lat' dir='ltr'><strong>coryphzei</strong></span> <span class='ocrx_word' id='word_1_93' title='bbox 1676 1512 1866 1583; x_wconf 79' lang='lat' dir='ltr'><strong>(Petri)</strong></span> <span class='ocrx_word' id='word_1_94' title='bbox 1891 1520 2045 1576; x_wconf 88' lang='lat' dir='ltr'><strong>sunt,</strong></span> 
     </span>
    </p>
   </div>
   <div class='ocr_carea' id='block_1_15' title="bbox 452 1601 2049 1675">
    <p class='ocr_par' dir='ltr' id='par_1_15' title="bbox 452 1601 2049 1675">
     <span class='ocr_line' id='line_1_15' title="bbox 452 1601 2049 1675; baseline -0.004 -14"><span class='ocrx_word' id='word_1_95' title='bbox 452 1608 842 1662; x_wconf 86' lang='lat' dir='ltr'><strong>admittuntur.</strong></span> <span class='ocrx_word' id='word_1_96' title='bbox 879 1604 1207 1675; x_wconf 81' lang='lat' dir='ltr'><strong>llujusntodi</strong></span> <span class='ocrx_word' id='word_1_97' title='bbox 1240 1620 1392 1659; x_wconf 90' lang='lat' dir='ltr'><strong>sacra</strong></span> <span class='ocrx_word' id='word_1_98' title='bbox 1440 1604 1658 1674; x_wconf 90' lang='lat' dir='ltr'><strong>eloquia</strong></span> <span class='ocrx_word' id='word_1_99' title='bbox 1691 1603 1834 1657; x_wconf 91' lang='lat' dir='ltr'><strong>tueri</strong></span> <span class='ocrx_word' id='word_1_100' title='bbox 1877 1617 1937 1656; x_wconf 91' lang='lat' dir='ltr'><strong>se</strong></span> <span class='ocrx_word' id='word_1_101' title='bbox 1973 1601 2049 1655; x_wconf 93' lang='lat' dir='ltr'><strong>si-</strong></span> 
     </span>
    </p>
   </div>
   <div class='ocr_carea' id='block_1_16' title="bbox 453 1694 2051 1767">
    <p class='ocr_par' dir='ltr' id='par_1_16' title="bbox 453 1694 2051 1767">
     <span class='ocr_line' id='line_1_16' title="bbox 453 1694 2051 1767; baseline -0.003 -16"><span class='ocrx_word' id='word_1_102' title='bbox 453 1698 688 1761; x_wconf 89' lang='lat' dir='ltr'><strong>mulant,</strong></span> <span class='ocrx_word' id='word_1_103' title='bbox 724 1707 895 1752; x_wconf 91' lang='lat' dir='ltr'><strong>uteos</strong></span> <span class='ocrx_word' id='word_1_104' title='bbox 914 1697 1006 1767; x_wconf 88' lang='lat' dir='ltr'><strong>qui</strong></span> <span class='ocrx_word' id='word_1_105' title='bbox 1035 1697 1180 1751; x_wconf 91' lang='lat' dir='ltr'><strong>circa</strong></span> <span class='ocrx_word' id='word_1_106' title='bbox 1204 1696 1351 1766; x_wconf 88' lang='lat' dir='ltr'><strong>piam</strong></span> <span class='ocrx_word' id='word_1_107' title='bbox 1376 1695 1698 1767; x_wconf 80' lang='lat' dir='ltr'><strong>religionem</strong></span> <span class='ocrx_word' id='word_1_108' title='bbox 1736 1694 2051 1750; x_wconf 91' lang='lat' dir='ltr'><strong>hebetiores</strong></span> 
     </span>
    </p>
   </div>
   <div class='ocr_carea' id='block_1_17' title="bbox 2147 583 3743 654">
    <p class='ocr_par' dir='ltr' id='par_1_17' title="bbox 2147 583 3743 654">
     <span class='ocr_line' id='line_1_17' title="bbox 2147 583 3743 654; baseline -0.001 -14"><span class='ocrx_word' id='word_1_109' title='bbox 2147 588 2275 640; x_wconf 83' lang='grc' dir='ltr'><strong>σθαι</strong></span> <span class='ocrx_word' id='word_1_110' title='bbox 2309 585 2406 639; x_wconf 84' lang='grc' dir='ltr'>τοῦ</span> <span class='ocrx_word' id='word_1_111' title='bbox 2440 583 2634 638; x_wconf 90' lang='grc' dir='ltr'>λοιποῦ</span> <span class='ocrx_word' id='word_1_112' title='bbox 2692 583 2948 654; x_wconf 78' lang='grc' dir='ltr'><strong>στέργειν</strong></span> <span class='ocrx_word' id='word_1_113' title='bbox 2984 584 3171 636; x_wconf 76' lang='grc' dir='ltr'>ἐκεῖνα</span> <span class='ocrx_word' id='word_1_114' title='bbox 3217 583 3317 636; x_wconf 76' lang='grc' dir='ltr'>καὶ</span> <span class='ocrx_word' id='word_1_115' title='bbox 3357 583 3743 653; x_wconf 80' lang='grc' dir='ltr'>ἀποδέχεσθαι,</span> 
     </span>
    </p>
   </div>
   <div class='ocr_carea' id='block_1_18' title="bbox 2142 673 3749 749">
    <p class='ocr_par' dir='ltr' id='par_1_18' title="bbox 2142 673 3749 749">
     <span class='ocr_line' id='line_1_18' title="bbox 2142 673 3749 749; baseline -0.001 -17"><span class='ocrx_word' id='word_1_116' title='bbox 2142 679 2300 733; x_wconf 79' lang='grc' dir='ltr'>τοῦτο</span> <span class='ocrx_word' id='word_1_117' title='bbox 2335 678 2433 749; x_wconf 84' lang='grc' dir='ltr'>μὲν</span> <span class='ocrx_word' id='word_1_118' title='bbox 2459 679 2520 731; x_wconf 81' lang='grc' dir='ltr'>τὸ</span> <span class='ocrx_word' id='word_1_119' title='bbox 2568 675 2980 746; x_wconf 85' lang='grc' dir='ltr'>ἀνυπέρϐλητον</span> <span class='ocrx_word' id='word_1_120' title='bbox 3022 676 3122 745; x_wconf 82' lang='grc' dir='ltr'>τῆς</span> <span class='ocrx_word' id='word_1_121' title='bbox 3163 673 3456 746; x_wconf 75' lang='grc' dir='ltr'><strong>βδελυρίας</strong></span> <span class='ocrx_word' id='word_1_122' title='bbox 3499 675 3562 728; x_wconf 88' lang='grc' dir='ltr'><strong>ού</strong></span> <span class='ocrx_word' id='word_1_123' title='bbox 3624 677 3749 731; x_wconf 88' lang='grc' dir='ltr'>στέ-</span> 
     </span>
    </p>
   </div>
   <div class='ocr_carea' id='block_1_19' title="bbox 2143 762 3748 841">
    <p class='ocr_par' dir='ltr' id='par_1_19' title="bbox 2143 762 3748 841">
     <span class='ocr_line' id='line_1_19' title="bbox 2143 762 3748 841; baseline -0.004 -14"><span class='ocrx_word' id='word_1_124' title='bbox 2143 789 2342 840; x_wconf 85' lang='grc' dir='ltr'>γοντας</span> <span class='ocrx_word' id='word_1_125' title='bbox 2362 771 2496 840; x_wconf 72' lang='grc'><strong>(15),</strong></span> <span class='ocrx_word' id='word_1_126' title='bbox 2529 769 2690 822; x_wconf 76' lang='grc' dir='ltr'>τοῦτο</span> <span class='ocrx_word' id='word_1_127' title='bbox 2719 769 2777 820; x_wconf 81' lang='grc' dir='ltr'>δὲ</span> <span class='ocrx_word' id='word_1_128' title='bbox 2821 768 2932 822; x_wconf 82' lang='grc' dir='ltr'><strong>τῶν</strong></span> <span class='ocrx_word' id='word_1_129' title='bbox 2975 762 3426 841; x_wconf 64' lang='grc' dir='ltr'><strong>προσταγμάτων</strong></span> <span class='ocrx_word' id='word_1_130' title='bbox 3457 766 3520 820; x_wconf 80' lang='grc' dir='ltr'>τὸ</span> <span class='ocrx_word' id='word_1_131' title='bbox 3557 767 3748 835; x_wconf 85' lang='grc' dir='ltr'>άλόγι-</span> 
     </span>
    </p>
   </div>
   <div class='ocr_carea' id='block_1_20' title="bbox 2146 864 3748 937">
    <p class='ocr_par' dir='ltr' id='par_1_20' title="bbox 2146 864 3748 937">
     <span class='ocr_line' id='line_1_20' title="bbox 2146 864 3748 937; baseline -0.004 -14"><span class='ocrx_word' id='word_1_132' title='bbox 2146 887 2271 923; x_wconf 89' lang='grc' dir='ltr'>στον</span> <span class='ocrx_word' id='word_1_133' title='bbox 2289 869 2576 937; x_wconf 80' lang='grc' dir='ltr'><strong>λογισμοῖς</strong></span> <span class='ocrx_word' id='word_1_134' title='bbox 2601 867 2928 920; x_wconf 85' lang='grc' dir='ltr'>ὑποϐάλλειν</span> <span class='ocrx_word' id='word_1_135' title='bbox 2956 867 3059 918; x_wconf 84' lang='grc' dir='ltr'><strong>ούκ</strong></span> <span class='ocrx_word' id='word_1_136' title='bbox 3082 866 3328 936; x_wconf 87' lang='grc' dir='ltr'>ἔχοντας,</span> <span class='ocrx_word' id='word_1_137' title='bbox 3359 864 3522 918; x_wconf 81' lang='grc' dir='ltr'>τοῦτο</span> <span class='ocrx_word' id='word_1_138' title='bbox 3568 865 3625 918; x_wconf 79' lang='grc' dir='ltr'>δὲ</span> <span class='ocrx_word' id='word_1_139' title='bbox 3651 865 3748 918; x_wconf 80' lang='grc' dir='ltr'>τὸν</span> 
     </span>
    </p>
   </div>
   <div class='ocr_carea' id='block_1_21' title="bbox 2145 957 3753 1031">
    <p class='ocr_par' dir='ltr' id='par_1_21' title="bbox 2145 957 3753 1031">
     <span class='ocr_line' id='line_1_21' title="bbox 2145 957 3753 1031; baseline -0.002 -16"><span class='ocrx_word' id='word_1_140' title='bbox 2145 961 2299 1031; x_wconf 81' lang='grc' dir='ltr'><strong>παρά</strong></span> <span class='ocrx_word' id='word_1_141' title='bbox 2324 962 2493 1014; x_wconf 78' lang='grc' dir='ltr'>πᾶσιν</span> <span class='ocrx_word' id='word_1_142' title='bbox 2516 959 2722 1012; x_wconf 79' lang='grc' dir='ltr'>ϐνειδον</span> <span class='ocrx_word' id='word_1_143' title='bbox 2758 959 2855 1012; x_wconf 74' lang='grc' dir='ltr'>καὶ</span> <span class='ocrx_word' id='word_1_144' title='bbox 2894 958 2993 1028; x_wconf 80' lang='grc' dir='ltr'>τὴν</span> <span class='ocrx_word' id='word_1_145' title='bbox 3035 958 3256 1029; x_wconf 78' lang='grc' dir='ltr'>χλεύην,</span> <span class='ocrx_word' id='word_1_146' title='bbox 3307 959 3405 1012; x_wconf 74' lang='grc' dir='ltr'>καὶ</span> <span class='ocrx_word' id='word_1_147' title='bbox 3441 957 3536 1010; x_wconf 78' lang='grc' dir='ltr'>τὸν</span> <span class='ocrx_word' id='word_1_148' title='bbox 3582 958 3753 1012; x_wconf 86' lang='grc' dir='ltr'>κατά-</span> 
     </span>
    </p>
   </div>
   <div class='ocr_carea' id='block_1_22' title="bbox 2144 1048 3753 1121">
    <p class='ocr_par' dir='ltr' id='par_1_22' title="bbox 2144 1048 3753 1121">
     <span class='ocr_line' id='line_1_22' title="bbox 2144 1048 3753 1121; baseline -0.002 -17"><span class='ocrx_word' id='word_1_149' title='bbox 2144 1052 2322 1120; x_wconf 91' lang='grc' dir='ltr'>γελων</span> <span class='ocrx_word' id='word_1_150' title='bbox 2368 1051 2464 1103; x_wconf 75' lang='grc' dir='ltr'>καὶ</span> <span class='ocrx_word' id='word_1_151' title='bbox 2526 1050 2589 1103; x_wconf 81' lang='grc' dir='ltr'>τὸ</span> <span class='ocrx_word' id='word_1_152' title='bbox 2627 1052 2787 1118; x_wconf 87' lang='grc' dir='ltr'>μῖσος</span> <span class='ocrx_word' id='word_1_153' title='bbox 2852 1048 3044 1121; x_wconf 82' lang='grc' dir='ltr'>ὥσπερ</span> <span class='ocrx_word' id='word_1_154' title='bbox 3108 1048 3601 1119; x_wconf 87' lang='grc' dir='ltr'>διευλαϐουμένους</span> <span class='ocrx_word' id='word_1_155' title='bbox 3652 1051 3753 1101; x_wconf 68' lang='grc' dir='ltr'>καὶ</span> 
     </span>
    </p>
   </div>
   <div class='ocr_carea' id='block_1_23' title="bbox 2146 1139 3748 1214">
    <p class='ocr_par' dir='ltr' id='par_1_23' title="bbox 2146 1139 3748 1214">
     <span class='ocr_line' id='line_1_23' title="bbox 2146 1139 3748 1214; baseline -0.001 -18"><span class='ocrx_word' id='word_1_156' title='bbox 2146 1143 2563 1204; x_wconf 80' lang='grc' dir='ltr'>ἀποκλίνοντας.</span> <span class='ocrx_word' id='word_1_157' title='bbox 2607 1144 2707 1195; x_wconf 88' lang='grc' dir='ltr'>Διά</span> <span class='ocrx_word' id='word_1_158' title='bbox 2738 1141 2900 1194; x_wconf 78' lang='grc' dir='ltr'>τοῦτο</span> <span class='ocrx_word' id='word_1_159' title='bbox 2934 1143 3031 1196; x_wconf 73' lang='grc' dir='ltr'>καὶ</span> <span class='ocrx_word' id='word_1_160' title='bbox 3062 1142 3203 1214; x_wconf 75' lang='grc' dir='ltr'>αὕτη</span> <span class='ocrx_word' id='word_1_161' title='bbox 3257 1143 3291 1212; x_wconf 81' lang='grc' dir='ltr'><strong>ἡ</strong></span> <span class='ocrx_word' id='word_1_162' title='bbox 3331 1141 3602 1212; x_wconf 81' lang='grc' dir='ltr'>νεοφανὴς</span> <span class='ocrx_word' id='word_1_163' title='bbox 3631 1139 3748 1194; x_wconf 81' lang='grc' dir='ltr'><strong>τῶν</strong></span> 
     </span>
    </p>
   </div>
   <div class='ocr_carea' id='block_1_24' title="bbox 2147 1233 3741 1305">
    <p class='ocr_par' dir='ltr' id='par_1_24' title="bbox 2147 1233 3741 1305">
     <span class='ocr_line' id='line_1_24' title="bbox 2147 1233 3741 1305; baseline -0.002 -18"><span class='ocrx_word' id='word_1_164' title='bbox 2147 1235 2399 1289; x_wconf 84' lang='grc' dir='ltr'>παλαιῶν</span> <span class='ocrx_word' id='word_1_165' title='bbox 2429 1234 2658 1287; x_wconf 77' lang='grc' dir='ltr'><strong>ἐκείνων</strong></span> <span class='ocrx_word' id='word_1_166' title='bbox 2693 1236 2792 1304; x_wconf 81' lang='grc' dir='ltr'>τῆς</span> <span class='ocrx_word' id='word_1_167' title='bbox 2834 1233 3127 1305; x_wconf 75' lang='grc' dir='ltr'>βδελυρίας</span> <span class='ocrx_word' id='word_1_168' title='bbox 3170 1233 3502 1304; x_wconf 80' lang='grc' dir='ltr'>σπερμάτων</span> <span class='ocrx_word' id='word_1_169' title='bbox 3551 1249 3741 1301; x_wconf 89' lang='grc' dir='ltr'>παρα-</span> 
     </span>
    </p>
   </div>
   <div class='ocr_carea' id='block_1_25' title="bbox 2155 1325 3752 1398">
    <p class='ocr_par' dir='ltr' id='par_1_25' title="bbox 2155 1325 3752 1398">
     <span class='ocr_line' id='line_1_25' title="bbox 2155 1325 3752 1398; baseline -0.002 -18"><span class='ocrx_word' id='word_1_170' title='bbox 2155 1329 2322 1397; x_wconf 75' lang='grc' dir='ltr'>φυάς,</span> <span class='ocrx_word' id='word_1_171' title='bbox 2357 1327 2550 1398; x_wconf 82' lang='grc' dir='ltr'>ὥσπερ</span> <span class='ocrx_word' id='word_1_172' title='bbox 2586 1327 2684 1380; x_wconf 77' lang='grc' dir='ltr'>καὶ</span> <span class='ocrx_word' id='word_1_173' title='bbox 2713 1325 2950 1397; x_wconf 79' lang='grc' dir='ltr'>πρόσθεν</span> <span class='ocrx_word' id='word_1_174' title='bbox 2979 1327 3213 1397; x_wconf 76' lang='grc' dir='ltr'>ἔφημεν,</span> <span class='ocrx_word' id='word_1_175' title='bbox 3256 1327 3328 1379; x_wconf 84' lang='grc' dir='ltr'><strong>τά</strong></span> <span class='ocrx_word' id='word_1_176' title='bbox 3355 1326 3486 1397; x_wconf 90' lang='grc' dir='ltr'>παρ’</span> <span class='ocrx_word' id='word_1_177' title='bbox 3522 1325 3752 1378; x_wconf 65' lang='grc' dir='ltr'>ἐκείνων</span> 
     </span>
    </p>
   </div>
   <div class='ocr_carea' id='block_1_26' title="bbox 2148 1419 3746 1491">
    <p class='ocr_par' dir='ltr' id='par_1_26' title="bbox 2148 1419 3746 1491">
     <span class='ocr_line' id='line_1_26' title="bbox 2148 1419 3746 1491; baseline -0.003 -18"><span class='ocrx_word' id='word_1_178' title='bbox 2148 1421 2255 1473; x_wconf 85' lang='grc' dir='ltr'>τῶν</span> <span class='ocrx_word' id='word_1_179' title='bbox 2313 1421 2659 1474; x_wconf 80' lang='grc' dir='ltr'>διδασκάλων</span> <span class='ocrx_word' id='word_1_180' title='bbox 2731 1421 3032 1491; x_wconf 76' lang='grc' dir='ltr'>ἐγγράφως</span> <span class='ocrx_word' id='word_1_181' title='bbox 3072 1423 3262 1484; x_wconf 80' lang='grc' dir='ltr'>αὐτοῖς</span> <span class='ocrx_word' id='word_1_182' title='bbox 3329 1419 3746 1488; x_wconf 73' lang='grc' dir='ltr'>συντεταγμένα</span> 
     </span>
    </p>
   </div>
   <div class='ocr_carea' id='block_1_27' title="bbox 2149 1509 3729 1584">
    <p class='ocr_par' dir='ltr' id='par_1_27' title="bbox 2149 1509 3729 1584">
     <span class='ocr_line' id='line_1_27' title="bbox 2149 1509 3729 1584; baseline -0.003 -18"><span class='ocrx_word' id='word_1_183' title='bbox 2149 1515 2211 1566; x_wconf 86' lang='grc' dir='ltr'><strong>ού</strong></span> <span class='ocrx_word' id='word_1_184' title='bbox 2294 1515 2393 1584; x_wconf 79' lang='grc' dir='ltr'>μὲν</span> <span class='ocrx_word' id='word_1_185' title='bbox 2452 1509 2547 1568; x_wconf 73' lang='grc' dir='ltr'>οὖν</span> <span class='ocrx_word' id='word_1_186' title='bbox 2619 1515 2721 1568; x_wconf 82' lang='grc' dir='ltr'><strong>ούκ</strong></span> <span class='ocrx_word' id='word_1_187' title='bbox 2777 1513 3094 1581; x_wconf 83' lang='grc' dir='ltr'>ἀγαπῶσιν,</span> <span class='ocrx_word' id='word_1_188' title='bbox 3154 1514 3280 1568; x_wconf 85' lang='grc' dir='ltr'>οὐδὲ</span> <span class='ocrx_word' id='word_1_189' title='bbox 3342 1512 3729 1584; x_wconf 79' lang='grc' dir='ltr'>περιέπουσιν</span> 
     </span>
    </p>
   </div>
   <div class='ocr_carea' id='block_1_28' title="bbox 2175 1602 3756 1676">
    <p class='ocr_par' dir='ltr' id='par_1_28' title="bbox 2175 1602 3756 1676">
     <span class='ocr_line' id='line_1_28' title="bbox 2175 1602 3756 1676; baseline -0.001 -18"><span class='ocrx_word' id='word_1_190' title='bbox 2175 1606 2315 1658; x_wconf 80' lang='grc' dir='ltr'>Ἀλλ’</span> <span class='ocrx_word' id='word_1_191' title='bbox 2344 1605 2576 1669; x_wconf 73' lang='grc' dir='ltr'>ἐκείνοις</span> <span class='ocrx_word' id='word_1_192' title='bbox 2611 1607 2793 1676; x_wconf 87' lang='grc' dir='ltr'>μόνοις</span> <span class='ocrx_word' id='word_1_193' title='bbox 2811 1605 3140 1676; x_wconf 70' lang='grc' dir='ltr'>κακούργως</span> <span class='ocrx_word' id='word_1_194' title='bbox 3173 1607 3265 1659; x_wconf 72' lang='grc' dir='ltr'><strong>καὶ</strong></span> <span class='ocrx_word' id='word_1_195' title='bbox 3288 1602 3548 1676; x_wconf 80' lang='grc' dir='ltr'>πονηρῶς</span> <span class='ocrx_word' id='word_1_196' title='bbox 3579 1619 3756 1674; x_wconf 87' lang='grc' dir='ltr'>προσ-</span> 
     </span>
    </p>
   </div>
   <div class='ocr_carea' id='block_1_29' title="bbox 2152 1690 3753 1768">
    <p class='ocr_par' dir='ltr' id='par_1_29' title="bbox 2152 1690 3753 1768">
     <span class='ocr_line' id='line_1_29' title="bbox 2152 1690 3753 1768; baseline -0.004 -17"><span class='ocrx_word' id='word_1_197' title='bbox 2152 1697 2370 1768; x_wconf 89' lang='grc' dir='ltr'>ανέχειν</span> <span class='ocrx_word' id='word_1_198' title='bbox 2442 1697 2906 1761; x_wconf 84' lang='grc' dir='ltr'>ύποπλάττονται,</span> <span class='ocrx_word' id='word_1_199' title='bbox 2982 1699 3042 1750; x_wconf 87' lang='grc' dir='ltr'><strong>ἐν</strong></span> <span class='ocrx_word' id='word_1_200' title='bbox 3125 1690 3204 1760; x_wconf 78' lang='grc' dir='ltr'>οἷς</span> <span class='ocrx_word' id='word_1_201' title='bbox 3276 1697 3346 1748; x_wconf 87' lang='grc' dir='ltr'><strong>τά</strong></span> <span class='ocrx_word' id='word_1_202' title='bbox 3382 1713 3442 1748; x_wconf 89' lang='grc' dir='ltr'><strong>τε</strong></span> <span class='ocrx_word' id='word_1_203' title='bbox 3487 1694 3753 1761; x_wconf 81' lang='grc' dir='ltr'>Κυριακᾶ</span> 
     </span>
    </p>
   </div>
   <div class='ocr_carea' id='block_1_30' title="bbox 453 1785 2055 1861">
    <p class='ocr_par' dir='ltr' id='par_1_30' title="bbox 453 1785 2051 1860">
     <span class='ocr_line' id='line_1_30' title="bbox 453 1785 2051 1860; baseline -0.003 -15"><span class='ocrx_word' id='word_1_204' title='bbox 453 1798 509 1845; x_wconf 92' lang='lat' dir='ltr'><strong>et</strong></span> <span class='ocrx_word' id='word_1_205' title='bbox 537 1789 904 1860; x_wconf 87' lang='lat' dir='ltr'><strong>imperitiores</strong></span> <span class='ocrx_word' id='word_1_206' title='bbox 929 1798 1079 1850; x_wconf 90' lang='lat' dir='ltr'><strong>sunt,</strong></span> <span class='ocrx_word' id='word_1_207' title='bbox 1109 1787 1326 1843; x_wconf 79' lang='lat' dir='ltr'><strong>facilius</strong></span> <span class='ocrx_word' id='word_1_208' title='bbox 1351 1788 1608 1856; x_wconf 88' lang='lat' dir='ltr'><strong>decipere</strong></span> <span class='ocrx_word' id='word_1_209' title='bbox 1642 1797 1865 1858; x_wconf 90' lang='lat' dir='ltr'><strong>queant,</strong></span> <span class='ocrx_word' id='word_1_210' title='bbox 1893 1785 2051 1857; x_wconf 91' lang='lat' dir='ltr'><strong>quasi</strong></span> 
     </span>
    </p>
   </div>
   <div class='ocr_carea' id='block_1_31' title="bbox 2166 1785 3757 1861">
    <p class='ocr_par' dir='ltr' id='par_1_31' title="bbox 2166 1787 3757 1861">
     <span class='ocr_line' id='line_1_31' title="bbox 2166 1787 3757 1861; baseline -0.003 -18"><span class='ocrx_word' id='word_1_211' title='bbox 2166 1791 2576 1861; x_wconf 66' lang='grc' dir='ltr'>ὶναγέγραπται</span> <span class='ocrx_word' id='word_1_212' title='bbox 2635 1791 2794 1859; x_wconf 83' lang='grc' dir='ltr'>λόγια</span> <span class='ocrx_word' id='word_1_213' title='bbox 2854 1793 2952 1844; x_wconf 78' lang='grc' dir='ltr'>καὶ</span> <span class='ocrx_word' id='word_1_214' title='bbox 2995 1791 3091 1842; x_wconf 83' lang='grc' dir='ltr'>τοῦ</span> <span class='ocrx_word' id='word_1_215' title='bbox 3154 1789 3394 1860; x_wconf 82' lang='grc' dir='ltr'>μεγάλου</span> <span class='ocrx_word' id='word_1_216' title='bbox 3448 1787 3757 1842; x_wconf 76' lang='grc' dir='ltr'>ἀποστόλου</span> 
     </span>
    </p>
   </div>
   <div class='ocr_carea' id='block_1_32' title="bbox 452 1859 2055 1953">
    <p class='ocr_par' dir='ltr' id='par_1_32' title="bbox 452 1859 2047 1950">
     <span class='ocr_line' id='line_1_32' title="bbox 452 1859 2047 1950; baseline -0.002 -16"><span class='ocrx_word' id='word_1_217' title='bbox 452 1880 522 1934; x_wconf 89' lang='lat' dir='ltr'><strong>ab</strong></span> <span class='ocrx_word' id='word_1_218' title='bbox 559 1859 680 1950; x_wconf 86' lang='lat' dir='ltr'><strong>ipso</strong></span> <span class='ocrx_word' id='word_1_219' title='bbox 701 1881 924 1934; x_wconf 86' lang='lat' dir='ltr'><strong>Christo</strong></span> <span class='ocrx_word' id='word_1_220' title='bbox 956 1889 1013 1934; x_wconf 92' lang='lat' dir='ltr'><strong>et</strong></span> <span class='ocrx_word' id='word_1_221' title='bbox 1039 1895 1069 1933; x_wconf 92' lang='lat' dir='ltr'><strong>a</strong></span> <span class='ocrx_word' id='word_1_222' title='bbox 1103 1879 1390 1948; x_wconf 85' lang='lat' dir='ltr'><strong>discipulis</strong></span> <span class='ocrx_word' id='word_1_223' title='bbox 1440 1878 1562 1948; x_wconf 87' lang='lat' dir='ltr'><strong>ejus</strong></span> <span class='ocrx_word' id='word_1_224' title='bbox 1616 1895 1681 1933; x_wconf 88' lang='lat' dir='ltr'><strong>ea</strong></span> <span class='ocrx_word' id='word_1_225' title='bbox 1714 1877 2047 1948; x_wconf 86' lang='lat' dir='ltr'><strong>receperint,</strong></span> 
     </span>
    </p>
   </div>
   <div class='ocr_carea' id='block_1_33' title="bbox 2166 1859 3760 1953">
    <p class='ocr_par' dir='ltr' id='par_1_33' title="bbox 2166 1859 3760 1953">
     <span class='ocr_line' id='line_1_33' title="bbox 2166 1859 3760 1953; baseline -0.004 -17"><span class='ocrx_word' id='word_1_226' title='bbox 2166 1859 2442 1936; x_wconf 47' lang='lat' dir='ltr'><strong>ﬂaﬁioual</strong></span> <span class='ocrx_word' id='word_1_227' title='bbox 2476 1883 2812 1949; x_wconf 72' lang='grc' dir='ltr'>Ἐπιστολαὶ,</span> <span class='ocrx_word' id='word_1_228' title='bbox 2839 1884 2933 1934; x_wconf 74' lang='grc' dir='ltr'>καὶ</span> <span class='ocrx_word' id='word_1_229' title='bbox 2956 1883 3086 1953; x_wconf 83' lang='grc' dir='ltr'>παρ’</span> <span class='ocrx_word' id='word_1_230' title='bbox 3110 1859 3274 1945; x_wconf 88' lang='grc' dir='ltr'>ἐνίοις</span> <span class='ocrx_word' id='word_1_231' title='bbox 3304 1881 3414 1934; x_wconf 86' lang='grc' dir='ltr'>τῶν</span> <span class='ocrx_word' id='word_1_232' title='bbox 3436 1879 3760 1934; x_wconf 81' lang='grc' dir='ltr'>ἀποστόλων</span> 
     </span>
    </p>
   </div>
   <div class='ocr_carea' id='block_1_34' title="bbox 453 1971 1585 2041">
    <p class='ocr_par' dir='ltr' id='par_1_34' title="bbox 453 1971 1585 2041">
     <span class='ocr_line' id='line_1_34' title="bbox 453 1971 1585 2041; baseline -0.003 -15"><span class='ocrx_word' id='word_1_233' title='bbox 453 1987 576 2041; x_wconf 68' lang='lat' dir='ltr'><strong>quae</strong></span> <span class='ocrx_word' id='word_1_234' title='bbox 603 1971 930 2028; x_wconf 81' lang='lat' dir='ltr'><strong>defectionis</strong></span> <span class='ocrx_word' id='word_1_235' title='bbox 957 1987 1072 2026; x_wconf 66' lang='lat' dir='ltr'><strong>suae</strong></span> <span class='ocrx_word' id='word_1_236' title='bbox 1105 1971 1316 2026; x_wconf 86' lang='lat' dir='ltr'><strong>insania</strong></span> <span class='ocrx_word' id='word_1_237' title='bbox 1351 1971 1585 2040; x_wconf 89' lang='lat' dir='ltr'><strong>peperit.</strong></span> 
     </span>
    </p>
   </div>
   <div class='ocr_carea' id='block_1_35' title="bbox 2158 1967 3759 2043">
    <p class='ocr_par' dir='ltr' id='par_1_35' title="bbox 2158 1967 3759 2043">
     <span class='ocr_line' id='line_1_35' title="bbox 2158 1967 3759 2043; baseline -0.001 -19"><span class='ocrx_word' id='word_1_238' title='bbox 2158 1973 2215 2024; x_wconf 84' lang='grc' dir='ltr'>αἱ</span> <span class='ocrx_word' id='word_1_239' title='bbox 2248 1973 2504 2043; x_wconf 77' lang='grc' dir='ltr'>Πράξεις,</span> <span class='ocrx_word' id='word_1_240' title='bbox 2539 1973 2633 2025; x_wconf 70' lang='grc' dir='ltr'>καὶ</span> <span class='ocrx_word' id='word_1_241' title='bbox 2659 1973 2767 2026; x_wconf 85' lang='grc' dir='ltr'><strong>τῶν</strong></span> <span class='ocrx_word' id='word_1_242' title='bbox 2815 1972 3137 2026; x_wconf 79' lang='grc' dir='ltr'>Καθολικῶν</span> <span class='ocrx_word' id='word_1_243' title='bbox 3164 1973 3288 2026; x_wconf 83' lang='grc' dir='ltr'>ὅσαι</span> <span class='ocrx_word' id='word_1_244' title='bbox 3330 1969 3484 2042; x_wconf 87' lang='grc' dir='ltr'><strong>παρά</strong></span> <span class='ocrx_word' id='word_1_245' title='bbox 3522 1969 3625 2033; x_wconf 83' lang='grc' dir='ltr'><strong>τὰς</strong></span> <span class='ocrx_word' id='word_1_246' title='bbox 3659 1967 3759 2022; x_wconf 79' lang='grc' dir='ltr'><strong>τοῦ</strong></span> 
     </span>
    </p>
   </div>
   <div class='ocr_carea' id='block_1_36' title="bbox 454 2065 3761 2140">
    <p class='ocr_par' dir='ltr' id='par_1_36' title="bbox 454 2065 3761 2140">
     <span class='ocr_line' id='line_1_36' title="bbox 454 2065 3761 2140; baseline 0 -18"><span class='ocrx_word' id='word_1_247' title='bbox 454 2067 753 2140; x_wconf 77' lang='grc' dir='ltr'>κορυφαίου</span> <span class='ocrx_word' id='word_1_248' title='bbox 784 2067 1169 2138; x_wconf 82' lang='grc' dir='ltr'>τυγχάνουσιν.</span> <span class='ocrx_word' id='word_1_249' title='bbox 1220 2066 1441 2120; x_wconf 80' lang='grc' dir='ltr'>Τούτων</span> <span class='ocrx_word' id='word_1_250' title='bbox 1468 2065 1525 2118; x_wconf 87' lang='grc' dir='ltr'><strong>δέ</strong></span> <span class='ocrx_word' id='word_1_251' title='bbox 1577 2065 1685 2118; x_wconf 84' lang='grc' dir='ltr'><strong>τῶν</strong></span> <span class='ocrx_word' id='word_1_252' title='bbox 1744 2065 1907 2135; x_wconf 88' lang='grc' dir='ltr'>ίερῶν</span> <span class='ocrx_word' id='word_1_253' title='bbox 1978 2066 2378 2122; x_wconf 82' lang='grc' dir='ltr'>ἀντιποιεῖσθαι</span> <span class='ocrx_word' id='word_1_254' title='bbox 2440 2069 2872 2140; x_wconf 80' lang='grc' dir='ltr'>σχηματίζονται</span> <span class='ocrx_word' id='word_1_255' title='bbox 2917 2069 3138 2138; x_wconf 85' lang='grc' dir='ltr'>λογίων,</span> <span class='ocrx_word' id='word_1_256' title='bbox 3200 2068 3277 2132; x_wconf 85' lang='grc' dir='ltr'>ὡς</span> <span class='ocrx_word' id='word_1_257' title='bbox 3317 2069 3384 2122; x_wconf 84' lang='grc' dir='ltr'>ἂν</span> <span class='ocrx_word' id='word_1_258' title='bbox 3424 2069 3606 2138; x_wconf 80' lang='grc' dir='ltr'>ἔχοιεν</span> <span class='ocrx_word' id='word_1_259' title='bbox 3655 2069 3761 2140; x_wconf 64' lang='grc' dir='ltr'><strong>ρᾳ-</strong></span> 
     </span>
    </p>
   </div>
   <div class='ocr_carea' id='block_1_37' title="bbox 452 2158 3757 2234">
    <p class='ocr_par' dir='ltr' id='par_1_37' title="bbox 452 2158 3757 2234">
     <span class='ocr_line' id='line_1_37' title="bbox 452 2158 3757 2234; baseline 0 -16"><span class='ocrx_word' id='word_1_260' title='bbox 452 2164 582 2224; x_wconf 82' lang='grc' dir='ltr'>δίως</span> <span class='ocrx_word' id='word_1_261' title='bbox 613 2159 893 2232; x_wconf 80' lang='grc' dir='ltr'>ἐξαπατᾷν</span> <span class='ocrx_word' id='word_1_262' title='bbox 916 2162 1045 2224; x_wconf 81' lang='grc' dir='ltr'>τοὺς</span> <span class='ocrx_word' id='word_1_263' title='bbox 1073 2159 1445 2231; x_wconf 82' lang='grc' dir='ltr'>νωθεστέρους</span> <span class='ocrx_word' id='word_1_264' title='bbox 1470 2175 1531 2211; x_wconf 90' lang='grc' dir='ltr'><strong>τε</strong></span> <span class='ocrx_word' id='word_1_265' title='bbox 1591 2158 1728 2230; x_wconf 76' lang='grc' dir='ltr'>πρὸς</span> <span class='ocrx_word' id='word_1_266' title='bbox 1770 2158 2054 2212; x_wconf 73' lang='grc' dir='ltr'>εὐσέϐειαν</span> <span class='ocrx_word' id='word_1_267' title='bbox 2126 2162 2224 2214; x_wconf 78' lang='grc' dir='ltr'>καὶ</span> <span class='ocrx_word' id='word_1_268' title='bbox 2269 2161 2710 2233; x_wconf 82' lang='grc' dir='ltr'>ἀμαθεστέρους,</span> <span class='ocrx_word' id='word_1_269' title='bbox 2761 2163 2838 2226; x_wconf 80' lang='grc' dir='ltr'>ὡς</span> <span class='ocrx_word' id='word_1_270' title='bbox 2883 2165 3019 2233; x_wconf 74' lang='grc' dir='ltr'>παρ’</span> <span class='ocrx_word' id='word_1_271' title='bbox 3063 2162 3230 2217; x_wconf 78' lang='grc' dir='ltr'>αὐτοῦ</span> <span class='ocrx_word' id='word_1_272' title='bbox 3272 2160 3512 2234; x_wconf 82' lang='grc' dir='ltr'>Χριστοῦ</span> <span class='ocrx_word' id='word_1_273' title='bbox 3558 2161 3757 2233; x_wconf 79' lang='grc' dir='ltr'>είησαν</span> 
     </span>
    </p>
   </div>
   <div class='ocr_carea' id='block_1_38' title="bbox 452 2248 3098 2325">
    <p class='ocr_par' dir='ltr' id='par_1_38' title="bbox 452 2248 3098 2325">
     <span class='ocr_line' id='line_1_38' title="bbox 452 2248 3098 2325; baseline 0 -18"><span class='ocrx_word' id='word_1_274' title='bbox 452 2249 858 2322; x_wconf 85' lang='grc' dir='ltr'>παρειληφότες</span> <span class='ocrx_word' id='word_1_275' title='bbox 882 2251 978 2305; x_wconf 80' lang='grc' dir='ltr'>καὶ</span> <span class='ocrx_word' id='word_1_276' title='bbox 1005 2250 1116 2303; x_wconf 86' lang='grc' dir='ltr'>τῶν</span> <span class='ocrx_word' id='word_1_277' title='bbox 1151 2249 1318 2303; x_wconf 82' lang='grc' dir='ltr'>αὐτοῦ</span> <span class='ocrx_word' id='word_1_278' title='bbox 1357 2249 1640 2319; x_wconf 82' lang='grc' dir='ltr'>μαθητῶν,</span> <span class='ocrx_word' id='word_1_279' title='bbox 1695 2248 1732 2303; x_wconf 78' lang='grc' dir='ltr'><strong>ἀ</strong></span> <span class='ocrx_word' id='word_1_280' title='bbox 1770 2249 1871 2318; x_wconf 83' lang='grc' dir='ltr'>τῆς</span> <span class='ocrx_word' id='word_1_281' title='bbox 1899 2251 2244 2316; x_wconf 87' lang='grc' dir='ltr'>ἀποστασίας</span> <span class='ocrx_word' id='word_1_282' title='bbox 2273 2255 2460 2317; x_wconf 79' lang='grc' dir='ltr'>αὐτοῖς</span> <span class='ocrx_word' id='word_1_283' title='bbox 2490 2257 2763 2310; x_wconf 83' lang='grc' dir='ltr'>ἀπέτεκεν</span> <span class='ocrx_word' id='word_1_284' title='bbox 2790 2257 2822 2325; x_wconf 75' lang='grc' dir='ltr'>ἡ</span> <span class='ocrx_word' id='word_1_285' title='bbox 2853 2257 3098 2309; x_wconf 84' lang='grc' dir='ltr'>ἀπόνοια.</span> 
     </span>
    </p>
   </div>
   <div class='ocr_carea' id='block_1_39' title="bbox 526 2341 2051 2414">
    <p class='ocr_par' dir='ltr' id='par_1_39' title="bbox 526 2341 2051 2414">
     <span class='ocr_line' id='line_1_39' title="bbox 526 2341 2051 2414; baseline -0.001 -16"><span class='ocrx_word' id='word_1_286' title='bbox 526 2343 642 2398; x_wconf 78' lang='lat' dir='ltr'><strong>XV.</strong></span> <span class='ocrx_word' id='word_1_287' title='bbox 671 2343 973 2414; x_wconf 89' lang='lat' dir='ltr'><strong>Hicitaque</strong></span> <span class='ocrx_word' id='word_1_288' title='bbox 1002 2341 1206 2404; x_wconf 80' lang='lat' dir='ltr'><strong>Manes,</strong></span> <span class='ocrx_word' id='word_1_289' title='bbox 1237 2351 1402 2396; x_wconf 72' lang='lat' dir='ltr'><strong>tanta:</strong></span> <span class='ocrx_word' id='word_1_290' title='bbox 1424 2341 1750 2396; x_wconf 81' lang='lat' dir='ltr'><strong>defectionis</strong></span> <span class='ocrx_word' id='word_1_291' title='bbox 1767 2342 2051 2412; x_wconf 81' lang='lat' dir='ltr'><strong>princeps,</strong></span> 
     </span>
    </p>
   </div>
   <div class='ocr_carea' id='block_1_40' title="bbox 454 2432 2050 2503">
    <p class='ocr_par' dir='ltr' id='par_1_40' title="bbox 454 2432 2050 2503">
     <span class='ocr_line' id='line_1_40' title="bbox 454 2432 2050 2503; baseline -0.004 -9"><span class='ocrx_word' id='word_1_292' title='bbox 454 2455 601 2494; x_wconf 88' lang='lat' dir='ltr'><strong>anno</strong></span> <span class='ocrx_word' id='word_1_293' title='bbox 648 2436 923 2492; x_wconf 80' lang='lat' dir='ltr'><strong>Valeriani</strong></span> <span class='ocrx_word' id='word_1_294' title='bbox 965 2445 1022 2489; x_wconf 91' lang='lat' dir='ltr'><strong>et</strong></span> <span class='ocrx_word' id='word_1_295' title='bbox 1103 2432 1356 2496; x_wconf 84' lang='lat' dir='ltr'><strong>Gallieni,</strong></span> <span class='ocrx_word' id='word_1_296' title='bbox 1406 2432 1593 2487; x_wconf 70' lang='lat' dir='ltr'><strong>Romae</strong></span> <span class='ocrx_word' id='word_1_297' title='bbox 1635 2434 2050 2503; x_wconf 83' lang='lat' dir='ltr'><strong>imperatorum,</strong></span> 
     </span>
    </p>
   </div>
   <div class='ocr_carea' id='block_1_41' title="bbox 455 2523 2050 2595">
    <p class='ocr_par' dir='ltr' id='par_1_41' title="bbox 455 2523 2050 2595">
     <span class='ocr_line' id='line_1_41' title="bbox 455 2523 2050 2595; baseline -0.003 -11"><span class='ocrx_word' id='word_1_298' title='bbox 455 2545 606 2584; x_wconf 92' lang='lat' dir='ltr'><strong>nono</strong></span> <span class='ocrx_word' id='word_1_299' title='bbox 634 2545 664 2583; x_wconf 90' lang='lat' dir='ltr'><strong>e</strong></span> <span class='ocrx_word' id='word_1_300' title='bbox 694 2527 945 2582; x_wconf 87' lang='lat' dir='ltr'><strong>custodia</strong></span> <span class='ocrx_word' id='word_1_301' title='bbox 979 2523 1272 2580; x_wconf 89' lang='lat' dir='ltr'><strong>Persarum</strong></span> <span class='ocrx_word' id='word_1_302' title='bbox 1290 2524 1505 2594; x_wconf 88' lang='lat' dir='ltr'><strong>elapsos</strong></span> <span class='ocrx_word' id='word_1_303' title='bbox 1524 2523 1683 2594; x_wconf 85' lang='lat' dir='ltr'><strong>(nihil</strong></span> <span class='ocrx_word' id='word_1_304' title='bbox 1705 2525 1850 2578; x_wconf 87' lang='lat' dir='ltr'><strong>enim</strong></span> <span class='ocrx_word' id='word_1_305' title='bbox 1873 2525 2050 2595; x_wconf 90' lang='lat' dir='ltr'><strong>impe-</strong></span> 
     </span>
    </p>
   </div>
   <div class='ocr_carea' id='block_1_42' title="bbox 456 2617 2052 2692">
    <p class='ocr_par' dir='ltr' id='par_1_42' title="bbox 456 2617 2052 2692">
     <span class='ocr_line' id='line_1_42' title="bbox 456 2617 2052 2692; baseline -0.001 -17"><span class='ocrx_word' id='word_1_306' title='bbox 456 2621 559 2684; x_wconf 91' lang='lat' dir='ltr'><strong>dit,</strong></span> <span class='ocrx_word' id='word_1_307' title='bbox 581 2620 878 2692; x_wconf 88' lang='lat' dir='ltr'><strong>quominus</strong></span> <span class='ocrx_word' id='word_1_308' title='bbox 924 2634 988 2672; x_wconf 91' lang='lat' dir='ltr'><strong>ea</strong></span> <span class='ocrx_word' id='word_1_309' title='bbox 1016 2633 1432 2688; x_wconf 85' lang='lat' dir='ltr'><strong>persequamur,</strong></span> <span class='ocrx_word' id='word_1_310' title='bbox 1463 2633 1585 2688; x_wconf 63' lang='lat' dir='ltr'><strong>quae</strong></span> <span class='ocrx_word' id='word_1_311' title='bbox 1614 2633 1779 2687; x_wconf 85' lang='lat' dir='ltr'><strong>supra</strong></span> <span class='ocrx_word' id='word_1_312' title='bbox 1807 2617 2052 2673; x_wconf 62' lang='lat' dir='ltr'><strong>historia:</strong></span> 
     </span>
    </p>
   </div>
   <div class='ocr_carea' id='block_1_43' title="bbox 457 2711 2052 2784">
    <p class='ocr_par' dir='ltr' id='par_1_43' title="bbox 457 2711 2052 2784">
     <span class='ocr_line' id='line_1_43' title="bbox 457 2711 2052 2784; baseline -0.001 -16"><span class='ocrx_word' id='word_1_313' title='bbox 457 2714 633 2768; x_wconf 89' lang='lat' dir='ltr'><strong>series</strong></span> <span class='ocrx_word' id='word_1_314' title='bbox 663 2712 1070 2784; x_wconf 66' lang='lat' dir='ltr'><strong>prmtermisit),</strong></span> <span class='ocrx_word' id='word_1_315' title='bbox 1102 2721 1159 2765; x_wconf 90' lang='lat' dir='ltr'><strong>et</strong></span> <span class='ocrx_word' id='word_1_316' title='bbox 1182 2712 1237 2764; x_wconf 92' lang='lat' dir='ltr'><strong>in</strong></span> <span class='ocrx_word' id='word_1_317' title='bbox 1273 2711 1718 2780; x_wconf 84' lang='lat' dir='ltr'><strong>Mesopotamiam</strong></span> <span class='ocrx_word' id='word_1_318' title='bbox 1755 2711 2052 2780; x_wconf 89' lang='lat' dir='ltr'><strong>profectus,</strong></span> 
     </span>
    </p>
   </div>
   <div class='ocr_carea' id='block_1_44' title="bbox 459 2803 2052 2873">
    <p class='ocr_par' dir='ltr' id='par_1_44' title="bbox 459 2803 2052 2873">
     <span class='ocr_line' id='line_1_44' title="bbox 459 2803 2052 2873; baseline -0.001 -13"><span class='ocrx_word' id='word_1_319' title='bbox 459 2821 492 2861; x_wconf 89' lang='lat' dir='ltr'><strong>a</strong></span> <span class='ocrx_word' id='word_1_320' title='bbox 518 2805 704 2861; x_wconf 83' lang='lat' dir='ltr'><strong>divino</strong></span> <span class='ocrx_word' id='word_1_321' title='bbox 735 2804 1026 2868; x_wconf 84' lang='lat' dir='ltr'><strong>Archelao,</strong></span> <span class='ocrx_word' id='word_1_322' title='bbox 1070 2813 1263 2858; x_wconf 89' lang='lat' dir='ltr'><strong>sancto</strong></span> <span class='ocrx_word' id='word_1_323' title='bbox 1298 2803 1440 2869; x_wconf 87' lang='lat' dir='ltr'><strong>viro,</strong></span> <span class='ocrx_word' id='word_1_324' title='bbox 1469 2804 1560 2873; x_wconf 88' lang='lat' dir='ltr'><strong>qui</strong></span> <span class='ocrx_word' id='word_1_325' title='bbox 1591 2812 1706 2858; x_wconf 90' lang='lat' dir='ltr'><strong>tum</strong></span> <span class='ocrx_word' id='word_1_326' title='bbox 1746 2804 2052 2858; x_wconf 83' lang='lat' dir='ltr'><strong>Carcharo-</strong></span> 
     </span>
    </p>
   </div>
   <div class='ocr_carea' id='block_1_45' title="bbox 462 2898 2054 2972">
    <p class='ocr_par' dir='ltr' id='par_1_45' title="bbox 462 2898 2054 2972">
     <span class='ocr_line' id='line_1_45' title="bbox 462 2898 2054 2972; baseline -0.001 -16"><span class='ocrx_word' id='word_1_327' title='bbox 462 2918 584 2956; x_wconf 91' lang='lat' dir='ltr'><strong>rum</strong></span> <span class='ocrx_word' id='word_1_328' title='bbox 625 2901 680 2956; x_wconf 93' lang='lat' dir='ltr'><strong>in</strong></span> <span class='ocrx_word' id='word_1_329' title='bbox 708 2916 771 2955; x_wconf 91' lang='lat' dir='ltr'><strong>ea</strong></span> <span class='ocrx_word' id='word_1_330' title='bbox 802 2900 1028 2972; x_wconf 85' lang='lat' dir='ltr'><strong>regione</strong></span> <span class='ocrx_word' id='word_1_331' title='bbox 1071 2899 1271 2970; x_wconf 65' lang='lat' dir='ltr'><strong>praesul</strong></span> <span class='ocrx_word' id='word_1_332' title='bbox 1310 2906 1449 2964; x_wconf 87' lang='lat' dir='ltr'><strong>erat,</strong></span> <span class='ocrx_word' id='word_1_333' title='bbox 1501 2898 1686 2955; x_wconf 86' lang='lat' dir='ltr'><strong>multis</strong></span> <span class='ocrx_word' id='word_1_334' title='bbox 1729 2899 2054 2970; x_wconf 78' lang='lat' dir='ltr'><strong>magnisque</strong></span> 
     </span>
    </p>
   </div>
   <div class='ocr_carea' id='block_1_46' title="bbox 459 2987 2051 3060">
    <p class='ocr_par' dir='ltr' id='par_1_46' title="bbox 459 2987 2051 3060">
     <span class='ocr_line' id='line_1_46' title="bbox 459 2987 2051 3060; baseline -0.001 -13"><span class='ocrx_word' id='word_1_335' title='bbox 459 2999 654 3047; x_wconf 89' lang='lat' dir='ltr'><strong>contra</strong></span> <span class='ocrx_word' id='word_1_336' title='bbox 683 2989 1022 3060; x_wconf 86' lang='lat' dir='ltr'><strong>impietatem</strong></span> <span class='ocrx_word' id='word_1_337' title='bbox 1058 3004 1215 3043; x_wconf 91' lang='lat' dir='ltr'><strong>suam</strong></span> <span class='ocrx_word' id='word_1_338' title='bbox 1243 2987 1582 3059; x_wconf 79' lang='lat' dir='ltr'><strong>argumentis</strong></span> <span class='ocrx_word' id='word_1_339' title='bbox 1613 2987 1923 3059; x_wconf 82' lang='lat' dir='ltr'><strong>exagitatus</strong></span> <span class='ocrx_word' id='word_1_340' title='bbox 1943 2997 2051 3046; x_wconf 90' lang='lat' dir='ltr'><strong>est.</strong></span> 
     </span>
    </p>
   </div>
   <div class='ocr_carea' id='block_1_47' title="bbox 2235 2340 3760 2418">
    <p class='ocr_par' dir='ltr' id='par_1_47' title="bbox 2235 2340 3760 2418">
     <span class='ocr_line' id='line_1_47' title="bbox 2235 2340 3760 2418; baseline 0.002 -21"><span class='ocrx_word' id='word_1_341' title='bbox 2235 2343 2334 2399; x_wconf 84' lang='lat' dir='ltr'><strong>IE&#39;.</strong></span> <span class='ocrx_word' id='word_1_342' title='bbox 2383 2347 2440 2400; x_wconf 87' lang='lat'><strong>&#39;0</strong></span> <span class='ocrx_word' id='word_1_343' title='bbox 2478 2347 2576 2417; x_wconf 80' lang='grc' dir='ltr'>μὲν</span> <span class='ocrx_word' id='word_1_344' title='bbox 2605 2341 2699 2400; x_wconf 81' lang='grc' dir='ltr'>οὖν</span> <span class='ocrx_word' id='word_1_345' title='bbox 2749 2347 2944 2416; x_wconf 76' lang='grc' dir='ltr'>Μάνης</span> <span class='ocrx_word' id='word_1_346' title='bbox 2980 2340 3137 2409; x_wconf 73' lang='grc' dir='ltr'>οὗτος</span> <span class='ocrx_word' id='word_1_347' title='bbox 3185 2345 3214 2398; x_wconf 82' lang='grc' dir='ltr'><strong><em>ὁ</em></strong></span> <span class='ocrx_word' id='word_1_348' title='bbox 3274 2346 3375 2416; x_wconf 86' lang='grc' dir='ltr'>τῆς</span> <span class='ocrx_word' id='word_1_349' title='bbox 3417 2345 3760 2418; x_wconf 77' lang='grc' dir='ltr'>τηλικαύτης</span> 
     </span>
    </p>
   </div>
   <div class='ocr_carea' id='block_1_48' title="bbox 2160 2436 3757 2509">
    <p class='ocr_par' dir='ltr' id='par_1_48' title="bbox 2160 2436 3757 2509">
     <span class='ocr_line' id='line_1_48' title="bbox 2160 2436 3757 2509; baseline 0.001 -18"><span class='ocrx_word' id='word_1_350' title='bbox 2160 2437 2502 2502; x_wconf 80' lang='grc' dir='ltr'>ἀποστασίας</span> <span class='ocrx_word' id='word_1_351' title='bbox 2542 2438 2654 2509; x_wconf 86' lang='grc'><strong>(16)</strong></span> <span class='ocrx_word' id='word_1_352' title='bbox 2705 2438 2975 2509; x_wconf 79' lang='grc' dir='ltr'>ἐξάρχων,</span> <span class='ocrx_word' id='word_1_353' title='bbox 3017 2437 3126 2490; x_wconf 84' lang='grc' dir='ltr'>ἔτει</span> <span class='ocrx_word' id='word_1_354' title='bbox 3167 2436 3280 2508; x_wconf 88' lang='grc'><strong>(17)</strong></span> <span class='ocrx_word' id='word_1_355' title='bbox 3327 2437 3430 2506; x_wconf 84' lang='grc' dir='ltr'>τῆς</span> <span class='ocrx_word' id='word_1_356' title='bbox 3468 2438 3757 2507; x_wconf 83' lang='grc' dir='ltr'>βασιλείας</span> 
     </span>
    </p>
   </div>
   <div class='ocr_carea' id='block_1_49' title="bbox 2160 2527 3754 2600">
    <p class='ocr_par' dir='ltr' id='par_1_49' title="bbox 2160 2527 3754 2600">
     <span class='ocr_line' id='line_1_49' title="bbox 2160 2527 3754 2600; baseline -0.002 -19"><span class='ocrx_word' id='word_1_357' title='bbox 2160 2530 2366 2600; x_wconf 84' lang='grc' dir='ltr'>ἐννάτῳ</span> <span class='ocrx_word' id='word_1_358' title='bbox 2413 2529 2783 2599; x_wconf 79' lang='grc' dir='ltr'>Οὐαλεριανοῦ</span> <span class='ocrx_word' id='word_1_359' title='bbox 2811 2528 2923 2599; x_wconf 85' lang='grc'><strong>(18)</strong></span> <span class='ocrx_word' id='word_1_360' title='bbox 2968 2530 3063 2582; x_wconf 69' lang='grc' dir='ltr'>καὶ</span> <span class='ocrx_word' id='word_1_361' title='bbox 3095 2528 3382 2597; x_wconf 83' lang='grc' dir='ltr'>Γαλιηνοῦ,</span> <span class='ocrx_word' id='word_1_362' title='bbox 3426 2527 3476 2581; x_wconf 83' lang='grc' dir='ltr'>οἶ</span> <span class='ocrx_word' id='word_1_363' title='bbox 3528 2527 3754 2598; x_wconf 85' lang='grc' dir='ltr'>Ῥώμης</span> 
     </span>
    </p>
   </div>
   <div class='ocr_carea' id='block_1_50' title="bbox 2162 2613 3747 2691">
    <p class='ocr_par' dir='ltr' id='par_1_50' title="bbox 2162 2613 3747 2691">
     <span class='ocr_line' id='line_1_50' title="bbox 2162 2613 3747 2691; baseline -0.001 -22"><span class='ocrx_word' id='word_1_364' title='bbox 2162 2613 2310 2688; x_wconf 77' lang='grc' dir='ltr'>εἶχον</span> <span class='ocrx_word' id='word_1_365' title='bbox 2345 2617 2408 2670; x_wconf 78' lang='grc' dir='ltr'><strong>τὸ</strong></span> <span class='ocrx_word' id='word_1_366' title='bbox 2436 2618 2709 2689; x_wconf 83' lang='grc' dir='ltr'>βασίλειον</span> <span class='ocrx_word' id='word_1_367' title='bbox 2735 2619 2962 2691; x_wconf 89' lang='grc' dir='ltr'>κράτος,</span> <span class='ocrx_word' id='word_1_368' title='bbox 2995 2619 3098 2688; x_wconf 80' lang='grc' dir='ltr'>τὴν</span> <span class='ocrx_word' id='word_1_369' title='bbox 3128 2619 3187 2669; x_wconf 84' lang='grc' dir='ltr'><strong>ἐν</strong></span> <span class='ocrx_word' id='word_1_370' title='bbox 3220 2618 3464 2689; x_wconf 87' lang='grc' dir='ltr'>Πέρσαις</span> <span class='ocrx_word' id='word_1_371' title='bbox 3496 2617 3747 2687; x_wconf 74' lang='grc' dir='ltr'>φυλακὴν</span> 
     </span>
    </p>
   </div>
   <div class='ocr_carea' id='block_1_51' title="bbox 2162 2710 3755 2784">
    <p class='ocr_par' dir='ltr' id='par_1_51' title="bbox 2162 2710 3755 2784">
     <span class='ocr_line' id='line_1_51' title="bbox 2162 2710 3755 2784; baseline -0.002 -20"><span class='ocrx_word' id='word_1_372' title='bbox 2162 2711 2442 2781; x_wconf 83' lang='grc' dir='ltr'>διαφυγὼν</span> <span class='ocrx_word' id='word_1_373' title='bbox 2487 2712 2660 2779; x_wconf 75' lang='grc' dir='ltr'>(οὐδὲν</span> <span class='ocrx_word' id='word_1_374' title='bbox 2709 2714 2818 2784; x_wconf 82' lang='grc' dir='ltr'>γὰρ</span> <span class='ocrx_word' id='word_1_375' title='bbox 2853 2713 3054 2765; x_wconf 81' lang='grc' dir='ltr'>κωλύει</span> <span class='ocrx_word' id='word_1_376' title='bbox 3097 2710 3351 2771; x_wconf 80' lang='grc' dir='ltr'>διελθεῖν,</span> <span class='ocrx_word' id='word_1_377' title='bbox 3389 2710 3426 2765; x_wconf 76' lang='grc' dir='ltr'><strong>ἀ</strong></span> <span class='ocrx_word' id='word_1_378' title='bbox 3459 2711 3557 2779; x_wconf 80' lang='grc' dir='ltr'>τῆς</span> <span class='ocrx_word' id='word_1_379' title='bbox 3606 2712 3755 2762; x_wconf 84' lang='grc' dir='ltr'>ίστο-</span> 
     </span>
    </p>
   </div>
   <div class='ocr_carea' id='block_1_52' title="bbox 2165 2801 3760 2875">
    <p class='ocr_par' dir='ltr' id='par_1_52' title="bbox 2165 2801 3760 2875">
     <span class='ocr_line' id='line_1_52' title="bbox 2165 2801 3760 2875; baseline -0.001 -21"><span class='ocrx_word' id='word_1_380' title='bbox 2165 2803 2288 2874; x_wconf 88' lang='grc' dir='ltr'>ρίας</span> <span class='ocrx_word' id='word_1_381' title='bbox 2313 2805 2341 2856; x_wconf 87' lang='grc' dir='ltr'>ὁ</span> <span class='ocrx_word' id='word_1_382' title='bbox 2371 2803 2570 2874; x_wconf 83' lang='grc' dir='ltr'>δρόμος</span> <span class='ocrx_word' id='word_1_383' title='bbox 2590 2802 2873 2875; x_wconf 84' lang='grc' dir='ltr'>παρῆλθεν</span> <span class='ocrx_word' id='word_1_384' title='bbox 2905 2802 3162 2870; x_wconf 79' lang='grc' dir='ltr'>ἄνωθεν),</span> <span class='ocrx_word' id='word_1_385' title='bbox 3195 2801 3291 2854; x_wconf 72' lang='grc' dir='ltr'>καὶ</span> <span class='ocrx_word' id='word_1_386' title='bbox 3321 2803 3465 2855; x_wconf 87' lang='grc' dir='ltr'><strong>κατά</strong></span> <span class='ocrx_word' id='word_1_387' title='bbox 3502 2803 3760 2856; x_wconf 87' lang='grc' dir='ltr'>Μεσοπο-</span> 
     </span>
    </p>
   </div>
   <div class='ocr_carea' id='block_1_53' title="bbox 2162 2895 3762 2967">
    <p class='ocr_par' dir='ltr' id='par_1_53' title="bbox 2162 2895 3762 2967">
     <span class='ocr_line' id='line_1_53' title="bbox 2162 2895 3762 2967; baseline 0 -19"><span class='ocrx_word' id='word_1_388' title='bbox 2162 2895 2367 2965; x_wconf 86' lang='grc' dir='ltr'>ταμίαν</span> <span class='ocrx_word' id='word_1_389' title='bbox 2398 2895 2663 2965; x_wconf 84' lang='grc' dir='ltr'>γεγονὼς,</span> <span class='ocrx_word' id='word_1_390' title='bbox 2698 2896 2803 2950; x_wconf 73' lang='grc' dir='ltr'>ὑπὸ</span> <span class='ocrx_word' id='word_1_391' title='bbox 2854 2895 2950 2948; x_wconf 78' lang='grc' dir='ltr'>τοῦ</span> <span class='ocrx_word' id='word_1_392' title='bbox 2985 2895 3100 2966; x_wconf 83' lang='grc'><strong>(19)</strong></span> <span class='ocrx_word' id='word_1_393' title='bbox 3125 2895 3416 2948; x_wconf 85' lang='grc' dir='ltr'>θεσπεσίου</span> <span class='ocrx_word' id='word_1_394' title='bbox 3461 2896 3762 2967; x_wconf 81' lang='grc' dir='ltr'>Ἀρχελάου</span> 
     </span>
    </p>
   </div>
   <div class='ocr_carea' id='block_1_54' title="bbox 2163 2985 3763 3062">
    <p class='ocr_par' dir='ltr' id='par_1_54' title="bbox 2163 2985 3763 3062">
     <span class='ocr_line' id='line_1_54' title="bbox 2163 2985 3763 3062; baseline 0 -22"><span class='ocrx_word' id='word_1_395' title='bbox 2163 2989 2498 3059; x_wconf 81' lang='grc' dir='ltr'>(Καρχάρων</span> <span class='ocrx_word' id='word_1_396' title='bbox 2523 2990 2581 3042; x_wconf 83' lang='grc' dir='ltr'>δὲ</span> <span class='ocrx_word' id='word_1_397' title='bbox 2620 2990 2719 3060; x_wconf 82' lang='grc' dir='ltr'><strong>τῆς</strong></span> <span class='ocrx_word' id='word_1_398' title='bbox 2747 2989 2920 3058; x_wconf 79' lang='grc' dir='ltr'>αὐτῆς</span> <span class='ocrx_word' id='word_1_399' title='bbox 2963 2989 3148 3062; x_wconf 84' lang='grc' dir='ltr'>χώρας</span> <span class='ocrx_word' id='word_1_400' title='bbox 3176 2985 3332 3052; x_wconf 71' lang='grc' dir='ltr'>οὗτος</span> <span class='ocrx_word' id='word_1_401' title='bbox 3363 2991 3392 3042; x_wconf 88' lang='grc' dir='ltr'><strong>ό</strong></span> <span class='ocrx_word' id='word_1_402' title='bbox 3424 2989 3568 3059; x_wconf 79' lang='grc' dir='ltr'>ἱερὸς</span> <span class='ocrx_word' id='word_1_403' title='bbox 3615 2991 3718 3056; x_wconf 55' lang='lat' dir='ltr'><strong>alvi</strong></span> <span class='ocrx_word' id='word_1_404' title='bbox 3729 3006 3763 3060; x_wconf 91' lang='grc' dir='ltr'><strong>ρ</strong></span> 
     </span>
    </p>
   </div>
   <div class='ocr_carea' id='block_1_55' title="bbox 459 3077 2055 3166">
    <p class='ocr_par' dir='ltr' id='par_1_55' title="bbox 459 3080 2055 3166">
     <span class='ocr_line' id='line_1_55' title="bbox 459 3080 2055 3166; baseline -0.002 -27"><span class='ocrx_word' id='word_1_405' title='bbox 459 3084 639 3154; x_wconf 82' lang='lat' dir='ltr'><strong>Atque</strong></span> <span class='ocrx_word' id='word_1_406' title='bbox 700 3082 828 3137; x_wconf 90' lang='lat' dir='ltr'><strong>inde</strong></span> <span class='ocrx_word' id='word_1_407' title='bbox 868 3082 1143 3166; x_wconf 80' lang='lat' dir='ltr'><strong>insperato</strong></span> <span class='ocrx_word' id='word_1_408' title='bbox 1201 3080 1444 3136; x_wconf 83' lang='lat' dir='ltr'><strong>sullusus</strong></span> <span class='ocrx_word' id='word_1_409' title='bbox 1497 3080 1742 3151; x_wconf 90' lang='lat' dir='ltr'><strong>pudore,</strong></span> <span class='ocrx_word' id='word_1_410' title='bbox 1789 3080 2055 3152; x_wconf 80' lang='lat' dir='ltr'><strong>profugus</strong></span> 
     </span>
    </p>
   </div>
   <div class='ocr_carea' id='block_1_56' title="bbox 2166 3077 3755 3166">
    <p class='ocr_par' dir='ltr' id='par_1_56' title="bbox 2166 3077 3755 3152">
     <span class='ocr_line' id='line_1_56' title="bbox 2166 3077 3755 3152; baseline 0 -20"><span class='ocrx_word' id='word_1_411' title='bbox 2166 3080 2354 3152; x_wconf 81' lang='grc' dir='ltr'>ἔφορος</span> <span class='ocrx_word' id='word_1_412' title='bbox 2383 3077 2474 3152; x_wconf 79' lang='grc' dir='ltr'><strong>ἦν)</strong></span> <span class='ocrx_word' id='word_1_413' title='bbox 2510 3079 2740 3142; x_wconf 83' lang='grc' dir='ltr'>πολλοὺς</span> <span class='ocrx_word' id='word_1_414' title='bbox 2771 3082 2870 3151; x_wconf 86' lang='grc' dir='ltr'>μὲν</span> <span class='ocrx_word' id='word_1_415' title='bbox 2912 3083 3005 3135; x_wconf 76' lang='grc' dir='ltr'>κα).</span> <span class='ocrx_word' id='word_1_416' title='bbox 3051 3083 3320 3151; x_wconf 83' lang='grc' dir='ltr'>μεγάλους</span> <span class='ocrx_word' id='word_1_417' title='bbox 3351 3081 3614 3151; x_wconf 82' lang='grc' dir='ltr'>ἐλέγχους</span> <span class='ocrx_word' id='word_1_418' title='bbox 3649 3083 3755 3150; x_wconf 76' lang='grc' dir='ltr'>τῆς</span> 
     </span>
    </p>
   </div>
   <div class='ocr_carea' id='block_1_57' title="bbox 460 3172 2053 3243">
    <p class='ocr_par' dir='ltr' id='par_1_57' title="bbox 460 3172 2053 3243">
     <span class='ocr_line' id='line_1_57' title="bbox 460 3172 2053 3243; baseline -0.001 -13"><span class='ocrx_word' id='word_1_419' title='bbox 460 3175 762 3236; x_wconf 85' lang='lat' dir='ltr'><strong>Dioridem.</strong></span> <span class='ocrx_word' id='word_1_420' title='bbox 801 3173 1208 3228; x_wconf 87' lang='lat' dir='ltr'><strong>Carcharorum</strong></span> <span class='ocrx_word' id='word_1_421' title='bbox 1252 3174 1460 3237; x_wconf 86' lang='lat' dir='ltr'><strong>vicum,</strong></span> <span class='ocrx_word' id='word_1_422' title='bbox 1501 3172 1650 3227; x_wconf 85' lang='lat' dir='ltr'><strong>subit</strong></span> <span class='ocrx_word' id='word_1_423' title='bbox 1702 3189 1718 3224; x_wconf 91' lang='lat'><strong>:</strong></span> <span class='ocrx_word' id='word_1_424' title='bbox 1763 3185 1929 3243; x_wconf 88' lang='lat' dir='ltr'><strong>atque</strong></span> <span class='ocrx_word' id='word_1_425' title='bbox 1975 3173 2053 3228; x_wconf 89' lang='lat' dir='ltr'><strong>ibi</strong></span> 
     </span>
    </p>
   </div>
   <div class='ocr_carea' id='block_1_58' title="bbox 461 3267 2056 3339">
    <p class='ocr_par' dir='ltr' id='par_1_58' title="bbox 461 3267 2056 3339">
     <span class='ocr_line' id='line_1_58' title="bbox 461 3267 2056 3339; baseline -0.002 -15"><span class='ocrx_word' id='word_1_426' title='bbox 461 3284 588 3324; x_wconf 90' lang='lat' dir='ltr'><strong>eum</strong></span> <span class='ocrx_word' id='word_1_427' title='bbox 653 3268 950 3339; x_wconf 84' lang='lat' dir='ltr'><strong>Tryphone</strong></span> <span class='ocrx_word' id='word_1_428' title='bbox 996 3267 1270 3337; x_wconf 88' lang='lat' dir='ltr'><strong>quodam,</strong></span> <span class='ocrx_word' id='word_1_429' title='bbox 1325 3275 1557 3321; x_wconf 90' lang='lat' dir='ltr'><strong>strenuo</strong></span> <span class='ocrx_word' id='word_1_430' title='bbox 1613 3274 1670 3320; x_wconf 88' lang='lat' dir='ltr'><strong>et</strong></span> <span class='ocrx_word' id='word_1_431' title='bbox 1719 3281 1877 3321; x_wconf 83' lang='lat' dir='ltr'><strong>sacro</strong></span> <span class='ocrx_word' id='word_1_432' title='bbox 1914 3267 2056 3332; x_wconf 89' lang='lat' dir='ltr'><strong>viro,</strong></span> 
     </span>
    </p>
   </div>
   <div class='ocr_carea' id='block_1_59' title="bbox 461 3359 2057 3434">
    <p class='ocr_par' dir='ltr' id='par_1_59' title="bbox 461 3359 2057 3434">
     <span class='ocr_line' id='line_1_59' title="bbox 461 3359 2057 3434; baseline -0.003 -17"><span class='ocrx_word' id='word_1_433' title='bbox 461 3361 873 3434; x_wconf 87' lang='lat' dir='ltr'><strong>presbyteratus</strong></span> <span class='ocrx_word' id='word_1_434' title='bbox 904 3359 1129 3432; x_wconf 90' lang='lat' dir='ltr'><strong>gradum</strong></span> <span class='ocrx_word' id='word_1_435' title='bbox 1161 3360 1468 3426; x_wconf 90' lang='lat' dir='ltr'><strong>obtinente,</strong></span> <span class='ocrx_word' id='word_1_436' title='bbox 1501 3375 1848 3432; x_wconf 89' lang='lat' dir='ltr'><strong>congressus,</strong></span> <span class='ocrx_word' id='word_1_437' title='bbox 1869 3375 2057 3430; x_wconf 89' lang='lat' dir='ltr'><strong>parem</strong></span> 
     </span>
    </p>
   </div>
   <div class='ocr_carea' id='block_1_60' title="bbox 462 3452 2060 3523">
    <p class='ocr_par' dir='ltr' id='par_1_60' title="bbox 462 3452 2060 3523">
     <span class='ocr_line' id='line_1_60' title="bbox 462 3452 2060 3523; baseline -0.001 -15"><span class='ocrx_word' id='word_1_438' title='bbox 462 3453 634 3510; x_wconf 88' lang='lat' dir='ltr'><strong>subiit</strong></span> <span class='ocrx_word' id='word_1_439' title='bbox 677 3468 902 3518; x_wconf 86' lang='lat' dir='ltr'><strong>casum;</strong></span> <span class='ocrx_word' id='word_1_440' title='bbox 933 3453 1042 3508; x_wconf 93' lang='lat' dir='ltr'><strong>imo</strong></span> <span class='ocrx_word' id='word_1_441' title='bbox 1073 3452 1240 3506; x_wconf 89' lang='lat' dir='ltr'><strong>etiam</strong></span> <span class='ocrx_word' id='word_1_442' title='bbox 1279 3452 1398 3523; x_wconf 89' lang='lat' dir='ltr'><strong>ipse</strong></span> <span class='ocrx_word' id='word_1_443' title='bbox 1439 3453 1760 3519; x_wconf 81' lang='lat' dir='ltr'><strong>Archelaus,</strong></span> <span class='ocrx_word' id='word_1_444' title='bbox 1809 3467 1934 3507; x_wconf 93' lang='lat' dir='ltr'><strong>cum</strong></span> <span class='ocrx_word' id='word_1_445' title='bbox 1968 3466 2060 3506; x_wconf 90' lang='lat' dir='ltr'><strong>se-</strong></span> 
     </span>
    </p>
   </div>
   <div class='ocr_carea' id='block_1_61' title="bbox 462 3543 2061 3615">
    <p class='ocr_par' dir='ltr' id='par_1_61' title="bbox 462 3543 2061 3615">
     <span class='ocr_line' id='line_1_61' title="bbox 462 3543 2061 3615; baseline -0.003 -13"><span class='ocrx_word' id='word_1_446' title='bbox 462 3547 751 3602; x_wconf 89' lang='lat' dir='ltr'><strong>ductorem</strong></span> <span class='ocrx_word' id='word_1_447' title='bbox 790 3561 860 3601; x_wconf 92' lang='lat' dir='ltr'><strong>eo</strong></span> <span class='ocrx_word' id='word_1_448' title='bbox 889 3560 947 3600; x_wconf 87' lang='lat' dir='ltr'><strong>se</strong></span> <span class='ocrx_word' id='word_1_449' title='bbox 977 3545 1254 3615; x_wconf 86' lang='lat' dir='ltr'><strong>recepisse</strong></span> <span class='ocrx_word' id='word_1_450' title='bbox 1276 3545 1562 3615; x_wconf 89' lang='lat' dir='ltr'><strong>comperit,</strong></span> <span class='ocrx_word' id='word_1_451' title='bbox 1593 3561 1720 3601; x_wconf 91' lang='lat' dir='ltr'><strong>acer</strong></span> <span class='ocrx_word' id='word_1_452' title='bbox 1745 3544 1944 3615; x_wconf 87' lang='lat' dir='ltr'><strong>quippe</strong></span> <span class='ocrx_word' id='word_1_453' title='bbox 1977 3543 2061 3598; x_wconf 77' lang='lat' dir='ltr'><strong>vir</strong></span> 
     </span>
    </p>
   </div>
   <div class='ocr_carea' id='block_1_62' title="bbox 463 3636 2062 3710">
    <p class='ocr_par' dir='ltr' id='par_1_62' title="bbox 463 3636 2062 3710">
     <span class='ocr_line' id='line_1_62' title="bbox 463 3636 2062 3710; baseline -0.003 -16"><span class='ocrx_word' id='word_1_454' title='bbox 463 3647 604 3705; x_wconf 87' lang='lat' dir='ltr'><strong>erat,</strong></span> <span class='ocrx_word' id='word_1_455' title='bbox 635 3647 692 3694; x_wconf 92' lang='lat' dir='ltr'><strong>et</strong></span> <span class='ocrx_word' id='word_1_456' title='bbox 720 3638 815 3710; x_wconf 93' lang='lat' dir='ltr'><strong>pio</strong></span> <span class='ocrx_word' id='word_1_457' title='bbox 865 3638 1050 3693; x_wconf 89' lang='lat' dir='ltr'><strong>studio</strong></span> <span class='ocrx_word' id='word_1_458' title='bbox 1085 3637 1431 3701; x_wconf 87' lang='lat' dir='ltr'><strong>movebatur,</strong></span> <span class='ocrx_word' id='word_1_459' title='bbox 1472 3637 1656 3692; x_wconf 86' lang='lat' dir='ltr'><strong>statim</strong></span> <span class='ocrx_word' id='word_1_460' title='bbox 1687 3636 1742 3690; x_wconf 94' lang='lat' dir='ltr'><strong>in</strong></span> <span class='ocrx_word' id='word_1_461' title='bbox 1785 3637 1968 3691; x_wconf 77' lang='lat' dir='ltr'><strong>vicum</strong></span> <span class='ocrx_word' id='word_1_462' title='bbox 2002 3650 2062 3690; x_wconf 92' lang='lat' dir='ltr'><strong>se</strong></span> 
     </span>
    </p>
   </div>
   <div class='ocr_carea' id='block_1_63' title="bbox 465 3726 2064 3802">
    <p class='ocr_par' dir='ltr' id='par_1_63' title="bbox 465 3726 2064 3802">
     <span class='ocr_line' id='line_1_63' title="bbox 465 3726 2064 3802; baseline -0.004 -16"><span class='ocrx_word' id='word_1_463' title='bbox 465 3731 729 3796; x_wconf 89' lang='lat' dir='ltr'><strong>contulit;</strong></span> <span class='ocrx_word' id='word_1_464' title='bbox 759 3745 825 3785; x_wconf 91' lang='lat' dir='ltr'><strong>ac</strong></span> <span class='ocrx_word' id='word_1_465' title='bbox 855 3739 1144 3802; x_wconf 89' lang='lat' dir='ltr'><strong>postquam</strong></span> <span class='ocrx_word' id='word_1_466' title='bbox 1170 3729 1520 3784; x_wconf 86' lang='lat' dir='ltr'><strong>seductorem</strong></span> <span class='ocrx_word' id='word_1_467' title='bbox 1557 3728 1706 3782; x_wconf 92' lang='lat' dir='ltr'><strong>illum</strong></span> <span class='ocrx_word' id='word_1_468' title='bbox 1754 3726 1809 3782; x_wconf 90' lang='lat' dir='ltr'><strong>in</strong></span> <span class='ocrx_word' id='word_1_469' title='bbox 1838 3741 2064 3798; x_wconf 84' lang='lat' dir='ltr'><strong>magnas</strong></span> 
     </span>
    </p>
   </div>
   <div class='ocr_carea' id='block_1_64' title="bbox 471 3819 2064 3896">
    <p class='ocr_par' dir='ltr' id='par_1_64' title="bbox 471 3819 2064 3896">
     <span class='ocr_line' id='line_1_64' title="bbox 471 3819 2064 3896; baseline -0.003 -18"><span class='ocrx_word' id='word_1_470' title='bbox 471 3835 757 3896; x_wconf 80' lang='lat' dir='ltr'><strong>angustias</strong></span> <span class='ocrx_word' id='word_1_471' title='bbox 787 3832 845 3878; x_wconf 88' lang='lat' dir='ltr'><strong>et</strong></span> <span class='ocrx_word' id='word_1_472' title='bbox 886 3823 940 3877; x_wconf 93' lang='lat' dir='ltr'><strong>in</strong></span> <span class='ocrx_word' id='word_1_473' title='bbox 979 3823 1268 3894; x_wconf 86' lang='lat' dir='ltr'><strong>pudorem,</strong></span> <span class='ocrx_word' id='word_1_474' title='bbox 1301 3837 1333 3876; x_wconf 90' lang='lat' dir='ltr'><strong>a</strong></span> <span class='ocrx_word' id='word_1_475' title='bbox 1373 3836 1483 3892; x_wconf 91' lang='lat' dir='ltr'><strong>quo</strong></span> <span class='ocrx_word' id='word_1_476' title='bbox 1518 3820 1848 3884; x_wconf 87' lang='lat' dir='ltr'><strong>declinabat,</strong></span> <span class='ocrx_word' id='word_1_477' title='bbox 1877 3819 2064 3886; x_wconf 89' lang='lat' dir='ltr'><strong>conje-</strong></span> 
     </span>
    </p>
   </div>
   <div class='ocr_carea' id='block_1_65' title="bbox 468 3911 2064 3986">
    <p class='ocr_par' dir='ltr' id='par_1_65' title="bbox 468 3911 2064 3986">
     <span class='ocr_line' id='line_1_65' title="bbox 468 3911 2064 3986; baseline -0.003 -16"><span class='ocrx_word' id='word_1_478' title='bbox 468 3917 662 3984; x_wconf 89' lang='lat' dir='ltr'><strong>cisset,</strong></span> <span class='ocrx_word' id='word_1_479' title='bbox 687 3933 755 3972; x_wconf 92' lang='lat' dir='ltr'><strong>ac</strong></span> <span class='ocrx_word' id='word_1_480' title='bbox 783 3917 1122 3972; x_wconf 85' lang='lat' dir='ltr'><strong>exsecranda</strong></span> <span class='ocrx_word' id='word_1_481' title='bbox 1150 3915 1270 3986; x_wconf 86' lang='lat' dir='ltr'><strong>ejus</strong></span> <span class='ocrx_word' id='word_1_482' title='bbox 1295 3911 1551 3986; x_wconf 87' lang='lat' dir='ltr'><strong>dogmata</strong></span> <span class='ocrx_word' id='word_1_483' title='bbox 1581 3913 1892 3976; x_wconf 88' lang='lat' dir='ltr'><strong>evertisset,</strong></span> <span class='ocrx_word' id='word_1_484' title='bbox 1929 3927 2064 3967; x_wconf 88' lang='lat' dir='ltr'><strong>con-</strong></span> 
     </span>
    </p>
   </div>
   <div class='ocr_carea' id='block_1_66' title="bbox 467 4005 2060 4080">
    <p class='ocr_par' dir='ltr' id='par_1_66' title="bbox 467 4005 2060 4080">
     <span class='ocr_line' id='line_1_66' title="bbox 467 4005 2060 4080; baseline -0.002 -18"><span class='ocrx_word' id='word_1_485' title='bbox 467 4007 833 4080; x_wconf 84' lang='lat' dir='ltr'><strong>futassetque,</strong></span> <span class='ocrx_word' id='word_1_486' title='bbox 872 4009 1167 4080; x_wconf 81' lang='lat' dir='ltr'><strong>virumque</strong></span> <span class='ocrx_word' id='word_1_487' title='bbox 1203 4008 1462 4063; x_wconf 92' lang='lat' dir='ltr'><strong>omnibus</strong></span> <span class='ocrx_word' id='word_1_488' title='bbox 1507 4005 1867 4062; x_wconf 88' lang='lat' dir='ltr'><strong>deridendum</strong></span> <span class='ocrx_word' id='word_1_489' title='bbox 1906 4005 2060 4060; x_wconf 89' lang='lat' dir='ltr'><strong>dete-</strong></span> 
     </span>
    </p>
   </div>
   <div class='ocr_carea' id='block_1_67' title="bbox 468 4096 2065 4172">
    <p class='ocr_par' dir='ltr' id='par_1_67' title="bbox 468 4096 2065 4172">
     <span class='ocr_line' id='line_1_67' title="bbox 468 4096 2065 4172; baseline -0.002 -17"><span class='ocrx_word' id='word_1_490' title='bbox 468 4099 841 4171; x_wconf 89' lang='lat' dir='ltr'><strong>standumque</strong></span> <span class='ocrx_word' id='word_1_491' title='bbox 872 4101 1240 4172; x_wconf 84' lang='lat' dir='ltr'><strong>propinasset,</strong></span> <span class='ocrx_word' id='word_1_492' title='bbox 1271 4115 1398 4155; x_wconf 90' lang='lat' dir='ltr'><strong>eum</strong></span> <span class='ocrx_word' id='word_1_493' title='bbox 1431 4098 1499 4154; x_wconf 87' lang='lat' dir='ltr'><strong>ad</strong></span> <span class='ocrx_word' id='word_1_494' title='bbox 1518 4096 1704 4170; x_wconf 90' lang='lat' dir='ltr'><strong>fugam</strong></span> <span class='ocrx_word' id='word_1_495' title='bbox 1729 4097 1912 4153; x_wconf 91' lang='lat' dir='ltr'><strong>denuo</strong></span> <span class='ocrx_word' id='word_1_496' title='bbox 1939 4112 2065 4168; x_wconf 90' lang='lat' dir='ltr'><strong>per-</strong></span> 
     </span>
    </p>
   </div>
   <div class='ocr_carea' id='block_1_68' title="bbox 471 4191 2063 4265">
    <p class='ocr_par' dir='ltr' id='par_1_68' title="bbox 471 4191 2063 4265">
     <span class='ocr_line' id='line_1_68' title="bbox 471 4191 2063 4265; baseline -0.002 -17"><span class='ocrx_word' id='word_1_497' title='bbox 471 4194 632 4264; x_wconf 88' lang='lat' dir='ltr'><strong>pulit,</strong></span> <span class='ocrx_word' id='word_1_498' title='bbox 681 4193 739 4249; x_wconf 89' lang='lat' dir='ltr'><strong>in</strong></span> <span class='ocrx_word' id='word_1_499' title='bbox 779 4209 888 4265; x_wconf 91' lang='lat' dir='ltr'><strong>qua</strong></span> <span class='ocrx_word' id='word_1_500' title='bbox 946 4194 1095 4264; x_wconf 90' lang='lat' dir='ltr'><strong>quod</strong></span> <span class='ocrx_word' id='word_1_501' title='bbox 1132 4201 1188 4250; x_wconf 92' lang='lat' dir='ltr'><strong>et</strong></span> <span class='ocrx_word' id='word_1_502' title='bbox 1229 4192 1488 4260; x_wconf 81' lang='lat' dir='ltr'><strong>diximus,</strong></span> <span class='ocrx_word' id='word_1_503' title='bbox 1541 4206 1572 4246; x_wconf 93' lang='lat' dir='ltr'><strong>a</strong></span> <span class='ocrx_word' id='word_1_504' title='bbox 1615 4191 2063 4262; x_wconf 86' lang='lat' dir='ltr'><strong>perquireutibus</strong></span> 
     </span>
    </p>
   </div>
   <div class='ocr_carea' id='block_1_69' title="bbox 2165 3173 3770 3247">
    <p class='ocr_par' dir='ltr' id='par_1_69' title="bbox 2165 3173 3770 3247">
     <span class='ocr_line' id='line_1_69' title="bbox 2165 3173 3770 3247; baseline -0.001 -20"><span class='ocrx_word' id='word_1_505' title='bbox 2165 3174 2485 3238; x_wconf 86' lang='grc' dir='ltr'>δυσσεϐείας</span> <span class='ocrx_word' id='word_1_506' title='bbox 2515 3173 2798 3247; x_wconf 81' lang='grc' dir='ltr'>ἀπῃτήθη.</span> <span class='ocrx_word' id='word_1_507' title='bbox 2847 3175 3090 3228; x_wconf 83' lang='grc' dir='ltr'>Ἐκεῖθεν</span> <span class='ocrx_word' id='word_1_508' title='bbox 3133 3175 3190 3228; x_wconf 83' lang='grc' dir='ltr'>δὲ</span> <span class='ocrx_word' id='word_1_509' title='bbox 3221 3176 3310 3228; x_wconf 87' lang='grc' dir='ltr'><strong>διά</strong></span> <span class='ocrx_word' id='word_1_510' title='bbox 3359 3175 3460 3246; x_wconf 79' lang='grc' dir='ltr'>τὴν</span> <span class='ocrx_word' id='word_1_511' title='bbox 3489 3174 3770 3245; x_wconf 79' lang='grc' dir='ltr'>ἀδόκητον</span> 
     </span>
    </p>
   </div>
   <div class='ocr_carea' id='block_1_70' title="bbox 2165 3256 3772 3342">
    <p class='ocr_par' dir='ltr' id='par_1_70' title="bbox 2165 3256 3772 3342">
     <span class='ocr_line' id='line_1_70' title="bbox 2165 3256 3772 3342; baseline -0.001 -20"><span class='ocrx_word' id='word_1_512' title='bbox 2165 3268 2429 3339; x_wconf 84' lang='grc' dir='ltr'>αἰσχύνην</span> <span class='ocrx_word' id='word_1_513' title='bbox 2456 3269 2723 3340; x_wconf 81' lang='grc' dir='ltr'>ἀποδράς,</span> <span class='ocrx_word' id='word_1_514' title='bbox 2765 3270 2844 3342; x_wconf 62' lang='grc' dir='ltr'><strong>είς</strong></span> <span class='ocrx_word' id='word_1_515' title='bbox 2877 3269 3113 3338; x_wconf 87' lang='grc' dir='ltr'>Διωρίδα</span> <span class='ocrx_word' id='word_1_516' title='bbox 3157 3270 3268 3339; x_wconf 86' lang='lat'><strong>(20)</strong></span> <span class='ocrx_word' id='word_1_517' title='bbox 3298 3256 3615 3342; x_wconf 75' lang='grc' dir='ltr'>καρχάρων</span> <span class='ocrx_word' id='word_1_518' title='bbox 3648 3267 3772 3320; x_wconf 81' lang='grc' dir='ltr'><strong>κώ-</strong></span> 
     </span>
    </p>
   </div>
   <div class='ocr_carea' id='block_1_71' title="bbox 2169 3360 3772 3432">
    <p class='ocr_par' dir='ltr' id='par_1_71' title="bbox 2169 3360 3772 3432">
     <span class='ocr_line' id='line_1_71' title="bbox 2169 3360 3772 3432; baseline 0.001 -19"><span class='ocrx_word' id='word_1_519' title='bbox 2169 3378 2278 3432; x_wconf 87' lang='grc' dir='ltr'><strong>μην</strong></span> <span class='ocrx_word' id='word_1_520' title='bbox 2302 3360 2618 3415; x_wconf 86' lang='grc' dir='ltr'>ἀποδύεται.</span> <span class='ocrx_word' id='word_1_521' title='bbox 2675 3360 2764 3413; x_wconf 85' lang='grc' dir='ltr'><strong>Ἐν</strong></span> <span class='ocrx_word' id='word_1_522' title='bbox 2784 3361 2956 3432; x_wconf 79' lang='grc' dir='ltr'>ταύτῃ</span> <span class='ocrx_word' id='word_1_523' title='bbox 2991 3363 3104 3431; x_wconf 68' lang='grc'><strong>(21)</strong></span> <span class='ocrx_word' id='word_1_524' title='bbox 3139 3362 3198 3415; x_wconf 79' lang='grc' dir='ltr'>δὲ</span> <span class='ocrx_word' id='word_1_525' title='bbox 3219 3361 3476 3432; x_wconf 79' lang='grc' dir='ltr'>Τρύφωνι</span> <span class='ocrx_word' id='word_1_526' title='bbox 3508 3360 3621 3431; x_wconf 92' lang='lat'><strong>(22)</strong></span> <span class='ocrx_word' id='word_1_527' title='bbox 3651 3378 3772 3414; x_wconf 85' lang='grc' dir='ltr'>τινι</span> 
     </span>
    </p>
   </div>
   <div class='ocr_carea' id='block_1_72' title="bbox 2166 3449 3766 3523">
    <p class='ocr_par' dir='ltr' id='par_1_72' title="bbox 2166 3449 3766 3523">
     <span class='ocr_line' id='line_1_72' title="bbox 2166 3449 3766 3523; baseline -0.001 -19"><span class='ocrx_word' id='word_1_528' title='bbox 2166 3451 2464 3522; x_wconf 89' lang='grc' dir='ltr'>σπουδαίῳ,</span> <span class='ocrx_word' id='word_1_529' title='bbox 2497 3450 2628 3523; x_wconf 79' lang='grc' dir='ltr'>ἱερῷ</span> <span class='ocrx_word' id='word_1_530' title='bbox 2661 3451 2760 3520; x_wconf 84' lang='grc' dir='ltr'>μὲν</span> <span class='ocrx_word' id='word_1_531' title='bbox 2793 3451 2974 3522; x_wconf 78' lang='grc' dir='ltr'>ἀνδρὶ,</span> <span class='ocrx_word' id='word_1_532' title='bbox 3011 3450 3105 3504; x_wconf 79' lang='grc' dir='ltr'>τὸν</span> <span class='ocrx_word' id='word_1_533' title='bbox 3143 3451 3199 3504; x_wconf 86' lang='grc' dir='ltr'>δὲ</span> <span class='ocrx_word' id='word_1_534' title='bbox 3225 3450 3324 3504; x_wconf 81' lang='grc' dir='ltr'>τοῦ</span> <span class='ocrx_word' id='word_1_535' title='bbox 3371 3449 3766 3522; x_wconf 86' lang='grc' dir='ltr'>πρεσϐυτέρου</span> 
     </span>
    </p>
   </div>
   <div class='ocr_carea' id='block_1_73' title="bbox 2164 3538 3780 3613">
    <p class='ocr_par' dir='ltr' id='par_1_73' title="bbox 2164 3538 3780 3613">
     <span class='ocr_line' id='line_1_73' title="bbox 2164 3538 3780 3613; baseline 0 -21"><span class='ocrx_word' id='word_1_536' title='bbox 2164 3539 2408 3594; x_wconf 89' lang='grc' dir='ltr'>διέποντι</span> <span class='ocrx_word' id='word_1_537' title='bbox 2441 3538 2649 3610; x_wconf 81' lang='grc' dir='ltr'>βαθμὸν</span> <span class='ocrx_word' id='word_1_538' title='bbox 2671 3539 2933 3610; x_wconf 87' lang='grc' dir='ltr'>ἐντυχὼν,</span> <span class='ocrx_word' id='word_1_539' title='bbox 2963 3539 3032 3594; x_wconf 80' lang='grc' dir='ltr'>τὰ</span> <span class='ocrx_word' id='word_1_540' title='bbox 3057 3542 3147 3594; x_wconf 84' lang='grc' dir='ltr'>ῐσα</span> <span class='ocrx_word' id='word_1_541' title='bbox 3181 3541 3416 3613; x_wconf 82' lang='grc' dir='ltr'>ὑπέστη.</span> <span class='ocrx_word' id='word_1_542' title='bbox 3443 3542 3593 3611; x_wconf 78' lang='grc' dir='ltr'>Πλὴν</span> <span class='ocrx_word' id='word_1_543' title='bbox 3623 3541 3780 3593; x_wconf 76' lang='grc' dir='ltr'>ἀλλὰ.</span> 
     </span>
    </p>
   </div>
   <div class='ocr_carea' id='block_1_74' title="bbox 2165 3631 3779 3704">
    <p class='ocr_par' dir='ltr' id='par_1_74' title="bbox 2165 3631 3779 3704">
     <span class='ocr_line' id='line_1_74' title="bbox 2165 3631 3779 3704; baseline -0.002 -17"><span class='ocrx_word' id='word_1_544' title='bbox 2165 3634 2263 3687; x_wconf 75' lang='grc' dir='ltr'>καὶ</span> <span class='ocrx_word' id='word_1_545' title='bbox 2317 3632 2485 3696; x_wconf 85' lang='grc' dir='ltr'>αύτός</span> <span class='ocrx_word' id='word_1_546' title='bbox 2507 3649 2573 3701; x_wconf 89' lang='grc' dir='ltr'><strong>γε</strong></span> <span class='ocrx_word' id='word_1_547' title='bbox 2607 3633 2635 3684; x_wconf 86' lang='grc' dir='ltr'>ὁ</span> <span class='ocrx_word' id='word_1_548' title='bbox 2686 3631 2982 3702; x_wconf 82' lang='grc' dir='ltr'>Ἀρχέλαος</span> <span class='ocrx_word' id='word_1_549' title='bbox 3021 3634 3122 3704; x_wconf 82' lang='grc' dir='ltr'>τὴν</span> <span class='ocrx_word' id='word_1_550' title='bbox 3172 3635 3350 3687; x_wconf 86' lang='grc' dir='ltr'>ἐκεῖσε</span> <span class='ocrx_word' id='word_1_551' title='bbox 3399 3633 3779 3704; x_wconf 75' lang='grc' dir='ltr'>παρείσδυσιν</span> 
     </span>
    </p>
   </div>
   <div class='ocr_carea' id='block_1_75' title="bbox 2165 3720 3780 3796">
    <p class='ocr_par' dir='ltr' id='par_1_75' title="bbox 2165 3720 3780 3796">
     <span class='ocr_line' id='line_1_75' title="bbox 2165 3720 3780 3796; baseline 0 -20"><span class='ocrx_word' id='word_1_552' title='bbox 2165 3723 2260 3778; x_wconf 80' lang='grc' dir='ltr'><strong>τοῦ</strong></span> <span class='ocrx_word' id='word_1_553' title='bbox 2316 3723 2522 3776; x_wconf 82' lang='grc' dir='ltr'>πλάνου</span> <span class='ocrx_word' id='word_1_554' title='bbox 2563 3723 2754 3794; x_wconf 85' lang='grc' dir='ltr'>μαθὼν</span> <span class='ocrx_word' id='word_1_555' title='bbox 2808 3723 2957 3795; x_wconf 79' lang='grc' dir='ltr'><strong>(ὀξὺς</strong></span> <span class='ocrx_word' id='word_1_556' title='bbox 2992 3725 3101 3795; x_wconf 82' lang='grc' dir='ltr'><strong>γὰρ</strong></span> <span class='ocrx_word' id='word_1_557' title='bbox 3151 3720 3221 3796; x_wconf 76' lang='grc' dir='ltr'>ἦν</span> <span class='ocrx_word' id='word_1_558' title='bbox 3277 3726 3373 3778; x_wconf 77' lang='grc' dir='ltr'>καὶ</span> <span class='ocrx_word' id='word_1_559' title='bbox 3421 3724 3626 3796; x_wconf 71' lang='grc' dir='ltr'>θερμὸς</span> <span class='ocrx_word' id='word_1_560' title='bbox 3668 3726 3780 3776; x_wconf 72' lang='grc' dir='ltr'>τὸν</span> 
     </span>
    </p>
   </div>
   <div class='ocr_carea' id='block_1_76' title="bbox 2167 3815 3780 3889">
    <p class='ocr_par' dir='ltr' id='par_1_76' title="bbox 2167 3815 3780 3889">
     <span class='ocr_line' id='line_1_76' title="bbox 2167 3815 3780 3889; baseline 0.001 -20"><span class='ocrx_word' id='word_1_561' title='bbox 2167 3815 2368 3886; x_wconf 81' lang='grc' dir='ltr'>εὐσεϐῆ</span> <span class='ocrx_word' id='word_1_562' title='bbox 2396 3816 2606 3886; x_wconf 75' lang='grc' dir='ltr'>ζῆλον),</span> <span class='ocrx_word' id='word_1_563' title='bbox 2640 3816 3054 3888; x_wconf 83' lang='grc' dir='ltr'>καταλαμϐάνει</span> <span class='ocrx_word' id='word_1_564' title='bbox 3075 3817 3135 3870; x_wconf 82' lang='grc' dir='ltr'>τὸ</span> <span class='ocrx_word' id='word_1_565' title='bbox 3167 3819 3391 3889; x_wconf 88' lang='grc' dir='ltr'>χωρίον,</span> <span class='ocrx_word' id='word_1_566' title='bbox 3421 3818 3518 3872; x_wconf 69' lang='grc' dir='ltr'>καὶ</span> <span class='ocrx_word' id='word_1_567' title='bbox 3558 3817 3780 3889; x_wconf 68' lang='grc' dir='ltr'>πολλῆς</span> 
     </span>
    </p>
   </div>
   <div class='ocr_carea' id='block_1_77' title="bbox 2169 3909 3779 3984">
    <p class='ocr_par' dir='ltr' id='par_1_77' title="bbox 2169 3909 3779 3984">
     <span class='ocr_line' id='line_1_77' title="bbox 2169 3909 3779 3984; baseline 0.002 -23"><span class='ocrx_word' id='word_1_568' title='bbox 2169 3909 2464 3980; x_wconf 82' lang='grc' dir='ltr'>ἐμπλήσας</span> <span class='ocrx_word' id='word_1_569' title='bbox 2497 3909 2590 3962; x_wconf 79' lang='grc' dir='ltr'>τὸν</span> <span class='ocrx_word' id='word_1_570' title='bbox 2635 3909 2840 3963; x_wconf 83' lang='grc' dir='ltr'>πλάνον</span> <span class='ocrx_word' id='word_1_571' title='bbox 2905 3911 3246 3982; x_wconf 82' lang='grc' dir='ltr'>ἀμηχανίας,</span> <span class='ocrx_word' id='word_1_572' title='bbox 3276 3913 3374 3964; x_wconf 71' lang='grc' dir='ltr'>καὶ</span> <span class='ocrx_word' id='word_1_573' title='bbox 3423 3912 3492 3984; x_wconf 79' lang='grc' dir='ltr'>ἢν</span> <span class='ocrx_word' id='word_1_574' title='bbox 3525 3911 3779 3982; x_wconf 83' lang='grc' dir='ltr'>ἔφευγεν</span> 
     </span>
    </p>
   </div>
   <div class='ocr_carea' id='block_1_78' title="bbox 2172 3995 3771 4074">
    <p class='ocr_par' dir='ltr' id='par_1_78' title="bbox 2172 3995 3771 4074">
     <span class='ocr_line' id='line_1_78' title="bbox 2172 3995 3771 4074; baseline 0.001 -19"><span class='ocrx_word' id='word_1_575' title='bbox 2172 4000 2462 4073; x_wconf 86' lang='grc' dir='ltr'>αίσχύνης,</span> <span class='ocrx_word' id='word_1_576' title='bbox 2497 3995 2580 4065; x_wconf 76' lang='grc' dir='ltr'>οἷς</span> <span class='ocrx_word' id='word_1_577' title='bbox 2611 4001 2778 4056; x_wconf 82' lang='grc' dir='ltr'>αὐτοῦ</span> <span class='ocrx_word' id='word_1_578' title='bbox 2809 4001 2879 4055; x_wconf 84' lang='grc' dir='ltr'>τὰ</span> <span class='ocrx_word' id='word_1_579' title='bbox 2915 4004 3138 4073; x_wconf 84' lang='grc' dir='ltr'>μυσαρά</span> <span class='ocrx_word' id='word_1_580' title='bbox 3179 4003 3290 4057; x_wconf 83' lang='grc' dir='ltr'>τῶν</span> <span class='ocrx_word' id='word_1_581' title='bbox 3343 4005 3631 4074; x_wconf 84' lang='grc' dir='ltr'>δογμάτων</span> <span class='ocrx_word' id='word_1_582' title='bbox 3661 4007 3771 4056; x_wconf 67' lang='grc' dir='ltr'>ἀνα</span> 
     </span>
    </p>
   </div>
   <div class='ocr_carea' id='block_1_79' title="bbox 2172 4094 3778 4168">
    <p class='ocr_par' dir='ltr' id='par_1_79' title="bbox 2172 4094 3778 4168">
     <span class='ocr_line' id='line_1_79' title="bbox 2172 4094 3778 4168; baseline 0 -20"><span class='ocrx_word' id='word_1_583' title='bbox 2172 4095 2371 4166; x_wconf 88' lang='grc' dir='ltr'>έτρεπέ</span> <span class='ocrx_word' id='word_1_584' title='bbox 2423 4112 2484 4148; x_wconf 90' lang='grc' dir='ltr'><strong>τε</strong></span> <span class='ocrx_word' id='word_1_585' title='bbox 2518 4094 2614 4148; x_wconf 82' lang='grc' dir='ltr'>καὶ</span> <span class='ocrx_word' id='word_1_586' title='bbox 2649 4094 3008 4161; x_wconf 74' lang='grc' dir='ltr'>ἁνεσκεύαζε,</span> <span class='ocrx_word' id='word_1_587' title='bbox 3040 4097 3136 4150; x_wconf 75' lang='grc' dir='ltr'>καὶ</span> <span class='ocrx_word' id='word_1_588' title='bbox 3171 4096 3452 4168; x_wconf 78' lang='grc' dir='ltr'>προύτίθει</span> <span class='ocrx_word' id='word_1_589' title='bbox 3489 4099 3626 4150; x_wconf 79' lang='grc' dir='ltr'>πᾶσι</span> <span class='ocrx_word' id='word_1_590' title='bbox 3662 4096 3778 4161; x_wconf 86' lang='grc' dir='ltr'>γέ-</span> 
     </span>
    </p>
   </div>
   <div class='ocr_carea' id='block_1_80' title="bbox 2171 4188 3783 4260">
    <p class='ocr_par' dir='ltr' id='par_1_80' title="bbox 2171 4188 3783 4260">
     <span class='ocr_line' id='line_1_80' title="bbox 2171 4188 3783 4260; baseline -0.001 -18"><span class='ocrx_word' id='word_1_591' title='bbox 2171 4188 2325 4244; x_wconf 88' lang='grc' dir='ltr'>λωτά</span> <span class='ocrx_word' id='word_1_592' title='bbox 2352 4205 2414 4242; x_wconf 83' lang='grc' dir='ltr'><strong>τε</strong></span> <span class='ocrx_word' id='word_1_593' title='bbox 2450 4189 2545 4243; x_wconf 78' lang='grc' dir='ltr'>καὶ</span> <span class='ocrx_word' id='word_1_594' title='bbox 2570 4188 2848 4260; x_wconf 78' lang='grc' dir='ltr'>βδέλυγμα</span> <span class='ocrx_word' id='word_1_595' title='bbox 2867 4229 2883 4254; x_wconf 92' lang='grc'><strong>,</strong></span> <span class='ocrx_word' id='word_1_596' title='bbox 2915 4189 3328 4260; x_wconf 76' lang='grc' dir='ltr'>παρασκευάζει</span> <span class='ocrx_word' id='word_1_597' title='bbox 3351 4188 3514 4245; x_wconf 87' lang='grc' dir='ltr'>πάλιν</span> <span class='ocrx_word' id='word_1_598' title='bbox 3546 4189 3783 4259; x_wconf 81' lang='grc' dir='ltr'>φυγάδα</span> 
     </span>
    </p>
   </div>
   <div class='ocr_carea' id='block_1_81' title="bbox 1568 4408 2640 4468">
    <p class='ocr_par' dir='ltr' id='par_1_81' title="bbox 1568 4408 2640 4468">
     <span class='ocr_line' id='line_1_81' title="bbox 1568 4408 2640 4468; baseline 0.001 -4"><span class='ocrx_word' id='word_1_599' title='bbox 1568 4411 1808 4468; x_wconf 60' lang='lat' dir='ltr'><strong>VABIZE</strong></span> <span class='ocrx_word' id='word_1_600' title='bbox 1847 4409 2243 4466; x_wconf 83' lang='lat' dir='ltr'><strong>LECTIONES</strong></span> <span class='ocrx_word' id='word_1_601' title='bbox 2281 4408 2370 4464; x_wconf 86' lang='lat' dir='ltr'><strong>ET</strong></span> <span class='ocrx_word' id='word_1_602' title='bbox 2408 4409 2640 4466; x_wconf 71' lang='lat' dir='ltr'><strong>NOTAE.</strong></span> 
     </span>
    </p>
   </div>
   <div class='ocr_carea' id='block_1_82' title="bbox 543 4626 2055 4705">
    <p class='ocr_par' dir='ltr' id='par_1_82' title="bbox 543 4626 2055 4705">
     <span class='ocr_line' id='line_1_82' title="bbox 543 4626 2055 4705; baseline -0.004 -18"><span class='ocrx_word' id='word_1_603' title='bbox 543 4633 664 4705; x_wconf 70' lang='lat'><strong>(15)</strong></span> <span class='ocrx_word' id='word_1_604' title='bbox 689 4633 772 4705; x_wconf 15' lang='lat' dir='ltr'><em>077i)</em></span> <span class='ocrx_word' id='word_1_605' title='bbox 825 4630 1178 4705; x_wconf 61' lang='grc' dir='ltr'>στέγοντας.</span> <span class='ocrx_word' id='word_1_606' title='bbox 1235 4628 1433 4705; x_wconf 54' lang='lat' dir='ltr'><strong>Noster</strong></span> <span class='ocrx_word' id='word_1_607' title='bbox 1483 4627 1616 4705; x_wconf 83' lang='lat' dir='ltr'><strong>legit</strong></span> <span class='ocrx_word' id='word_1_608' title='bbox 1641 4628 1738 4705; x_wconf 42' lang='grc' dir='ltr'>,ού</span> <span class='ocrx_word' id='word_1_609' title='bbox 1801 4626 2055 4705; x_wconf 72' lang='grc' dir='ltr'>στέργον-</span> 
     </span>
    </p>
   </div>
   <div class='ocr_carea' id='block_1_83' title="bbox 2166 4626 2714 4705">
    <p class='ocr_par' dir='ltr' id='par_1_83' title="bbox 2166 4631 2714 4705">
     <span class='ocr_line' id='line_1_83' title="bbox 2166 4631 2714 4705; baseline 0.004 -21"><span class='ocrx_word' id='word_1_610' title='bbox 2166 4637 2400 4705; x_wconf 77' lang='lat' dir='ltr'><strong>uterque</strong></span> <span class='ocrx_word' id='word_1_611' title='bbox 2451 4631 2714 4705; x_wconf 86' lang='lat' dir='ltr'><strong>mendose</strong></span> 
     </span>
    </p>
   </div>
   <div class='ocr_carea' id='block_1_84' title="bbox 471 4697 2055 4770">
    <p class='ocr_par' dir='ltr' id='par_1_84' title="bbox 471 4697 2055 4770">
     <span class='ocr_line' id='line_1_84' title="bbox 471 4697 2055 4770; baseline -0.004 -11"><span class='ocrx_word' id='word_1_612' title='bbox 471 4697 592 4768; x_wconf 73' lang='grc' dir='ltr'>τας.</span> <span class='ocrx_word' id='word_1_613' title='bbox 624 4697 804 4757; x_wconf 75' lang='lat' dir='ltr'><strong>Malim</strong></span> <span class='ocrx_word' id='word_1_614' title='bbox 835 4697 968 4757; x_wconf 84' lang='lat' dir='ltr'><strong>vero</strong></span> <span class='ocrx_word' id='word_1_615' title='bbox 993 4703 1146 4767; x_wconf 91' lang='lat' dir='ltr'><strong>illud,</strong></span> <span class='ocrx_word' id='word_1_616' title='bbox 1182 4701 1353 4756; x_wconf 89' lang='lat' dir='ltr'><strong>menti</strong></span> <span class='ocrx_word' id='word_1_617' title='bbox 1387 4697 1687 4770; x_wconf 82' lang='lat' dir='ltr'><strong>Scriptoris</strong></span> <span class='ocrx_word' id='word_1_618' title='bbox 1721 4708 1783 4753; x_wconf 92' lang='lat' dir='ltr'><strong>ut</strong></span> <span class='ocrx_word' id='word_1_619' title='bbox 1817 4697 2055 4770; x_wconf 83' lang='lat' dir='ltr'><strong>videtur,</strong></span> 
     </span>
    </p>
   </div>
   <div class='ocr_carea' id='block_1_85' title="bbox 474 4769 2060 4830">
    <p class='ocr_par' dir='ltr' id='par_1_85' title="bbox 474 4769 2060 4830">
     <span class='ocr_line' id='line_1_85' title="bbox 474 4769 2060 4830; baseline -0.005 0"><span class='ocrx_word' id='word_1_620' title='bbox 474 4773 912 4830; x_wconf 72' lang='lat' dir='ltr'><strong>coiivenientius.</strong></span> <span class='ocrx_word' id='word_1_621' title='bbox 951 4773 1120 4828; x_wconf 67' lang='lat' dir='ltr'><strong>Haesit</strong></span> <span class='ocrx_word' id='word_1_622' title='bbox 1156 4773 1298 4826; x_wconf 84' lang='lat' dir='ltr'><strong>forte</strong></span> <span class='ocrx_word' id='word_1_623' title='bbox 1336 4771 1394 4826; x_wconf 87' lang='lat' dir='ltr'><strong>iu</strong></span> <span class='ocrx_word' id='word_1_624' title='bbox 1426 4769 1638 4825; x_wconf 87' lang='lat' dir='ltr'><strong>librarii</strong></span> <span class='ocrx_word' id='word_1_625' title='bbox 1682 4770 1953 4824; x_wconf 86' lang='lat' dir='ltr'><strong>memoria</strong></span> <span class='ocrx_word' id='word_1_626' title='bbox 1997 4769 2060 4823; x_wconf 85' lang='grc' dir='ltr'>τὸ</span> 
     </span>
    </p>
   </div>
   <div class='ocr_carea' id='block_1_86' title="bbox 476 4843 1380 4912">
    <p class='ocr_par' dir='ltr' id='par_1_86' title="bbox 476 4843 1380 4912">
     <span class='ocr_line' id='line_1_86' title="bbox 476 4843 1380 4912; baseline -0.002 -14"><span class='ocrx_word' id='word_1_627' title='bbox 476 4845 728 4912; x_wconf 83' lang='grc' dir='ltr'>στέργειν</span> <span class='ocrx_word' id='word_1_628' title='bbox 756 4844 1000 4912; x_wconf 83' lang='lat' dir='ltr'><strong>proxime</strong></span> <span class='ocrx_word' id='word_1_629' title='bbox 1024 4843 1380 4912; x_wconf 84' lang='lat' dir='ltr'><strong>antecedens.</strong></span> 
     </span>
    </p>
   </div>
   <div class='ocr_carea' id='block_1_87' title="bbox 544 4909 2065 4983">
    <p class='ocr_par' dir='ltr' id='par_1_87' title="bbox 544 4909 2065 4983">
     <span class='ocr_line' id='line_1_87' title="bbox 544 4909 2065 4983; baseline -0.002 -15"><span class='ocrx_word' id='word_1_630' title='bbox 544 4909 659 4983; x_wconf 82' lang='grc'><strong>(16)</strong></span> <span class='ocrx_word' id='word_1_631' title='bbox 698 4909 1097 4980; x_wconf 65' lang='grc' dir='ltr'>Ἀποστασίας</span> <span class='ocrx_word' id='word_1_632' title='bbox 1132 4911 1426 4982; x_wconf 77' lang='grc' dir='ltr'>ἐξάρχων,</span> <span class='ocrx_word' id='word_1_633' title='bbox 1465 4909 1542 4966; x_wconf 87' lang='lat' dir='ltr'><strong>Ita</strong></span> <span class='ocrx_word' id='word_1_634' title='bbox 1586 4910 1752 4965; x_wconf 88' lang='lat' dir='ltr'><strong>malui</strong></span> <span class='ocrx_word' id='word_1_635' title='bbox 1794 4924 1920 4983; x_wconf 74' lang='lat' dir='ltr'><strong>cum</strong></span> <span class='ocrx_word' id='word_1_636' title='bbox 1966 4925 2065 4965; x_wconf 92' lang='lat' dir='ltr'><strong>no-</strong></span> 
     </span>
    </p>
   </div>
   <div class='ocr_carea' id='block_1_88' title="bbox 475 4980 2061 5053">
    <p class='ocr_par' dir='ltr' id='par_1_88' title="bbox 475 4980 2061 5053">
     <span class='ocr_line' id='line_1_88' title="bbox 475 4980 2061 5053; baseline -0.005 -11"><span class='ocrx_word' id='word_1_637' title='bbox 475 4980 613 5047; x_wconf 81' lang='lat' dir='ltr'><strong>stro,</strong></span> <span class='ocrx_word' id='word_1_638' title='bbox 641 4980 829 5052; x_wconf 77' lang='lat' dir='ltr'><strong>quam</strong></span> <span class='ocrx_word' id='word_1_639' title='bbox 869 4998 994 5037; x_wconf 91' lang='lat' dir='ltr'><strong>cum</strong></span> <span class='ocrx_word' id='word_1_640' title='bbox 1045 4980 1384 5038; x_wconf 24' lang='lat' dir='ltr'><strong>Coislinia’no</strong></span> <span class='ocrx_word' id='word_1_641' title='bbox 1417 4980 2061 5053; x_wconf 35' lang='grc' dir='ltr'>ἀποστάσεωςᾉέξαρχος,</span> 
     </span>
    </p>
   </div>
   <div class='ocr_carea' id='block_1_89' title="bbox 473 5051 2069 5126">
    <p class='ocr_par' dir='ltr' id='par_1_89' title="bbox 473 5051 2069 5126">
     <span class='ocr_line' id='line_1_89' title="bbox 473 5051 2069 5126; baseline -0.002 -15"><span class='ocrx_word' id='word_1_642' title='bbox 473 5051 727 5126; x_wconf 79' lang='lat' dir='ltr'><strong>quamvis</strong></span> <span class='ocrx_word' id='word_1_643' title='bbox 753 5054 900 5123; x_wconf 91' lang='lat' dir='ltr'><strong>quod</strong></span> <span class='ocrx_word' id='word_1_644' title='bbox 927 5055 993 5106; x_wconf 78' lang='lat' dir='ltr'><strong>ad</strong></span> <span class='ocrx_word' id='word_1_645' title='bbox 1033 5069 1255 5126; x_wconf 87' lang='lat' dir='ltr'><strong>sensum</strong></span> <span class='ocrx_word' id='word_1_646' title='bbox 1289 5055 1438 5126; x_wconf 75' lang='lat' dir='ltr'><strong>nihil</strong></span> <span class='ocrx_word' id='word_1_647' title='bbox 1494 5052 1730 5108; x_wconf 89' lang='lat' dir='ltr'><strong>intersit.</strong></span> <span class='ocrx_word' id='word_1_648' title='bbox 1765 5051 2069 5124; x_wconf 81' lang='lat' dir='ltr'><strong>Zacaguius</strong></span> 
     </span>
    </p>
   </div>
   <div class='ocr_carea' id='block_1_90' title="bbox 471 5124 1522 5197">
    <p class='ocr_par' dir='ltr' id='par_1_90' title="bbox 471 5124 1522 5197">
     <span class='ocr_line' id='line_1_90' title="bbox 471 5124 1522 5197; baseline -0.001 -16"><span class='ocrx_word' id='word_1_649' title='bbox 471 5124 538 5182; x_wconf 68' lang='lat' dir='ltr'><strong>ex</strong></span> <span class='ocrx_word' id='word_1_650' title='bbox 571 5140 673 5197; x_wconf 81' lang='lat' dir='ltr'><strong>suo</strong></span> <span class='ocrx_word' id='word_1_651' title='bbox 706 5125 869 5197; x_wconf 86' lang='lat' dir='ltr'><strong>habet</strong></span> <span class='ocrx_word' id='word_1_652' title='bbox 897 5125 1235 5197; x_wconf 76' lang='grc' dir='ltr'>άποστασίας</span> <span class='ocrx_word' id='word_1_653' title='bbox 1273 5124 1522 5197; x_wconf 80' lang='grc' dir='ltr'>ἔξαρχος.</span> 
     </span>
    </p>
   </div>
   <div class='ocr_carea' id='block_1_91' title="bbox 548 5193 2069 5267">
    <p class='ocr_par' dir='ltr' id='par_1_91' title="bbox 548 5193 2069 5267">
     <span class='ocr_line' id='line_1_91' title="bbox 548 5193 2069 5267; baseline -0.001 -17"><span class='ocrx_word' id='word_1_654' title='bbox 548 5196 661 5267; x_wconf 87' lang='grc'><strong>(17)</strong></span> <span class='ocrx_word' id='word_1_655' title='bbox 695 5196 880 5249; x_wconf 83' lang='grc' dir='ltr'>Ἔτει.</span> <span class='ocrx_word' id='word_1_656' title='bbox 914 5195 991 5247; x_wconf 90' lang='lat' dir='ltr'><strong>Ita</strong></span> <span class='ocrx_word' id='word_1_657' title='bbox 1021 5210 1144 5249; x_wconf 91' lang='lat' dir='ltr'><strong>cum</strong></span> <span class='ocrx_word' id='word_1_658' title='bbox 1173 5193 1491 5267; x_wconf 62' lang='lat' dir='ltr'><strong>nostro&#39;pi-o</strong></span> <span class='ocrx_word' id='word_1_659' title='bbox 1535 5193 1650 5267; x_wconf 79' lang='grc' dir='ltr'>ἐπί,</span> <span class='ocrx_word' id='word_1_660' title='bbox 1679 5194 1824 5267; x_wconf 87' lang='lat' dir='ltr'><strong>quod</strong></span> <span class='ocrx_word' id='word_1_661' title='bbox 1856 5194 1925 5249; x_wconf 92' lang='lat' dir='ltr'><strong>ad</strong></span> <span class='ocrx_word' id='word_1_662' title='bbox 1948 5209 2069 5267; x_wconf 86' lang='lat' dir='ltr'><strong>sen-</strong></span> 
     </span>
    </p>
   </div>
   <div class='ocr_carea' id='block_1_92' title="bbox 475 5265 2068 5337">
    <p class='ocr_par' dir='ltr' id='par_1_92' title="bbox 475 5265 2068 5337">
     <span class='ocr_line' id='line_1_92' title="bbox 475 5265 2068 5337; baseline -0.001 -16"><span class='ocrx_word' id='word_1_663' title='bbox 475 5265 599 5337; x_wconf 86' lang='lat' dir='ltr'><strong>sum</strong></span> <span class='ocrx_word' id='word_1_664' title='bbox 634 5265 772 5337; x_wconf 84' lang='lat' dir='ltr'><strong>opus</strong></span> <span class='ocrx_word' id='word_1_665' title='bbox 810 5281 924 5337; x_wconf 91' lang='lat' dir='ltr'><strong>non</strong></span> <span class='ocrx_word' id='word_1_666' title='bbox 957 5273 1087 5337; x_wconf 88' lang='lat' dir='ltr'><strong>est,_</strong></span> <span class='ocrx_word' id='word_1_667' title='bbox 1109 5280 1236 5320; x_wconf 92' lang='lat' dir='ltr'><strong>cum</strong></span> <span class='ocrx_word' id='word_1_668' title='bbox 1263 5266 1511 5337; x_wconf 15' lang='lat' dir='ltr'><strong>rvicissim</strong></span> <span class='ocrx_word' id='word_1_669' title='bbox 1551 5265 1648 5337; x_wconf 11' lang='lat' dir='ltr'><strong>eq),</strong></span> <span class='ocrx_word' id='word_1_670' title='bbox 1679 5266 1888 5337; x_wconf 85' lang='grc' dir='ltr'>ἐννάτῳ</span> <span class='ocrx_word' id='word_1_671' title='bbox 1916 5265 2068 5336; x_wconf 87' lang='lat' dir='ltr'><strong>prius</strong></span> 
     </span>
    </p>
   </div>
   <div class='ocr_carea' id='block_1_93' title="bbox 475 5335 1736 5407">
    <p class='ocr_par' dir='ltr' id='par_1_93' title="bbox 475 5335 1736 5407">
     <span class='ocr_line' id='line_1_93' title="bbox 475 5335 1736 5407; baseline -0.001 -17"><span class='ocrx_word' id='word_1_672' title='bbox 475 5336 749 5407; x_wconf 16' lang='lat' dir='ltr'><strong>illudgétst</strong></span> <span class='ocrx_word' id='word_1_673' title='bbox 777 5336 1038 5405; x_wconf 88' lang='lat' dir='ltr'><strong>requirat.</strong></span> <span class='ocrx_word' id='word_1_674' title='bbox 1074 5335 1235 5407; x_wconf 22' lang='lat' dir='ltr'><strong>ltaiet</strong></span> <span class='ocrx_word' id='word_1_675' title='bbox 1261 5336 1391 5406; x_wconf 84' lang='lat' dir='ltr'><strong>legit</strong></span> <span class='ocrx_word' id='word_1_676' title='bbox 1416 5335 1736 5407; x_wconf 82' lang='lat' dir='ltr'><strong>Zacagnius.</strong></span> 
     </span>
    </p>
   </div>
   <div class='ocr_carea' id='block_1_94' title="bbox 548 5406 2059 5478">
    <p class='ocr_par' dir='ltr' id='par_1_94' title="bbox 548 5406 2059 5478">
     <span class='ocr_line' id='line_1_94' title="bbox 548 5406 2059 5478; baseline -0.002 -16"><span class='ocrx_word' id='word_1_677' title='bbox 548 5406 662 5478; x_wconf 90' lang='grc'><strong>(18)</strong></span> <span class='ocrx_word' id='word_1_678' title='bbox 697 5406 1128 5478; x_wconf 66' lang='grc' dir='ltr'><strong>Οὐρλεριανοῦ.</strong></span> <span class='ocrx_word' id='word_1_679' title='bbox 1162 5406 1239 5460; x_wconf 89' lang='lat' dir='ltr'><strong>Ita</strong></span> <span class='ocrx_word' id='word_1_680' title='bbox 1281 5415 1428 5478; x_wconf 85' lang='lat' dir='ltr'><strong>recte</strong></span> <span class='ocrx_word' id='word_1_681' title='bbox 1451 5406 1840 5468; x_wconf 75' lang='lat' dir='ltr'><strong>Coisliniantts,</strong></span> <span class='ocrx_word' id='word_1_682' title='bbox 1869 5414 2059 5478; x_wconf 84' lang='lat' dir='ltr'><strong>noster</strong></span> 
     </span>
    </p>
   </div>
   <div class='ocr_carea' id='block_1_95' title="bbox 476 5476 2058 5545">
    <p class='ocr_par' dir='ltr' id='par_1_95' title="bbox 476 5476 2058 5545">
     <span class='ocr_line' id='line_1_95' title="bbox 476 5476 2058 5545; baseline -0.002 -12"><span class='ocrx_word' id='word_1_683' title='bbox 476 5476 642 5534; x_wconf 82' lang='lat' dir='ltr'><strong>habet</strong></span> <span class='ocrx_word' id='word_1_684' title='bbox 665 5476 1114 5532; x_wconf 84' lang='grc' dir='ltr'>Οὐαλεντινιανοῦ</span> <span class='ocrx_word' id='word_1_685' title='bbox 1162 5477 1458 5531; x_wconf 83' lang='lat' dir='ltr'><strong>mendose:</strong></span> <span class='ocrx_word' id='word_1_686' title='bbox 1501 5493 1627 5530; x_wconf 87' lang='lat' dir='ltr'><strong>nam</strong></span> <span class='ocrx_word' id='word_1_687' title='bbox 1676 5477 1937 5545; x_wconf 89' lang='lat' dir='ltr'><strong>temporis</strong></span> <span class='ocrx_word' id='word_1_688' title='bbox 1969 5492 2058 5530; x_wconf 89' lang='lat' dir='ltr'><strong>ra-</strong></span> 
     </span>
    </p>
   </div>
   <div class='ocr_carea' id='block_1_96' title="bbox 477 5546 2066 5618">
    <p class='ocr_par' dir='ltr' id='par_1_96' title="bbox 477 5546 2066 5618">
     <span class='ocr_line' id='line_1_96' title="bbox 477 5546 2066 5618; baseline -0.001 -16"><span class='ocrx_word' id='word_1_689' title='bbox 477 5550 656 5604; x_wconf 87' lang='lat' dir='ltr'><strong>tiones</strong></span> <span class='ocrx_word' id='word_1_690' title='bbox 689 5549 744 5604; x_wconf 92' lang='lat' dir='ltr'><strong>id</strong></span> <span class='ocrx_word' id='word_1_691' title='bbox 773 5548 1068 5618; x_wconf 87' lang='lat' dir='ltr'><strong>refugiunl.</strong></span> <span class='ocrx_word' id='word_1_692' title='bbox 1113 5546 1403 5602; x_wconf 88' lang='lat' dir='ltr'><strong>Consentit</strong></span> <span class='ocrx_word' id='word_1_693' title='bbox 1448 5563 1572 5601; x_wconf 90' lang='lat' dir='ltr'><strong>cum</strong></span> <span class='ocrx_word' id='word_1_694' title='bbox 1617 5547 1785 5616; x_wconf 91' lang='lat' dir='ltr'><strong>proba</strong></span> <span class='ocrx_word' id='word_1_695' title='bbox 1830 5547 2066 5600; x_wconf 92' lang='lat' dir='ltr'><strong>lectione</strong></span> 
     </span>
    </p>
   </div>
   <div class='ocr_carea' id='block_1_97' title="bbox 477 5618 2064 5688">
    <p class='ocr_par' dir='ltr' id='par_1_97' title="bbox 477 5618 2064 5688">
     <span class='ocr_line' id='line_1_97' title="bbox 477 5618 2064 5688; baseline -0.001 -14"><span class='ocrx_word' id='word_1_696' title='bbox 477 5619 693 5685; x_wconf 89' lang='lat' dir='ltr'><strong>Petrus,</strong></span> <span class='ocrx_word' id='word_1_697' title='bbox 727 5635 783 5688; x_wconf 92' lang='lat' dir='ltr'><strong>p.</strong></span> <span class='ocrx_word' id='word_1_698' title='bbox 815 5619 906 5686; x_wconf 82' lang='grc'><strong>56,</strong></span> <span class='ocrx_word' id='word_1_699' title='bbox 928 5627 984 5673; x_wconf 86' lang='lat' dir='ltr'><strong>et</strong></span> <span class='ocrx_word' id='word_1_700' title='bbox 1005 5619 1059 5672; x_wconf 93' lang='lat' dir='ltr'><strong>in</strong></span> <span class='ocrx_word' id='word_1_701' title='bbox 1088 5619 1380 5673; x_wconf 88' lang='lat' dir='ltr'><strong>referendo</strong></span> <span class='ocrx_word' id='word_1_702' title='bbox 1400 5618 1578 5671; x_wconf 85' lang='lat' dir='ltr'><strong>Photii</strong></span> <span class='ocrx_word' id='word_1_703' title='bbox 1596 5618 1717 5671; x_wconf 90' lang='lat' dir='ltr'><strong>loco</strong></span> <span class='ocrx_word' id='word_1_704' title='bbox 1741 5618 2064 5687; x_wconf 76' lang='lat' dir='ltr'><strong>Zaeagnius.</strong></span> 
     </span>
    </p>
   </div>
   <div class='ocr_carea' id='block_1_98' title="bbox 551 5688 2067 5759">
    <p class='ocr_par' dir='ltr' id='par_1_98' title="bbox 551 5688 2067 5759">
     <span class='ocr_line' id='line_1_98' title="bbox 551 5688 2067 5759; baseline -0.001 -17"><span class='ocrx_word' id='word_1_705' title='bbox 551 5691 661 5759; x_wconf 88' lang='lat' dir='ltr'><strong>(l9)</strong></span> <span class='ocrx_word' id='word_1_706' title='bbox 698 5690 846 5744; x_wconf 83' lang='grc' dir='ltr'><strong>Ὑπὸ</strong></span> <span class='ocrx_word' id='word_1_707' title='bbox 885 5689 1013 5745; x_wconf 80' lang='grc' dir='ltr'>τοῦ.</span> <span class='ocrx_word' id='word_1_708' title='bbox 1075 5689 1276 5743; x_wconf 88' lang='lat' dir='ltr'><strong>Inserit</strong></span> <span class='ocrx_word' id='word_1_709' title='bbox 1331 5689 1420 5744; x_wconf 90' lang='lat' dir='ltr'><strong>hic</strong></span> <span class='ocrx_word' id='word_1_710' title='bbox 1464 5689 1768 5758; x_wconf 80' lang='lat' dir='ltr'><strong>Zacagnius</strong></span> <span class='ocrx_word' id='word_1_711' title='bbox 1811 5688 1888 5755; x_wconf 80' lang='grc' dir='ltr'>δὲ,</span> <span class='ocrx_word' id='word_1_712' title='bbox 1919 5688 2067 5758; x_wconf 90' lang='lat' dir='ltr'><strong>quod</strong></span> 
     </span>
    </p>
   </div>
   <div class='ocr_carea' id='block_1_99' title="bbox 475 5759 1361 5828">
    <p class='ocr_par' dir='ltr' id='par_1_99' title="bbox 475 5759 1361 5828">
     <span class='ocr_line' id='line_1_99' title="bbox 475 5759 1361 5828; baseline -0.001 -14"><span class='ocrx_word' id='word_1_713' title='bbox 475 5760 742 5814; x_wconf 88' lang='lat' dir='ltr'><strong>orationis</strong></span> <span class='ocrx_word' id='word_1_714' title='bbox 779 5761 950 5815; x_wconf 89' lang='lat' dir='ltr'><strong>series</strong></span> <span class='ocrx_word' id='word_1_715' title='bbox 977 5775 1086 5814; x_wconf 91' lang='lat' dir='ltr'><strong>non</strong></span> <span class='ocrx_word' id='word_1_716' title='bbox 1114 5759 1361 5828; x_wconf 88' lang='lat' dir='ltr'><strong>requirit.</strong></span> 
     </span>
    </p>
   </div>
   <div class='ocr_carea' id='block_1_100' title="bbox 548 5828 2064 5901">
    <p class='ocr_par' dir='ltr' id='par_1_100' title="bbox 548 5828 2064 5901">
     <span class='ocr_line' id='line_1_100' title="bbox 548 5828 2064 5901; baseline -0.003 -15"><span class='ocrx_word' id='word_1_717' title='bbox 548 5833 661 5901; x_wconf 73' lang='lat'><strong>(20)</strong></span> <span class='ocrx_word' id='word_1_718' title='bbox 689 5830 958 5899; x_wconf 79' lang='grc' dir='ltr'>Διωρίδα.</span> <span class='ocrx_word' id='word_1_719' title='bbox 995 5831 1072 5887; x_wconf 84' lang='lat' dir='ltr'><strong>Ita</strong></span> <span class='ocrx_word' id='word_1_720' title='bbox 1095 5831 1484 5896; x_wconf 82' lang='lat' dir='ltr'><strong>Ceislinianus,</strong></span> <span class='ocrx_word' id='word_1_721' title='bbox 1517 5837 1573 5886; x_wconf 92' lang='lat' dir='ltr'><strong>at</strong></span> <span class='ocrx_word' id='word_1_722' title='bbox 1596 5837 1784 5887; x_wconf 89' lang='lat' dir='ltr'><strong>noster</strong></span> <span class='ocrx_word' id='word_1_723' title='bbox 1815 5828 2028 5900; x_wconf 79' lang='grc' dir='ltr'>Δωρίδα</span> <span class='ocrx_word' id='word_1_724' title='bbox 2049 5845 2064 5858; x_wconf 65' lang='grc'><strong>⁸</strong></span> 
     </span>
    </p>
   </div>
   <div class='ocr_carea' id='block_1_101' title="bbox 2777 4630 3777 4703">
    <p class='ocr_par' dir='ltr' id='par_1_101' title="bbox 2777 4630 3777 4703">
     <span class='ocr_line' id='line_1_101' title="bbox 2777 4630 3777 4703; baseline 0.005 -17"><span class='ocrx_word' id='word_1_725' title='bbox 2777 4649 2792 4686; x_wconf 91' lang='lat'><strong>:</strong></span> <span class='ocrx_word' id='word_1_726' title='bbox 2849 4630 3156 4703; x_wconf 85' lang='lat' dir='ltr'><strong>rectissime</strong></span> <span class='ocrx_word' id='word_1_727' title='bbox 3203 4630 3510 4703; x_wconf 88' lang='lat' dir='ltr'><strong>Zacagnius</strong></span> <span class='ocrx_word' id='word_1_728' title='bbox 3568 4630 3777 4691; x_wconf 87' lang='lat' dir='ltr'><strong>Photii</strong></span> 
     </span>
    </p>
   </div>
   <div class='ocr_carea' id='block_1_102' title="bbox 2165 4699 3770 4773">
    <p class='ocr_par' dir='ltr' id='par_1_102' title="bbox 2165 4699 3770 4773">
     <span class='ocr_line' id='line_1_102' title="bbox 2165 4699 3770 4773; baseline 0.004 -20"><span class='ocrx_word' id='word_1_729' title='bbox 2165 4699 2322 4773; x_wconf 80' lang='lat' dir='ltr'><strong>hunc</strong></span> <span class='ocrx_word' id='word_1_730' title='bbox 2357 4703 2538 4773; x_wconf 79' lang='lat' dir='ltr'><strong>locum</strong></span> <span class='ocrx_word' id='word_1_731' title='bbox 2580 4703 2836 4767; x_wconf 84' lang='lat' dir='ltr'><strong>reeitans,</strong></span> <span class='ocrx_word' id='word_1_732' title='bbox 2876 4701 3190 4773; x_wconf 76' lang='grc' dir='ltr'>Διοδωρίδα,</span> <span class='ocrx_word' id='word_1_733' title='bbox 3234 4699 3400 4772; x_wconf 79' lang='lat' dir='ltr'><strong>quam</strong></span> <span class='ocrx_word' id='word_1_734' title='bbox 3455 4704 3770 4760; x_wconf 88' lang='lat' dir='ltr'><strong>lectionem</strong></span> 
     </span>
    </p>
   </div>
   <div class='ocr_carea' id='block_1_103' title="bbox 2167 4770 3776 4843">
    <p class='ocr_par' dir='ltr' id='par_1_103' title="bbox 2167 4770 3776 4843">
     <span class='ocr_line' id='line_1_103' title="bbox 2167 4770 3776 4843; baseline 0.005 -21"><span class='ocrx_word' id='word_1_735' title='bbox 2167 4770 2323 4825; x_wconf 82' lang='lat' dir='ltr'><strong>fulcit</strong></span> <span class='ocrx_word' id='word_1_736' title='bbox 2357 4771 2719 4842; x_wconf 83' lang='lat' dir='ltr'><strong>Epiphanius,</strong></span> <span class='ocrx_word' id='word_1_737' title='bbox 2754 4774 2947 4828; x_wconf 67' lang='lat' dir='ltr'><strong>haeres.</strong></span> <span class='ocrx_word' id='word_1_738' title='bbox 2980 4770 3072 4837; x_wconf 66' lang='grc'>66⁷,</span> <span class='ocrx_word' id='word_1_739' title='bbox 3108 4789 3166 4826; x_wconf 93' lang='lat' dir='ltr'><strong>n.</strong></span> <span class='ocrx_word' id='word_1_740' title='bbox 3195 4770 3268 4834; x_wconf 76' lang='grc' dir='ltr'>ιιξ</span> <span class='ocrx_word' id='word_1_741' title='bbox 3299 4783 3354 4826; x_wconf 90' lang='lat' dir='ltr'><strong>et</strong></span> <span class='ocrx_word' id='word_1_742' title='bbox 3379 4775 3470 4843; x_wconf 92' lang='lat' dir='ltr'><strong>qui</strong></span> <span class='ocrx_word' id='word_1_743' title='bbox 3511 4775 3578 4827; x_wconf 89' lang='lat' dir='ltr'><strong>ad</strong></span> <span class='ocrx_word' id='word_1_744' title='bbox 3627 4791 3776 4830; x_wconf 87' lang='lat' dir='ltr'><strong>eum</strong></span> 
     </span>
    </p>
   </div>
   <div class='ocr_carea' id='block_1_104' title="bbox 2169 4843 3780 4923">
    <p class='ocr_par' dir='ltr' id='par_1_104' title="bbox 2169 4843 3780 4923">
     <span class='ocr_line' id='line_1_104' title="bbox 2169 4843 3780 4923; baseline 0.005 -30"><span class='ocrx_word' id='word_1_745' title='bbox 2169 4856 2450 4923; x_wconf 67' lang='lat' dir='ltr'><strong>provocat,</strong></span> <span class='ocrx_word' id='word_1_746' title='bbox 2483 4843 2676 4897; x_wconf 88' lang='lat' dir='ltr'><strong>Petrus</strong></span> <span class='ocrx_word' id='word_1_747' title='bbox 2703 4843 2948 4923; x_wconf 68' lang='lat' dir='ltr'><strong>Siculus1</strong></span> <span class='ocrx_word' id='word_1_748' title='bbox 2967 4860 3022 4913; x_wconf 91' lang='lat' dir='ltr'><strong>p.</strong></span> <span class='ocrx_word' id='word_1_749' title='bbox 3046 4843 3253 4923; x_wconf 9' lang='lat' dir='ltr'><strong>56,7ubi</strong></span> <span class='ocrx_word' id='word_1_750' title='bbox 3288 4853 3469 4923; x_wconf 71' lang='lat' dir='ltr'><strong>tamen</strong></span> <span class='ocrx_word' id='word_1_751' title='bbox 3494 4845 3780 4923; x_wconf 76' lang='lat' dir='ltr'><strong>utrinque</strong></span> 
     </span>
    </p>
   </div>
   <div class='ocr_carea' id='block_1_105' title="bbox 2171 4913 3782 4984">
    <p class='ocr_par' dir='ltr' id='par_1_105' title="bbox 2171 4913 3782 4984">
     <span class='ocr_line' id='line_1_105' title="bbox 2171 4913 3782 4984; baseline 0.003 -18"><span class='ocrx_word' id='word_1_752' title='bbox 2171 4913 2559 4984; x_wconf 69' lang='lat' dir='ltr'><strong>inscriptione</strong></span> <span class='ocrx_word' id='word_1_753' title='bbox 2589 4928 2687 4982; x_wconf 89' lang='lat' dir='ltr'><strong>per</strong></span> <span class='ocrx_word' id='word_1_754' title='bbox 2712 4915 2988 4982; x_wconf 84' lang='grc' dir='ltr'>Διοδορίδα</span> <span class='ocrx_word' id='word_1_755' title='bbox 3015 4922 3251 4968; x_wconf 84' lang='lat' dir='ltr'><strong>erratur.</strong></span> <span class='ocrx_word' id='word_1_756' title='bbox 3287 4914 3462 4984; x_wconf 87' lang='lat' dir='ltr'><strong>Pagus</strong></span> <span class='ocrx_word' id='word_1_757' title='bbox 3495 4916 3644 4968; x_wconf 90' lang='lat' dir='ltr'><strong>enim</strong></span> <span class='ocrx_word' id='word_1_758' title='bbox 3671 4913 3782 4971; x_wconf 80' lang='lat' dir='ltr'><strong>hic</strong></span> 
     </span>
    </p>
   </div>
   <div class='ocr_carea' id='block_1_106' title="bbox 2172 4982 3783 5055">
    <p class='ocr_par' dir='ltr' id='par_1_106' title="bbox 2172 4982 3783 5055">
     <span class='ocr_line' id='line_1_106' title="bbox 2172 4982 3783 5055; baseline 0.004 -20"><span class='ocrx_word' id='word_1_759' title='bbox 2172 4998 2202 5055; x_wconf 82' lang='lat' dir='ltr'><strong>a</strong></span> <span class='ocrx_word' id='word_1_760' title='bbox 2233 4982 2471 5055; x_wconf 80' lang='lat' dir='ltr'><strong>Diodoro</strong></span> <span class='ocrx_word' id='word_1_761' title='bbox 2504 4984 2764 5055; x_wconf 86' lang='lat' dir='ltr'><strong>quodam,</strong></span> <span class='ocrx_word' id='word_1_762' title='bbox 2797 4985 2951 5054; x_wconf 88' lang='lat' dir='ltr'><strong>quasi</strong></span> <span class='ocrx_word' id='word_1_763' title='bbox 2999 4985 3218 5038; x_wconf 83' lang='lat' dir='ltr'><strong>Diodori</strong></span> <span class='ocrx_word' id='word_1_764' title='bbox 3251 4982 3404 5039; x_wconf 52' lang='lat' dir='ltr'><strong>vicu&#39;s</strong></span> <span class='ocrx_word' id='word_1_765' title='bbox 3452 4986 3783 5055; x_wconf 81' lang='lat' dir='ltr'><strong>appellatus</strong></span> 
     </span>
    </p>
   </div>
   <div class='ocr_carea' id='block_1_107' title="bbox 2169 5052 3785 5124">
    <p class='ocr_par' dir='ltr' id='par_1_107' title="bbox 2169 5052 3785 5124">
     <span class='ocr_line' id='line_1_107' title="bbox 2169 5052 3785 5124; baseline 0.004 -18"><span class='ocrx_word' id='word_1_766' title='bbox 2169 5052 2291 5124; x_wconf 81' lang='lat' dir='ltr'><strong>fuit,</strong></span> <span class='ocrx_word' id='word_1_767' title='bbox 2315 5054 2460 5122; x_wconf 90' lang='lat' dir='ltr'><strong>quod</strong></span> <span class='ocrx_word' id='word_1_768' title='bbox 2493 5054 2626 5108; x_wconf 85' lang='lat' dir='ltr'><strong>Acta</strong></span> <span class='ocrx_word' id='word_1_769' title='bbox 2657 5052 2929 5116; x_wconf 83' lang='lat' dir='ltr'><strong>Archelai,</strong></span> <span class='ocrx_word' id='word_1_770' title='bbox 2956 5070 2990 5124; x_wconf 87' lang='lat' dir='ltr'><strong>p</strong></span> <span class='ocrx_word' id='word_1_771' title='bbox 3036 5055 3125 5117; x_wconf 86' lang='grc'>68,</span> <span class='ocrx_word' id='word_1_772' title='bbox 3155 5055 3399 5108; x_wconf 86' lang='lat' dir='ltr'><strong>indicant</strong></span> <span class='ocrx_word' id='word_1_773' title='bbox 3430 5052 3736 5111; x_wconf 40' lang='lat' dir='ltr'><strong>his—verbis</strong></span> <span class='ocrx_word' id='word_1_774' title='bbox 3768 5077 3785 5112; x_wconf 89' lang='lat'><strong>:</strong></span> 
     </span>
    </p>
   </div>
   <div class='ocr_carea' id='block_1_108' title="bbox 2176 5123 3785 5194">
    <p class='ocr_par' dir='ltr' id='par_1_108' title="bbox 2176 5123 3785 5194">
     <span class='ocr_line' id='line_1_108' title="bbox 2176 5123 3785 5194; baseline 0.005 -22"><span class='ocrx_word' id='word_1_775' title='bbox 2176 5141 2194 5172; x_wconf 78' lang='grc' dir='ltr'><strong>ι</strong></span> <span class='ocrx_word' id='word_1_776' title='bbox 2230 5123 2416 5178; x_wconf 83' lang='lat' dir='ltr'><strong>Manes</strong></span> <span class='ocrx_word' id='word_1_777' title='bbox 2445 5133 2629 5178; x_wconf 86' lang='lat' dir='ltr'><strong>autem</strong></span> <span class='ocrx_word' id='word_1_778' title='bbox 2657 5125 2872 5194; x_wconf 83' lang='lat' dir='ltr'><strong>fugiens</strong></span> <span class='ocrx_word' id='word_1_779' title='bbox 2898 5123 3120 5179; x_wconf 87' lang='lat' dir='ltr'><strong>advenit</strong></span> <span class='ocrx_word' id='word_1_780' title='bbox 3141 5126 3206 5178; x_wconf 88' lang='lat' dir='ltr'><strong>ad</strong></span> <span class='ocrx_word' id='word_1_781' title='bbox 3231 5126 3522 5194; x_wconf 89' lang='lat' dir='ltr'><strong>quemdam</strong></span> <span class='ocrx_word' id='word_1_782' title='bbox 3554 5127 3785 5194; x_wconf 84' lang='lat' dir='ltr'><strong>vicum,</strong></span> 
     </span>
    </p>
   </div>
   <div class='ocr_carea' id='block_1_109' title="bbox 2167 5193 3779 5266">
    <p class='ocr_par' dir='ltr' id='par_1_109' title="bbox 2167 5193 3779 5266">
     <span class='ocr_line' id='line_1_109' title="bbox 2167 5193 3779 5266; baseline 0.001 -18"><span class='ocrx_word' id='word_1_783' title='bbox 2167 5193 2428 5266; x_wconf 5' lang='lat' dir='ltr'><strong>longegab</strong></span> <span class='ocrx_word' id='word_1_784' title='bbox 2456 5195 2590 5248; x_wconf 88' lang='lat' dir='ltr'><strong>urbe</strong></span> <span class='ocrx_word' id='word_1_785' title='bbox 2632 5193 2890 5266; x_wconf 82' lang='lat' dir='ltr'><strong>positum,</strong></span> <span class='ocrx_word' id='word_1_786' title='bbox 2915 5195 3007 5264; x_wconf 93' lang='lat' dir='ltr'><strong>qui</strong></span> <span class='ocrx_word' id='word_1_787' title='bbox 3041 5193 3419 5264; x_wconf 86' lang='lat' dir='ltr'><strong>appellabatur</strong></span> <span class='ocrx_word' id='word_1_788' title='bbox 3453 5197 3701 5250; x_wconf 88' lang='lat' dir='ltr'><strong>Diodori.</strong></span> <span class='ocrx_word' id='word_1_789' title='bbox 3757 5193 3779 5250; x_wconf 59' lang='grc' dir='ltr'><strong>ι</strong></span> 
     </span>
    </p>
   </div>
   <div class='ocr_carea' id='block_1_110' title="bbox 2242 5264 3790 5332">
    <p class='ocr_par' dir='ltr' id='par_1_110' title="bbox 2242 5264 3790 5332">
     <span class='ocr_line' id='line_1_110' title="bbox 2242 5264 3790 5332; baseline 0.002 -14"><span class='ocrx_word' id='word_1_790' title='bbox 2242 5264 2354 5332; x_wconf 81' lang='lat'><strong>(2|)</strong></span> <span class='ocrx_word' id='word_1_791' title='bbox 2404 5265 2510 5318; x_wconf 82' lang='grc' dir='ltr'><em>Ἔν</em></span> <span class='ocrx_word' id='word_1_792' title='bbox 2540 5264 2751 5332; x_wconf 81' lang='grc' dir='ltr'>ταύτῃ.</span> <span class='ocrx_word' id='word_1_793' title='bbox 2786 5264 2860 5319; x_wconf 90' lang='lat' dir='ltr'><strong>Ita</strong></span> <span class='ocrx_word' id='word_1_794' title='bbox 2893 5267 3033 5319; x_wconf 89' lang='lat' dir='ltr'><strong>man</strong></span> <span class='ocrx_word' id='word_1_795' title='bbox 3070 5282 3196 5320; x_wconf 91' lang='lat' dir='ltr'><strong>cum</strong></span> <span class='ocrx_word' id='word_1_796' title='bbox 3244 5277 3434 5320; x_wconf 86' lang='lat' dir='ltr'><strong>nostro</strong></span> <span class='ocrx_word' id='word_1_797' title='bbox 3469 5276 3524 5320; x_wconf 90' lang='lat' dir='ltr'><strong>et</strong></span> <span class='ocrx_word' id='word_1_798' title='bbox 3549 5266 3790 5321; x_wconf 80' lang='lat' dir='ltr'><strong>Colber-</strong></span> 
     </span>
    </p>
   </div>
   <div class='ocr_carea' id='block_1_111' title="bbox 2167 5335 3790 5458">
    <p class='ocr_par' dir='ltr' id='par_1_111' title="bbox 2167 5335 3790 5458">
     <span class='ocr_line' id='line_1_111' title="bbox 2167 5335 3790 5458; baseline 0.004 -71"><span class='ocrx_word' id='word_1_799' title='bbox 2167 5336 2303 5458; x_wconf 60' lang='lat' dir='ltr'><strong>(lino,</strong></span> <span class='ocrx_word' id='word_1_800' title='bbox 2365 5351 2464 5418; x_wconf 78' lang='lat' dir='ltr'><strong>pro</strong></span> <span class='ocrx_word' id='word_1_801' title='bbox 2517 5337 2753 5390; x_wconf 78' lang='grc' dir='ltr'>ἐνταῦθα</span> <span class='ocrx_word' id='word_1_802' title='bbox 2799 5335 3144 5391; x_wconf 87' lang='lat' dir='ltr'><strong>Coisliniani.</strong></span> <span class='ocrx_word' id='word_1_803' title='bbox 3204 5337 3552 5406; x_wconf 86' lang='lat' dir='ltr'><strong>Astipulatur</strong></span> <span class='ocrx_word' id='word_1_804' title='bbox 3603 5341 3790 5395; x_wconf 88' lang='lat' dir='ltr'><strong>nobis</strong></span> 
     </span>
     <span class='ocr_line' id='line_1_112' title="bbox 2211 5421 2490 5458; baseline 0 0"><span class='ocrx_word' id='word_1_805' title='bbox 2211 5421 2490 5458; x_wconf 67' lang='lat' dir='ltr'><strong>aeagmus.</strong></span> 
     </span>
    </p>
   </div>
   <div class='ocr_carea' id='block_1_112' title="bbox 2211 5421 2490 5475">
    <p class='ocr_par' dir='ltr' id='par_1_112' title="bbox 2211 5421 2490 5475">
     <span class='ocr_line' id='line_1_113' title="bbox 2211 5421 2490 5475; baseline 0.004 -16"><span class='ocrx_word' id='word_1_806' title='bbox 2211 5421 2490 5475; x_wconf 83' lang='lat' dir='ltr'><strong>aeagmus.</strong></span> 
     </span>
    </p>
   </div>
   <div class='ocr_carea' id='block_1_113' title="bbox 2241 5476 3794 5547">
    <p class='ocr_par' dir='ltr' id='par_1_113' title="bbox 2241 5476 3794 5547">
     <span class='ocr_line' id='line_1_114' title="bbox 2241 5476 3794 5547; baseline 0.001 -17"><span class='ocrx_word' id='word_1_807' title='bbox 2241 5477 2352 5546; x_wconf 73' lang='lat'><strong>(22)</strong></span> <span class='ocrx_word' id='word_1_808' title='bbox 2390 5477 2682 5547; x_wconf 66' lang='grc' dir='ltr'>Τρύφωνι.</span> <span class='ocrx_word' id='word_1_809' title='bbox 2718 5476 2794 5531; x_wconf 83' lang='lat' dir='ltr'><strong>ita</strong></span> <span class='ocrx_word' id='word_1_810' title='bbox 2826 5485 2881 5531; x_wconf 90' lang='lat' dir='ltr'><strong>et</strong></span> <span class='ocrx_word' id='word_1_811' title='bbox 2929 5476 3291 5547; x_wconf 88' lang='lat' dir='ltr'><strong>Epiphanius,</strong></span> <span class='ocrx_word' id='word_1_812' title='bbox 3324 5478 3366 5532; x_wconf 91' lang='grc' dir='ltr'>ι.</span> <span class='ocrx_word' id='word_1_813' title='bbox 3403 5493 3481 5544; x_wconf 88' lang='lat' dir='ltr'><strong>c.,</strong></span> <span class='ocrx_word' id='word_1_814' title='bbox 3518 5486 3575 5533; x_wconf 89' lang='lat' dir='ltr'><strong>et</strong></span> <span class='ocrx_word' id='word_1_815' title='bbox 3604 5493 3669 5532; x_wconf 87' lang='lat' dir='ltr'><strong>ex</strong></span> <span class='ocrx_word' id='word_1_816' title='bbox 3707 5495 3794 5532; x_wconf 84' lang='lat' dir='ltr'><strong>eo</strong></span> 
     </span>
    </p>
   </div>
   <div class='ocr_carea' id='block_1_114' title="bbox 2165 5545 3794 5613">
    <p class='ocr_par' dir='ltr' id='par_1_114' title="bbox 2165 5545 3794 5613">
     <span class='ocr_line' id='line_1_115' title="bbox 2165 5545 3794 5613; baseline 0.004 -13"><span class='ocrx_word' id='word_1_817' title='bbox 2165 5545 2361 5600; x_wconf 85' lang='lat' dir='ltr'><strong>Petrus</strong></span> <span class='ocrx_word' id='word_1_818' title='bbox 2382 5546 2598 5601; x_wconf 90' lang='lat' dir='ltr'><strong>Siculus</strong></span> <span class='ocrx_word' id='word_1_819' title='bbox 2626 5557 2845 5613; x_wconf 87' lang='lat' dir='ltr'><strong>vocant,</strong></span> <span class='ocrx_word' id='word_1_820' title='bbox 2864 5545 3048 5602; x_wconf 84' lang='lat' dir='ltr'><strong>minus</strong></span> <span class='ocrx_word' id='word_1_821' title='bbox 3077 5558 3246 5613; x_wconf 89' lang='lat' dir='ltr'><strong>recte,</strong></span> <span class='ocrx_word' id='word_1_822' title='bbox 3278 5548 3322 5604; x_wconf 89' lang='lat' dir='ltr'><strong>si</strong></span> <span class='ocrx_word' id='word_1_823' title='bbox 3354 5550 3607 5604; x_wconf 89' lang='lat' dir='ltr'><strong>audimus</strong></span> <span class='ocrx_word' id='word_1_824' title='bbox 3629 5550 3794 5606; x_wconf 82' lang='lat' dir='ltr'><strong>Acta</strong></span> 
     </span>
    </p>
   </div>
   <div class='ocr_carea' id='block_1_115' title="bbox 2165 5617 3800 5688">
    <p class='ocr_par' dir='ltr' id='par_1_115' title="bbox 2165 5617 3800 5688">
     <span class='ocr_line' id='line_1_116' title="bbox 2165 5617 3800 5688; baseline 0.001 -16"><span class='ocrx_word' id='word_1_825' title='bbox 2165 5617 2444 5682; x_wconf 88' lang='lat' dir='ltr'><strong>Archelai,</strong></span> <span class='ocrx_word' id='word_1_826' title='bbox 2477 5617 2590 5681; x_wconf 89' lang='lat' dir='ltr'><strong>ubi,</strong></span> <span class='ocrx_word' id='word_1_827' title='bbox 2627 5635 2681 5688; x_wconf 93' lang='lat' dir='ltr'><strong>p.</strong></span> <span class='ocrx_word' id='word_1_828' title='bbox 2717 5618 2807 5678; x_wconf 79' lang='lat'><strong>68.</strong></span> <span class='ocrx_word' id='word_1_829' title='bbox 2839 5619 3132 5688; x_wconf 79' lang='lat' dir='ltr'><strong>aliquoties</strong></span> <span class='ocrx_word' id='word_1_830' title='bbox 3164 5619 3388 5674; x_wconf 86' lang='lat' dir='ltr'><strong>Diodori</strong></span> <span class='ocrx_word' id='word_1_831' title='bbox 3424 5622 3646 5674; x_wconf 89' lang='lat' dir='ltr'><strong>nomine</strong></span> <span class='ocrx_word' id='word_1_832' title='bbox 3681 5637 3800 5674; x_wconf 80' lang='lat' dir='ltr'><strong>vo-</strong></span> 
     </span>
    </p>
   </div>
   <div class='ocr_carea' id='block_1_116' title="bbox 2168 5690 3799 5762">
    <p class='ocr_par' dir='ltr' id='par_1_116' title="bbox 2168 5690 3799 5762">
     <span class='ocr_line' id='line_1_117' title="bbox 2168 5690 3799 5762; baseline 0.002 -22"><span class='ocrx_word' id='word_1_833' title='bbox 2168 5696 2348 5762; x_wconf 74' lang='lat' dir='ltr'><strong>catur,</strong></span> <span class='ocrx_word' id='word_1_834' title='bbox 2394 5697 2449 5762; x_wconf 82' lang='lat' dir='ltr'><strong>et</strong></span> <span class='ocrx_word' id='word_1_835' title='bbox 2499 5690 2613 5762; x_wconf 90' lang='lat' dir='ltr'><strong>ipsa</strong></span> <span class='ocrx_word' id='word_1_836' title='bbox 2651 5704 2871 5762; x_wconf 87' lang='lat' dir='ltr'><strong>quoque</strong></span> <span class='ocrx_word' id='word_1_837' title='bbox 2912 5690 3133 5744; x_wconf 80' lang='lat' dir='ltr'><strong>Diodori</strong></span> <span class='ocrx_word' id='word_1_838' title='bbox 3171 5692 3415 5762; x_wconf 87' lang='lat' dir='ltr'><strong>episc0pi</strong></span> <span class='ocrx_word' id='word_1_839' title='bbox 3450 5691 3523 5762; x_wconf 88' lang='lat' dir='ltr'><strong>ad</strong></span> <span class='ocrx_word' id='word_1_840' title='bbox 3556 5690 3799 5762; x_wconf 79' lang='lat' dir='ltr'><strong>Arche-</strong></span> 
     </span>
    </p>
   </div>
   <div class='ocr_carea' id='block_1_117' title="bbox 2167 5758 3798 5883">
    <p class='ocr_par' dir='ltr' id='par_1_117' title="bbox 2167 5758 3798 5883">
     <span class='ocr_line' id='line_1_118' title="bbox 2167 5758 3798 5883; baseline 0.002 -73"><span class='ocrx_word' id='word_1_841' title='bbox 2167 5758 2314 5883; x_wconf 50' lang='lat' dir='ltr'><strong>llaulm</strong></span> <span class='ocrx_word' id='word_1_842' title='bbox 2338 5758 2566 5828; x_wconf 82' lang='lat' dir='ltr'><strong>epistola</strong></span> <span class='ocrx_word' id='word_1_843' title='bbox 2595 5775 2720 5816; x_wconf 90' lang='lat' dir='ltr'><strong>cum</strong></span> <span class='ocrx_word' id='word_1_844' title='bbox 2760 5760 2924 5832; x_wconf 90' lang='lat' dir='ltr'><strong>hujus</strong></span> <span class='ocrx_word' id='word_1_845' title='bbox 2945 5762 3014 5816; x_wconf 86' lang='lat' dir='ltr'><strong>ad</strong></span> <span class='ocrx_word' id='word_1_846' title='bbox 3041 5777 3162 5817; x_wconf 88' lang='lat' dir='ltr'><strong>eam</strong></span> <span class='ocrx_word' id='word_1_847' title='bbox 3207 5758 3565 5833; x_wconf 47' lang='lat' dir='ltr'><strong>’responsoria</strong></span> <span class='ocrx_word' id='word_1_848' title='bbox 3604 5761 3798 5815; x_wconf 84' lang='lat' dir='ltr'><strong>exhi-</strong></span> 
     </span>
     <span class='ocr_line' id='line_1_119' title="bbox 2207 5846 2346 5882; baseline -0.014 0"><span class='ocrx_word' id='word_1_849' title='bbox 2207 5846 2236 5882; x_wconf 76' lang='lat' dir='ltr'><strong>C</strong></span> <span class='ocrx_word' id='word_1_850' title='bbox 2267 5846 2346 5882; x_wconf 76' lang='grc' dir='ltr'><strong>ιη’.</strong></span> 
     </span>
    </p>
   </div>
   <div class='ocr_carea' id='block_1_118' title="bbox 2207 5846 2346 5882">
    <p class='ocr_par' dir='ltr' id='par_1_118' title="bbox 2207 5846 2346 5882">
     <span class='ocr_line' id='line_1_120' title="bbox 2207 5846 2346 5882; baseline -0.014 0"><span class='ocrx_word' id='word_1_851' title='bbox 2207 5846 2346 5882; x_wconf 73' lang='grc' dir='ltr'>υῑιιτ.</span> 
     </span>
    </p>
   </div>
  </div>
