3986 6438
251 442 310 508 45
1296 431 1600 492 CONTRA
1633 426 1814 489 ΜΛΝ]

1921 424 2098 485 ΙᾸΞΟΞ
2135 425 2364 485 LIBER
2406 426 2456 486 Ῐ.
3445 421 3516 484 46

253 551 498 626 γενέσθαι,
531 549 658 604 καθ’
688 549 777 619 ἣν,
809 547 888 609 ὡς
919 545 1016 599 καὶ
1057 544 1173 615 (‘25)
1220 546 1568 617 προέφημεν,
1605 541 1814 612 πλάνην

1925 550 1978 592 et
2013 538 2387 593 scrutantibus
2423 546 2615 608 captus
2656 537 2765 608 regi
2799 537 3090 593 Persarum
3135 537 3358 591 acerbas
3396 537 3515 591 illas

250 648 337 702 ὑπὸ
360 646 463 700 τῶν
493 640 918 712 ἀνερευνῶντων
949 640 1114 694 αὐτὸν
1143 639 1242 691 καὶ
1275 637 1592 709 ζητούντων
1625 635 1814 698 ἁλοὺς,

1925 648 2118 702 poenas
2152 631 2324 688 dedit.

247 743 310 814 τῷ
330 739 530 811 βασιλεῖ
549 737 660 788 τῶν
691 733 920 804 Περσῶν
962 731 1198 787 ἀπέτισε
1228 731 1328 802 τὴν
1353 731 1563 802 πικρὰν
1593 727 1812 796 ἐκείνην
1851 724 2031 795 δίκην.

305 836 409 902 ις’.
445 831 692 885 Ἐκείνου
724 830 782 883 δὲ
805 829 898 882 τὸν
922 827 1036 897 βίον
1061 826 1235 890 οὕτως
1253 826 1489 896 οἰκτρῶς
1506 825 1603 877 καὶ
1623 823 1822 886 ἀθλίως

246 924 780 996 καταστρεψαμένου,
820 921 1001 992 χρόνῳ
1051 918 1281 990 ὕστερόν
1318 935 1468 981 τινες
1498 917 1610 969 τῶν
1654 915 1821 970 αὑτοῦ

248 1021 332 1088 τῆς
393 1013 721 1075 δυσσεϐείας
771 1010 1034 1082 μαθητῶν
1099 1012 1262 1084 μέχρι
1314 1012 1652 1080 Σαμοσάτων
1722 1011 1824 1082 τῆς

260 1107 520 1180 ’Δρμενίας
571 1105 645 1158 τὰ
669 1103 765 1157 τοῦ
812 1102 1067 1172 Πονηροῦ
1099 1102 1318 1168 ζιζάνια
1353 1105 1818 1174 ἐγκατέσπειραν.

247 1201 340 1256 Καὶ
362 1199 418 1252 ού
447 1196 584 1249 πολὺ
615 1197 679 1248 τὸ
711 1195 878 1265 μέσον
904 1195 1042 1266 (24),
1074 1196 1171 1250 καὶ
1200 1197 1261 1250 τὸ
1284 1197 1611 1268 φθοροποιὸν
1634 1199 1816 1250 ἐκεῖνο

246 1288 484 1360 γεώργιον
520 1286 688 1356 μέχρι
744 1286 1051 1358 Φαναρείας
1089 1284 1249 1358 ῶφθη
1299 1289 1472 1358 νομὴν
1501 1287 1668 1341 λαϐὸν
1717 1289 1815 1342 καὶ

249 1382 509 1452 ςυόμενον.
551 1378 646 1444 Ἐξ
679 1369 744 1431 οὗ
781 1378 876 1430 καὶ
912 1379 946 1448 ή
986 1379 1132 1449 κακὴ
1165 1378 1472 1450 Καλλινίκη
1493 1379 1588 1433 τοῦ
1623 1379 1816 1450 βορϐό-

252 1492 328 1546 ρου
371 1471 690 1542 πλησθεῖσα,
749 1470 826 1534 ὥς
879 1487 970 1542 μοι
1038 1473 1402 1544 προείρηται,
1446 1472 1662 1528 Παῦλον
1721 1473 1816 1525 καὶ

261 1567 486 1636 Ἰωάννην
514 1564 848 1634 γεννήματα
875 1563 1102 1635 ἐχιδνῶν
1132 1567 1219 1618 ἐπ’
1244 1565 1454 1638 ὀλέθρῳ
1481 1565 1576 1618 τοῦ
1604 1565 1817 1638 ἀνθρωο

255 1661 381 1713 πίνου
409 1657 601 1726 γένους
635 1658 904 1711 ἀπέτεκε.
963 1657 1238 1711 Κάκεῖθεν
1268 1658 1358 1712 διὰ
1401 1659 1514 1712 τῶν
1559 1659 1646 1728 ἐφ’
1689 1659 1818 1730 ἑξῆς

257 1752 471 1822 διαδόχων
489 1749 594 1818 τῆς
618 1749 903 1816 ἀσεϐείας,
940 1752 1108 1822 μέχρι
1145 1753 1258 1806 τῶν
1281 1755 1494 1823 χρόνων
1524 1756 1819 1808 Κωνσταν-

1997 818 2137 872 XVI.
2174 819 2310 874 Cum
2343 829 2528 873 autem
2568 818 2657 873 ille
2688 817 2856 871 vitam
2883 817 2957 871 ita
2983 816 3183 871 misere
3205 825 3259 871 et
3283 815 3517 871 infelici-

1925 922 2010 966 ter
2069 912 2381 979 clausisset,
2433 912 2621 980 elapso
2674 910 2915 980 quodam
2967 919 3236 979 tempore,
3291 910 3516 979 quidam

1923 1003 2044 1072 ejus
2080 1003 2378 1074 impietatis
2407 1003 2662 1074 discipuli
2704 1017 2880 1072 usque
2906 1002 2973 1058 ad
3011 1001 3290 1057 Samosata
3318 1002 3518 1056 Arme-

1923 1096 2048 1161 nia‘,
2099 1098 2321 1168 maligni
2371 1099 2578 1152 zizania
2623 1105 2945 1168 sparserant
2983 1115 2996 1151 :
3041 1112 3143 1151 nec
3173 1097 3346 1151 multo
3394 1106 3522 1168 post

1923 1185 2232 1250 intervallo,
2258 1197 2515 1259 corrupta
2540 1189 2784 1258 ejusdem
2807 1187 3071 1243 sementis
3086 1188 3153 1242 ad
3178 1187 3515 1241 Phanaream

1925 1293 2098 1347 usque
2129 1279 2394 1348 pullulare
2412 1281 2527 1334 visa
2552 1289 2656 1338 est.
2684 1279 2841 1335 Unde
2864 1279 3113 1350 improba
3141 1280 3230 1333 illa
3255 1280 3515 1334 Callinica

1925 1385 2085 1425 caeno
2117 1371 2347 1441 repleta,
2381 1381 2442 1426 ut
2466 1387 2634 1442 supra
2669 1372 2802 1436 dixi,
2840 1371 3072 1426 Paulum
3117 1383 3173 1426 et
3219 1371 3515 1436 Joannem,

1925 1463 2202 1532 genimina
2239 1462 2573 1532 viperarum,
2612 1463 2678 1516 in"
2705 1463 2923 1534 generis
2958 1463 3184 1517 humani
3216 1461 3516 1532 perniciem

1921 1553 2157 1622 peperit.
2203 1553 2339 1608 Inde
2396 1569 2528 1609 vero
2585 1562 2642 1608 et
2699 1553 3002 1624 impietatis
3062 1553 3515 1613 successoribus,

1921 1661 2096 1715 usque
2134 1647 2201 1700 ad
2233 1655 2481 1718 tempora
2508 1647 2856 1702 Constantini
2888 1647 3371 1718 imperatoris,qui
3399 1657 3517 1701 erat

1921 1738 2158 1794 Heraclii
2183 1740 2448 1811 abnepos,
2483 1741 2845 1811 impietasilla
2877 1741 2996 1796 sine
3018 1741 3125 1795 ulla
3157 1740 3515 1796 innovatione

262 1843 377 1895 τίνου
401 1839 486 1892 τοῦ
509 1839 791 1908 βασιλέως
812 1839 1103 1917 (ἀπόγονος
1124 1841 1182 1895 δὲ
1197 1839 1266 1913 ἦν
1285 1838 1440 1908 οὗτος
1469 1845 1817 1915 Ἡρακλείου)
1853 1844 1894 1899 Β
1923 1846 2210 1903 Progressa
2269 1842 2370 1888 εει·
2408 1833 2488 1889 Ac
2523 1844 2813 1906 Ροεῑίίυίυη
2860 1835 3048 1891 muni}?
3099 1836 3515 1890 θάίῖονίὲῑῖοίιθε

271 1934 347 2002 τῆς
367 1931 602 2000 τοιαύτης
651 1930 771 2001 (25)
815 1930 1114 2002 θεομαχίας
1159 1933 1596 2006 ἀκαινοτομήτου
1631 1954 1814 2008 παρα-

274 2027 535 2095 τεινομένης
560 2041 577 2056 ·
615 2026 722 2078 καὶ
755 2024 972 2078 πολλῶν
1011 2027 1110 2096 μὲν
1147 2029 1524 2098 παραινέσεων
1553 2030 1646 2082 καὶ
1670 2029 1816 2082 διδα-

273 2119 483 2183 σκαλιῶν,
507 2119 552 2171 εί
590 2119 694 2172 καὶ
732 2117 874 2190 πρὸς
909 2120 1168 2191 ἀνόνητον
1197 2122 1586 2192 ἀπεκρίθησαν
1614 2123 1813 2192 πέρας,

273 2207 695 2278 καταϐληθέντων,
734 2209 952 2264 πολλῶν
992 2211 1051 2264 δὲ
1081 2212 1323 2267 εὐσεϐῶν
1357 2213 1625 2285 βασιλέων
1671 2214 1815 2284 ξίφει

277 2299 355 2367 τὴν
372 2300 504 2371 δίκην
519 2300 642 2363 τοὺς
672 2301 998 2365 ἀποστάτας
1029 2303 1540 2374 εἰσπραττομένων,
1568 2306 1662 2358 καὶ
1691 2305 1814 2376 μηδ’

284 2389 404 2442 sint»
424 2390 509 2460 τῆς
533 2392 763 2456 ἀσεϐοῦς
797 2396 970 2464 φορᾶς
1027 2395 1350 2466 ἱσταμένης,
1384 2398 1692 2466 ἐπιγίνεταί
1726 2416 1814 2464 τις

294 2484 384 2545 τοῖς
415 2484 716 2548 ἀποστάταις
775 2485 1066 2557 ’Δρμένιος
1100 2487 1329 2559 ὀνόματι
1369 2490 1813 2556 Κωνσταντῖνος,

280 2574 529 2638 lla-rivali;
555 2576 679 2648 (26)
714 2576 879 2648 κώμη
905 2579 1243 2649 Σαμοσάτων
1275 2581 1478 2652 πατρὶς
1515 2581 1666 2652 αὑτῷ
1691 2584 1814 2636 ἐπι-

272 2667 503 2736 γράφεται,
534 2670 668 2740 ἥτις
690 2669 791 2724 καὶ
828 2669 993 2742 μέχρι
1016 2670 1110 2724 τοῦ
1141 2671 1238 2726 νῦν
1264 2674 1584 2745 Μανιχαίων
1613 2675 1815 2746 τροφὸς

269 2758 456 2828 ὑπάρχει
481 2761 571 2813 καὶ
602 2761 960 2833 ἐνδιαίτημα.
1006 2762 1170 2816 Ἀλλά
1188 2765 1299 2835 γάρ
1329 2760 1487 2829 οὗτος
1517 2767 1813 2819 Κωνστανο

262 2853 390 2914 τίνος,
409 2852 506 2906 τῶν
525 2857 640 2924 τῆς
666 2854 971 2926 ἐκκλησίας
990 2855 1115 2909 τινὰ
1144 2858 1396 2912 διάκονον
1416 2858 1525 2912 ἀπὸ
1546 2859 1646 2929 τῆς
1671 2861 1815 2914 κατὰ

261 2941 416 3010 Συρίαν
440 2944 836 3017 αἰχμαλωσίας
861 2946 1001 3017 πρὸς
1023 2947 1127 3018 τὴν
1152 2949 1364 3002 οἰκείαν
1395 2949 1814 3019 ὑποστρέφοντα

261 3035 444 3104 πατρίδα
481 3036 578 3089 ἐπὶ
608 3035 835 3107 ἡμέρας
862 3038 964 3091 οὐκ
992 3037 1185 3108 ὀλίγας
1229 3038 1459 3104 ἐξένισε,
1495 3039 1714 3110 βίϐλους
1758 3041 1816 3094 δὲ

264 3125 340 3177 ἀπὸ
360 3127 542 3196 Συρίας
583 3128 620 3179 ὁ
655 3127 1008 3197 αἰχμάλωτος
1049 3130 1454 3202 συνεπεφέρετο
1491 3131 1645 3202 αὐτῷ
1697 3130 1812 3196 δύο,

1920 1935 1972 1976 et
1998 1924 2354 1990 monitiones,
2389 1925 2517 1981 licet
2561 1927 2742 1981 inutili
2773 1927 2946 1994 exitu,
2997 1927 3153 1982 facta:
3188 1926 3428 1991 fuerant,
3461 1937 3518 1981 et

1921 2026 2210 2088 postquam
2239 2018 2395 2073 multi
2438 2019 2511 2089 pii
2547 2019 2911 2089 imperatores
2939 2019 2995 2074 in
3026 2029 3307 2089 apostatas
3334 2019 3516 2090 gladio

1918 2111 2444 2172 animadverteram.
2470 2127 2652 2182 neque
2672 2120 2854 2167 tamen
2887 2112 3185 2182 impietatis
3201 2129 3394 2168 cursus
3414 2113 3512 2168 de-

1919 2202 2178 2268 stiterat,
2239 2202 2507 2272 apostatis
2566 2203 2863 2258 Armenius
2914 2203 3138 2272 quidam
3191 2204 3517 2272 supervenit

1918 2293 2144 2350 nomine
2167 2294 2587 2361 Constantinus,
2613 2295 2771 2365 cujus
2794 2295 2969 2365 patria
3000 2305 3117 2349 erat
3147 2296 3300 2350 vicus
3317 2296 3511 2350 Samo-

1920 2385 2250 2454 satensium,
2275 2385 2580 2442 Mananalis
2607 2387 2855 2449 nomine,
2888 2405 3048 2458 quem
3084 2389 3153 2443 ad
3204 2389 3319 2443 haec
3341 2406 3515 2459 usque

1921 2487 2166 2549 tempora
2200 2478 2449 2533 incolunt
2479 2480 2792 2535 Maniebaei.
2834 2479 2934 2535 llic
2979 2496 3144 2550 porro
3196 2481 3515 2535 Constanti-

1919 2583 2024 2622 nus
2055 2569 2344 2639 quemdam
2382 2585 2449 2623 ex
2482 2570 2741 2626 Ecclesiae
2779 2571 3046 2633 diaconis,
3093 2588 3158 2626 ex
3198 2571 3372 2643 Syria,
3421 2574 3512 2627 ubi

1919 2661 2168 2732 captivus
2194 2661 2395 2726 fuerat,
2444 2662 2498 2716 in
2531 2663 2762 2732 patriam
2789 2680 2942 2718 suam
2983 2674 3374 2730 revertentem,
3395 2666 3515 2720 die-

1919 2754 2023 2808 lms
2077 2769 2188 2808 non
2252 2755 2444 2824 paucis
2501 2755 2744 2826 hospitio
2801 2756 3037 2827 excepit.
3099 2758 3204 2823 Qui
3266 2758 3517 2828 captivus

1921 2847 2095 2902 libros
2149 2863 2216 2902 ex
2283 2847 2442 2918 Syria
2497 2847 2638 2901 duos
2709 2859 2898 2902 secum
2957 2848 3283 2915 detulerat;
3345 2866 3515 2906 unum

1920 2939 2096 2993 sancti
2146 2938 2466 3010 Evangelii;
2518 2939 2750 2994 alterum
2798 2940 2980 3010 magni
3041 2942 3275 3011 apostoli
3322 2940 3515 3009 Pauli,

1919 3049 2058 3104 quos
2134 3035 2188 3087 in
2244 3033 2470 3103 hospitii
2526 3033 3074 3098 remunerationem,
3141 3035 3363 3105 impiam
3415 3035 3516 3090 ho-

1917 3127 2082 3197 spitis
2134 3126 2216 3180 sui
2283 3127 2603 3197 religionem
2655 3126 2947 3197 ignorans,
2993 3127 3139 3180 dono
3198 3129 3303 3198 ipsi
3349 3129 3515 3184 obtu-

255 3216 352 3286 μίαν
378 3219 467 3288 μὲν
494 3220 602 3272 τοῦ
633 3222 793 3288 ἁγίου
828 3221 1188 3290 Εὑαγγελίου,
1209 3223 1406 3308 ἐτέραν
1425 3223 1484 3276 δὲ
1516 3201 1624 3278 τοῦθ
1644 3223 1814 3292 μεγά-

1921 3219 2002 3273 Ιίι.
2067 3217 2434 3288 Conspicatus
2492 3229 2677 3273 autem
2725 3218 3126 3274 Constantinus
3182 3218 3512 3286 Armenius,

251 3309 429 3382 100(27)
459 3313 786 3367 ἀποστόλου
806 3313 1026 3368 Παύλου
1049 3314 1268 3387 (28),ἃς
1286 3314 1480 3385 ὥσπερ
1509 3315 1814 3386 ἀμειϐόμε-

250 3405 404 3474 “ﬁt;
427 3407 630 3470 ξενίας
647 3410 674 3460 ὁ
690 3405 962 3473 ξενισθεὶς
976 3408 1088 3477 (29)
1111 3409 1208 3463 καὶ
1221 3408 1434 3477 ἀγνοῶν
1451 3407 1546 3461 τοῦ
1565 3407 1814 3475 ξενίσαν-

256 3499 676 3563 τοςτῇδυσσεϐὲς
691 3501 792 3568 τῆς
807 3501 1110 3572 θρησκείας
1137 3503 1237 3566 τὰς
1271 3503 1424 3572 ίεράς
1454 3501 1815 3573 ἁντεδωρεῖτο

247 3587 434 3656 βίϐλους.
462 3591 741 3646 Κατιδὼν
766 3594 823 3646 δὲ
859 3594 972 3666 (50)
1011 3595 1040 3646 ὁ
1068 3594 1359 3664 Ἀρμένιος
1401 3597 1815 3658 Κωνσταντϊνος

239 3680 498 3756 βδελυκτὴν
545 3686 660 3738 καὶ
691 3686 829 3738 πᾶσι
872 3686 1117 3757 φευκτὴν
1158 3686 1256 3740 καὶ
1306 3687 1683 3758 ἀποτρόπαιον
1717 3685 1814 3756 τὴν

234 3773 369 3829 αὑτοῦ
396 3777 739 3847 δυσφημίαν
785 3777 882 3831 καὶ
935 3777 1302 3843 ἀποστασίαν,
1337 3781 1406 3850 τῇ
1434 3778 1527 3832 τοῦ
1563 3777 1813 3831 διαϐόλου

232 3867 482 3940 συμϐουλῇ
512 3871 847 3939 μηχανᾶται
873 3870 1102 3924 τοιόνδε.
1119 3870 1308 3935 Πάσας
1339 3871 1459 3939 μὲν,
1487 3870 1619 3934 ὅσας
1647 3868 1813 3922 αὐτοῦ

225 3958 252 4027 ἡ
295 3957 561 4028 θρησκεία.
623 3961 818 4028 ἠγάπα
871 3977 932 4012 τε
966 3964 1063 4014 καὶ
1096 3959 1534 4032 περιεπτύσσετο
1573 3959 1812 4029 βίϐλους,

224 4050 587 4105 maenaa;
609 4053 706 4104 καὶ
723 4051 1159 4122 ἁποσκορακίζει
1175 4069 1189 4082 ·
1207 4051 1456 4123 γυμνάδέ
1475 4053 1543 4106 τὰ
1564 4052 1814 4122 δόγματα

223 4139 315 4192 τῶν
337 4143 709 4213 γραμμάτων
756 4143 1209 4214 παρακατασχὼν
1271 4145 1532 4214 πειρᾶται
1575 4145 1674 4206 τὰς
1717 4143 1812 4196 τοῦ

221 4230 548 4302 Εὐαγγελίου
647 4234 824 4300 λέξεις
892 4235 989 4289 καὶ
1057 4236 1152 4289 τοῦ
1205 4236 1532 4290 Ἀποστόλου
1601 4236 1813 4300 τούτοις

218 4324 536 4397 ἐναρμόζειν
568 4344 640 4380 τε
667 4327 766 4381 καὶ
800 4327 1149 4398 περιάπτειν.
1178 4330 1272 4380 Διὸ
1309 4327 1488 4399 πάσης
1512 4327 1678 4381 αὐτοῦ
1705 4328 1813 4380 τῶν

213 4413 656 4489 ἱυσσεϐημάτων
741 4417 1279 4488 καταψηφισάμενος
1357 4416 1542 4487 βίϐλου
1567 4457 1584 4482 ,
1665 4417 1811 4488 μόνῳ

214 4511 574 4578 προσανέχειν
599 4506 679 4578 τῷ
701 4507 1020 4578 Εὐαγγελίῳ
1062 4508 1159 4560 καὶ
1190 4507 1268 4578 τῷ
1297 4507 1608 4577 Ἀποστόλῳ
1642 4509 1812 4579 πρόσ-

1918 3308 2258 3377 impietatem
2308 3318 2364 3363 et
2403 3308 2772 3364 defectionem
2831 3325 2985 3364 suam
3043 3309 3511 3376 abominandam,

1919 3401 2287 3469 omnibusque
2328 3401 2561 3455 invisam
2605 3416 2671 3455 ae
2732 3416 2983 3471 perosam
3035 3416 3179 3466 esse,
3238 3401 3513 3457 dialiolico

1918 3492 2152 3548 consilio
2204 3494 2311 3549 hoe
2353 3495 2727 3548 machinatur.
2789 3493 2996 3550 Omnes
3043 3496 3266 3565 quidem
3301 3497 3508 3559 libros,

1918 3599 2056 3654 quos
2097 3585 2286 3657 religio
2312 3600 2410 3640 sua
2446 3586 2705 3655 diligebat
2747 3593 2802 3639 et
2833 3587 3287 3656 amplectebatur,
3321 3589 3513 3656 objicit

1919 3682 1976 3728 et
2026 3675 2312 3744 repudiat;
2371 3675 2468 3729 sed
2523 3676 2778 3746 dogmata
2829 3692 2927 3730 sua
2980 3677 3199 3747 scriptis
3250 3679 3510 3734 destituta

1920 3769 2186 3835 retinens,
2231 3769 2364 3839 ipsis
2398 3769 2674 3840 Evangelii
2716 3778 2770 3823 et
2798 3770 3042 3839 Apostoli
3076 3771 3221 3825 dicta
3253 3772 3512 3842 adaptare

1919 3869 1975 3914 et
2005 3861 2304 3932 adjungcre
2333 3872 2583 3916 conatur.
2617 3862 2944 3926 Qamobrem
2981 3862 3238 3917 damnato
3267 3864 3511 3933 quolibet

1917 3956 2080 4022 libro,
2130 3957 2466 4026 impietatem
2500 3971 2654 4010 suam
2699 3956 3028 4026 praeferente
3063 3955 3156 4008 uni
3217 3957 3511 4028 Evangelia

1917 4057 1974 4103 et
2000 4049 2247 4118 apostolo
2299 4048 2693 4102 attendendum
2741 4064 2863 4103 esse
2915 4048 3106 4102 statuit
3145 4063 3210 4102 ac
3241 4049 3508 4113 decernit,

1918 4150 1980 4194 ut
2011 4155 2182 4210 pravo
2211 4139 2526 4209 hujusmodi
2559 4139 2790 4193 artiﬁcio
2821 4139 3111 4208 apostasia:
3149 4156 3262 4195 suae
3288 4156 3508 4196 caenum

1915 4230 2203 4300 obtegens,
2237 4228 2581 4286 mortiferum
2615 4231 2938 4299 opinionum
2971 4247 3193 4286 suarum
3233 4248 3508 4288 venenum

1916 4322 2106 4376 multis
2139 4322 2374 4377 miscere
2432 4331 2638 4392 posset.
2690 4322 2798 4377 Sed
2855 4324 2946 4379 ille
3001 4325 3184 4394 specie
3233 4326 3412 4380 solum
3456 4338 3514 4381 et

1917 4414 2176 4485 ﬁgmento
2235 4414 2498 4483 quodam,
2567 4423 2624 4467 ut
2671 4414 2876 4468 dictum
2927 4425 3029 4479 est,
3084 4414 3510 4469 Manichaeorum

1915 4503 2087 4559 libros
2123 4505 2372 4576 ablegat;
2401 4513 2592 4575 utpote
2629 4505 2722 4574 qui
2755 4516 3030 4571 cerneret,
3063 4506 3508 4560 Christianorum

207 4601 381 4668 ταγμά
407 4619 474 4653 τε
515 4601 627 4654 καὶ
658 4600 986 4670 σπούδασμα
1033 4603 1269 4654 ποιεῖται
1295 4617 1310 4629 ο
1345 4599 1420 4664 ὡς
1456 4600 1522 4654 ἂν
1552 4601 1806 4671 δυνηθείη

1921 4595 2085 4667 leges,
2114 4611 2210 4652 eos
2245 4597 2336 4666 qui
2367 4601 2656 4667 apostasia)
2689 4598 2842 4652 libris
2879 4607 3122 4662 utantur,
3165 4599 3349 4669 gladio
3376 4603 3510 4654 suh-

210 4690 285 4745 διά
305 4695 405 4764 τῆς
429 4693 712 4765 τοιαύτης
737 4693 1102 4764 κακοτεχνίας
1124 4691 1608 4763 ἐπικαλυψάμενος
1635 4694 1802 4747 αὑτοῦ

207 4782 288 4836 τὸν
320 4785 612 4858 βόρϐορον
667 4785 768 4855 τῆς
817 4785 1194 4848 ἀποστασίας,
1229 4782 1443 4845 πολλοῖς
1488 4782 1582 4835 τὸν
1641 4782 1806 4836 θαναο

1313 4962 1549 5018 νΔῐὶίίΕ
1599 4961 1992 5020 LECTIONES

261 5123 373 5195 (2'5)
417 5125 531 5188 Ὠς
566 5122 688 5195 καί.
731 5121 924 5195 Addidi
947 5121 1006 5174 τὸ
1029 5121 1126 5195 καί
1151 5136 1217 5177 ex
1249 5135 1354 5195 ms.
1388 5128 1602 5195 nostro.

1911 4691 2114 4760 jicere,
2168 4705 2375 4759 eosque
2415 4690 2565 4759 ipsos
2602 4689 2774 4745 libros
2826 4690 2936 4759 igni
2987 4689 3358 4744 absumendos
3395 4699 3509 4746 tra-

1916 4785 2068 4839 dere.
2105 4781 2185 4836 Ex
2212 4785 2560 4854 dogmatibus
2593 4800 2724 4853 ergo
2755 4783 2868 4837 suis
2889 4799 2974 4846 ea,
3008 4799 3129 4852 quae
3154 4784 3221 4839 ad
3251 4785 3506 4854 impieta-

2053 4963 2141 5018 ET
2174 4963 2408 5020 NOTIE.

1983 5118 2096 5188 (27)
2137 5117 2440 5188 Μεγάλου.
2483 5117 2677 5173 Noster
2702 5119 2833 5190 legit
2866 5119 3046 5188 ἁγίου,
3087 5120 3242 5188 prius
3279 5123 3504 5187 rectius;

263 5188 494 5276 (ἰῆτο
535 5192 761 5262 μέσον.
790 5193 989 5276 Noster
1027 5193 1158 5264 legit
1212 5192 1275 5274 τὸ
1300 5193 1360 5274 έν
1411 5192 1562 5276 μέσῳ
1609 5189 1805 5276 eodem
1908 5188 2344 5276 librariuseaim
2369 5188 2817 5276 dehprwceden'te
2841 5191 3089 5260 proxime
3136 5191 3296 5253 ἁγίου
3327 5194 3508 5261 Εὐαγ-

201 5261 364 5319 εεὴειί
397 5267 437 5317 i.
477 5261 551 5318 εξ
586 5281 682 5317 nec
733 5264 962 5316 multum
1009 5261 1260 5332 temporis
1292 5261 1631 5330 t'nterjectum
1659 5269 1801 5332 erat.

198 5337 470 5391 Czeterum
517 5335 652 5404 inde
711 5335 779 5388 ab
819 5335 923 5388 hoc
976 5330 1318 5404 paragrapho
1361 5333 1604 5404 narratio
1653 5330 1801 5404 Petri

202 5405 362 5460 Siculi
409 5421 556 5460 cum
587 5403 853 5459 Photiana
877 5402 1061 5460 nostra
1097 5402 1328 5474 propius
1355 5403 1674 5465 concordat,
1707 5402 1800 5470 qui

202 5475 487 5547 hucusque
515 5476 806 5545 Cyrillum,
840 5475 1120 5547 Socratem
1154 5483 1208 5547 et
1237 5474 1626 5544 Epiphaniam,
1661 5487 1801 5541 quos

203 5544 404 5603 diserte
440 5544 725 5610 nominat,
753 5547 996 5616 pressius
1021 5544 1223 5599 Photio
1249 5554 1369 5599 erat
1397 5553 1639 5599 secutus.

264 5620 378 5687 (25)
419 5618 748 5687 Τοιαύτης.
773 5615 1004 5670 Restitui
1027 5632 1090 5670 ex
1124 5625 1334 5670 nostro.

1905 5261 2090 5328 γελίου
2120 5262 2302 5314 adhuc
2332 5263 2601 5332 cogitasse
2623 5263 2861 5332 videtur.

1896 5369 1898 5376 τ
1979 5332 2090 5454 ξιξ)
2134 5329 2422 5386 Παύλουξ
2456 5329 2676 5386 Omittit
2706 5331 2929 5397 Noster,
2963 5332 3107 5386 sicut
3161 5340 3220 5386 et
3258 5331 3502 5400 Siculus,

1903 5416 1959 5454 ι).
2062 5441 2076 5454 .

1902 5416 1959 5472 p.
1986 5416 2076 5455 ου.

1976 5472 2088 5542 (‘29)
2133 5475 2549 5541 Ἀμειϐόμενος
2580 5471 2694 5542 τῆς
2726 5473 2932 5538 ξενίας
2953 5473 3280 5538 ξενισθείς.
3322 5475 3504 5529 Imita-

1905 5551 1995 5615 tur
2019 5552 2074 5615 et
2109 5544 2328 5613 supplet
2359 5543 2614 5597 Siculus:
2663 5543 3057 5615 Ἀμειϐόμενος
3091 5544 3242 5611 αὺτῴ
3271 5545 3370 5615 τὴν
3402 5549 3504 5614 τῆς

1907 5613 2214 5683 ξενοδοχίας
2252 5616 2606 5683 άντάμειῲιν.
2659 5614 2814 5680 Quod
2847 5615 2968 5668 ideo
3024 5629 3243 5676 moneo,
3275 5613 3336 5669 ut
3367 5613 3504 5670 con-

267 5682 376 5759 (26‘)
409 5682 807 5752 Μανάναλις.
837 5687 917 5741 Ita
943 5687 1312 5741 Coislinianus
1335 5695 1391 5740 et
1417 5683 1612 5759 Petrus
1650 5682 1807 5759 Sicu-
1904 5682 2200 5759 venientiae
2253 5685 2308 5738 in
2357 5682 2590 5759 utroque
2636 5683 2918 5759 Scriptore
2946 5684 3206 5759 exempla
3260 5688 3499 5742 manife-

203 5754 302 5819 ιυέ.
335 5754 393 5829 p"
424 5759 532 5821 ω,
558 5759 795 5829 γραίης,
839 5766 1086 5829 ιιιᾼριιιο,
1122 5766 1337 5816 nostro,
1367 5758 1458 5826 qui
1490 5755 1618 5826 legit
1659 5756 1804 5829 Μαι·
1907 5757 2075 5829 stiora
2116 5757 2246 5818 sitit,
2311 5771 2433 5824 qua;
2484 5755 2794 5824 frequentia
2842 5754 2898 5808 in
2946 5754 3106 5810 istius
3159 5759 3498 5814 narrationis

205 5825 365 5892 νάλιξ.
407 5827 628 5883 ϐοιιίθι-
685 5828 853 5895 infra,-
889 5825 1014 5898 §'t7
1065 5829 1242 5894 ct18,
1290 5825 1611 5884 ιιὺϊυοάοιιι
1643 5825 1806 5881 tnodo
1907 5826 2049 5878 serie
2077 5834 2396 5898 occurrunt.

207 5901 490 5956 scribitur.

1978 5897 2090 5967 ('50)
2122 5897 2214 5950 Δέ.
2249 5897 2415 5950 Abest
2446 5914 2473 5951 a
2509 5909 2716 5953 nostro.
