3986 6428
501 428 568 491 47
1631 422 1864 484 ΡΠΟΤῙ
1872 423 1898 482 Ι
1940 421 2454 484 ΡΑΤΒῘΑΠΟΗΙΕ
2488 424 2596 484 CP.
3696 429 3765 498 48

505 553 616 599 tem
663 541 1060 612 opportuniora
1087 549 1143 595 et
1195 537 1526 610 perfectiora
1583 546 1777 602 erant,
1816 537 2006 592 fovens
2035 546 2092 591 et

2199 536 2434 608 τηφόρον
2504 535 2582 589 ίδν
2634 536 2745 590 τῶν
2792 535 3143 608 δηλητηρίων
3200 537 3368 592 αὐτοῦ
3417 537 3764 611 δοξασμάτων

505 633 868 702 amplectens,
903 631 1110 686 nullam
1131 645 1244 685 non
1271 629 1583 684 machinam
1605 629 2090 684 ctcontentionem

504 726 825 790 adhibebat,
863 732 926 779 ut
979 740 1074 779 eas
1115 723 1414 778 Dominicis
1457 722 1884 793 apostolicisque
1930 721 2093 777 dictis

503 817 800 888 subjiceret
829 817 1240 887 adaptaretque.
1282 812 1557 870 Valentini
1624 821 1808 869 autem
1862 822 2089 882 porten-

501 918 678 964 tosam
701 907 770 964 de
796 907 1013 979 triginta
1042 906 1292 963 azonibus
1323 917 1377 962 et
1403 906 1509 961 diis
1540 905 1866 970 doctrinam,
1891 913 1946 960 et
1975 905 2089 960 Cu-

502 998 644 1055 brici
674 999 1103 1055 abominandam
1127 997 1196 1053 de
1221 997 1409 1070 pluvia
1439 997 1699 1064 fabulam,
1731 996 2092 1068 Basilidisque

501 1091 691 1146 sordes
722 1099 779 1146 et
811 1091 1082 1156 lascivias,
1111 1105 1218 1146 nec
1250 1105 1361 1145 non
1384 1090 1635 1161 putidum
1657 1091 1913 1161 quodque
1935 1089 2092 1145 simi-

501 1183 638 1237 lium
670 1183 961 1238 hominum
989 1197 1232 1249 ccenum,
1269 1199 1425 1252 aeque
1455 1182 1797 1238 conﬁdenter
1828 1189 1885 1237 et
1913 1181 2091 1253 palam

501 1275 973 1345 amplectebatur,
1049 1287 1231 1345 neque
1280 1275 1586 1330 secundum
1654 1273 1984 1330 sententiam
2036 1277 2092 1328 et

501 1367 890 1437 mystagogiam
945 1381 1100 1420 suam
1160 1366 1482 1435 rejiciebat,
1530 1364 1628 1421 sed
1663 1365 1816 1421 velut
1870 1364 2090 1435 quidam

403 1523 408 1528 ο
503 1471 696 1509 recens
762 1469 1049 1525 novusque
1103 1454 1402 1526 legislator,
1453 1469 1522 1509 ex
1576 1455 1868 1510 meretrice
1917 1463 1973 1509 et
2022 1469 2091 1509 ex

502 1548 652 1601 varie
685 1547 971 1601 comunista
1006 1547 1288 1616 impietate
1317 1546 1569 1618 dogmata
1598 1545 1846 1616 gignens,
1866 1550 2091 1616 aposta-

502 1639 598 1692 si:e
629 1638 736 1691 dux
760 1647 816 1692 et
846 1636 1140 1708 praal‘ectus
1162 1637 1217 1691 in
1253 1646 1558 1692 extremam
1589 1635 2091 1706 obtemperantium

501 1728 804 1797 perniciem
853 1727 1190 1783 declaratur.
1223 1725 1592 1792 Quamobrem
1629 1725 1886 1780 hodierni
1919 1724 2093 1780 Manio

502 1820 666 1884 chmi,
699 1830 758 1874 ut
783 1821 1040 1890 superius
1061 1820 1194 1883 dixi,
1225 1820 1609 1892 Scythianum,
1647 1819 1853 1876 Budem
1891 1829 1948 1876 et
1975 1819 2092 1874 Ma-

2194 627 2516 698 ἐγκεράσαι.
2570 627 2712 681 Ἀλλ’
2744 628 3138 700 ἀποπέμπεται
3165 629 3286 700 μὲν,
3315 629 3506 702 ὥσπερ
3533 634 3761 706 εἴρηται,

2195 721 2442 791 σχήματι
2499 719 2650 791 μόνῳ
2677 719 2773 774 καὶ
2819 721 3102 792 πλάσματι
3155 723 3258 783 τάς
3288 723 3402 776 τῶν
3457 724 3768 796 Μανιχαίων

2196 812 2441 883 βίϐλους,
2471 811 2569 865 ἀτε
2601 811 2666 882 δὴ
2709 813 2805 866 καὶ
2833 811 2976 882 όρῶν
3006 813 3135 880 τοὺς
3175 815 3287 870 τῶν
3311 815 3648 887 Χριστιανῶν
3686 820 3766 874 νό-

2197 917 2332 972 μους
2383 900 2509 964 τοὺς
2534 941 2550 967 ,
2600 901 2717 954 ὅσοι
2773 904 3074 974 κέχρηνται
3121 907 3244 968 ταῖς
3293 905 3395 976 τῆς
3434 907 3782 975 ἀποστασίας-

2195 995 2420 1069 βίϐλοις,
2454 995 2534 1068 τῷ
2558 995 2703 1067 ξίφει
2731 995 3127 1064 παραδιδόντας
3154 997 3268 1066 (51)
3296 998 3392 1051 καὶ
3435 997 3604 1062 αύτάς
3630 1001 3772 1054 ἐκεί-

2194 1101 2294 1150 νας
2319 1087 2497 1159 πυρὸς
2525 1087 2780 1155 δαπάνην
2801 1085 2918 1155 (ὅῖ)
2944 1086 3323 1157 ποιουμένους.
3355 1087 3436 1142 Τά
3467 1088 3648 1159 μέντοι
3666 1091 3770 1145 τῶν

2195 1175 2557 1246 δοξασμάτων
2585 1177 2988 1248 ἐπικαιρότατα
3011 1178 3110 1231 καὶ
3129 1177 3334 1242 τέλεια,
3357 1178 3497 1249 πρὸς
3518 1180 3777 1235 ἀσὲόειαν

2195 1269 2552 1341 πιριθάλπων
2575 1285 2635 1321 τε
2674 1269 2767 1322 κα)⁵
2799 1268 3334 1340 περιπτυσσόμενος,
3376 1273 3494 1336 τοῖς
3517 1273 3771 1328 Δεσποτι-

2195 1362 2312 1424 κοῖς
2339 1361 2439 1415 καὶ
2468 1360 2857 1423 ἀποστολικοῖς
2886 1360 3216 1414 ὑποσάλλειν
3257 1379 3318 1414 τε
3346 1363 3441 1415 καὶ
3463 1363 3770 1419 ὑποτιθέναι

2198 1454 2468 1524 ῥήμασιν,
2521 1451 2771 1524 μηχανὴν
2815 1453 3000 1506 πᾶσαν
3051 1454 3150 1506 καὶ
3177 1452 3366 1521 ἀγῶνα
3409 1453 3638 1508 ἐτίθετο.
3665 1455 3772 1518 Τάς

2194 1545 2253 1599 δέ
2288 1562 2352 1614 γε
2384 1545 2740 1599 Οὐαλεντίνου
2769 1543 3155 1615 τερατολογίας
3185 1545 3297 1598 τῶν
3319 1546 3618 1616 τριάκοντα
3643 1548 3771 1600 αίώ-

2193 1655 2300 1693 νων
2353 1639 2450 1692 καὶ
2516 1637 2656 1692 θεῶν
2695 1638 2792 1690 καὶ
2842 1638 2944 1707 τὴν
3001 1637 3100 1690 τοῦ
3143 1637 3457 1710 Κουϐρίκου
3517 1640 3772 1711 περὶτοῦ

2195 1729 2355 1785 ὑετοῦ
2389 1725 2500 1801 (53)
2537 1728 2836 1801 βδελυκτὴν
2879 1729 3228 1798 μυθοποιίαν,
3261 1729 3576 1784 Βασιλείδου
3607 1745 3667 1785 τε
3705 1735 3772 1788 τά

2198 1822 2486 1894 μιάσματα
2515 1821 2612 1874 καὶ
2630 1820 2731 1884 τάς
2761 1820 3071 1887 ἀσελγείας,
3105 1821 3200 1876 καὶ
3223 1821 3336 1876 τῶν
3373 1822 3774 1893 παραπλησίων

501 1921 686 1966 netem
725 1912 961 1968 libenter
1000 1911 1352 1967 anathemate
1403 1911 1630 1979 feriunt,
1667 1911 2088 1967 Constantinum

2199 1915 2286 1967 τὸν
2309 1912 2524 1984 δυσώδη
2560 1912 2846 1984 βόρὸορον,
2883 1911 3009 1966 οὔτε
3031 1913 3131 1966 σὺν
3159 1914 3444 1986 παρρησίᾳ
3474 1914 3771 1983 ἠσπάζετο,

501 2019 634 2056 vero
666 2003 901 2057 maxime
931 2003 1212 2058 celebrant
1236 2012 1292 2057 et
1319 2002 1535 2068 colunt;
1586 2003 1814 2072 eiusque
1866 2017 2090 2057 succes-

2199 2005 2325 2060 οὗτε
2357 2005 2501 2060 κατά
2529 2005 2758 2076 γνώμην
2801 2005 2897 2059 καὶ
2947 2006 3342 2076 μυσταγωγίαν
3378 2007 3771 2077 ἀπεστρέφετο.

501 2110 655 2150 sores
693 2110 854 2166 pares
890 2095 1154 2165 apostolis
1183 2095 1412 2159 Christi,
1458 2108 1530 2149 ne
1568 2096 1700 2166 quid
1739 2093 1973 2165 amplius
2001 2095 2091 2150 di-

2210 2099 2350 2153 Ἀλλ’
2387 2093 2476 2153 οἶά
2502 2115 2588 2161 τις
2623 2098 2941 2169 πρόσφατος
2988 2097 3088 2152 καὶ
3131 2098 3318 2163 καινὸς
3362 2097 3664 2169 νομοθέτης
3714 2102 3776 2154 ἐκ

501 2205 645 2253 eam,
679 2188 998 2259 praedicant.

2199 2189 2404 2261 πόρνης
2441 2205 2502 2241 τε
2532 2188 2629 2242 καὶ
2646 2188 2993 2242 πολυπλόκου
3040 2189 3359 2253 δυσσεσείας
3401 2189 3658 2260 δόγματα
3689 2207 3777 2243 τε-

502 2280 634 2348 κὼν,
681 2282 1025 2344 ἀποστασίας
1058 2280 1253 2352 όδηγδς
1279 2280 1376 2335 καὶ
1406 2281 1723 2353 προστάτης
1753 2279 1869 2346 τοῖς
1900 2281 2248 2354 πειθομένοις
2300 2281 2542 2353 ἐσχάτης
2569 2281 2849 2343 ἀπωλείας
2878 2281 3284 2338 ἀναδείκνυται.
3341 2283 3510 2338 Ὅθεν
3569 2285 3620 2338 οί
3685 2285 3780 2338 νῦν

500 2377 610 2429 τῶν
639 2375 961 2446 Μανιχαίων
994 2374 1206 2441 παῖδες,
1256 2375 1334 2439 ὡς
1363 2375 1460 2428 καὶ
1493 2376 1624 2446 πρὶν
1682 2375 1855 2446 ἐφθην
1888 2376 2083 2440 εἰπὼν,
2123 2377 2422 2431 Σκυθιανὸν
2481 2377 2581 2447 μὲν
2645 2377 2741 2429 καὶ
2781 2375 3010 2448 Βούδην,
3040 2377 3138 2431 καὶ
3189 2377 3450 2432 Μάνεντα
3479 2377 3778 2449 προθύμως

501 2468 578 2539 τῷ
610 2469 914 2539 ἀναθέματι
947 2469 1283 2540 πέμπουσιν,
1334 2469 1751 2523 Κωνσταντϊνον
1780 2469 1840 2523 δὲ
1892 2471 1974 2534 είς
2011 2471 2082 2525 τά
2123 2470 2358 2540 μάλιστα
2408 2468 2687 2534 θειάζουσί
2732 2487 2792 2524 τε
2841 2471 2940 2524 καὶ
3010 2469 3376 2540 περιέπουσι·
3427 2471 3519 2522 καὶ
3556 2468 3624 2540 δὴ
3682 2467 3776 2522 καὶ

503 2561 631 2624 τοὺς
683 2561 799 2631 μετ’
839 2559 1005 2613 αὐτὸν
1054 2558 1480 2629 άναδειχθέντας
1522 2558 1838 2629 διαδόχους,
1873 2560 1965 2613 ῐσα
1995 2561 2091 2614 καὶ.
2127 2558 2366 2632 Χριστοῦ
2391 2558 2762 2628 γεραίρουσιν,
2787 2561 2876 2613 ἵνα
2903 2558 2979 2631 μὴ
2995 2558 3164 2612 πλέον
3212 2557 3374 2622 είπω,
3427 2557 3766 2622 ἀποστόλοις.

579 2650 747 2706 XVII.
780 2651 880 2706 Hic
922 2664 1090 2722 porro
1135 2649 1552 2715 Constantinus,
1589 2651 1682 2720 qui
1731 2659 1786 2704 et
1808 2649 2086 2713 Silvanus,

2270 2651 2370 2705 lZ'.
2419 2643 2733 2707 Ἀλλόὗτος
2754 2649 2784 2701 ό
2815 2651 2879 2702 ἐκ
2911 2648 3334 2703 Κωνσταντίνου
3355 2649 3638 2714 Σιλουανὸς
3655 2650 3768 2718 (54)

505 2744 733 2800 mutatis
781 2743 1029 2807 sedibus,
1079 2742 1348 2798 Mananali
1383 2742 1666 2798 Cibossam
1723 2743 2002 2813 profectus
2037 2745 2092 2815 (ο

2199 2740 2280 2804 είς
2330 2739 2626 2794 Κίϐωσσαν
2693 2740 2802 2793 ἀπὸ
2851 2739 3153 2804 Μανάλεως
3207 2740 3320 2810 (35)
3377 2739 3653 2810 μετελθὼν
3707 2741 3774 2810 (ὦ

506 2838 730 2908 impiam
783 2836 1048 2900 animam,
1099 2845 1449 2905 mentemque
1513 2836 1869 2906 impudentiae
1927 2844 2092 2906 atque

2199 2831 2374 2903 ψυχῆς
2405 2832 2570 2888 ἀθέου
2611 2832 2708 2885 καὶ
2739 2830 2970 2903 γνώμης
3008 2833 3196 2885 πᾶσαν
3234 2832 3626 2903 ἀναισχυντίαν
3681 2834 3776 2888 καὶ

508 2929 800 2986 mendacio
817 2930 1056 2985 deditam
1079 2929 1120 3000 ί)
1160 2943 1220 2982 se
1247 2927 1528 2982 Silvanum
1550 2943 1672 2983 esse
1703 2928 1918 2984 dicebat
1939 2944 2088 2996 eum,

2199 2924 2384 2994 ψεῦδος
2408 2923 2576 2994 μηδὲν
2600 2924 2915 2994 ἡγουμένης
2941 2925 3004 2995 ί),
3035 2925 3230 2979 ἐαυτὸν
3257 2925 3369 2996 (36)
3395 2926 3588 2995 ἔλεγεν
3613 2923 3778 2990 εἶναι,

507 3036 668 3091 quem
715 3019 885 3075 divini
924 3019 1078 3074 Pauli
1123 3017 1383 3089 Epistolze
1429 3027 1763 3073 memorant.
1786 3018 1926 3084 Quid
1960 3033 2092 3075 vero

2199 3015 2246 3068 lv
2299 3015 2355 3068 αί
2401 3014 2497 3067 τοῦ
2532 3015 2824 3068 θεσπεσίου
2871 3015 3090 3068 Παύλου
3149 3015 3264 3090 (57)
3311 3017 3628 3071 Ἐπιστολαὶ
3686 3019 3780 3072 ἐπὶ

507 3112 722 3168 dicetur
750 3120 899 3167 tanta
932 3111 1144 3167 insania
1181 3111 1407 3182 dignum
1451 3111 1475 3164 τ
1510 3111 1569 3165 In
1605 3120 1867 3181 quantam
1897 3112 2092 3168 absur-

507 3205 734 3260 ditatem
783 3203 1068 3274 delapsus;
1121 3211 1330 3273 quanto
1380 3202 1590 3273 pudore
1641 3203 1928 3258 convictus
1967 3218 2093 3273 per-

2193 3105 2417 3174 μνήμης
2454 3104 2685 3175 φέρουσι
2719 3104 3033 3159 Σιλουανόν.
3057 3107 3168 3159 Καὶ
3191 3107 3244 3160 τί
3271 3106 3339 3160 ἀν
3363 3125 3446 3171 τις
3469 3109 3620 3163 εἴποι
3646 3109 3782 3180 πρὸς

2189 3196 2463 3267 τοσαύτην
2515 3197 2955 3268 ἐμϐροντησίανς
3007 3200 3088 3262 είς
3121 3201 3274 3253 ποῖον
3311 3200 3368 3254 δέ
3415 3200 3626 3256 ἄτοπον
3675 3203 3782 3257 άπ-

508 3297 772 3351 l'undctur
821 3296 888 3361 is,
917 3296 1011 3366 qui
1045 3295 1113 3350 ab
1143 3295 1265 3366 ipso
1292 3294 1561 3365 principio
1609 3309 1708 3364 per
1747 3295 2091 3349 manifestam

2199 3289 2486 3360 ενεχθέντα
2520 3291 2634 3362 (58)
2664 3308 2748 3353 τις
2782 3289 3224 3362 ἐπιδειξάμενος,
3254 3295 3620 3366 αίσχυνθῆναι
3676 3313 3783 3349 πα-

509 3387 758 3443 fraudem
789 3397 847 3442 et
875 3386 1144 3442 insaniam
1185 3399 1544 3456 prorumpere
1569 3399 1680 3441 non
1711 3387 1963 3442 erubuit?
1990 3387 2091 3441 At.

511 3491 720 3543 tamen,
758 3480 885 3535 licet
933 3480 1008 3535 ita
1043 3480 1338 3549 conSpicue
1376 3489 1629 3550 portenta
1665 3479 2002 3552 conﬁngeret
2028 3493 2092 3536 ac

512 3573 846 3628 mentiretur
871 3613 885 3638 ,
926 3587 1040 3626 non
1072 3572 1326 3631 deluere.
1366 3571 1460 3642 qui
1513 3571 1633 3641 ejus
1667 3571 1828 3628 dictis
1872 3573 2090 3642 pellecti

511 3665 610 3735 ipsi
685 3664 1152 3734 obtemperarent.
1211 3663 1278 3717 Et
1330 3663 1420 3717 ille
1485 3663 1707 3732 quidem
1764 3663 2092 3719 Macedonas

512 3755 747 3811 vocabat
780 3755 1080 3826 discipulos
1131 3769 1285 3819 suos,
1333 3769 1538 3823 seque,
1574 3763 1634 3808 ut
1665 3769 1830 3824 supra
1886 3756 2093 3811 dictum

513 3855 621 3913 est,
657 3847 964 3910 Silvanum,
997 3859 1168 3915 seque
1195 3861 1225 3899 a
1255 3845 1444 3899 divino
1477 3845 1646 3899 Paulo
1678 3845 1903 3918 missum
1933 3845 2095 3916 iacti-

513 3939 689 4001 tabat,
743 3937 958 4006 aliaque
995 3935 1190 3990 similia
1224 3935 1392 3990 multa
1430 3933 1734 3990 ell‘utiebat.
1787 3934 1894 3990 Sed
1939 3943 2092 4006 post-

511 4047 678 4102 quam
747 4038 1059 4084 monstrum
1114 4028 1245 4082 illud
1307 4028 1618 4082 seduccndo
1666 4029 1868 4098 populo
1899 4037 2091 4083 natum

513 4121 708 4192 viginti
749 4129 962 4190 septem
1017 4133 1191 4173 annos
1222 4119 1278 4172 in
1307 4119 1469 4174 dictis
1505 4119 1639 4174 locis
1675 4130 1976 4179 manserat.
2007 4121 2092 4174 in-

512 4214 871 4280 colarumque
905 4209 1108 4263 multos
1135 4209 1190 4267 in
1220 4208 1470 4262 eamdem
1507 4217 1742 4264 traxerat
1767 4208 2088 4278 perniciem,

516 4304 572 4357 in
611 4301 891 4371 impietate
941 4297 1318 4368 deprehensus
1358 4311 1474 4361 sua,
1529 4313 1652 4351 cum
1677 4299 1826 4367 jactu
1857 4298 2092 4368 lapidum

513 4410 708 4466 pmnas
729 4393 992 4457 dedisset,
1020 4392 1076 4446 in
1102 4390 1378 4445 infernum
1406 4389 1688 4461 ingressus
1708 4397 1812 4444 est.
1834 4388 1914 4444 Re
1942 4405 2095 4444 com-

2197 3381 2532 3452 ρασκευάσει
2555 3382 2658 3454 τὴν
2689 3382 2787 3436 ἀπ’
2819 3382 2994 3452 αὐτῆς
3019 3385 3199 3456 ἀρχῆς
3223 3385 3368 3440 οὕτω
3396 3387 3487 3441 διά
3516 3389 3785 3458 καταφώο

2197 3487 2292 3542 ρου
2341 3471 2553 3542 κλοπῆς
2602 3472 2700 3526 καὶ
2739 3473 3173 3544 φρενοϐλαϐείας
3219 3478 3323 3530 οὐκ
3372 3479 3786 3549 ἐρυθριάσαντα

2193 3561 2515 3632 προελθείνς
2563 3563 2706 3636 Πλὴν
2739 3565 2855 3618 ἀλλ’
2883 3564 3029 3618 οὕτω
3057 3568 3380 3638 περιφανῶς
3408 3572 3787 3641 τερατευόμεό

2195 3671 2285 3717 νος
2319 3655 2415 3708 κα)⁵
2462 3654 2830 3725 ψευδολογῶν,
2859 3675 3044 3728 ευρεν,
3069 3657 3163 3722 οὒς
3194 3659 3438 3724 εἵλκυσε,
3489 3661 3788 3717 πείθεσθαι

2196 3747 2368 3818 αὐτῷ.
2410 3747 2522 3801 Καὶ
2570 3747 2893 3813 Μακεδόνας
2929 3751 3028 3818 μὲν
3067 3750 3256 3805 ἐκάλει
3281 3752 3410 3814 τοὺς
3431 3752 3536 3823 τῆς
3566 3753 3788 3824 ἀπάτης

2197 3837 2488 3909 μαθητάς,
2543 3839 2740 3894 ἐαυτὸν
2777 3839 2860 3904 δὲ,
2926 3841 3002 3905 ὡς
3055 3841 3409 3913 προείρηται,
3464 3843 3788 3898 Σιλουανόνο

2193 3930 2532 3984 ἀπεστάλθαι
2579 3947 2640 3983 τε
2694 3931 2848 4000 παρὰ
2897 3932 2992 3986 τοῦ
3036 3931 3325 3987 θεσπεσίου
3362 3933 3588 3989 Παύλου
3651 3936 3790 4005 πρὸς

2193 4023 2414 4088 αὐτοὺς,
2445 4022 2541 4076 καὶ
2573 4022 2747 4076 πολλά
2778 4023 3004 4077 τοιαῦτα
3033 4023 3169 4078 ἄλλα
3199 4024 3277 4078 διε
3287 4025 3572 4096 ρῤαψῲδει
3604 4041 3668 4081 τε
3698 4027 3792 4081 καὶ

2193 4118 2588 4174 συνέπλαττεν.
2658 4118 2799 4172 Ἀλλ’
2847 4119 3024 4173 είκοσι
3047 4120 3146 4190 μὶν
3195 4119 3290 4173 καὶ
3323 4121 3464 4176 ἐπτά
3489 4122 3791 4193 διατρίψας

2191 4211 2289 4282 ἐτη
2321 4211 2442 4279 ὅλα,
2467 4214 2526 4266 ἐν
2573 4206 2655 4276 οἷς
2699 4212 2917 4282 εἴρηται
2943 4212 3150 4277 τόποις,
3189 4215 3251 4268 τὸ
3279 4215 3592 4280 λαοπλανὲς
3614 4217 3797 4271 ἐκεῖνο

2194 4304 2289 4357 καὶ
2323 4305 2715 4376 κακομηχανον
2739 4306 2932 4373 τέρας,
2969 4305 3202 4370 πολλούς
3236 4323 3298 4360 τε
3336 4307 3446 4360 τῶν
3493 4309 3798 4381 ἐγχωρίων

2192 4395 2294 4465 τῆς
2358 4396 2529 4466 αὐτῆς
2575 4401 2874 4468 μετασχεῖν
2935 4398 3371 4466 παρασκευάσας
3423 4398 3654 4472 λύμης,
3702 4403 3801 4455 καὶ

1605 4523 1841 4581 ῩΑῐίΙᾹΞ
1883 4525 2266 4585 LECTIONES
2304 4529 2394 4586 ET
2423 4529 2669 4588 ΝΟΤΑΞ..

588 4665 700 4734 (51)
721 4667 890 4735 Ξίςρει
917 4659 1379 4735 παραδιδόντας.
1411 4659 1488 4735 ita
1513 4675 1579 4715 ex
1611 4659 1790 4715 edicto
1816 4659 2092 4714 Constan.

2201 4665 2492 4734 aliquoties
2521 4674 2672 4721 recte
2701 4665 2985 4732 Σιλουανδς
3011 4679 3259 4726 vocatur.

517 4731 615 4790 tin‘i
653 4731 1218 4805 olim'capitale_erat,
1252 4731 1368 4805 Arii
1416 4732 1580 4785 libros
1611 4745 1917 4805 esseputre,
1961 4739 2100 4805 teste

519 4806 744 4860 Socrate
783 4798 979 4859 Hisior.
1037 4800 1236 4855 Eccles.
1296 4801 1391 4854 lib.
1434 4818 1483 4861 ι,
1518 4817 1568 4854 c.
1622 4799 1674 4854 9.
1737 4798 1940 4855 Confer
1981 4798 2096 4853 Pet.

518 4874 666 4929 Baelii
726 4874 1116 4928 Dictionarium
1178 4870 1774 4933 Historico-Criticum,
1826 4879 1976 4924 tomo
2041 4870 2098 4933 1,

516 4962 942 5084 Ροῶἓῖἠυρὸς
989 5013 1292 5079 δαπάνην.
1328 5011 1419 5084 Sic
1469 5010 1779 5084 Gregorius
1817 5009 1888 5064 M.
1917 5013 2100 5084 anim-

518 5080 758 5139 advertit
801 5080 857 5137 in
890 5083 1278 5138 haereticorum
1337 5083 1527 5143 libros.
1582 5080 1720 5137 teste
1751 5080 1963 5136 Joanne
1995 5082 2099 5136 Sa-

518 5155 861 5213 risberiensi.
896 5153 971 5207 De
1008 5155 1156 5222 nugis
1187 5152 1490 5216 curialium,
1529 5153 1623 5208 lib.
1672 5169 1732 5211 ll.
1765 5167 1817 5206 c.
1858 5151 1948 5207 26.
1978 5153 2098 5207 Alia

519 5222 834 5294 huiusmodi
862 5223 1316 5294 exemplahahes
1346 5223 1488 5292 apud
1494 5222 1592 5294 ilo.
1614 5222 1930 5294 Christoph.
1969 5223 2099 5278 Wa-

521 5291 843 5366 genseilium
881 5295 934 5366 in
993 5292 1318 5366 Praefatione
1374 5291 1441 5347 ad
1490 5291 2096 5366 Tela__ig_neq’Satanw,

521 5362 575 5434 β.
614 5366 644 5418 7
684 5380 836 5434 seqq.
878 5365 1091 5419 Sixtum
1136 5362 1456 5434 Senensemi
1489 5363 1543 5416 in
1593 5362 1840 5416 Bib’liom.
1885 5375 2096 5434 sancta,

521 5431 618 5491 lib.
677 5431 846 5504 n,'p.
881 5435 984 5499 65;
1036 5443 1090 5488 et
1147 5431 1219 5486 Μ.
1249 5431 1613 5504 ,λνίίίιοίηιιιω
1672 5433 1990 5504 Schutziutn
2044 5435 2098 5488 in

523 5503 816 5576 Disputatt’.
851 5505 1001 5576 binis
1025 5505 1093 5559 de
1120 5503 1504 5576 combustione
1535 5503 1796 5558 librorum
1823 5503 2100 5559 haeretico-

521 5572 668 5637 rum.
704 5575 852 5644 Lips.
892 5575 1024 5629 1097
1066 5583 1123 5630 et
1158 5572 1541 5644 l699,_editis.

590 5645 702 5715 (55)
751 5641 862 5700 Τοῦ
894 5645 1096 5701 ὑετοῦ.
1154 5642 1422 5698 Disertlus
1475 5641 1579 5697 hoc
1634 5643 1858 5713 exponit
1905 5643 2100 5700 Petrus

521 5713 758 5771 Siculus.
791 5731 848 5771 ι).
879 5716 971 5771 42.

562 5731 758 5773 lCUluS.
791 5731 848 5773 Β.
879 5731 971 5771 42.

595 5731 1119 5855 igiis'ziiizgzérdc.
1164 5782 1483 5855 Σαλοάνους
1520 5781 1783 5855 mendose
1805 5785 1948 5852 apud
1985 5784 2089 5840 Pe-

526 5853 668 5908 trum
697 5856 943 5909 Siculum
978 5873 1032 5925 p.
1064 5859 1153 5920 42,
1199 5853 1404 5909 librarii
1436 5854 1604 5908 vitio:
1639 5868 1764 5907 nam
1787 5855 1947 5923 paulo
1968 5865 2088 5924 post

2277 4736 2415 4814 (ξὸ).
2453 4737 2823 4814 Marginoch
2829 4806 2845 4814 _
2862 4737 3004 4814 Lege
3060 4740 3453 4814 Μανανάλεως,
3506 4753 3579 4814 ut
3634 4759 3809 4814 supra

2203 4799 2536 4929 gdtggerte
2567 4799 2768 4861 Petrus
2791 4799 3030 4874 Siculus,
3064 4827 3118 4882 p.
3153 4806 3246 4876 44,
3272 4799 3470 4865 iterum
3504 4813 3644 4885 legit
3682 4799 3810 4869 Μα-

2205 4893 2715 5023 Ϊαῖἓέῖς’⁹Εαυτρν.
2777 4948 2966 5023 Forte
3000 4949 3166 5023 igitur
3187 5021 3201 5023 _
3217 4953 3744 5023 metempsychosin
3785 4971 3816 5008 a

2203 5014 2528 5087 Pythagora,
2563 5019 2652 5072 cui
2678 5028 2735 5074 et
2775 5014 2900 5073 alia'
2937 5014 3141 5075 debent
3186 5014 3511 5083 Manichaii:
3547 5035 3815 5078 mutuam

2202 5088 2416 5172 accepit
2449 5099 2716 5172 quamnet
2760 5089 2959 5172 Suidaus
3015 5097 3150 5144 tom.
3201 5091 3266 5154 ll,
3301 5105 3358 5172 p_.
3390 5092 3522 5154 491,
3599 5094 3817 5147 Ilaneti

2204 5156 2414 5221 tribuit,
2449 5156 2556 5212 nisi
2612 5159 2794 5214 dicere
2833 5160 2991 5214 malis
3039 5175 3166 5214 etim
3223 5156 3389 5215 verba
3455 5177 3564 5216 sua
3628 5177 3820 5219 meta-

2203 5226 2431 5300 phorice
2484 5230 2899 5300 interpretanda
2945 5229 3206 5300 voluisse,
3257 5233 3400 5300 quod
3435 5230 3598 5286 Petri
3636 5233 3820 5288 Siculi

2202 5297 2393 5373 verba,
2431 5315 2488 5368 p.
2539 5297 3290 5373 44,1indicareuvidentnr;
3336 5300 3430 5373 ubi
3488 5302 3821 5373 discipulos

2203 5366 2530 5423 Macedonas
2581 5370 2670 5437 (ad
2698 5386 2838 5438 quos
2871 5369 3082 5424 scilicet
3109 5371 3239 5425 olim
3288 5371 3494 5425 missus
3525 5366 3670 5427 erat
3706 5374 3821 5427 Sil-

2201 5438 2422 5512 vanus),
2452 5454 2513 5492 se
2530 5455 2659 5512 vero
2681 5441 2963 5512 Silvanum
2987 5455 3016 5492 a
3039 5438 3206 5512 Paulo
3234 5441 3462 5496 missum
3486 5443 3826 5512 appellasse

2201 5507 2399 5580 fertur,
2430 5511 2574 5576 quod
2606 5520 2664 5565 et
2702 5511 2899 5580 Noster
2928 5511 3092 5580 paulo
3116 5521 3238 5580 post
3274 5513 3489 5566 recitat.

2277 5578 2390 5648 (37)
2431 5579 2700 5634 Παύλου.
2753 5577 2886 5635 Vide
2930 5577 2990 5634 ill
3046 5577 3174 5635 Cor.
3214 5597 3252 5649 ι,
3295 5581 3396 5650 19;
3437 5583 3457 5636 l
3514 5581 3744 5638 Thess.
3783 5599 3824 5646 ι,

2203 5647 2266 5703 i:
2302 5647 2317 5699 Ι
2351 5647 2495 5703 Petr.
2528 5665 2582 5703 ν.
2619 5650 2705 5703 12.

2251 5689 2908 5788 ’(δέῖῗξλπείεῖθέντα.
2957 5719 3036 5774 lta
3066 5717 3249 5776 scribo
3296 5737 3419 5776 cum
3474 5719 3723 5784 Nostro,
3771 5731 3832 5775 et

2197 5785 2554 5911 ξίίέᾞξέιίηο,
2589 5785 2702 5860 pro
2739 5790 3104 5861 ἐπενεχθέντα
3125 5830 3141 5857 ,
3194 5793 3342 5861 quod
3396 5791 3575 5847 habet
3608 5792 3831 5847 Coisli-
