3986 6432
459 334 519 396 51
1615 345 1876 406 PHOTII
1914 347 2048 406 PAT

2159 348 2424 406 ARCHJ'I
2461 349 2573 408 (ΖΡ.
3667 349 3748 412 52

461 455 578 521 ipse
606 467 768 521 quam
799 453 920 523 ejus
947 453 1222 524 discipuli,
1248 457 1338 524 qui
1370 455 1696 526 resipiscere
1724 461 2038 515 noluerant.

2159 457 2384 527 ἱλεθρον,
2411 458 2575 521 αὑτός
2608 475 2668 510 τε
2702 459 2794 510 καὶ
2833 458 2944 512 τῶν
2985 456 3118 529 παρ’
3154 458 3321 511 αὐτοῦ
3361 475 3744 531 μυσταγωγη-

455 543 674 599 Etenim
726 544 918 602 Justus
958 562 1123 616 supra
1155 559 1492 604 memoratus
1519 592 1533 615 ,
1585 551 1679 621 qui
1733 562 2041 622 apostatam

2159 547 2347 602 ὶέντων
2369 589 2384 613 ,
2425 549 2586 612 ὅσους
2610 549 2821 602 ἀνεῖλεν
2853 550 2916 602 τὸ
2960 550 3403 619 ἀμεταμέλητον.
3458 550 3519 604 '0
3544 552 3746 624 γάρτοι

459 654 625 692 manu
668 653 766 692 sua
810 638 1198 706 interfecerat,
1235 651 1351 710 post
1389 643 1524 698 alias
1556 644 1792 709 multas,
1836 654 1894 699 ut
1925 646 2040 701 ﬁeri

2159 641 2544 712 προειρημένος
2579 636 2908 706 Ἰοῦστος,οὖ
2932 642 3116 712 χειρὸς
3142 641 3302 712 ἔργον
3331 643 3359 694 ό
3374 641 3471 694 τοῦ
3494 643 3748 698 ἀποστά-

457 729 635 794 solet,
680 729 1145 785 confabulationes
1186 747 1252 786 ac
1298 735 1630 801 quzestiones
1679 735 2041 804 apostolicum

2159 750 2234 786 που
2263 733 2500 803 κατέστη
2529 733 2783 798 Θάνατος,
2819 733 2960 803 μετὰ
2993 733 3199 793 πολλὰς
3225 732 3412 797 άλλας,
3445 728 3532 786 οἶα
3564 736 3741 800 εἰκὸς,

463 823 564 876 hoc
593 821 796 876 dictum
826 820 1110 890 proferens
1143 841 1156 876 :
1189 823 1450 887 Quoniam
1481 825 1536 877 in
1565 826 1679 894 ipso
1709 837 1887 879 creata
1919 837 2043 880 sunt

2159 823 2360 893 ἱμιλίας
2398 841 2461 876 τε
2497 825 2592 877 καὶ
2627 823 2956 896 συζητήσεις
2991 827 3054 877 eo
3085 825 3448 878 ἀποστολικὺν
3491 828 3746 897 προδαλ-

460 914 658 976 omnia,
693 929 810 984 qua:
836 915 892 967 in
916 914 1088 979 caelis,
1120 925 1168 968 et
1199 931 1315 985 qua:
1343 917 1396 969 in
1428 926 1594 981 terra,
1623 917 1854 970 visibilia
1884 927 1932 971 et
1959 920 2046 972 in-

2159 916 2370 984 ιόμενος
2410 915 2588 983 λόγιον
2610 917 2672 968 τὸ
2698 918 2926 985 φάσκον*
2951 935 2970 968 ι
2997 917 3122 970 Ὀτι
3153 919 3210 971 ὲν
3232 917 3386 988 αύτῷ
3416 920 3638 989 ἐκτίσθη
3669 920 3749 974 τὰ

458 1005 721 1068 visibilia;
750 1006 856 1060 sive
879 1006 1072 1070 throni,
1101 1008 1208 1060 sive
1233 1008 1581 1076 principatus,
1609 1010 1714 1062 sive
1738 1018 2042 1076 potestates,

2159 1007 2324 1058 πάντα
2353 1006 2422 1060 τὰ
2461 1009 2518 1060 ἐν
2545 1007 2763 1078 οὐρανῷ
2801 1010 2896 1061 καὶ
2929 1009 2996 1062 τὰ
3027 1009 3121 1060 ἐπὶ
3163 1009 3264 1078 τῆς
3293 1010 3418 1078 γῆς,
3452 1011 3521 1064 τὰ
3565 1012 3749 1078 ὁρατὰ

460 1099 638 1151 omnia
677 1114 770 1165 per
797 1099 966 1166 ipsum
995 1108 1041 1152 et
1076 1101 1131 1152 in
1160 1100 1272 1168 ipso
1303 1108 1482 1153 creata
1514 1110 1634 1154 sunt
1681 1117 1700 1154 :
1738 1112 1786 1154 et
1817 1103 1927 1169 ipse
1968 1112 2044 1155 est

2159 1101 2240 1151 ιιαὶ
2269 1098 2339 1152 τὰ
2371 1100 2612 1170 ἀόρατα,
2645 1100 2756 1152 εῑτε
2791 1100 2957 1170 ἀρχαὶ
2991 1100 3103 1152 εἴτε
3131 1098 3414 1164 ἐξουσίαι·
3449 1102 3520 1156 τὰ
3557 1102 3748 1155 πάντα

461 1198 584 1243 ante
607 1191 807 1254 omnia,
827 1199 874 1243 et
901 1192 1077 1244 omnia
1102 1193 1156 1244 in
1182 1192 1291 1260 ipso
1311 1199 1553 1245 constant
1572 1194 1611 1246 ⁵.
1642 1191 1774 1255 Hoc,
1800 1193 2042 1262 inquam,

461 1281 669 1336 dictum
701 1282 987 1351 olijiciens,
1020 1292 1209 1338 contra
1248 1285 1571 1353 Symeonem
1604 1285 1918 1350 insurrexit,
1955 1287 2046 1342 di-

461 1387 634 1426 cens:
670 1369 748 1426 Ne
791 1371 932 1425 forte
984 1371 1082 1440 ipsi
1136 1371 1351 1441 decepti
1398 1383 1615 1436 essent,
1672 1390 2046 1444 sequacesque

463 1479 594 1519 suos
638 1463 992 1534 deciperent,
1046 1478 1155 1516 non
1201 1463 1452 1518 eumdem
1505 1464 1766 1520 factorem
1819 1468 1940 1522 εαξη
1991 1478 2048 1523 et

463 1567 663 1624 terrae,
715 1557 998 1626 Deumque
1045 1572 1174 1612 vere
1229 1567 1285 1612 et
1335 1557 1551 1611 Patrem
1608 1558 1821 1612 Domini
1871 1561 2047 1615 nostri

461 1649 664 1704 Christi
695 1650 1089 1719 praedicantes;
1120 1651 1216 1706 sed
1247 1661 1444 1722 prteter
1476 1653 1624 1708 hunc
1661 1654 1826 1708 alium
1854 1670 2048 1724 quem-

460 1743 608 1802 dam.
637 1756 802 1811 quem
827 1742 1122 1812 apostolica
1154 1743 1368 1813 eloquia
1403 1759 1513 1800 non
1550 1757 1774 1801 norunt.
1811 1747 1949 1800 Cum
1975 1762 2044 1801 ex

2145 1191 2211 1244 δι’
2239 1189 2405 1244 αὑτοῦ
2430 1191 2525 1243 καὶ
2562 1192 2644 1250 είς
2675 1190 2838 1242 αύτὺν
2869 1189 3097 1258 ἐκτίσθη
3122 1229 3137 1254 ,
3167 1191 3264 1243 καὶ
3293 1191 3460 1254 αὐτός
3485 1193 3603 1244 ἐστι
3637 1191 3750 1262 πρὸ

2148 1284 2388 1346 πάντων,
2423 1284 2519 1337 καὶ
2549 1284 2620 1337 τὰ
2646 1283 2828 1336 πάντα
2857 1282 2915 1334 ἐν
2938 1280 3087 1351 αύτῷ
3105 1281 3424 1352 συνέστηκε·
3450 1300 3469 1332 ι
3495 1281 3652 1335 τοῦτο
3671 1283 3746 1352 δὴ

2148 1375 2692 1445 προδεδλημένοςτὺ
2728 1373 2892 1444 ῥητὸν
2939 1373 3303 1427 ἀντανίστατο
3329 1374 3408 1444 τῷ
3444 1374 3692 1444 Συμεῶνι
3721 1415 3743 1439 ,

2150 1468 2377 1536 φάσκων
2397 1507 2412 1528 ,
2454 1465 2529 1529 ὼς
2570 1466 2679 1534 ἄρα
2711 1467 2924 1535 μήποτε
2954 1464 3110 1518 αὐτοί
3150 1482 3210 1517 τε
3245 1467 3593 1535 ἠπατημένοι
3625 1460 3746 1518 εἷεν

2148 1558 2391 1620 καὶτοὺς
2412 1557 2713 1627 ἑπομένους
2732 1556 3136 1619 συναπατῶσιν,
3165 1557 3225 1610 ού
3254 1557 3344 1609 τὸν
3370 1555 3482 1627 (46)
3507 1554 3746 1626 ποιητὴν

2148 1646 2382 1719 οὐρανοῦ
2422 1649 2519 1704 καὶ
2547 1648 2653 1718 γῆς
2685 1647 2820 1701 Θεὸν
2850 1647 3069 1718 άληθῶς
3099 1649 3194 1701 καὶ
3241 1648 3467 1718 Πατέρα
3496 1647 3595 1702 τοῦ
3625 1651 3748 1702 Κυ-

2155 1743 2269 1814 ρίου
2319 1741 2476 1812 ἡμῶν
2520 1741 2616 1794 τοῦ
2650 1739 2888 1812 Χριστοῦ
2927 1741 3368 1810 ἐπιγράφοντες,
3403 1740 3541 1794 ἀλλὰ
3585 1741 3748 1812 παρὰ

460 1833 778 1904 huiusmodi
795 1835 1163 1890 commotione
1189 1836 1254 1891 Iis
1275 1846 1330 1891 et
1356 1853 1538 1908 pugna
1570 1839 2046 1896 irreconciliabilis

2159 1812 2337 1890 τοῦτον
2389 1835 2502 1907 (47)
2555 1835 2744 1906 ἕτερόν
2788 1852 2944 1898 τινα,
3000 1833 3061 1888 δν
3124 1833 3195 1886 τὰ
3249 1833 3589 1888 ἀποστολικά
3635 1834 3748 1887 οὐκ

460 1928 605 1981 inter
633 1942 728 1982 eos
749 1935 866 1983 orta
892 1937 1036 1982 esset
1059 1945 1073 1993 ;
1097 1926 1287 1983 Justus
1307 1929 1550 1984 Colonia:
1571 1931 1890 2001 cpiscOpum
1914 1948 2050 1988 con-

458 2019 636 2086 venit,
665 2027 725 2073 ut
759 2019 1044 2088 apostolici
1080 2019 1210 2074 dicti
1245 2035 1468 2074 sensum
1503 2021 1705 2076 clarius
1729 2037 2051 2092 assequere-

458 2122 547 2165 tur
577 2130 592 2166 :
620 2111 708 2166 cui
739 2111 826 2166 ille
851 2111 1035 2166 omnia
1063 2113 1362 2178 enarravit,
1393 2129 1516 2183 qua:
1549 2114 1692 2168 inter
1717 2130 1837 2169 sese
1864 2123 1920 2169 et
1947 2130 2043 2170 so-

456 2205 611 2259 dales
639 2219 768 2259 suos
802 2204 1165 2276 contigerant.
1201 2205 1296 2260 Ille
1331 2220 1446 2260 rem
1476 2203 1794 2276 Imperatori
1824 2207 2046 2263 denun-

457 2295 630 2350 tiavit.
670 2294 719 2349 ls
748 2304 862 2349 tum
893 2303 1010 2350 erat
1039 2293 1405 2361 Justinianus,
1451 2297 1544 2366 qui
1577 2307 1701 2367 post
1728 2297 2043 2354 Heraclium

456 2387 748 2458 imperium
779 2397 1106 2458 acceperat,
1132 2390 1336 2459 quique
1358 2389 1672 2457 mandavit,
1712 2399 1772 2445 ut
1801 2393 1918 2447 haac
1945 2408 2044 2447 ne-

456 2480 603 2550 gotia
639 2479 1019 2550 perquisitioni
1058 2487 1115 2534 et
1157 2481 1307 2550 justo
1353 2481 1565 2552 judicio
1608 2483 2042 2553 subjicerentur;

457 2573 531 2626 ita
561 2581 621 2627 ut
651 2572 736 2634 iis,
765 2573 857 2642 qui
897 2572 1222 2642 resipiscere
1254 2572 1501 2639 nollent,
1531 2583 1627 2628 aut
1651 2576 1741 2644 qui
1769 2577 2044 2645 poeniten-

459 2665 588 2717 tiam
635 2663 765 2718 olim
805 2663 1072 2734 polliciti,
1122 2664 1485 2720 nihilominus
1522 2667 1579 2720 in
1627 2669 1899 2736 apostasia
1947 2685 2044 2724 sua

456 2765 907 2827 perseverarent,
951 2755 1091 2828 ignis
1137 2757 1466 2826 supplicium
1515 2758 1782 2813 subirent.
1829 2759 1893 2814 Et
1939 2762 2044 2816 alia

455 2847 675 2917 quidem
708 2847 1000 2900 multitudo
1033 2862 1136 2900 una
1168 2861 1291 2900 cum
1325 2846 1594 2916 Symeone
1615 2890 1630 2912 ,
1661 2849 1752 2918 qui
1799 2859 1856 2904 et
1887 2849 2043 2907 Titus

458 2933 780 2998 vocabatur,
811 2935 1012 2988 acerbo
1043 2935 1236 2987 mortis
1266 2950 1466 3004 genere
1500 2937 1684 3005 periit.

2147 1931 2436 1984 ἐπίσταται
2457 1927 2634 1996 λόγια.
2671 1928 2766 1980 Ἐκ
2791 1926 3000 1997 ταύτης
3025 1926 3083 1979 δὲ
3110 1926 3210 1994 τῆς
3240 1926 3534 1996 κινήσεως,
3563 1925 3746 1996 ἔριδος

2146 2025 2333 2086 αὐτοῖς
2359 2022 2454 2075 καὶ
2491 2021 2674 2091 μάχης
2715 2020 2988 2074 άσπόνδου
3026 2019 3324 2090 συστάσης,
3374 2018 3662 2089 πρόσεισιν
3707 2018 3746 2070 ὁ

2163 2114 2394 2176 Ἰοῦστος
2426 2113 2505 2182 τῷ
2537 2112 2868 2175 Κωλωνείας
2909 2110 3233 2180 ὲπισκόπῳ,
3273 2109 3352 2172 ὡς
3385 2109 3452 2162 ἂν
3483 2109 3583 2179 τὴν
3625 2108 3747 2162 διὰ-

2152 2224 2300 2261 νοιαν
2327 2205 2422 2259 τοῦ
2453 2202 2818 2258 ἀποστολικοῦ
2847 2202 3016 2272 ῥητοῦ
3045 2201 3347 2256 καταλάϐοι
3376 2201 3742 2272 σαφέστερον,

2153 2302 2248 2355 καὶ
2275 2299 2651 2352 ἁνακαλύπτει
2679 2298 2879 2363 πάντα,
2904 2297 3006 2350 ὅσα
3033 2295 3184 2366 αὐτῷ
3204 2311 3264 2347 τε
3291 2294 3386 2346 καὶ
3409 2295 3522 2356 τοῖς
3547 2291 3743 2345 συνοῦ-

2154 2411 2240 2446 σιν
2270 2391 2645 2462 διεπράττετο.
2701 2389 2761 2442 Ὁ
2791 2389 2848 2443 δὲ
2878 2387 3144 2458 ἀναφέρει
3182 2385 3358 2438 ταῦτα
3421 2383 3500 2454 τῷ
3531 2383 3745 2454 βασιλεῖ

2153 2482 2563 2555 (Ἰουστινιανδς
2581 2481 2639 2534 δὲ
2662 2477 2751 2552 ἦν,
2773 2484 2802 2536 ὁ
2823 2481 2962 2552 μετὰ
2990 2479 3316 2550 Ἡράκλειον
3339 2478 3436 2548 τὴν
3451 2476 3741 2547 βασιλείαν

2152 2574 2580 2648 διαδεξάμενος)’
2616 2575 2713 2628 καὶ
2748 2574 2808 2637 ὃς
2851 2572 3048 2644 ἐρεύνῃ
3079 2573 3176 2625 καὶ
3217 2569 3398 2642 κρίσει
3436 2568 3616 2638 δικαίᾳ
3659 2566 3734 2619 τὰ

2149 2671 2270 2725 κατ’
2301 2669 2504 2730 αὐτοὺς
2539 2665 2916 2736 ὑποϐληθῆναι
2947 2663 3216 2726 κελεύσας
3236 2703 3251 2728 ,
3283 2660 3412 2722 τούς
3431 2678 3490 2714 τε
3520 2661 3732 2730 ἀμετα-

2153 2763 2399 2834 μελήτως
2439 2759 2551 2830 (48)
2598 2758 2858 2829 ἔχοντας,
2909 2760 3006 2810 καὶ
3051 2757 3180 2819 τοὺς
3225 2754 3518 2824 μετάνοιαν
3562 2751 3740 2803 πάλαι

2154 2855 2254 2926 μὲν
2281 2850 2810 2920 ἐπαγγειλαμένους,
2857 2849 3059 2918 ὁμοίως
3084 2848 3140 2900 δὲ
3156 2847 3251 2900 καὶ
3271 2844 3382 2916 (I9)
3405 2845 3505 2914 τὴν
3527 2839 3744 2895 ἑαυτῶν

2149 2945 2487 3003 ἀποστασίαν
2511 2942 2878 3012 περιέποντας
2905 2939 3046 3010 (50),
3065 2939 3156 2992 τὸν
3181 2937 3270 2991 διὰ
3301 2937 3474 3008 πυρὸς
3500 2932 3745 3000 ὑποστῆ-

457 3042 546 3076 ναι
574 3023 878 3094 προσέταξε
909 3024 1160 3079 θάνατον.
1193 3027 1300 3079 Καὶ
1327 3025 1388 3078 τὸ
1416 3027 1514 3096 μὲν
1543 3028 1674 3082 ἄλλο
1731 3031 1937 3102 πλῆθος
1966 3035 2084 3108 ἅμα
2123 3036 2396 3110 Συμεῶνι,
2423 3033 2502 3104 τῷ
2536 3033 2630 3086 καὶ
2664 3033 2834 3103 Τίτῳ,
2865 3029 3040 3094 οὕτως
3088 3029 3183 3083 τοῦ
3213 3028 3315 3099 ζῇν
3381 3023 3597 3096 πικρῶς
3629 3023 3747 3077 άπ-

459 3116 860 3186 εστερήθησαν.

532 3213 674 3267 ΧΙΧ.
709 3212 910 3268 Paulus
941 3227 1068 3267 vero
1092 3214 1313 3283 quidam
1335 3255 1351 3281 ,
1382 3217 1677 3272 Armenius
1698 3235 1921 3290 genere,
1954 3223 2044 3278 cui

2221 3219 2323 3274 ιεγ.
2355 3216 2570 3279 Παῦλος
2606 3215 2664 3269 δέ
2699 3229 2804 3300 τις,
2841 3215 2999 3282 γένος
3040 3211 3328 3285 Ἀρμένιος
3349 3252 3364 3277 ,
3407 3211 3502 3265 δύο
3533 3211 3747 3264 παίδων

459 3307 569 3359 duo
601 3305 694 3359 ﬁlii
724 3314 884 3360 erant
912 3304 1232 3376 Gegnmsius
1263 3317 1318 3362 et
1351 3307 1709 3377 Theodorus,
1745 3315 2042 3384 supplicio,

459 3399 606 3468 quod
637 3397 733 3453 toti
761 3398 1146 3468 Apostatarum
1179 3400 1345 3454 coetui
1376 3399 1707 3457 destinatum
1743 3404 1918 3461 fuerat
1940 3447 1954 3462 .
1986 3422 2047 3461 se

462 3491 587 3561 fuga
615 3490 962 3554 subducens,
994 3491 1048 3544 in
1083 3491 1262 3545 vicum
1303 3508 1466 3562 supra
1496 3504 1881 3562 memoratum,
1921 3496 2050 3566 Epi-

462 3585 664 3655 s'parim
705 3584 961 3644 nomine,
999 3592 1278 3654 receptum
1315 3583 1530 3649 hahuit,
1573 3586 1664 3639 ubi
1714 3587 2048 3657 impietatem

463 3675 822 3731 disseminare
873 3675 1194 3730 conabatur.
1238 3677 1320 3730 Ab
1363 3676 1466 3731 hoc
1499 3686 1683 3731 autem
1722 3679 1890 3733 Paulo
1925 3695 2050 3748 pars

462 3768 788 3824 defectionis
826 3783 939 3822 non
979 3767 1202 3823 minima
1224 3809 1239 3834 ,
1271 3777 1327 3823 et
1363 3769 1684 3824 detestanda
1727 3769 2057 3826 Manichaeo-

2153 3311 2357 3380 πατὴρ,
2390 3302 2466 3364 ὧν
2511 3307 2626 3379 (51)
2655 3306 2734 3377 τῷ
2781 3309 2880 3375 μὲν
2925 3301 2995 3375 ἧν
3040 3305 3360 3372 Γεγναίσιος
3403 3303 3541 3374 (52),
3566 3302 3644 3374 τῷ
3682 3303 3750 3356 δὲ

2152 3404 2427 3472 Θεόδωρος
2456 3401 2627 3470 ὄνομα
2649 3441 2664 3466 ,
2695 3400 2790 3452 τοῦ
2829 3399 3064 3453 Θανάτου
3096 3398 3472 3470 διαδιδράσκει
3501 3399 3612 3468 (55)
3634 3437 3649 3460 ,
3681 3397 3750 3460 ὃς

2153 3495 2299 3551 κατὰ
2329 3495 2512 3564 πάσης
2539 3494 2638 3563 τῆς
2670 3492 3031 3554 άποστάτιδος
3073 3491 3269 3561 μοίρας
3301 3490 3573 3558 ἐψήφιστο
3593 3528 3607 3550 ,
3647 3487 3750 3542 καὶ

2156 3587 2522 3660 παραγίνεται
2558 3585 2658 3656 μὲν
2693 3586 2774 3648 εἰς
2805 3583 2902 3654 τὴν
2928 3582 3137 3637 ἄνωθεν
3165 3583 3298 3652 ἡμῖν
3342 3580 3750 3651 ὀνομασθεῖσαν

2168 3681 2524 3751 Ἐπίσπαριν,
2563 3678 2659 3732 καὶ
2703 3677 2950 3747 σπείρειν
2988 3675 3292 3740 ἐσπούδαζε
3323 3676 3423 3746 τὴν
3461 3675 3743 3729 άσέὸεισν.

2167 3773 2263 3826 Ἐκ
2295 3773 2489 3825 τούτου
2520 3770 2585 3842 δὴ
2613 3768 2708 3822 τοῦ
2739 3768 2954 3823 Παύλου
2999 3767 3160 3839 μερὶς
3198 3767 3300 3821 οὐκ
3348 3766 3606 3837 ἐλαχίστη
3642 3766 3748 3836 τῆς

467 3876 587 3915 rum
635 3867 792 3930 putat
839 3875 897 3914 se
940 3859 1447 3915 denominationem
1493 3862 1813 3931 accepisse.
1875 3863 2048 3932 potius

2159 3863 2491 3926 άποστασίας
2519 3863 2615 3915 καὶ
2655 3861 2756 3932 τὴν
2782 3859 3102 3931 ἐπωνυμίαν
3128 3859 3310 3912 ἕλκειν
3349 3858 3550 3929 μᾶλλον
3596 3857 3630 3928 ἢ
3676 3858 3748 3911 ὲκ

463 3965 627 4020 quam
663 3965 728 4004 ex
759 3948 1048 4004 Callinices
1081 3949 1223 4004 ﬁliis.
1267 3948 1364 4004 llic
1404 3949 1571 4005 fdium
1605 3967 1765 4006 suum
1824 3952 2048 4024 Gegnaa~

2159 3956 2262 4010 τῶν
2308 3955 2408 4024 τῆς
2443 3953 2779 4021 Καλλινίκης
2833 3951 2945 4023 (54)
2997 3949 3206 4004 παίδων
3236 3950 3300 4003 τὸ
3342 3949 3586 4020 μυσαρὸν
3633 3948 3747 4001 τῶν

465 4043 606 4098 sium
639 4041 937 4110 impietatis
981 4041 1308 4113 magistrum
1336 4042 1645 4110 constituit,
1679 4044 1798 4113 ejus
1831 4046 2048 4099 nomine

2159 4047 2468 4118 Μανιχαίων
2495 4045 2648 4109 ἔθνος
2677 4043 2991 4115 νομίζουσιν
3025 4042 3162 4114 (55).
3210 4036 3381 4105 Οὗτος
3421 4041 3513 4093 τὸν
3547 4037 3743 4093 ἑαυτοῦ

466 4135 521 4189 in
574 4133 922 4188 Timotheum
961 4142 1319 4188 commutato.
1378 4133 1496 4200 Qua
1546 4135 1614 4190 de
1664 4151 1826 4190 causa
1883 4136 2048 4190 frater

2159 4138 2256 4190 ιὶὸν
2303 4135 2619 4203 Γεγναίσιον
2665 4135 2747 4197 εἰς
2791 4133 2853 4185 τὸ
2904 4131 3006 4201 τῆς
3051 4130 3346 4201 ἀθεότητος
3411 4127 3738 4198 προκαθίξει

464 4226 586 4296 ejus
624 4223 826 4279 invidia
865 4224 1178 4280 stimulatur
1209 4243 1221 4279 :
1262 4225 1468 4281 invidia
1505 4236 1688 4282 autem
1723 4228 2047 4284 seditionem

2159 4225 2537 4290 ἰιδασκαλεῖον,
2570 4222 2951 4294 μετονομάσας
2977 4219 3264 4290 Τιμόθεον.
3309 4217 3399 4286 Ἐξ
3427 4213 3488 4274 οῦ
3509 4219 3574 4288 δὴ
3607 4217 3749 4287 φθό-

539 4369 560 4396 ⁸
585 4365 794 4422 Coloss.
829 4381 866 4429 ι,
909 4364 1094 4417 16-18.

1594 4478 1827 4534 νΑῐιιΑς
1861 4478 2244 4536 LECTIONES
2277 4478 2364 4533 ET
2404 4477 2640 4534 NOTAE.

541 4621 660 4692 (46),
685 4621 925 4692 οὺίίτόν.
959 4618 1224 4692 Ita__r_nalo
1267 4633 1390 4692 cum
1435 4618 1658 4692 Nostro,
1689 4635 1853 4690 quam
1885 4619 2048 4672 αὐτὸν

2195 4690 2206 4692 _
2229 4618 2341 4692 (52)
2367 4616 2750 4692 [ἐναίσιοᾳ
2790 4613 2981 4668 Petrus
3020 4611 3257 4692 Siculus,
3291 4611 3420 4692 l._'c.
3459 4609 3752 4676 Γεγνέσιος

465 4688 590 4749 cum
634 4688 991 4745 Coisliniano.
1043 4688 1145 4743 Hic
1192 4688 1339 4743 enim
1393 4688 1890 4759 pahnarius‘error
1936 4699 2053 4742 erat

468 4763 885 4817 Manichaeorum
911 4800 927 4823 ,
955 4760 1101 4828 quod
1132 4775 1236 4812 non
1278 4761 1519 4814 eumdem
1559 4762 1900 4815 conditorem
1929 4759 2055 4812 οωιί

467 4843 523 4887 et
554 4842 734 4892 terrae,
767 4846 932 4899 quam
965 4831 1182 4883 Patrem
1215 4828 1460 4895 Christi,
1491 4831 1782 4885 crederent
1810 4840 1864 4884 et
1891 4829 2058 4899 profi-

470 4912 750 4964 terentur,
785 4898 931 4968 quod
974 4907 1159 4955 tamen
1197 4899 1391 4954 Justus
1423 4901 1478 4955 vi
1509 4901 1645 4956 dicti
1691 4901 1902 4956 Paulini
1938 4898 2058 4953 lieri

469 4974 670 5028 debere
701 4970 939 5024 videbat.

541 5042 652 5112 (47)
684 5040 868 5108 Παρὰ.
892 5039 966 5092 Ita
998 5049 1144 5112 recte
1177 5041 1429 5107 Coislin.,
1461 5049 1516 5095 at
1543 5040 1738 5098 Noster
1768 5040 1916 5111 περί.

541 5109 652 5184 (48)
692 5109 1203 5184 Ἇμετίψεγὶτῗτωςε
1229 5113 1400 5184 Itauex
1441 5112 1659 5184 Nostro,
1712 5129 1814 5184 pro
1844 5109 2052 5184 διμετα-

474 5178 741 5254 μελήτους
778 5181 926 5254 quod
960 5181 1127 5236 habet
1166 5179 1557 5238 Coislinianus.
1589 5178 1812 5239 Phrasis
1849 5178 2054 5237 Graecis

471 5252 878 5324 perfamiliaris.
991 5321 1002 5324 _
1107 5283 1110 5286 ι

544 5325 656 5394 (49)
686 5321 816 5377 Καί.
851 5321 1076 5394 Rectius
1101 5337 1210 5394 non
1237 5323 1482 5394 agnoscit
1510 5338 1615 5394 ms.

545 5392 658 5466 (59;)
699 5392 1120 5466 Περιέπωςτας.
1157 5393 1231 5446 Ita
1274 5392 1480 5466 optime
1509 5393 1914 5466 Cgislinianus,
1955 5411 2054 5466 pro

470 5462 580 5538 quo
602 5462 799 5538 Noster
827 5463 1087 5516 mendose
1108 5463 1524 5533 περιπεσόντας.
1549 5463 1885 5535 Frequenter
1908 5462 2054 5522 Pho-

475 5532 584 5592 tins
623 5532 788 5604 priori
820 5547 953 5604 voce
981 5547 1113 5604 u_s_us
1143 5532 1248 5588 eSt.

546 5597 656 5675 (δι’)
691 5597 823 5675 Ὧν.
883 5601 976 5675 lta_
1005 5601 1203 5675 Noster
1242 5602 1457 5675 ριόίῶν
1496 5603 1850 5675 coisliniano.
1897 5605 2053 5663 Prius

477 5672 626 5729 certe
649 5674 819 5744 magis
838 5672 1090 5742 quadrat,
1112 5672 1462 5729 referendum
1489 5674 1700 5730 scilicet
1724 5676 1790 5730 ad
1820 5677 2050 5736 παίδων.

478 5760 637 5819 quam
681 5746 972 5819 posterius,
1005 5745 1152 5819 quod
1190 5745 1488 5813 pertineret
1515 5744 1580 5798 ad
1620 5749 1826 5819 πατὴρ.
1859 5748 2052 5802 Petrus

484 5813 698 5871 Siculus
736 5815 929 5870 astruit
953 5813 1240 5870 lectionem
1269 5826 1528 5881 nostram,
1561 5831 1614 5886 p.
1649 5817 1738 5870 48.

2159 4681 2492 4745 ουἐἰιὴίιοιίι
2519 4691 2579 4738 τὸ
2603 4703 2659 4738 αι
2689 4695 2744 4739 et
2767 4702 2790 4736 ε
2827 4683 3217 4753 pronuntiandi
3257 4681 3546 4753 rationem.

2229 4746 2840 4830 (δόλΔιαδιδρᾴολκειᾞ
2860 4753 3166 4830 Ita__Noster
3196 4767 3294 4830 pro
3321 4751 3608 4830 5t-6pti‘m‘tst'
3637 4746 3754 4800 Co-

2155 4819 2643 4884 dieis.Coisliniani
2673 4827 2866 4879 Petrus
2907 4824 3126 4877 Siculus
3156 4819 3322 4876 habet
3353 4819 3753 4890 ἀποδιδράσκει

2157 4900 2351 4954 eodem
2386 4914 2572 4952 sensu.

2217 4969 2344 5092 2(5:5)
2383 4966 2776 5032 Καλνιινίκης.
2820 4963 2895 5017 De
2945 4961 3110 5032 huius
3141 4961 3268 5016 [iliis
3296 4959 3420 5015 vide
3468 4974 3632 5029 supra
3662 4957 3754 5024 .ad

2226 5109 2339 5180 (55)
2382 5106 2731 5180 Μτινιχαίων·
2755 5104 2952 5167 ἔθνος.
2982 5101 3341 5180 ῌθοοηιίοι-οε
3370 5096 3700 5180 Ξοὶιίροιηίιιί
3733 5135 3751 5180 ,

2153 5167 2246 5250 qui
2280 5167 2891 5250 Paulicianivoeantur,
2924 5173 3128 5250 quique
3157 5187 3268 5250 non
3303 5186 3335 5223 a
3370 5171 3538 5250 Paulo
3564 5167 3662 5250 illo
3689 5176 3755 5221 et

2152 5236 2387 5311 J'oanne,
2415 5250 2483 5301 de
2515 5247 2714 5316 quibus
2737 5245 2772 5297 l.
2798 5260 2849 5296 ι’.
2881 5236 2976 5316 Sed
3015 5236 3055 5316 ᾇ
3079 5242 3246 5316 Paulo
3273 5240 3516 5316 quodam
3551 5236 3753 5316 Arme-

2154 5323 2268 5384 nio,
2302 5321 2420 5374 istis
2450 5312 2775 5376 recentiore,
2817 5313 3058 5386 nominis
3094 5313 3176 5366 sui
3205 5312 3471 5386 originem
3508 5312 3754 5386 repetie-

2155 5379 2306 5453 runt,
2322 5390 2589 5458 majorum
2612 5386 2822 5458 scilicet
2841 5383 3110 5458 exemplo,
3136 5384 3226 5458 qui
3251 5379 3552 5449 superioris
3573 5379 3753 5430 aetatis

2163 5453 2423 5517 doctores
2481 5473 2632 5516 suos.
2664 5456 2809 5525 quod
2841 5471 2907 5508 ex
2939 5453 2965 5523 §
2997 5453 3031 5506 5
3059 5461 3114 5506 et
3150 5455 3204 5527 4,
3234 5460 3518 5512 constant,
3553 5462 3754 5527 rec-eu—

2164 5532 2394 5588 tioribus
2427 5522 2788 5597 postponere,
2831 5522 3133 5597 eorumque
3154 5522 3307 5597 inter
3335 5536 3394 5574 se
3426 5522 3754 5597 memoriam

2162 5587 2482 5658 Oblitterare
2522 5587 2946 5666 consueverunt.
3003 5587 3226 5666 Interim
3284 5601 3477 5666 notare
3662 5587 3755 5666 fas

2163 5656 2286 5736 est,
2335 5668 2508 5724 videri
2561 5668 2666 5720 hoc
2718 5663 3112 5736 loeo‘Petrum
3167 5660 3411 5736 Siculum
3465 5674 3494 5712 a
3548 5656 3756 5710 I’ltotio

2160 5731 2333 5804 abire,
2366 5738 2606 5808 quando,
2641 5751 2694 5806 p.
2719 5737 2810 5808 48,
2847 5734 3052 5808 diserte
3081 5731 3517 5808 Paulicianorum
3541 5740 3755 5782 nomen

2155 5830 2185 5869 a
2214 5801 2464 5867 Paulo-et
2494 5801 2703 5864 Joanne
2725 5847 2739 5871 ,
2775 5804 3064 5860 Callinicus
3098 5802 3246 5867 tiiiis,
3281 5801 3509 5855 derivat.
