3986 6438
264 377 328 439 sa
1319 373 1615 433 CONTRA
1655 333 2118 435 MANICH/EOS
2153 374 2385 433 LIBER
2431 373 2476 432 ί.
3458 364 3528 428 54

257 501 338 544 νος
381 481 484 551 μὲν
513 479 795 550 ἐμφύεται
824 479 905 550 τῷ
932 479 1169 549 ἀδελφῷ,
1195 482 1290 533 καὶ
1319 483 1347 534 ὁ
1371 483 1565 550 φθόνος
1594 483 1691 553 τὴν
1718 483 1850 536 στά-

1969 483 2164 552 )eperit
2189 502 2202 538 :
2237 483 2310 536 ita
2339 491 2398 536 ut
2421 479 2594 534 divisa
2626 479 2876 546 impietas
2905 491 2961 530 se
2988 475 3158 544 ipsam
3185 475 3527 536 dilaceraret,

263 593 338 628 σιν
367 573 700 626 ἀπέτικτεν.
733 572 844 624 Καὶ
877 572 1080 641 ἑαυτὴν
1108 572 1445 642 διαιρεθεῖσα
1481 571 1591 644 (56)
1619 573 1843 626 κατενέ-

263 681 376 734 μετο
407 664 440 732 ἡ
482 662 720 715 ἀσέϐεια
766 664 876 714 τῶν
913 661 1160 732 ἀδελφῶν
1205 666 1297 716 καὶ
1339 663 1436 734 τὴν
1504 666 1719 735 μήτραν
1752 666 1847 718 καὶ

259 756 343 824 τήν
391 753 679 814 ἀσέϐειαν,
735 753 830 806 τοῦ
892 754 993 824 μὲν
1039 755 1290 821 λέγοντος
1340 757 1440 823 τὴν
1485 757 1582 808 τοῦ
1642 759 1847 826 πατρὸς

258 846 448 898 ἀνωθεν
490 845 928 915 ἀπεσταλμένην
976 846 1156 916 χάριν,
1196 847 1390 898 ἑαυτόν
1438 863 1500 899 τε
1550 849 1704 918 παρὰ
1752 847 1847 900 τοῦ

259 938 502 999 λαϐόντος
535 937 676 1005 (56⁸)
723 937 1099 1001 εἰσδέξασθαι,
1153 939 1248 990 καὶ
1277 938 1374 990 τοῦ
1415 938 1715 1007 προνομίου
1747 938 1846 1007 τῆς

263 1029 499 1090 ἀσεϐείας
532 1029 621 1099 τῷ
647 1028 888 1099 δευτέρῳ
923 1029 1000 1101 μὴ
1030 1029 1346 1093 ἐξίστασθαι
1367 1047 1380 1060 ·
1422 1030 1514 1082 τοῦ
1549 1031 1607 1082 δὲ
1638 1029 1848 1083 Θεοδώ-

264 1142 345 1193 pm
372 1121 584 1191 ταύτην
634 1123 1012 1185 ἀπισπῶντος
1047 1123 1132 1187 ἐφ’
1165 1121 1380 1182 ἑαυτὸν,
1410 1123 1503 1175 καὶ
1539 1122 1616 1192 μὴ
1645 1121 1850 1192 πατρό-

261 1215 341 1265 θεν
370 1213 479 1279 (57)
528 1214 600 1263 ὲκ
632 1212 732 1264 τοῦ
775 1211 1036 1273 λαϐόντος
1078 1210 1308 1281 δευτέρᾳ
1339 1211 1490 1264 δόσει
1535 1215 1848 1282 μετασχεῖν,

259 1304 364 1357 ἀῦσ
393 1306 457 1356 ἐκ
488 1305 591 1372 τῆς
628 1301 860 1372 πρώτης
895 1302 1128 1372 δωρεᾶς,
1165 1303 1261 1355 καὶ
1291 1303 1416 1355 ὅθεν
1447 1305 1475 1355 ὁ
1508 1304 1693 1374 πατὴρ
1722 1303 1852 1354 ταύ-

261 1412 349 1463 την
379 1394 658 1449 εἵλκυσεν.
684 1394 946 1464 Ἕμεινεν
969 1389 1062 1446 οὖν
1095 1396 1126 1462 ή
1155 1394 1382 1464 τοιαύτη
1412 1394 1602 1457 στάσις
1633 1395 1726 1448 καὶ
1763 1411 1854 1463 φι-

270 1486 495 1538 λονεικία
523 1486 695 1556 μέχρι
726 1488 823 1538 τοῦ
873 1485 1270 1556 ὲϐδελυτμένου
1317 1487 1503 1548 τέλους
1537 1486 1636 1555 τῆς
1676 1485 1853 1538 αὐτῶν

269 1578 694 1648 δ-λςσεϐεστάτης
722 1577 892 1648 ζωῆς.
909 1580 968 1632 '0
986 1579 1041 1632 δὲ
1067 1579 1132 1632 ἐκ
1163 1578 1568 1649 Γερμανικεξας
1594 1579 1694 1646 τῆς
1715 1577 1856 1629 κατά

271 1672 446 1742 Συρίαν
475 1671 635 1724 Λέων
671 1671 811 1738 (57⁸)
842 1671 1145 1741 τηνικαῦτα
1179 1672 1247 1728 τὰ
1279 1671 1535 1741 σκῆπτρα
1574 1669 1677 1737 τῆς
1722 1669 1854 1722 Ῥω-

278 1767 453 1834 tutati};
504 1765 696 1834 ἀρχῆς
757 1765 870 1834 (58)
910 1763 1314 1834 ὲνεχειᾴζετο·
1353 1762 1412 1825 ὃς
1455 1762 1524 1814 τά
1577 1762 1708 1833 περὶ
1748 1762 1858 1815 τῶν

1945 572 2336 629 altercantibus
2375 570 2482 624 illis
2521 579 2628 623 tam
2677 573 2872 621 natura
2903 580 3066 634 quam
3104 564 3383 631 impietate
3422 563 3532 615 fra-

1947 667 2144 728 tribus,
2185 665 2296 718 alio
2334 663 2554 732 quidem
2578 661 2832 722 dicente,
2864 658 3084 712 missam
3122 670 3151 708 a
3184 655 3343 707 Patre
3368 654 3534 707 desu-

1945 768 2044 824 per
2071 753 2299 823 gratiam
2338 752 2406 806 ab
2441 767 2524 814 eo,
2562 750 2654 819 qui
2700 755 3025 816 acceperat,
3068 760 3127 798 se
3166 743 3475 812 suscepisse
3518 759 3532 795 :

1947 861 2117 914 seque
2147 845 2528 915 praefecturam
2577 841 2874 912 impietatis
2909 839 3153 894 secundo
3202 853 3310 890 non
3345 851 3535 890 ccssu-

1949 953 2065 990 ram
2100 953 2250 1003 esse;
2291 935 2583 991 Theodoro
2621 943 2806 988 autem
2861 932 3004 986 hanc
3045 930 3111 983 ad
3163 944 3223 983 se
3262 928 3536 991 trahente,

1950 1045 2015 1084 ac
2051 1030 2268 1084 dicente
2314 1044 2374 1083 se
2404 1043 2518 1080 non
2552 1042 2580 1080 a
2613 1025 2774 1078 Patre
2805 1041 2875 1078 ex
2911 1023 3054 1088 ejus,
3083 1021 3174 1090 qui
3206 1027 3534 1088 acceperat,

1951 1138 2119 1177 manu
2151 1121 2305 1190 quasi
2350 1120 2590 1175 secundo
2629 1121 2774 1173 dono
2808 1117 3109 1184 accepisse,
3143 1114 3238 1168 sed
3263 1128 3330 1167 ex
3361 1112 3538 1181 primo

1952 1214 2118 1274 dono,
2149 1223 2206 1267 et
2238 1213 2366 1266 inde
2403 1213 2684 1272 hausisse,
2721 1210 2866 1263 unde
2907 1207 3068 1262 Pater
3120 1213 3378 1260 traxerat.
3413 1203 3540 1258 llaec

1953 1321 2120 1375 porro
2157 1304 2356 1359 seditio
2395 1303 2784 1370 contentioque
2817 1300 2885 1354 ad
2927 1314 3101 1367 usque
3133 1298 3293 1352 tinem
3333 1297 3542 1364 impiis—

1956 1398 2107 1451 simae
2135 1397 2418 1450 amborum
2443 1394 2568 1448 vita:
2597 1391 2992 1462 perseveravit.
3027 1390 3137 1443 Leo
3166 1400 3371 1451 autem,
3403 1387 3542 1441 Ger—

1956 1487 2203 1541 maniciae
2236 1486 2292 1539 in
2323 1484 2475 1555 Syria
2514 1492 2687 1545 ortus,
2718 1492 2849 1536 tunc
2875 1478 3104 1534 Romani
3132 1477 3346 1546 imperii
3382 1491 3545 1544 scep-

1961 1587 2039 1631 tra
2071 1569 2477 1641 moderabatur,
2508 1575 2602 1644 qui
2637 1573 2938 1642 compertis
2964 1570 3413 1639 impiissimorum
3445 1567 3546 1621 ho-

1959 1670 2167 1725 minum
2201 1669 2402 1740 gestis,
2443 1665 2789 1737 Gegnaasium
2837 1662 3147 1718 accersivit.
3184 1661 3323 1714 Cum
3360 1667 3543 1713 autem

1960 1762 2130 1832 probe
2162 1761 2327 1815 sciret
2372 1759 2493 1814 hac
2524 1756 2871 1812 examinandi
2919 1755 3008 1824 jus
3048 1769 3156 1806 non
3188 1751 3290 1805 sibi
3325 1765 3546 1818 compe-

284 1856 634 1910 ἀσεϐεστάτων
679 1855 894 1907 τούτων
936 1854 1251 1924 ἀναμαθὼν,
1311 1853 1706 1923 μετάπεμπτον
1757 1850 1855 1924 μὲν

1969 1864 2095 1918 tere,
2129 1868 2282 1908 reum
2314 1851 2382 1905 ad
2420 1850 2784 1920 patriarcham
2823 1847 2968 1901 illius
3018 1843 3285 1912 temporis
3314 1839 3544 1899 remisit,

295 1952 484 2001 :stai-tat
530 1948 631 2000 τὸν
685 1948 1027 2016 Γεγναίσιον.
1081 1948 1193 1999 Οὐκ
1243 1945 1384 2014 ἔχων
1436 1945 1493 1998 δὲ
1541 1945 1728 2013 κρίσιν
1785 1941 1856 1994 τὰ

294 2041 476 2094 rota-3n
500 2041 819 2110 διερευνᾷν,
853 2041 944 2093 καὶ
970 2039 1128 2092 τοῦτο
1154 2037 1336 2100 καλῶς
1365 2034 1621 2096 συνειδὼς
1645 2073 1660 2097 ,
1693 2033 1856 2096 αὐτὸς

296 2135 378 2202 μὲν
408 2134 498 2185 οὒκ
516 2131 776 2196 ἐξετάζει
803 2131 896 2183 τὸν
919 2129 1260 2183 αἱτιαθένταο
1286 2127 1363 2198 τῷ
1379 2127 1438 2180 δὲ
1466 2127 1606 2180 κατά
1631 2125 1857 2194 καιροὺς

295 2227 387 2278 τῶν
409 2224 687 2297 ἱερατικῶν
715 2224 928 2294 θρόνων
958 2223 1060 2292 τὴν
1093 2221 1390 2292 προεδρίαν
1422 2219 1642 2289 λαχόντι
1671 2216 1859 2281 ἐξετα-

305 2320 593 2388 σθησόμενον
619 2317 777 2386 ὑπὲρ
807 2317 909 2386 τῆς
959 2314 1256 2385 θρησκείας
1300 2313 1626 2381 διαπέμπει.
1668 2310 1855 2377 Λόγων

315 2405 396 2462 ὧν
417 2409 600 2461 πολλῶν
615 2408 757 2476 πρὸς
781 2407 876 2459 τὸν
902 2407 1220 2474 ἀποστάτην
1253 2403 1732 2475 προεληλυθότων,
1762 2399 1859 2454 καὶ

319 2502 372 2554 τά
407 2501 492 2568 μὲν
520 2501 617 2552 τῶν
651 2499 1054 2568 ἀσεϐημάτων,
1095 2497 1170 2560 ὡς
1219 2496 1340 2558 ἔθος
1371 2496 1576 2560 αὐτοῖς,
1627 2493 1717 2546 διὰ
1758 2493 1858 2564 τῆς

303 2595 538 2661 ἀρνήσεως
582 2590 965 2660 ἀποδυομένου
991 2630 1007 2653 ,
1047 2589 1119 2642 τά
1155 2588 1235 2652 δὲ,
1280 2588 1524 2659 ῥήμασιν
1553 2586 1860 2659 ὀρθοδόξοις

299 2685 698 2754 ἐπιχρωννύντος
725 2723 741 2746 ,
771 2687 869 2736 καὶ
914 2681 994 2753 τῷ
1035 2681 1364 2750 πολυπλόκῳ
1394 2680 1504 2733 τῶν
1545 2677 1859 2749 μεταϐολῶν

294 2768 348 2842 ἧς
366 2773 526 2842 ἔνοχος
551 2769 630 2843 ἧν
667 2771 1046 2834 ἀποστασίας,
1075 2771 1465 2832 διεισδύνοντός
1495 2787 1553 2822 τε
1581 2770 1677 2822 καὶ
1699 2767 1860 2821 διολι-

291 2865 566 2928 σθαίνοντος
590 2907 608 2931 ,
647 2866 686 2935 ἡ
739 2864 849 2917 τῶν
895 2863 1186 2934 ἀκροατῶν
1225 2862 1405 2933 ψῆφος
1435 2861 1669 2932 ἀφεώρα
1718 2861 1862 2930 πρὸς

286 2957 519 3010 ἁθώωσινο
572 2957 679 3011 καὶ
717 2958 747 3010 ὁ
787 2956 970 3027 πάσης
1005 2955 1261 3019 ἀσεϐείας
1301 2955 1520 3024 πλήρης
1565 2953 1862 3016 ἀνεύθυνος

289 3044 395 3101 εἶναι
433 3049 547 3102 τῶν
594 3048 995 3119 ἓπικλημάτων
1033 3047 1335 3118 ἐνομίζετο.
1372 3047 1435 3099 Οἱ
1463 3046 1522 3099 δὲ
1560 3045 1748 3113 λόγοι,
1785 3045 1862 3108 ὡς

289 3139 390 3208 ἄνη
433 3138 692 3209 μίμησις
732 3137 910 3202 εἴποι,
948 3137 1177 3208 τοιούτῳ
1205 3135 1562 3190 διετυποῦντο
1595 3136 1858 3206 σχήματι·

282 3245 299 3277 ι
318 3228 400 3282 ,διά
430 3230 507 3292 τί,
547 3229 732 3298 φησὶν
760 3229 790 3280 ό
816 3227 1190 3298 πατριάρχης,
1225 3219 1270 3279 ὧ
1305 3219 1486 3290 οὗτος,
1516 3226 1617 3296 τὴν
1646 3224 1862 3295 ὀρθόδο-

277 3320 347 3384 ξην
371 3322 696 3393 ἀπηρνήσω
731 3319 951 3383 πίστιν;
985 3337 1004 3370 ι
1051 3319 1110 3372 '0
1134 3319 1194 3372 δὲ
1219 3317 1538 3389 ἀποστάτης
1571 3317 1665 3370 τὸν
1693 3318 1864 3388 ἀρνη-

279 3415 484 3479 σάμενον
529 3413 648 3480 τὴν
679 3410 964 3483 ὀρθόδοξον
998 3410 1218 3473 πίστιν,
1265 3407 1517 3479 ἀνάθεμα
1561 3402 1703 3462 εῖναι
1755 3408 1864 3460 ὑπ-

284 3505 521 3572 εκρξνατο,
560 3503 854 3575 ὀρθόδοξον
882 3503 1066 3557 καλῶν
1090 3503 1152 3556 τὺ
1176 3504 1378 3556 οἰκεῖον
1406 3500 1684 3571 ἀσέϐημα.
1710 3499 1868 3553 Ἐπεὶ

275 3595 318 3648 δὲ
341 3598 422 3650 καὶ
451 3597 713 3666 δευτέρα
740 3595 1013 3668 προῆλθεν
1037 3593 1330 3666 ἐρώτησις·
1370 3611 1390 3645 ί
1417 3592 1518 3645 Διὰ
1537 3593 1588 3646 τί
1615 3593 1677 3645 οὐ
1696 3607 1868 3662 προσ-

272 3693 430 3752 κυνεῖς
465 3689 581 3742 καὶ
614 3687 1015 3758 περιπτύσσεις
1049 3685 1144 3739 τὸν
1167 3684 1404 3755 σταυρὸν
1422 3684 1518 3737 τοῦ
1545 3683 1814 3754 Χριστοΰς
1840 3701 1862 3734 ι

264 3780 288 3829 ὀ
322 3779 654 3848 ἀποστάτης
707 3778 873 3831 πάλιν
907 3780 974 3849 τῇ
1026 3775 1196 3848 ὁμοίᾳ
1221 3777 1331 3848 ἀρᾷ
1371 3778 1465 3830 τὸν
1517 3775 1594 3848 μὴ
1621 3792 1866 3846 προσκυ-

266 3871 445 3925 νοῦντα
466 3871 578 3925 τὸν
609 3870 874 3932 ζωοποιὸν
902 3869 1138 3940 σταυρὸν
1160 3867 1601 3938 περιεπέμπετο,
1633 3866 1869 3937 σταυρὸν

259 3964 284 4014 ὁ
309 3965 481 4034 πάσης
512 3964 672 4034 ἀρᾶς
710 3961 914 4033 ἔνοχος,
941 3963 1036 4015 καὶ
1060 3960 1128 4015 τὰ
1155 3959 1270 4016 άνω
1299 3961 1452 4014 κάτω
1481 3959 1675 4024 ποιῶν,
1704 3958 1868 4013 αὑτὸν

258 4055 555 4108 ἀποκαλῶν
609 4054 704 4107 τὸν
753 4052 991 4123 Χριστόν
1042 4051 1178 4122 (59).
1232 4052 1311 4123 Τῇ
1358 4052 1468 4123 γὰρ
1519 4050 1628 4104 τῶν
1667 4049 1868 4121 χειρῶν

258 4145 472 4198 ἐκτάσει
517 4145 718 4209 αὐτὸς,
749 4145 907 4214 φησὶ,
939 4144 1198 4214 διέγραψε
1225 4143 1317 4196 τὸν
1348 4143 1608 4213 σταυρόν.
1648 4143 1761 4196 Καὶ
1799 4141 1870 4195 τά

260 4237 351 4304 μὲν
380 4239 450 4308 ρή
463 4254 630 4308 ματα
663 4233 809 4307 ἦσαν
831 4235 926 4290 τοῦ
964 4236 1200 4307 θεάτρου
1238 4237 1353 4305 (60)
1381 4237 1478 4290 καὶ
1502 4234 1681 4298 κοινὰ,
1709 4235 1779 4288 τά
1811 4234 1869 4288 δὲ

255 4329 335 4381 διὰ
376 4331 492 4383 τῶν
554 4330 826 4398 ῥημάτων
867 4328 1204 4399 δηλούμενα,
1252 4330 1354 4399 τῆς
1400 4327 1742 4389 ἀποστασίας
1775 4327 1870 4380 καὶ

257 4419 525 4487 μυστικά.
605 4417 730 4471 Ἐπὶ
771 4417 983 4482 τούτοις
1033 4419 1299 4490 ὲρωτᾶτο·
1366 4437 1384 4470 t
1425 4418 1490 4471 Τί
1523 4418 1724 4488 δήποτε
1768 4417 1871 4488 τὴν

1924 1943 2051 2012 .qui
2085 1942 2153 1998 de
2199 1940 2461 2011 religione
2505 1941 2624 2008 ejus
2666 1936 3026 2008 quaestionem
3074 1933 3320 1987 haberet.
3362 1929 3547 1982 Multis

1959 2037 2143 2105 itaque
2172 2034 2373 2088 habitis
2401 2048 2526 2086 cum
2558 2039 2805 2100 apostata
2845 2026 3153 2095 colloquiis,
3185 2039 3312 2078 cum
3366 2022 3456 2076 ille
3491 2021 3548 2074 in

1958 2127 2285 2197 quibusdam
2316 2123 2588 2195 negando,
2625 2129 2688 2175 ut
2720 2134 2838 2174 mos
2870 2117 3002 2188 ipsis
3031 2124 3148 2170 erat
3168 2153 3184 2177 ,
3211 2113 3547 2174 elaberetur,

1960 2220 2015 2275 in
2047 2219 2168 2272 aliis
2196 2227 2378 2271 autem
2421 2213 2747 2270 defectionis
2779 2220 2833 2264 et
2857 2208 3144 2278 apostasia;
3182 2221 3295 2260 sua:
3321 2213 3549 2258 senten-

1962 2311 2090 2366 tiam
2121 2307 2440 2363 orthodoxis
2475 2305 2660 2360 verbis
2700 2301 3099 2372 multiplicique
3135 2313 3333 2352 vocum
3369 2303 3550 2348 muta—

1960 2403 2110 2458 tione
2151 2403 2463 2470 obtegeret,
2517 2407 2682 2466 atque
2721 2397 2794 2449 ita
2843 2410 2873 2447 a
2927 2391 3160 2448 crimine
3213 2388 3550 2449 declinaret,

1961 2495 2270 2549 auditorum
2305 2491 2548 2546 calculus
2588 2489 2701 2557 jam
2735 2486 2801 2541 ad
2833 2501 2960 2540 eum
2987 2485 3339 2538 innocentem
3368 2478 3552 2532 decla-

1960 2588 2193 2644 randum
2263 2593 2484 2656 paratus
2543 2591 2702 2638 erat:
2758 2589 2816 2635 et
2867 2575 3199 2633 omnimodae
3251 2570 3555 2641 impietatis

1961 2681 2128 2735 homo
2154 2678 2429 2739 innoxius,
2459 2683 2513 2730 et
2536 2675 2604 2729 ab
2633 2672 2783 2729 omni
2819 2669 3052 2725 crimine
3078 2681 3250 2738 purus
3277 2665 3556 2720 existima-

1962 2769 2145 2823 batur.
2203 2764 2527 2836 Hujusmodi
2605 2771 2788 2816 autem
2861 2765 3024 2822 erat,
3058 2755 3290 2824 exempli
3343 2752 3553 2824 gratia,

1962 2856 2221 2927 colloquii
2285 2855 2504 2910 forma:
2548 2871 2567 2904 ι
2626 2853 2774 2907 Heus
2803 2862 2902 2915 tu,
2955 2849 3173 2904 dicebat
3204 2846 3554 2910 Patriarcha,

1961 2964 2132 3019 quare
2177 2947 2539 3002 orthodoxam
2591 2944 2752 2999 fidem
2809 2941 3053 3013 negasti?
3091 2959 3110 2990 ι
3174 2937 3558 3007 Respondebat

1962 3045 2248 3108 apostata.
2307 3051 2434 3090 eum
2466 3076 2482 3100 ,
2516 3033 2610 3103 qui
2657 3031 3020 3085 orthodoxam
3078 3027 3239 3081 ﬁdem
3295 3029 3553 3093 negaret,

1963 3131 2255 3184 anathema
2311 3142 2472 3190 esse,
2535 3123 2900 3179 orthodoxam
2960 3133 3164 3172 vocans
3217 3114 3556 3184 impietatem

1966 3234 2145 3274 suam.
2200 3217 2341 3272 Hinc
2379 3217 2548 3269 altera
2590 3211 2870 3282 proposita
2908 3208 3211 3278 quaestione
3253 3223 3265 3258 :
3309 3222 3327 3254 ι
3379 3203 3561 3268 Quare

1967 3325 2186 3364 crucem
2201 3307 2406 3362 Christi
2427 3321 2534 3360 non
2551 3305 2836 3368 adoras,et
2851 3295 3239 3368 amplecteris?
3267 3314 3285 3346 ι
3318 3293 3410 3348 llle
3433 3307 3563 3348 vero

1965 3402 2082 3472 pari
2118 3398 2487 3454 maledietioni
2520 3411 2678 3460 eum,
2711 3393 2803 3464 qui
2846 3391 3122 3447 viviﬁcam
3170 3400 3392 3442 crucem
3449 3399 3563 3437 non

1967 3493 2246 3556 adoraret,
2275 3488 2622 3559 subjiciebat.
2661 3489 2730 3540 At
2763 3484 2852 3538 ille
2881 3482 3030 3537 omni
3073 3475 3448 3534 exsecratione
3475 3474 3561 3528 di-

1968 3599 2110 3656 gnus
2140 3582 2326 3641 homo,
2357 3578 2453 3647 qui
2485 3576 2677 3632 omnia
2706 3590 2909 3643 susque
2938 3573 3115 3640 deque
3147 3567 3412 3630 vertebat,
3438 3579 3565 3618 cru-

1969 3691 2090 3732 cem
2127 3675 2357 3729 vocabat
2384 3672 2565 3742 ipsum
2594 3668 2876 3724 Christum
2897 3704 2912 3729 ,
2945 3666 3039 3734 qui
3071 3674 3334 3716 manuum
3360 3665 3559 3712 exten-

1970 3768 2127 3824 sione
2160 3780 2382 3821 crucem
2425 3761 2757 3819 delineabat.
2806 3759 2886 3812 Ac
2931 3756 3100 3810 verba
3136 3751 3357 3822 quidem
3406 3755 3567 3803 erant

1970 3861 2237 3918 theatrica
2270 3868 2328 3914 et
2349 3855 2694 3915 communia,
2731 3854 2826 3907 sed
2858 3865 2923 3905 ea
2947 3889 2962 3913 ,
2993 3863 3116 3918 quae
3145 3844 3328 3900 verbis
3354 3841 3566 3913 signiﬁ-

1971 3955 2262 4016 cabantur,
2314 3945 2605 4018 apostasia
2647 3941 2871 4014 propria
2911 3948 2968 3995 et
3001 3935 3250 4008 mystica.
3304 3931 3566 3988 Sciscita-

1969 4046 2131 4102 batur
2165 4044 2365 4098 iterum
2397 4057 2411 4094 :
2452 4059 2472 4091 ι
2508 4038 2619 4092 Cur
2669 4035 3076 4090 sanctissnnam
3145 4027 3427 4096 Deiparam
3466 4023 3566 4078 dc-

1971 4139 2086 4194 bito
2120 4136 2330 4189 honore
2362 4141 2420 4187 et
2444 4131 2763 4186 adoratione
2792 4142 2901 4181 non
2928 4121 3206 4194 dignaris?
3239 4139 3257 4171 ι
3291 4117 3404 4180 llle,
3432 4131 3566 4170 con-

1971 4239 2130 4285 sueto
2157 4229 2264 4284 sibi
2293 4242 2466 4291 more,
2501 4224 2791 4278 anathema
2827 4219 2964 4275 dixit
2991 4219 3047 4272 in
3073 4230 3170 4270 eos
3197 4213 3288 4281 qui
3320 4219 3566 4266 sanctam

1972 4323 2260 4392 Deiparam
2288 4334 2399 4372 non
2420 4317 2686 4380 adorent;
2717 4312 3032 4382 adiecitque
3050 4323 3109 4363 se
3142 4306 3288 4360 illam
3311 4301 3568 4371 amplecti

1973 4423 2030 4469 et
2055 4413 2270 4474 colere,
2304 4410 2362 4464 in
2405 4422 2573 4478 quam
2609 4405 2925 4475 ingressus,
2974 4406 3031 4454 et
3067 4414 3134 4452 ex
3167 4411 3273 4465 qua
3314 4406 3570 4463 egressus

255 4485 544 4579 παναγίαν
580 4509 694 4578 (6i)
729 4509 995 4563 Θεοτόκον
1028 4485 1129 4579 τῆς
1158 4509 1524 4580 ὀφειλομένης
1560 4485 1727 4580 τιμῆς
1771 4485 1861 4562 καὶ

1973 4517 2061 4564 est
2089 4505 2350 4560 Dominus
2374 4510 2561 4556 noster
2583 4497 2744 4553 Jesus
2763 4495 3036 4554 Christus,
3066 4503 3295 4558 eamque
3324 4485 3570 4540 omnium

251 4604 706 4674 προσκυνήσεως
731 4604 831 4657 οὐκ
855 4603 1062 4669 ἁξιοῖς;
1099 4624 1115 4654 ι
1167 4604 1225 4657 ὐ
1264 4603 1322 4657 δὲ
1350 4603 1412 4658 τὸ
1443 4603 1676 4673 σύνηθες
1699 4601 1866 4656 αὑτοῦ

253 4697 344 4746 καὶ
377 4687 446 4748 οὗ
487 4698 712 4766 μήποτε
744 4696 952 4768 διέστη,
986 4696 1236 4766 ἀνάθεμα
1267 4696 1410 4750 κατά
1443 4697 1552 4748 τῶν
1590 4695 1666 4767 μὴ
1695 4711 1868 4764 προσ-

252 4787 582 4840 κυνούντων
621 4788 720 4856 τὴν
769 4788 931 4857 άγίαν
960 4789 1244 4854 Θεοτόκον,
1281 4788 1613 4858 ἀπέρῥιπτε,
1645 4802 1868 4858 προστιο

253 4878 365 4944 θεὶς
399 4879 767 4944 ἀσπάζεσθαι
792 4882 892 4935 καὶ
923 4881 1250 4945 σεϐάζεσθαι
1271 4881 1464 4953 αὐτὴν,
1491 4881 1549 4933 ὲν
1577 4874 1612 4955 ᾗ
1639 4879 1868 4949 ἐξῆλθεν

1974 4606 2224 4653 nostrum
2264 4611 2386 4650 esse
2430 4602 2684 4647 matrem.
2720 4589 2850 4642 Haec
2879 4585 3143 4640 subdolus
3189 4582 3277 4635 ille
3310 4587 3572 4632 oretenus

1975 4691 2165 4746 dicens
2191 4730 2206 4756 ,
2247 4686 2553 4743 secundum
2590 4679 2984 4738 exsecrandam
3029 4677 3149 4745 ejus
3201 4670 3571 4726 initiationem

1974 4795 2140 4855 atque
2170 4781 2498 4838 sententiam
2522 4819 2536 4843 ,
2571 4792 2679 4848 qua
2712 4786 3010 4843 supernam
3040 4765 3344 4823 Jerusalem
3379 4763 3576 4832 Deipa-

1975 4891 2102 4930 ram.
2132 4889 2256 4929 esse
2286 4869 2636 4941 contingebat
2671 4862 3111 4931 simulabatque,
3147 4860 3204 4914 in
3240 4871 3402 4926 quam
3435 4869 3575 4924 prte-

1376 5012 1614 5068 VABIA‘I
1649 5011 2038 5068 LECTIONES
2070 5009 2162 5065 ET
2201 5007 2436 5065 ΝΟΤᾹΞ.

326 5125 448 5195 (56)
495 5127 890 5195 Διαιρεθεῒσα,
914 5128 993 5182 Ita
1017 5127 1200 5183 scribo
1228 5143 1329 5197 pro
1347 5125 1428 5179 διε
1438 5125 1678 5197 ρεθεῖσα,
1702 5132 1869 5194 prout

255 5207 311 5252 et
333 5198 580 5281 μίξει]ῢᾲ
594 5199 762 5281 codex
784 5199 1259 5281 _et_gramiitatie:e
1291 5199 1533 5281 rationes
1561 5197 1862 5281 postulant.

328 5268 476 5337 (56’)
518 5269 664 5335 Περὶ
705 5267 813 5322 τοῦ
851 5267 1164 5334 λαϐόντος.
1197 5269 1256 5322 Id
1293 5267 1397 5322 sibi
1429 5268 1596 5321 homo
1627 5267 1869 5320 voluisse

255 5339 514 5404 videtur,
565 5339 712 5408 quod
743 5355 773 5393 a
815 5339 976 5394 Patre
1025 5355 1124 5409 per
1164 5339 1445 5392 Christum
1490 5337 1676 5408 gratia:
1723 5337 1870 5392 dona

257 5410 573 5478 acceperit,
608 5409 857 5465 alludens
885 5412 1026 5463 forte
1056 5409 1122 5463 ad
1153 5411 1352 5479 Ephes.
1383 5425 1456 5472 IV,
1489 5411 1544 5462 8.

331 5475 459 5550 (5'7)
504 5480 633 5548 Ἐφ’
660 5479 898 5542 ἑαυτὸν,
939 5481 1036 5532 καὶ
1059 5479 1161 5548 μὴ
1202 5475 1516 5550 ἓτατρόθενζ.
1546 5477 1631 5550 illa
1659 5491 1726 5550 e}
1763 5475 1876 5550 Νο-

260 5560 379 5605 stro
422 5545 652 5605 restitui
671 5567 768 5619 pro
786 5566 852 5605 eo
881 5551 1027 5620 quod
1053 5545 1336 5620 legebatur
1364 5567 1377 5602 :
1415 5548 1499 5617 ἐφ’
1538 5545 1718 5620 ἑαυτῷ
1746 5547 1871 5620 οὐκ.

263 5620 570 5675 Consentit
614 5617 1010 5685 colluertinus,
1051 5617 1156 5674 nisi
1206 5620 1352 5689 quod
1400 5635 1501 5688 pro
1547 5619 1633 5686 ἐφ’
1683 5617 1874 5689 ἑαυτόν

264 5690 400 5760 legit
443 5690 533 5760 ἐφ’
565 5691 763 5762 ἐαυτῷ.
818 5692 1078 5746 Eamdem
1104 5687 1343 5762 phrasin
1384 5687 1678 5762 lege__inlra
1715 5687 1743 5758 §
1785 5687 1874 5762 l9.

271 5758 501 5816 Sensus
533 5758 735 5817 nostrai
769 5762 1021 5816 lectionis
1069 5758 1249 5814 clarus
1289 5769 1408 5825 cst,
1446 5758 1696 5825 scilicet,
1729 5758 1874 5825 quod

272 5831 609 5889 'lheodorus
636 5848 754 5888 eam
786 5833 886 5888 sibi
919 5831 1210 5888 vindicarit
1240 5830 1658 5902 prterogativum
1679 5871 1692 5896 ,
1727 5827 1874 5897 quod

1974 5139 2006 5178 a
2035 5121 2195 5176 Patre
2227 5120 2469 5190 ἁμέσως,
2502 5115 2655 5170 nullo
2679 5113 2983 5182 interprete
3004 5116 3099 5162 aut
3128 5105 3363 5176 parario,
3384 5102 3573 5174 gratia}

1974 5195 2117 5249 dona
2148 5189 2493 5260 acceperit"
2577 5256 2587 5260 _
2654 5255 2672 5260 _
2799 5253 2816 5260 _
3163 5247 3174 5259 ,
3248 5257 3258 5260 _
3327 5244 3358 5260 ..

2049 5262 2200 5334 (57');
2225 5246 2412 5334 Λέων.
2454 5256 2622 5334 Estis
2654 5255 2772 5334 Leo_
2799 5253 3052 5334 Isauros,
3085 5247 3175 5318 qui
3209 5257 3264 5302 et
3308 5246 3512 5300 diserte
3540 5257 3571 5294 a

1976 5324 2142 5390 Petro
2165 5324 2381 5392 'Siculo,
2414 5327 2596 5399 p.748,
2627 5324 2966 5399 nominatur.

2052 5403 2163 5472 (58)
2212 5392 2441 5470 Ἆρχῆςῖ
2479 5397 2808 5472 Restituiegt
2841 5392 3062 5447 Nostro.

2056 5459 2169 5544 (59)
2219 5459 2825 5544 Τῖὃῆὶίριστλότςηνίιιο
2871 5478 3032 5532 supra
3081 5459 3108 5530 §
3157 5459 3210 5523 8,
3261 5473 3327 5510 ex
3373 5469 3482 5523 quo
3519 5462 3575 5506 et

1984 5539 2271 5614 sequentia
2308 5539 2565 5614 illustrari
2594 5539 2813 5614 debent.

2058 5595 2340 5684 (titlfToﬁ
2372 5609 2648 5684 Osdtpov.
2684 5607 2761 5684 _ld
2815 5603 2944 5684 sibi“
2967 5598 3170 5684 procul,
3206 5595 3386 5684 dubio.
3418 5595 3536 5684 vult
3558 5633 3572 5653 ,

1987 5667 2182 5739 iis-fleuit
2230 5683 2415 5736 verbis
2445 5667 2644 5734 usuros
2681 5677 2848 5732 fuisse
2879 5667 3013 5726 alios
3054 5683 3266 5730 omnes,
3297 5667 3389 5734 qui
3438 5667 3577 5718 l'orte

1985 5757 2051 5810 ad
2087 5757 2200 5807 haec
2226 5752 2494 5806 audienda
2525 5749 2744 5803 admissi
2779 5753 2955 5800 erant.

2056 5824 2170 5896 (tit)
2197 5823 2526 5892 Πανατίαν.
2544 5819 2618 5875 Ita
2628 5818 2820 5875 Noster
2836 5835 2847 5872 :
2868 5808 3235 5868 Coisliuianus
3247 5823 3377 5863 vero
3393 5807 3576 5874 ἁγιαν.
