3986 6438
511 331 578 392 55
1661 336 1928 396 ΡΗΟΤΙΙ
1966 335 2096 395 ΡΑἸ

2203 335 2478 395 ΑΒΟΗίΕ
2517 327 2629 397 (ΖΡ.
3694 340 3758 402 56

509 457 789 499 cursorem
845 461 945 515 pro
997 447 1160 501 nobis
1205 447 1509 519 ingressum
1563 449 1732 504 fuisse
1765 449 2084 513 Christum,

2197 449 2284 502 καὶ
2313 448 2564 518 εἰσῆλθεν
2603 453 2631 502 ὁ
2665 448 2866 520 Κύριος
2898 447 3057 519 ήμῶν
3101 445 3311 518 Ἰησοῦς
3353 448 3624 518 Χριστὸς,
3668 454 3760 523 τὴν

509 537 753 606 Apostoli
782 539 948 594 verba
976 540 1293 609 praedicant.
1327 543 1528 608 Quarta
1559 543 1660 613 ipsi
1691 543 1925 612 quaestio
1962 557 2089 612 pro-

512 629 857 696 ponebatur:
919 651 937 682 ι
999 631 1112 686 Cur
1163 633 1567 689 immaculatum
1633 647 1688 690 et
1746 635 2089 690 tremendum

510 717 734 782 Christi,
768 718 862 773 Dei
897 722 1105 784 nostri,
1141 738 1342 792 corpus
1370 732 1426 778 et
1455 723 1774 794 sanguinem
1805 731 2091 778 contume-

514 809 600 861 liis
641 810 876 866 alliceret
909 821 967 866 et
1024 824 1328 884 reapueret,
1385 831 1565 885 neque
1610 816 1710 885 ipsi
1766 814 2090 884 participare

513 901 705 955 vellet?
730 921 748 953 ι
774 901 867 956 Ille
887 905 1307 962 scelestissimus
1330 908 1527 962 iterum
1549 923 1694 969 eum.
1713 909 2019 977 quicorpus
2035 916 2092 960 et

511 996 830 1064 sanguinem
845 999 1168 1064 Christi,Dei
1189 1001 1383 1065 nostri,
1401 1001 1746 1056 contumeliis
1761 1000 2019 1064 alliceret,
2038 1008 2093 1060 et

512 1093 664 1137 extra
689 1086 1163 1157 participationem
1183 1091 1305 1158 ejus
1327 1101 1599 1155 maneret,
1630 1091 1978 1145 anathemate
2001 1091 2088 1145 fe-

514 1176 708 1235 riebat.
737 1193 940 1249 corpus
975 1191 1031 1235 et
1053 1183 1373 1253 sanguinem
1412 1183 1720 1254 intelligens
1748 1185 1912 1238 homo
1938 1186 2092 1240 dete-

512 1270 763 1334 standus,
791 1288 900 1326 non
928 1289 1050 1342 quae
1079 1274 1344 1329 Dominus
1364 1285 1554 1330 noster
1573 1291 1774 1346 corpus
1806 1287 1863 1330 et
1877 1278 2094 1348 sangui-

512 1375 639 1414 nem
677 1364 922 1419 vocanda
970 1381 1092 1420 esse
1147 1367 1354 1432 docuit,
1380 1368 1479 1424 sed
1533 1367 1816 1423 Dominica
1853 1370 2089 1440 eloquia.

517 1451 593 1505 De
637 1453 903 1509 catholica
949 1455 1191 1512 Ecclesia
1239 1459 1608 1529 interrogatus
1640 1500 1656 1523 ,
1707 1461 1837 1514 dum
1896 1461 2092 1515 similia

517 1546 892 1614 responderet,
942 1563 1042 1618 per
1079 1551 1406 1606 catholicam
1454 1551 1758 1607 Eeclesiam
1803 1552 2094 1608 confessus

515 1637 937 1694 Manichaeorum
988 1641 1368 1711 intelligebat,
1419 1644 1675 1714 ipsosque
1727 1645 1832 1700 hoc
1885 1647 2094 1700 honore

514 1729 802 1785 alliciebat.
858 1731 984 1788 Haec
1026 1744 1214 1789 secuta
1270 1747 1422 1791 sexta
1478 1737 1548 1792 de
1606 1737 1876 1808 baptismo
1922 1738 2095 1792 inter-

515 1821 728 1891 rogatio
760 1840 773 1876 :
809 1841 828 1874 ι
865 1822 1008 1878 Num
1027 1825 1282 1882 videlicet
1325 1827 1507 1897 ipsum
1546 1837 1766 1898 putaret
1795 1845 1921 1885 esse
1963 1847 2095 1900 pur-

514 1913 788 1977 gationem
839 1917 1036 1971 animae
1081 1929 1137 1972 et
1183 1919 1380 1975 animze
1429 1921 1670 1976 sordium
1702 1937 1767 1976 ac
1818 1923 2097 1978 lavacrum

513 2006 854 2063 remissionis
901 2021 1276 2078 peccatorum.
1328 2032 1346 2063 ι
1398 2013 1492 2066 llle
1538 2028 1670 2068 vero
1714 2015 1830 2084 pari
1867 2015 2098 2070 artiﬁcio

513 2096 877 2168 alacriterque
935 2105 1352 2171 responsionem
1403 2104 1573 2170 dedit,
1613 2121 1720 2174 qua
1766 2107 2096 2176 baptismum

510 2191 880 2245 venerabatur
914 2204 970 2247 et
991 2196 1312 2251 admittebat
1343 2216 1356 2250 :
1391 2205 1448 2252 at
1470 2213 1570 2268 per
1607 2199 1864 2269 baptismi
1904 2215 2095 2256 vocem

511 2281 624 2348 ille,
660 2284 844 2338 omnia
875 2287 1114 2342 miscens
1153 2297 1209 2342 et
1239 2290 1603 2357 confundens,
1669 2291 1962 2348 Dominum
1989 2307 2096 2348 no-

511 2381 685 2427 strum
713 2373 897 2430 Iesum
919 2377 1197 2434 Christum
1220 2381 1632 2447 subindicabat;
1669 2385 1937 2454 scriptum
1970 2398 2097 2440 esse

511 2465 680 2530 enim,
711 2467 887 2536 ipsum
899 2483 1022 2524 esse
1042 2483 1237 2540 aquam
1257 2473 1554 2528 viventem.
1585 2473 1676 2530 Sic
1691 2475 1938 2530 dolosum
1962 2476 2095 2531 illud

513 2565 570 2609 et
611 2558 772 2611 malis
818 2560 1032 2615 artibus
1055 2563 1282 2632 plenum
1325 2574 1669 2630 monstrum;
1701 2566 1812 2632 ille,
1847 2566 2096 2636 inquam,

512 2643 606 2712 qui
625 2645 758 2700 nihil
774 2649 1188 2720 omninohquod
1213 2653 1493 2709 catholicae
1511 2665 1568 2710 et
1581 2657 1891 2726 apostolicae
1907 2657 2095 2714 Eccle-

515 2737 611 2791 siae
641 2749 804 2802 esset,
829 2743 1122 2807 sentiebat,
1166 2745 1278 2800 imo
1297 2747 1478 2817 potius
1501 2749 1684 2803 omnia
1706 2749 1810 2819 ipsi
1824 2752 2096 2808 contraria

514 2829 754 2895 iovebat,
803 2835 1134 2901 sectabatur,
1192 2840 1576 2905 venerabatur,
1616 2841 1876 2911 quoniam
1917 2844 2099 2899 eccle-

515 2921 752 2978 siasticis
782 2925 966 2981 verbis
1006 2927 1095 2992 iis,
1131 2930 1222 2998 qui
1276 2940 1406 2985 tunc
1441 2943 1739 3000 praesentes
1785 2941 1963 2999 erant,
1993 2935 2091 2990 ad-

515 3013 720 3068 versari
774 3030 886 3070 non
917 3018 1234 3086 videbatur;
1277 3037 1505 3091 quarum
1555 3025 1851 3081 involucris
1899 3041 2094 3082 vocum

2189 540 2408 611 ,μητέρα
2435 541 2654 594 πάντων
2677 540 2854 611 ἡμῶν.
2882 540 3068 594 Ταῦτα
3114 541 3170 594 δὲ
3199 543 3229 595 6
3254 540 3428 604 δόλιος
3455 543 3521 612 τῇ
3552 541 3761 618 γλώττῃ

2190 632 2384 699 λέγων,
2406 631 2547 685 κατὰ
2566 631 2664 703 τὴν
2684 634 2935 704 μυσαρὰν
2957 632 3122 686 αὑτοῦ
3143 631 3367 702 τελετὴν
3387 632 3483 686 καὶ
3503 633 3758 702 διάνοιαν,

2187 726 2288 796 τὴν
2320 725 2432 778 ἄνω
2497 724 2852 796 Ἰερουσαλὴμ
2891 727 3238 793 ἐσκηνοποίει
3287 725 3385 778 καὶ
3433 727 3762 782 ἀνέπλαττεν

2190 815 2471 868 Θεοτόκον·
2505 815 2564 868 ὲν
2592 831 2625 888 ῃ
2666 816 2762 868 καὶ
2798 814 3104 885 πρόδρομον
3138 815 3280 884 ὑπὲρ
3316 813 3475 884 ἡμῶν
3508 814 3764 868 εἰσελθεῖν

2190 907 2278 959 τὸν
2300 906 2557 977 Χριστὸν,
2579 907 2649 958 τὰ
2676 905 2770 958 τοῦ
2804 905 3128 958 Ἀποστόλου
3151 904 3420 975 κηρύσσει
3441 905 3761 974 διδάγματα.

2191 999 2466 1069 Τέταρτον
2493 999 2571 1062 είς
2591 997 2861 1068 ἐρώτησιν
2895 997 3061 1050 αὑτοῦ
3104 998 3216 1066 (62)
3246 997 3562 1068 προῦκειτο,
3588 999 3643 1050 τί
3678 998 3767 1068 δή·

2191 1107 2322 1145 ποτε
2352 1092 2620 1162 ἆοχραντον
2650 1092 2745 1145 καὶ
2779 1091 3009 1161 φρικτὸν
3044 1091 3203 1159 σῶμα
3229 1092 3323 1144 καὶ
3362 1087 3502 1160 αἷμα
3531 1091 3766 1160 Χριστοῦ

2189 1183 2286 1236 τοῦ
2307 1183 2442 1236 Θεοῦ
2467 1181 2624 1254 ἡμῶν
2647 1183 2861 1255 ὑϐρίζει
2879 1199 2938 1236 τε
2958 1185 3051 1236 καὶ
3065 1182 3343 1246 διαπτύει,
3363 1183 3460 1235 καὶ
3482 1185 3770 1251 μετασχεῖν

2191 1277 2372 1331 αὐτῶν
2419 1277 2522 1330 οὐκ
2581 1276 2856 1347 ἀνέχεται.
2911 1275 2969 1330 '0
3027 1275 3086 1328 δὲ
3145 1277 3551 1346 τρισαλιτήριος
3609 1276 3770 1330 πάλιν

2192 1371 2284 1424 τόν
2303 1387 2364 1422 τε
2395 1370 2645 1440 ἀτιμίαις
2676 1371 2954 1437 ὑπάγοντα
2975 1369 3037 1421 τὸ
3061 1369 3220 1439 σῶμα
3250 1370 3344 1422 καὶ
3371 1364 3512 1438 αἷμα
3536 1367 3770 1436 Χριστοῦ

2192 1461 2286 1516 τοῦ
2307 1461 2442 1516 Θεοῦ
2469 1461 2628 1532 ἡμῶν
2651 1461 2851 1514 καὶτὸν
2872 1461 2972 1530 τῆς
2998 1462 3231 1530 μετοχῆς
3244 1461 3425 1515 αὐτῶν
3452 1461 3557 1523 ἔξω
3581 1461 3772 1530 διαμέ-

2192 1571 2350 1608 νοντα
2377 1553 2457 1625 τῷ
2498 1554 2803 1622 ἁναθέματι
2850 1553 3177 1623 παρετίθετο
3212 1571 3226 1585 ο
3258 1553 3418 1624 σῶμα
3474 1553 3641 1607 πάλιν
3683 1553 3775 1606 καὶ

2193 1640 2336 1714 αἷμα
2356 1647 2384 1697 6
2418 1645 2727 1712 κατάρατος
2751 1644 2967 1707 ἐννοῶν,
2998 1644 3098 1713 οὐχ
3119 1643 3264 1713 ἅπερ
3293 1645 3441 1713 ἡμᾶς
3465 1642 3710 1707 ἐδίδαξεν
3748 1645 3776 1695 6

2198 1734 2376 1796 κοινὸς
2397 1735 2694 1803 Δεσπότης.
2744 1733 2906 1802 σῶμα
2941 1733 3040 1787 καὶ
3088 1727 3229 1804 αἷμα
3278 1733 3488 1798 καλεῖν,
3515 1732 3631 1787 ἀλλ’
3663 1735 3776 1787 ἀντ’

2179 1828 2424 1900 ,ἐκείνων
2479 1829 2550 1879 τὰ
2583 1824 2839 1896 Κυριακά
2885 1824 3064 1893 λόγια.
3099 1825 3181 1878 Τὰ
3229 1826 3320 1878 ἴσα
3363 1825 3422 1878 δὲ
3465 1825 3560 1878 καὶ
3621 1827 3779 1894 ὅμοια

2199 1917 2453 1988 περὶτῆς
2477 1915 2770 1987 καθολικῆς
2808 1915 3137 1984 Ἐκκλησίας
3166 1917 3497 1987 άπαιτηθεὶς
3517 1916 3614 1972 καὶ
3644 1918 3780 1969 ἁπο-

2199 2010 2530 2079 φηνάμενος,
2565 2007 2636 2061 τὰ
2669 2007 2920 2076 συνέδρια
2960 2006 3070 2060 τῶν
3109 2008 3431 2077 Μανιχαίων
3477 2005 3779 2075 καθολικὴν

2210 2098 2539 2167 Ἐκκλησίαν
2568 2099 2767 2151 ἐνενόει
2815 2116 2872 2151 τε
2909 2101 3002 2151 καὶ
3043 2098 3443 2168 άπεσέμνυνεν.
3497 2099 3558 2152 'H
3590 2099 3650 2152 δὲ
3690 2100 3781 2153 ἐπὶ

2195 2193 2309 2252 τοῖς
2337 2190 2648 2260 εἰρημένοις
2697 2189 2829 2258 ἕκτη
2863 2187 3131 2260 ἐρώτησις
3175 2191 3304 2260 περὶ
3339 2190 3432 2242 τοῦ
3461 2189 3781 2261 βαπτίσμα-

2196 2299 2290 2346 τος
2318 2281 2480 2336 αύτὸν
2541 2280 2962 2348 ἀνεπυνθάνετο,
2998 2283 3048 2334 εί
3084 2281 3161 2352 μὴ
3200 2281 3496 2352 καθάρσιον
3569 2283 3784 2350 ἡγεῖται

2193 2375 2356 2429 τοῦτο
2378 2377 2488 2430 τῶν
2518 2375 2707 2446 ψυχῶν
2732 2377 2828 2428 καὶ
2865 2375 3119 2445 ψυχικῶν
3155 2375 3519 2446 μολυσμάτων
3545 2376 3661 2447 (6.3)
3689 2377 3784 2430 καὶ

2196 2466 2420 2540 λουτρὸν
2477 2468 2892 2540 ἁμαρτημάτων
2931 2468 3203 2537 ἀφέσεως.
3249 2468 3310 2522 ’0
3367 2468 3422 2522 δὲ
3460 2468 3622 2522 πάλιν
3693 2469 3786 2522 διὰ

2195 2561 2297 2632 τῆς
2335 2561 2530 2631 ὁμοίας
2550 2560 2800 2631 μηχανῆς
2840 2560 2935 2615 καὶ
2968 2559 3267 2632 προθύμως
3321 2560 3571 2615 ἀπεδίδου
3603 2559 3780 2629 τιμῶ-

2199 2673 2298 2710 σαν
2335 2655 2395 2708 τὸ
2429 2654 2715 2725 βάπτισμα
2759 2653 2855 2708 καλ⁸
2907 2653 3321 2724 ἀποδεχομένην
3369 2652 3678 2724 ἀπόκρισιν,
3707 2653 3778 2722 τῇ

2196 2748 2293 2804 τοῦ
2348 2747 2729 2819 βαπτίσματος
2763 2749 2936 2818 φωνῇ,
2969 2749 2998 2800 6
3057 2746 3237 2800 πάντα
3285 2745 3477 2816 φύρων
3531 2747 3625 2798 καὶ
3654 2759 3786 2810 συγ-

2197 2840 2358 2911 χέων,
2418 2839 2513 2892 τδν
2559 2837 2770 2909 Κύριον
2810 2836 2969 2908 ἡμῶν
3037 2837 3251 2908 Ἰησοῦν
3268 2836 3505 2908 Χριστὸν
3535 2833 3782 2889 ὑποϐάλ-

2197 2934 2304 2986 λων
2323 2949 2338 2964 ο
2374 2930 2804 3002 γεγράφθαιγὰρ
2825 2930 2938 3001 (64)
2959 2929 3122 2984 αὑτὸν
3151 2925 3370 2984 εἶναιτὸ
3396 2927 3542 2999 ὕδωρ
3559 2929 3624 2982 τὸ
3649 2927 3788 2991 ζῶν.

2198 3024 2386 3088 Οὕτως
2431 3023 2518 3094 δὴ,
2555 3021 2730 3087 οὕτως
2767 3023 2829 3076 τὸ
2867 3022 3043 3076 δόλιον
3089 3023 3267 3075 ἐκεῖνο
3321 3021 3418 3074 καὶ
3462 3018 3796 3088 κακομήχα-

517 3103 609 3158 ille
664 3107 1002 3162 mortiferum
1049 3111 1373 3166 deiectionis
1427 3129 1541 3169 suae
1595 3115 1747 3170 virus
1793 3116 2096 3172 occultabat

2203 3133 2292 3169 νον
2326 3115 2514 3186 τέρας,
2571 3114 2740 3186 μηδὲν
2769 3114 2868 3184 μὲν
2895 3113 2994 3183 τῆς
3027 3113 3395 3182 άποστολικῆς
3421 3111 3519 3165 καὶ
3567 3108 3797 3162 καθολι-

516 3196 782 3253 scelestus
811 3197 922 3265 ille,
957 3209 1017 3254 ut
1060 3202 1218 3258 initio
1250 3203 1510 3269 diximus,
1542 3209 1698 3276 quasi
1739 3209 1944 3263 nullius
1989 3209 2097 3264 im-

517 3287 735 3356 pietatis
777 3305 927 3356 reus,
981 3291 1077 3345 sed
1129 3291 1525 3349 Ecclesiasticre
1571 3296 1835 3352 doctrinae
1892 3311 2098 3368 sequax

517 3380 710 3435 evasit.
764 3379 1130 3447 Quamobrem
1173 3397 1295 3454 post
1353 3401 1581 3441 examen
1645 3389 1966 3454 absolvitur,
2004 3390 2099 3462 qui

518 3473 719 3543 duplici
753 3475 951 3544 dignus
981 3487 1098 3531 erat
1132 3479 1418 3548 supplicio,
1465 3481 1534 3535 ob
1565 3490 1850 3550 paternam
1886 3483 2100 3539 scilicet

519 3565 878 3633 impietatem,
905 3577 960 3622 et
1000 3570 1070 3622 ob
1101 3570 1390 3634 fallaciam,
1421 3588 1527 3642 qua
1577 3573 1787 3644 justum
1826 3576 2100 3646 judicium

517 3660 804 3727 pervertit,
836 3675 898 3714 ac
927 3661 1055 3724 sibi,
1085 3661 1441 3732 impiissimus
1468 3680 1596 3720 cum
1636 3674 1802 3731 esset,
1831 3683 1974 3724 vera:
1999 3683 2103 3724 no-

518 3757 647 3804 stra:
691 3751 972 3820 religionis
1013 3753 1238 3820 gloriam
1294 3757 1628 3812 conciliavit.
1647 3756 1921 3814 Ceterum
1973 3775 2100 3816 cum

523 3841 719 3898 talibus
747 3845 992 3900 artiﬁciis
1023 3847 1076 3899 in
1101 3847 1308 3916 judicio
1335 3849 1621 3904 absolutus
1643 3849 1859 3912 fuisset,
1892 3852 1962 3907 ab
1996 3853 2102 3906 im-

521 3941 773 4002 peratore
823 3935 1104 3991 decretum
1141 3939 1285 4007 petit
1338 3949 1394 3993 et
1435 3939 1710 4010 impetrat,
1733 3957 1838 4012 qua
1867 3943 1972 3998 sibi
2017 3943 2104 3997 ta-

521 4023 694 4076 cultas
725 4025 885 4077 datur
925 4026 1070 4080 domi
1091 4043 1285 4082 secure
1315 4030 1596 4096 versandi,
1623 4033 1842 4103 negotia
1894 4033 2103 4104 absque

522 4113 677 4167 obice
701 4117 927 4186 gerendi
959 4133 1081 4182 sua,
1107 4133 1212 4173 nec
1245 4122 1698 4178 calumniatorum
1717 4124 1934 4194 linguas
1958 4125 2102 4181 ultra

521 4208 819 4262 metuendi.
853 4209 935 4263 Ab
987 4209 1335 4280 imperatoria
1392 4215 1578 4284 itaque
1607 4217 1745 4271 urbe
1798 4216 2101 4286 profectus,

519 4313 644 4352 cum
672 4297 980 4370 Episparim
1009 4317 1069 4356 se
1091 4305 1431 4368 contulisset,
1455 4307 1782 4362 defectionis
1802 4309 2102 4379 discipulos

517 4400 784 4446 convocat
813 4411 827 4446 :
853 4401 1018 4462 atque
1037 4393 1164 4448 inde
1184 4394 1601 4460 Mananalin,ex
1621 4413 1730 4468 qua
1761 4408 2100 4455 memoratus

2203 3205 2305 3276 κῆς
2343 3203 2669 3275 Ἐκκλησίας
2692 3203 2754 3256 τὸ
2775 3203 3038 3273 παράπαν
3067 3200 3324 3272 φρονοῦν,
3351 3199 3556 3270 μᾶλλον
3580 3197 3640 3252 δὲ
3657 3197 3797 3250 τάν-

2201 3297 2360 3350 αντία
2389 3296 2568 3350 πάντα
2609 3294 2947 3366 περιθάλπον
2975 3311 3034 3346 τε
3059 3294 3154 3346 καὶ
3181 3293 3442 3363 περιέπων
3467 3292 3560 3345 καὶ
3583 3289 3800 3357 τιμῶν,

2201 3391 2326 3444 ἐπεὶ
2347 3391 2484 3462 πρὸς
2515 3391 2616 3454 τὰς
2647 3389 3118 3461 ἔκκλησιαστικὰς
3144 3386 3408 3456 ἐνομίσθη
3432 3387 3548 3448 τοῖς
3576 3381 3804 3454 παροῦ-

2201 3495 2288 3532 σιν
2313 3479 2416 3532 οΰκ
2451 3478 2839 3550 ἀπομάχεσθαι
2869 3477 3070 3545 λέξεις,
3095 3478 3192 3546 ὑφ’
3218 3471 3307 3539 αῖς
3328 3478 3540 3538 ἐκεῖνος
3568 3474 3667 3528 τὸν
3703 3473 3806 3526 θα-

2201 3570 2510 3640 νατηφόρον
2579 3570 2680 3640 τῆς
2721 3569 3064 3632 ἀποστασίας
3097 3567 3370 3640 ἔκρυπτεν
3429 3565 3529 3629 ἰὸν,
3579 3564 3800 3630 ἔδοξεν,

2199 3658 2392 3729 ὥσπερ
2414 3658 2624 3729 ἔφημεν
2655 3658 2750 3712 ἀπ’
2793 3658 2994 3729 ἀρχῆς,
3031 3658 3066 3712 6
3109 3655 3519 3726 τρισαλιτήριος
3572 3653 3804 3714 ἐκεῖνος

2202 3753 2304 3804 οὐκ
2345 3749 2528 3820 ἔνοχος
2583 3749 2840 3812 ασεὸείας
2885 3745 3050 3812 εἶναι,
3093 3747 3234 3802 ἀλλὰ
3284 3746 3379 3799 τοῦ
3436 3744 3810 3814 φρονήματος

2205 3842 2472 3912 ὑπάρχειν
2509 3840 2606 3894 τοῦ
2669 3837 3137 3912 ὲκκλησιαστικοῦ
3162 3854 3177 3867 ·
3226 3837 3527 3892 ἀπολύεται
3576 3834 3646 3887 δὲ
3719 3832 3816 3886 διὰ

2202 3931 2364 3986 τοῦτο
2387 3932 2488 4003 τῆς
2514 3933 2756 3996 ὲτάσεως
2800 3931 3150 4001 ηθωωμένος,
3196 3932 3226 3984 6
3253 3928 3447 3996 διπλῆν
3486 3926 3647 3992 ἄξιος
3675 3925 3815 3978 ὑπο-

2205 4028 2354 4096 σχεῖν
2385 4025 2656 4096 τιμωρίαν
2695 4025 2799 4095 τῆς
2839 4041 2902 4077 τε
2952 4022 3216 4094 πατρῴας
3271 4019 3530 4083 ἀσεϐείας
3563 4019 3678 4074 καὶ
3708 4020 3817 4088 τῆς

2204 4117 2440 4188 ἀπάτης,
2471 4117 2540 4169 δι’
2563 4111 2635 4189 ἧς
2677 4115 2788 4170 τῶν
2817 4132 2878 4170 τε
2912 4115 3213 4186 κρινόντων
3245 4113 3345 4184 τὴν
3383 4110 3552 4182 ὀρθὴν
3600 4109 3805 4182 κρίσιν

2203 4209 2509 4280 διέστρεψε,
2564 4209 2659 4263 καὶ
2687 4209 2850 4275 δόξαν
2870 4206 3050 4278 ἑαυτῷ
3078 4205 3510 4267 δυσσεϐέστατος
3547 4201 3661 4270 ὢν,
3697 4201 3812 4271 τῆς

2201 4300 2362 4372 ἡμῶν
2414 4301 2734 4367 εύσεὸείας,
2786 4300 3133 4373 περιέφερεν.
3183 4298 3334 4369 Πλὴν
3387 4297 3504 4351 ἀλλ’
3549 4296 3690 4348 ἐπεί
3745 4310 3820 4362 γε

2205 4395 2483 4459 τοιαύταις
2519 4397 2797 4467 μηχαναῖς
2833 4395 2929 4448 τοῦ
2963 4393 3253 4464 κριτηρίου
3295 4390 3593 4453 ἀπολυθεὶς
3653 4392 3820 4445 αἰτεῖ

520 4497 683 4553 supra
715 4484 1111 4540 Constantinus
1151 4487 1446 4556 prodierat,
1471 4489 1736 4561 profugus
1770 4505 1898 4545 cum
1921 4491 2090 4547 sociis

2203 4505 2265 4543 τε
2281 4488 2399 4561 (65)
2426 4489 2523 4543 καὶ
2546 4488 2811 4559 λαμβάνει
2862 4487 3014 4556 παρὰ
3046 4485 3138 4539 τοῦ
3171 4485 3438 4556 βασιλέως
3480 4484 3672 4537 τύπον
3708 4483 3814 4552 ἐγο

519 4576 756 4632 advenit.
788 4578 976 4647 Ibique
1007 4580 1166 4632 annis
1192 4590 1562 4635 commoratus
1590 4581 1778 4636 multis
1826 4597 1952 4636 cum
1977 4583 2096 4653 plu-

519 4668 682 4722 rimas
717 4671 883 4726 miser
903 4672 1114 4726 animas
1140 4673 1495 4742 corrupisset,
1517 4675 1846 4743 pestilentiae
1875 4677 2094 4739 morbo,

515 4758 610 4825 qui
638 4767 768 4813 tunc
801 4763 1066 4830 temporis
1096 4765 1468 4832 grassabatur,
1502 4765 1646 4819 diem
1687 4767 1888 4821 clausit
1909 4776 2096 4822 extre-

517 4865 692 4916 mum,
723 4865 1009 4922 postquam
1048 4855 1207 4909 annis
1252 4855 1472 4910 circiter
1526 4856 1747 4926 triginta
1794 4857 2099 4927 impietatis

521 4941 810 5008 praefectus
831 4945 852 4999 l‘
855 4956 1025 5000 uerat.
1043 4947 1141 5002 Hie
1157 4947 1582 5002 seelestissimus
1600 4948 1768 5002 homo
1787 4964 1852 5003 ex
1879 4949 2100 5004 occulta

519 5034 900 5091 commistione
952 5037 1123 5091 tilium
1161 5039 1422 5108 suscepit,
1460 5036 1783 5093 Zachariam
1807 5041 2033 5096 nomine
2078 5059 2091 5093 :

2207 4598 2441 4652 γράφον,
2466 4581 2646 4634 πᾶσαν
2687 4578 2839 4651 αὐτῷ
2885 4578 3098 4632 διδόντα
3157 4577 3256 4648 τὴν
3307 4576 3495 4631 ἄδειαν
3527 4575 3690 4629 οἶκοι
3755 4591 3828 4628 τε

2203 4672 2521 4744 διατρίϐειν,
2552 4671 2648 4724 καὶ
2686 4670 2757 4724 τὰ
2812 4668 2977 4724 αὐτοῦ
3025 4669 3452 4737 ἀνεπηρεάστως
3495 4666 3819 4736 πράττειν,

2203 4765 2295 4817 καὶ
2328 4765 2495 4835 μηδὲν
2518 4764 2601 4817 ἔτι
2635 4762 2744 4816 τῶν
2773 4761 3130 4830 συκοφαντῶν
3169 4760 3402 4813 δεδιέναι
3450 4759 3549 4820 τὰς
3603 4757 3824 4826 γλώσ-

2201 4875 2323 4920 σας.
2368 4857 2616 4928 Ἀπάρας
2643 4851 2738 4910 οὖν
2777 4855 2878 4924 τῆς
2910 4852 3178 4923 βασιλίδος
3210 4851 3307 4906 καὶ
3337 4848 3683 4904 καταλαϐὼν
3710 4849 3830 4922 τὴν

2213 4949 2566 5021 Ἐπίσπαριν,
2609 4945 2952 5016 συναθροίζει
2996 4944 3094 5015 μὲν
3152 4945 3276 5005 τοὺς
3304 4942 3403 5010 τῆς
3440 4941 3829 5005 ἀποστασίας

2206 5041 2459 5112 μαθητάς
2491 5057 2506 5070 ο
2539 5038 2754 5093 ἐκεῖθεν
2784 5038 2842 5093 δὲ
2877 5035 3014 5105 πρὸς
3043 5034 3141 5105 τὴν
3172 5032 3512 5096 Μανάναλιν,
3549 5031 3614 5096 ἐξ
3651 5027 3736 5103 ἧς
3801 5034 3836 5086 6

1609 5193 1848 5252 VARUS
1883 5195 2274 5253 LECTIO‘NES
2308 5195 2397 5252 ET
2452 5194 2687 5253 ΝΟΤᾹΞ.

589 5354 701 5428 (63)
735 5354 969 5428 Antor}.
997 5353 1077 5428 _lta
1107 5369 1174 5428 ex
1205 5355 1402 5412 Nostro
1430 5371 1529 5426 pro
1553 5354 1890 5428 Coisliniano
1922 5357 2096 5428 αὐτῷ,
2133 5357 2136 5360 ⁴

516 5425 660 5494 quod
693 5434 873 5479 tamen
910 5425 1102 5479 itidem
1129 5425 1305 5481 locum
1341 5425 1501 5481 suum
1543 5427 1682 5482 tueri
1714 5435 1912 5493 potest.

593 5497 711 5562 (65),
729 5494 1226 5577 Τῶγφρςυχιῇνοκαί
1249 5495 1986 5577 ψυχικῶνῇμοᾴυσμὰτωγ.
2021 5498 2097 5552 lto

520 5563 739 5628 Noster,
782 5565 873 5620 ubi
896 5563 1264 5620 Coislinianus
1293 5580 1455 5620 voces
1489 5563 1597 5618 τῶν
1631 5563 1821 5634 ψυχῶν
1853 5568 1948 5620 καί
1987 5584 2100 5622 non

520 5637 809 5706 agnoscit:
848 5635 918 5689 At
979 5645 1192 5691 veteres
1247 5636 1578 5706 baptismum
1623 5635 1821 5706 solent
1873 5639 2100 5692 omnino

521 5705 824 5777 animarum
853 5707 1228 5774 purgationem
1254 5705 1470 5777 vocare.
1522 5705 1724 5760 Eadem
1771 5707 1884 5761 fere
1911 5708 2095 5777 phrasi

523 5787 644 5830 cum
675 5775 869 5832 Nostro
895 5777 972 5832 uti
1000 5777 1130 5833 mihi
1158 5778 1375 5834 videtur
1413 5775 1792 5833 Theodoretus
1841 5775 2092 5834 in‘Com-

2198 5356 2460 5410 mentm-io
2487 5357 2544 5410 in
2583 5355 2743 5409 Isaia:
2771 5369 2892 5423 cap.
2925 5369 3096 5418 χχχιι,
3129 5352 3221 5406 ubi
3268 5365 3463 5419 aquam
3517 5348 3832 5423 baptismi

2198 5433 2359 5511 vocat
2392 5426 2536 5506 ὕδωρ
2558 5425 2815 5511 λθυτήριον
2839 5420 2949 5504 τῶν
2977 5423 3416 5494 ἁμαρτημάτων,
3451 5420 3546 5473 καὶ
3570 5422 3798 5494 καθαρ
3815 5451 3839 5463 ο

2196 5498 2388 5568 τήριον
2412 5496 2521 5548 τῶν
2570 5494 2780 5564 ψυχῶν.
2927 5494 2938 5504 ’
3293 5561 3304 5573 ,

2254 5562 3065 5640 (ϐίλΓεγ-ράφβαι-τάρζῖῖοο
3088 5577 3305 5632 reposui
3342 5577 3442 5630 pro
3473 5559 3845 5640 γέγραπται

2197 5630 2328 5707 γάρ.
2363 5630 2551 5707 Neque
2579 5630 2728 5707 enim
2760 5630 2878 5690 meo
2905 5633 3134 5707 Photins
3155 5630 3371 5692 narrat,
3401 5630 3496 5686 sed
3520 5645 3581 5683 ex
3616 5630 3840 5687 inter-

2203 5704 2375 5777 rogati
2405 5704 2694 5777 sententia
2706 5713 2767 5777 _et
2797 5704 3194 5777 menterel'crt.

2276 5771 2388 5848 (65)
2406 5776 2646 5832 Αἰτεῖτε.
2679 5775 2870 5831 Noster
2897 5775 3026 5847 legit
3050 5777 3298 5837 αἰτεῖται,
3340 5771 3630 5827 mendose.
