3986 6436
451 3425 453 3428 ο
561 3383 766 3452 quippe
817 3399 875 3438 se
917 3383 1300 3440 subduxerunt
1351 3405 1365 3438 :

553 340 624 402 5’)
1720 345 1952 405 PHOTI
1961 346 1986 404 Ι
2027 345 2144 404 ΡΑΊ

2261 344 2536 404 ΑΗΩῐΙίΕ
2585 343 2694 402 CP.
3751 347 3817 410 00

546 453 660 516 hat,
712 459 978 520 quantum
1025 451 1342 520 Zacharias,
1402 455 1497 508 sed
1557 457 1801 510 versutia
1842 466 1897 510 et
1924 457 2133 510 artibus

2256 456 2494 524 ποιμένος
2522 454 2635 524 (77)
2673 452 2965 522 ἐπώνυμον
2992 455 3106 516 τοῖς
3136 451 3354 514 πολλοῖς
3376 454 3812 525 περιεποιήσατο.

545 545 668 613 plus
702 543 935 608 valebat,
963 559 1090 598 cum
1130 545 1184 598 in
1226 545 1342 615 ipsa
1385 545 1626 600 hostium
1677 546 1961 600 invasione
1995 546 2140 601 illius

546 651 692 688 curca
756 636 914 688 ﬁdem
952 635 1310 690 dissensionis
1366 652 1528 690 causa
1560 635 1877 707 aufugeret;
1919 636 2137 692 technis

551 731 748 792 ﬁdens,
815 739 873 784 ut
913 747 1075 800 supra
1144 732 1415 795 diximus,
1449 748 1512 786 ac
1560 733 1744 802 procul
1793 733 2141 786 inimicorum

551 838 744 891 agmen
813 822 1111 877 adveniens
1137 825 1508 893 conspicatus,
1545 825 1770 895 gradum
1810 840 1840 877 e
1890 825 2016 895 fuga
2051 841 2144 879 re-

557 925 735 979 vocat,
796 917 1104 986 revertique
1133 919 1291 987 jubet
1325 919 1572 987 jumenta
1620 928 1673 971 et
1715 934 1931 980 currus,
1973 933 2036 972 ac
2085 933 2144 972 se

563 1023 802 1076 suosque
869 1008 1080 1078 ﬁngens
1127 1025 1249 1062 esse
1306 1010 1612 1079 transfugas
1657 1019 1711 1063 et
1771 1010 1988 1064 deditos
2013 1045 2052 1073 ,-
2089 1010 2143 1062 in

557 1113 850 1153 oceursum
904 1101 1145 1154 hostium
1207 1101 1388 1164 venit,
1443 1101 1600 1170 quasi
1671 1101 1881 1154 scilicet
1949 1111 2145 1171 sponte

558 1206 685 1242 cum
735 1191 902 1244 sociis
969 1192 1082 1245 suis
1141 1193 1431 1247 accederet
1465 1233 1480 1255 ,
1531 1209 1768 1262 cumque
1828 1193 1968 1247 dolis
2028 1193 2144 1246 suis

561 1280 722 1335 ﬁdem
759 1282 1006 1345 adderet,
1039 1295 1201 1353 atque
1235 1285 1450 1353 juratus
1478 1286 1693 1339 illorum
1720 1302 1778 1340 se
1819 1287 1986 1341 rebus
2021 1303 2146 1356 pro-

559 1374 770 1442 spicere
810 1373 1179 1436 conflrmaret.
1211 1392 1334 1429 cum
1360 1378 1686 1445 sequacibus
1712 1378 1827 1432 suis
1857 1379 2146 1434 incolumis

558 1465 677 1518 sine
706 1465 814 1518 ullo
848 1467 924 1520 rei
964 1465 1246 1520 familiaris
1287 1468 1488 1520 damno
1529 1468 1786 1523 dimissus
1808 1477 1912 1523 est.
1952 1469 2146 1523 Postea

563 1565 782 1624 captato
832 1557 971 1626 fuga:
1005 1568 1249 1627 tempore
1295 1559 1385 1612 ubi
1415 1560 1759 1613 occasionem
1805 1560 1908 1614 sibi
1961 1561 2146 1614 offerri

563 1647 724 1708 Vidit,
763 1663 886 1703 cum
940 1650 1265 1718 sequacibus
1303 1651 1503 1719 szepius
1549 1660 1906 1705 memoratum
1942 1653 2144 1718 vicum,

561 1738 866 1809 Episparim
897 1756 1114 1810 nempe,
1159 1758 1216 1795 se
1250 1743 1467 1811 recipit,
1501 1744 1591 1797 ubi
1625 1744 1910 1810 splendide
1956 1745 2023 1798 ab
2059 1745 2146 1798 in-

560 1832 695 1884 colis
724 1840 988 1900 exceptus
1016 1842 1120 1885 est.
1149 1832 1326 1886 Locus
1349 1835 1569 1903 quidem
1613 1835 1700 1888 ille
1734 1835 2017 1889 hominum
2046 1835 2145 1890 de-

563 1923 787 1977 fectioni
808 1923 1120 1978 deditorum
1150 1926 1305 1995 quasi
1335 1926 1551 1979 oﬁieiua
1576 1934 1712 1989 erat,
1748 1927 1820 1980 ita
1854 1927 1990 1981 utin
2024 1927 2147 1997 ejus

561 2013 811 2085 ingressu
843 2015 1118 2086 lampades
1154 2017 1609 2082 accenderentur,
1661 2018 1873 2086 aliaque
1921 2018 2145 2073 honoris

561 2106 712 2174 signa
744 2105 1130 2176 adjicerentur,
1163 2108 1344 2176 qualia
1375 2107 1584 2161 Christi
1625 2109 1910 2178 discipulis
1933 2110 2144 2163 deben-

562 2199 670 2243 tur.
707 2189 798 2245 Sic
849 2192 1024 2246 amice
1084 2203 1372 2264 susceptus
1422 2196 1602 2264 aliquo
1643 2203 1892 2265 tempore
1943 2197 2145 2253 ibidem

557 2292 808 2336 versatus
831 2291 934 2347 est,
965 2283 1100 2338 alios
1125 2284 1408 2354 decipiens
1435 2295 1491 2339 et
1534 2286 1800 2357 deceptus
1828 2289 1964 2358 ipse,
1997 2304 2146 2343 asse-

559 2374 784 2443 clasque
821 2389 950 2429 suos
1001 2374 1054 2428 in
1106 2377 1370 2445 perniciei
1426 2378 1747 2433 barathrum
1802 2381 2143 2450 deprimens.

559 2463 794 2528 Quidam
848 2479 1011 2533 porro
1044 2464 1408 2520 Cricoraches
1453 2468 1697 2533 nomine,
1739 2471 1830 2538 qui
1887 2470 2035 2525 inter
2061 2487 2148 2526 re-

560 2555 738 2624 gionis
755 2557 1107 2626 magistratus
1137 2559 1554 2625 numerabatur,
1584 2560 1837 2614 doctrina
1863 2563 2007 2631 pius,
2044 2563 2148 2618 ho-

559 2645 733 2701 nestis
780 2648 1048 2710 moribus,
1091 2650 1368 2721 religionis
1419 2652 1603 2706 studio
1631 2653 1996 2717 admirabilis,
2051 2655 2145 2723 qui

560 2737 681 2792 illos
707 2737 800 2792 Dei
832 2753 1023 2794 osores
1053 2740 1451 2808 detestabatur,
1501 2744 1592 2798 ubi
1651 2747 1921 2816 comperit
1976 2747 2146 2800 sedu-

557 2839 767 2884 ctorem
801 2832 853 2885 in
905 2832 996 2887 illo
1026 2833 1147 2887 vico
1193 2835 1412 2904 degere,
1457 2847 1513 2890 et
1564 2837 1930 2892 defectionem
1973 2839 2147 2909 magis

560 2923 840 2994 magisque
871 2927 1182 2996 propagari,
1220 2928 1448 2982 collecta
1478 2929 1713 2983 militum
1741 2947 1929 2992 manu,
1959 2933 2013 2985 in
2057 2933 2140 2987 lo-

559 3032 710 3078 cum.
765 3018 854 3071 ubi
895 3019 1182 3087 apostasia
1213 3021 1466 3090 mysteria
1509 3023 1879 3090 celebrantur,
1911 3041 1969 3079 se
2005 3043 2140 3080 con-

563 3106 708 3174 tulit,
757 3109 1088 3178 obsessaque
1139 3111 1324 3172 domo,
1356 3113 1656 3182 impietatis
1713 3115 2036 3185 principem,
2087 3125 2147 3170 ut

561 3201 702 3254 solet
734 3200 870 3266 ﬁeri,
904 3201 960 3255 in
985 3203 1286 3271 repentinis
1325 3205 1634 3274 hujusmodi
1667 3207 2141 3276 expeditionibus,

561 3291 694 3345 dum
719 3292 808 3346 alii
844 3293 909 3347 ad
933 3294 1038 3348 alia
1063 3304 1375 3359 vertuntur,
1407 3314 1602 3367 capere
1633 3315 1743 3353 non
1779 3303 1992 3370 potuit;
2022 3300 2150 3371 fuga

1430 3387 1732 3457 discipulos
1784 3399 1969 3443 autem
2028 3391 2150 3460 ejus

564 3474 1001 3543 comprehendit,
1061 3485 1120 3530 et
1175 3487 1510 3548 grassantem
1570 3481 1706 3534 tanti
1764 3481 1888 3534 mali
1939 3491 2150 3550 pestem

563 3565 809 3618 coercuit
836 3574 892 3619 et
940 3565 1246 3635 dissipavit.
1291 3567 1461 3622 Ferox
1496 3579 1680 3623 autem
1720 3570 1808 3624 ille
1861 3572 2148 3640 apostasite

564 3656 759 3711 doctor
782 3657 1072 3727 Josephus,
1095 3659 1188 3728 qui
1214 3660 1377 3714 etiam
1402 3661 1811 3730 Epaphroditus
1829 3665 2146 3730 vocabatur,

564 3748 616 3799 vi
646 3748 906 3816 expulsus
932 3765 999 3803 ex
1027 3763 1094 3804 eo
1124 3750 1266 3814 loco,
1295 3759 1355 3803 ut
1392 3751 1599 3804 dictum
1626 3761 1731 3814 est,
1757 3761 1814 3806 et
1849 3753 1972 3823 fuga
2009 3754 2149 3810 dila-

565 3849 698 3904 psus
727 3835 782 3890 in
797 3835 1108 3908 Phrygiam,
1141 3837 1291 3892 brevi
1322 3847 1512 3906 postea
1539 3847 1783 3908 tempore
1800 3839 2146 3898 Antiochiam

567 3925 782 3983 Pisidiae
797 3929 1079 3984 contendit
1098 3945 1113 3995 ;
1134 3927 1226 3983 ubi
1241 3927 1306 3982 ad
1315 3943 1453 3984 vena
1470 3944 1597 3984 cum
1612 3940 1778 3996 esset,
1799 3940 2062 4003 tutusque
2079 3935 2149 3990 ab

2257 546 2457 616 Ἰωσὴφ
2483 545 2541 598 δέ
2567 546 2699 615 ἄρα,
2733 548 2845 608 τοῖς
2891 546 3020 598 ποσὶ
3059 545 3157 615 μὲν
3195 543 3387 615 ὥσπερ
3412 545 3442 597 ὁ
3468 545 3738 614 Ζαχαρίας
3763 550 3818 602 οὐ

2251 637 2548 701 πιστεύων,
2578 637 2920 705 πανουργίαν
2944 636 3056 705 (78)
3077 636 3134 689 δέ
3159 636 3254 690 καὶ
3274 636 3528 706 μηχανὴν
3556 635 3722 706 ῥάψαι
3737 657 3820 692 τα-

2248 730 2481 802 χύτερος
2520 729 2619 792 ὢν,
2678 730 2774 782 καὶ
2808 729 3043 792 πίστεως
3069 728 3333 799 διαφορὰν
3357 728 3417 780 οὐ
3448 728 3616 781 θέλων
3640 729 3824 786 ειδέναι

2255 821 2542 892 (ἐτύγχανε
2565 821 2673 890 γὰρ
2703 820 3115 889 ἀποδιδράσκων
3132 819 3255 872 κατ’
3280 819 3450 889 αὐτὴν
3468 818 3567 889 τὴν
3603 819 3712 871 τῶν
3738 839 3824 874 πο-

2248 913 2451 981 λεμίων
2475 913 2706 981 ἔφοδον),
2733 908 2887 975 οὖτος
2912 912 2976 981 δὴ
3025 914 3138 973 τοῖς
3169 911 3500 983 ἐρρημένοις
3529 911 3821 982 θαρρήσας,

2245 1006 2341 1058 καὶ
2367 1005 2641 1076 μακρόθεν
2665 1006 2724 1058 τὸ
2748 1005 3007 1074 πολέμιον
3038 1005 3440 1074 ἐπιφερόμενον
3471 1004 3824 1073 θεασάμενος,

2245 1101 2578 1170 ἀναστρέφει
2631 1099 2730 1170 μέν
2788 1102 2886 1168 τῆς
2935 1100 3114 1168 φυγῆς
3161 1097 3341 1159 αὐτὸς.
3403 1097 3744 1169 ἀναστρέψαι
3776 1099 3828 1154 δὲ

2252 1189 2323 1243 τά
2341 1207 2399 1242 τε
2427 1191 2699 1258 ὑποζύγια
2727 1193 2821 1243 καὶ
2843 1193 2939 1253 τὰς
2971 1190 3188 1260 ἁμάξας
3210 1194 3320 1253 τοῖς
3347 1190 3636 1260 ἑπομένοις
3662 1208 3826 1262 προσ-

2251 1285 2460 1337 τάττει.
2493 1284 2603 1336 Καὶ
2632 1283 2696 1352 δὴ
2726 1281 3215 1351 κατασχηματίσας
3261 1281 3452 1332 ἑαυτόν
3497 1296 3556 1332 τε
3588 1281 3827 1344 καὶτοὺς

2251 1377 2368 1446 μετ’
2392 1375 2557 1428 αὐτοῦ
2584 1375 2720 1444 πρὸς
2743 1374 2802 1426 τὸ
2822 1372 2930 1424 τῶν
2963 1372 3280 1440 αὐτομόλων
3308 1373 3518 1442 σχῆμα.
3541 1371 3641 1440 τὴν
3671 1371 3816 1424 ἀντι-

2249 1467 2542 1536 πρόσωπον
2572 1463 2771 1534 ῆλαυνε
2826 1465 2941 1525 τοῖς
2974 1462 3284 1530 πολεμίοις’
3320 1464 3395 1526 ὼς
3443 1463 3608 1532 δῆθεν
3651 1463 3826 1527 αὐτοῖς

2248 1557 2496 1610 ἐπιοῦσιν
2549 1556 2886 1626 προσχωρῶν
2938 1554 3054 1622 ἅμα
3090 1557 3206 1617 τοῖς
3264 1555 3376 1624 (79)
3420 1557 3828 1623 συνεπομένοις,

2249 1649 2346 1702 καὶ
2392 1647 2548 1710 δόξας
2594 1647 2671 1716 τῷ
2717 1647 2999 1714 πλάσματι
3066 1646 3295 1708 πιθανὸς
3344 1646 3439 1698 καὶ
3475 1649 3543 1698 τὰ
3602 1646 3826 1699 ἐκείνων

2255 1739 2505 1808 στέργειν
2534 1739 2945 1808 ἐπομοσάμενος
2977 1737 3113 1806 (80),
3146 1737 3348 1806 ἀφείθη
3389 1738 3502 1806 (Si)
3522 1755 3583 1790 τε
3615 1739 3714 1790 σὺν
3730 1742 3831 1802 τοῖς

2253 1832 2541 1902 ἑπομένοις
2567 1829 2662 1881 τοῦ
2712 1829 2967 1892 Θανάτου,
2999 1828 3092 1880 καὶ
3129 1827 3236 1880 τῶν
3269 1829 3443 1882 ἄλλων
3478 1827 3699 1890 οὐδενὸς
3736 1829 3826 1898 τὴν

2253 1922 2456 1992 ζημίαν
2510 1921 2743 1989 ὑπέστη.
2823 1918 3264 1988 Καιροφυλακῶν
3328 1919 3387 1972 δὲ
3440 1919 3534 1970 τὸν
3575 1918 3829 1988 δρασμὸν,

2253 2013 2484 2081 ἐπείπερ
2536 2011 2685 2079 αὑτῷ
2709 2010 2801 2062 τὸν
2857 2009 3233 2079 μελετώμενον
3279 2009 3472 2080 καιρὸν
3532 2009 3830 2079 ἐπιτήδειον

2252 2099 2432 2172 εῦρεν,
2461 2101 2652 2170 φεύγει
2681 2099 2820 2170 μετὰ
2850 2099 2960 2153 τῶν
2987 2101 3292 2168 ἑπομένων,
3315 2102 3396 2164 είς
3427 2101 3484 2153 δέ
3511 2102 3611 2170 τὴν
3637 2101 3826 2155 πολλά-

2252 2212 2340 2258 κις
2368 2193 2766 2263 ὀνομασθεῖσαν
2817 2192 3013 2260 κώμην
3067 2193 3400 2262 Ἐπίσπαριν
3451 2192 3818 2260 παραγίνεται,

2251 2291 2348 2341 καὶ
2372 2286 2629 2356 λαμπρᾶς
2659 2286 2808 2356 παρᾶ
2841 2285 2956 2354 (82)
2989 2284 3098 2337 τῶν
3120 2283 3479 2336 ἐνοικούντων
3515 2283 3614 2353 τῆς
3640 2285 3816 2337 om-

2252 2379 2355 2450 χῆς
2384 2375 2564 2448 τυχὼν
2616 2377 2732 2446 (καὶ
2765 2377 2875 2446 γὰρ
2931 2371 2999 2444 ἦν
3045 2375 3153 2427 τῶν
3205 2376 3307 2444 τῆς
3344 2376 3679 2438 ἀποστασίας
3704 2377 3822 2446 ἐρσ-

2254 2469 2396 2524 στῶν
2416 2470 2476 2522 τὸ
2497 2469 2698 2539 χωρίον
2714 2468 3124 2538 ἐργαστήριον),
3149 2466 3290 2519 ὥστε
3314 2467 3410 2519 καὶ
3426 2467 3706 2537 λαμπάδας
3724 2467 3831 2535 (83)

2253 2561 2404 2632 αὺτῷ
2445 2562 2586 2614 κατὰ
2613 2560 2712 2632 τὴν
2752 2561 2957 2614 εἴσοδον
2993 2561 3124 2630 παρ’
3156 2559 3306 2629 αὐτῷ
3361 2560 3826 2627 προσανάπτεσθαι

2255 2657 2348 2708 καὶ
2375 2654 2475 2724 τὴν
2503 2653 2670 2722 ἄλλην
2704 2655 2886 2706 πᾶσαν
2917 2652 3217 2722 θεραπείαν
3245 2653 3341 2704 καὶ
3361 2652 3545 2723 τιμὴν,
3581 2654 3677 2721 ὅση
3699 2653 3829 2722 Χρι-

2253 2745 2380 2799 στοῦ
2414 2746 2686 2816 μαθηταῖς
2737 2745 3120 2815 ἐποφείλεται·
3163 2737 3320 2808 οὗτος
3375 2745 3440 2814 δὴ
3478 2745 3618 2798 οὕτω
3652 2745 3836 2810 δεξίω-

2253 2838 2366 2900 θεὶς
2395 2837 2586 2907 χρόνον
2622 2835 2744 2889 τινὰ
2787 2836 3018 2890 διετέλει
3067 2836 3284 2890 πλανῶν
3319 2854 3380 2890 τε
3416 2839 3511 2890 καὶ
3544 2836 3834 2907 πλανώμε-

2253 2947 2366 2992 νος,
2435 2928 2699 2992 καὶτοὺς
2751 2929 3109 2998 πειθομένους
3147 2929 3228 2991 είς
3279 2929 3342 2980 τὸ
3413 2929 3513 2998 τῆς
3564 2929 3838 2990 ἀπωλείας

2253 3019 2578 3091 κατασύρων
2639 3020 2935 3092 βάραθρον.
3001 3019 3167 3089 Ἀνὴρ
3235 3019 3292 3071 δέ
3350 3037 3435 3080 τις
3488 3019 3839 3090 Κρικορὰχης

2251 3113 2391 3184 ἔχων
2421 3114 2734 3183 ἐπώνυμον,
2754 3115 2868 3176 τοῖς
2889 3112 2944 3164 δὲ
2973 3111 3150 3165 τέλεσι
3171 3111 3279 3165 τῶν
3307 3112 3616 3182 ἐπιχωρίων
3632 3112 3842 3182 ἀρχόν-

2247 3220 2357 3256 των
2378 3203 2492 3272 (84)
2516 3201 2925 3273 ἐξεταζόμενος,
2952 3201 3209 3268 θεοσεϐὴς
3231 3202 3328 3271 μὲν
3349 3203 3408 3254 τὸ
3427 3202 3619 3272 δόγμα,
3643 3203 3842 3255 εὐσταο

2253 3295 2350 3366 θὴς
2384 3295 2442 3348 δὲ
2466 3295 2528 3347 τὸ
2557 3291 2709 3366 ἦθος,
2745 3294 2838 3348 τόν
2868 3311 2929 3347 τε
2971 3293 3132 3364 ζῆλον
3171 3293 3520 3360 ἁξιάγαστος,
3569 3295 3668 3346 καὶ
3711 3294 3846 3357 τοὺς

2250 3384 2563 3454 θεοστυγεῖς
2593 3386 3022 3457 μυσαττόμενος,
3063 3383 3253 3456 μαθὼν
3275 3385 3364 3439 τὸν
3395 3385 3592 3438 πλάνον
3621 3388 3837 3456 ἐπιχω-

2254 3478 2544 3548 ριάσαντα,
2587 3480 2684 3531 καὶ
2725 3479 2825 3548 τὴν
2884 3479 3224 3531 ἀποστασίαν
3258 3479 3340 3532 ἐτι
3381 3478 3583 3548 μᾶλλον
3611 3479 3697 3540 είς
3737 3478 3850 3532 ἐπί-

2249 3571 2397 3624 δοσιν
2427 3570 2714 3640 χωροῦσαν
2732 3572 2873 3639 (85),
2893 3574 3054 3640 χεῖρα
3085 3569 3264 3622 λαϐὼν
3293 3570 3720 3641 στρατιωτικὴν,
3749 3589 3841 3624 και

2250 3662 2592 3732 ταλαμϐανει
2640 3663 2732 3716 τὸν
2779 3665 2966 3725 τόπον,
3015 3665 3074 3715 ἐν
3133 3655 3178 3729 ᾧ
3231 3662 3301 3715 τὰ
3357 3664 3458 3734 τῆς
3503 3663 3836 3725 ἁποστασίας

2249 3755 2485 3808 ἐτελεῖτο
2530 3758 2833 3826 μυστήρια·
2888 3757 2982 3808 καὶ
3025 3754 3453 3824 κυκλωσάμενος
3483 3755 3587 3825 τὴν
3641 3754 3834 3818 οίκίαν,

2251 3847 2416 3900 αὐτὸν
2443 3849 2542 3916 μὲν
2556 3849 2648 3899 τὸν
2671 3849 2770 3917 τῆς
2788 3845 3112 3908 δυσσεϐείας
3135 3845 3388 3916 ἔξαρχον,
3407 3841 3495 3899 οἷα
3514 3848 3581 3914 δὴ
3610 3845 3843 3916 συμϐαί-

2251 3939 2482 4010 νει(86),
2508 3941 2683 3994 ἄλλων
2705 3940 2841 4008 πρὸς
2864 3939 3000 3993 ἄλλα
3020 3939 3400 4010 τρεπομένων,
3428 3942 3485 3992 ἐν
3510 3943 3638 4004 ταῖς
3672 3942 3850 4008 αίφνι-

1671 4143 1910 4200 ῩΑΒΙᾸΕ
1949 4144 2338 4204 LECTIONES
2375 4147 2464 4202 ET
2502 4147 2733 4206 NOTAE.

638 4291 752 4363 (77)
795 4295 954 4368 Ἀντί
973 4298 1273 4368 ποιμένος.
1306 4301 1386 4357 Ita
1413 4311 1560 4358 recte
1591 4303 1957 4360 Coislinianus
1989 4303 2140 4360 :No-

564 4366 1089 4443 ster_‘nu_l|o_sensu
1153 4366 1624 4443 αντιποιούμενος.
1677 4375 1871 4431 Petrus
1899 4377 2137 4438 Siculus.

565 4434 745 4515 p._52,
771 4437 973 4515 clarius
1003 4442 1244 4515 utso_lct,
1273 4434 1512 4515 mentem
1551 4434 1776 4515 exponit
1797 4447 1883 4500 his
1911 4447 2095 4501 verbis
2123 4434 2136 4499 Ξ

2247 4306 2508 4361 mendose
2549 4307 2714 4378 habet
2741 4307 2832 4359 τὸν
2854 4306 3119 4378 θάνατον,
3150 4323 3249 4378 pro
3277 4306 3372 4360 τοῦ
3399 4305 3666 4368 θανάτου,
3696 4319 3861 4374 quem

2248 4391 2434 4430 casum
2459 4377 2685 4430 verbum
2711 4377 2962 4445 requirit.

2321 4447 2436 4518 (82)
2469 4447 2652 4516 Παρὰ,
2687 4443 2834 4518 recte
2866 4465 2964 4518 pro
2987 4447 3136 4518 περί,
3158 4447 3301 4515 quod
3331 4447 3383 4499 in
3416 4443 3628 4498 Nostro
3655 4454 3862 4518 exstat.

565 4503 996 4585 Atb_tbv_€t5f¢0_’q
1125 4503 1398 4585 ζακαρίας
1431 4515 1584 4585 παρὰ
1623 4503 1748 4568 ’τῶν
1815 4516 2020 4584 ἄλλων,
2072 4516 2144 4580 ὡς

2325 4503 2438 4584 (35')
2479 4503 2833 4584 Αιὶμπὲάδας.
2866 4503 3256 4572 ἰιιιιειὲθίἱοο
3304 4525 3422 4570 erat
3477 4525 3532 4568 et
3576 4515 3776 4585 gaudii
3813 4523 3868 4568 ct

567 4575 859 4656 pteggrrbj.
888 4575 994 4631 καί
1011 4581 1112 4656 οὐκ
1139 4575 1476 4656 δοῖ-ποιμήν.

637 4645 750 4726 (78)
775 4651 1184 4726 ’Πανουρτίαη
1235 4645 1466 4726 Ιιοίίοέο
1495 4670 1618 4726 cum
1651 4653 1868 4717 Nostro,
1903 4671 2001 4723 pro
2039 4673 2148 4726 quo

563 4713 929 4794 Coislinianus
955 4713 1285 4794 jtcivoupyla
1324 4725 1379 4779 in
1400 4713 1587 4779 "dandi
1642 4743 1795 4780 casu.
1838 4713 1974 4782 Clim
2016 4713 2148 4782 vero

569 4787 908 4855 πανουργίαν
939 4787 1167 4866 ῥάπτειν
1200 4787 1366 4866 teque
1406 4796 1549 4850 bene
1580 4796 1683 4851 dici
1741 4799 1914 4866 possit
1942 4813 2008 4852 ac
2049 4799 2148 4866 ῥά-

565 4871 722 4936 πτειν
759 4861 1030 4929 μηχανήν,
1073 4865 1148 4918 nil
1184 4861 1340 4936 video
1363 4882 1568 4930 causae,
1613 4883 1712 4921 cur
1741 4861 1847 4921 non
1891 4861 2147 4921 eumdem

566 4935 824 5008 utrinque
847 4944 1035 5008 casum
1059 4935 1436 5008 admittamus,
1468 4945 1527 4990 ut
1563 4946 1792 5004 taceam,
1845 4939 2146 5008 incongrue

564 4995 671 5076 dici
704 5000 1025 5078 gravatim];
1065 5005 1292 5078 demeti;
1327 4995 1601 5078 μηχανήν,
1652 4995 1806 5078 aeque
1834 5024 1898 5063 ac
1945 4995 2148 5064 Lautine

565 5066 908 5139 vix__dixeris,
945 5066 1131 5139 frhu'de
1167 5077 1311 5131 dolos
1327 5066 1558 5132 'néciere'.

637 5137 749 5217 (79)
776 5139 920 5207 Ἅμα
941 5137 1082 5220 ζοξς.
1112 5145 1188 5199 Ita
1208 5163 1333 5220 cum
1357 5147 1554 5203 Nostro
1569 5163 1668 5218 pro
1691 5149 1807 5220 ἆμα
1822 5150 1949 5206 τῶν.
1973 5151 2147 5207 Dandi

565 5209 908 5284 enim__casus
942 5209 1069 5266 huic
1099 5218 1378 5284 particula!
1407 5209 1684 5274 convenit.

611 5277 752 5359 ,(80)
810 5277 1313 5363 ’βπομρσᾷμενοᾳ
1347 5289 1441 5363 S_ic
1490 5288 1686 5363 Easter
1731 5302 1910 5360 recte;
1973 5296 2148 5363 ἐπομ-

565 5353 714 5431 νύειν
745 5353 891 5431 enim
944 5353 1029 5407 vel
1072 5353 1449 5431 ἐπομνῦεσθαι
1495 5353 2002 5431 frequentissimum
2057 5353 2145 5419 est

566 5418 710 5504 apud
759 5420 998 5504 (ἓξ-αἶθος.
1031 5418 1433 5504 _Coisliniautis
1486 5418 2145 5504 bnopoodpsvogwminus

567 5485 708 5573 bene
732 5507 746 5543 :
778 5491 840 5573 το
865 5492 1246 5573 ὑπομοσασθαι
1267 5501 1414 5556 enim
1437 5485 1904 5573 exigéhliirii‘sita.’
1919 5485 2145 5561 ητῖίίὅιῖἑ

565 5555 748 5642 locum
778 5561 867 5642 hic
903 5555 1107 5642 habere
1131 5585 1242 5624 non
1275 5555 1897 5642 potest-.jv'idewsuwid—aiu
1919 5555 2140 5640 ibim;

564 5632 1174 5714 voceqtvflpnopdaallat
1210 5632 1548 5714 et'compara
1576 5645 1649 5699 ibi
1701 5655 1860 5700 notas
1899 5632 2139 5702 Kusteri.

640 5701 750 5786 (ξι)
796 5701 1055 5774 Ἀφεῖθη.
1102 5707 1177 5764 Ita
1224 5701 1436 5786 Noster:
1477 5730 1575 5786 pro
1625 5732 1736 5786 quo
1775 5701 2143 5771 Coislinianus

567 5769 781 5842 ἀφέθηο
831 5769 1120 5849 υὶτιιιηὲιιω
1180 5795 1343 5838 recte.
1394 5769 1562 5842 Paulo
1619 5769 1744 5855 plost
1789 5769 2142 5845 ‘ms‘filéaéé

2253 4588 2433 4659 cultus
2463 4597 2863 4659 argumentum.
2885 4587 3055 4659 (Lege
3076 4588 3142 4642 de
3182 4588 3285 4641 hoc
3315 4602 3466 4659 more
3496 4586 3666 4654 plura
3719 4585 3872 4655 apud

2251 4655 2621 4727 Ciampiuum,
2672 4667 2814 4728 part.
2874 4658 2918 4714 1.

2251 4742 2372 4798 cap.
2403 4729 2487 4781 ‘22.

2323 4795 2436 4868 (84)
2475 4797 2602 4864 Τοῖς
2657 4796 2725 4851 δὲ
2767 4797 2969 4853 τέλεσι
3002 4797 3121 4852 τῶν
3155 4797 3489 4865 ἀρχόντων.
3526 4796 3611 4851 Ita
3665 4795 3877 4851 Noster

2249 4866 2364 4922 fere
2413 4869 2748 4938 pleonastice
2779 4887 2792 4921 :
2829 4885 2952 4924 nam
2997 4869 3322 4936 simpliciter
3361 4868 3519 4938 τέλος
3550 4868 3647 4938 (de
3686 4869 3875 4938 magi-

2248 4925 2429 4992 stratu'
2483 4940 2655 5009 accipi
2717 4940 2857 4994 solet
2911 4939 3054 5008 apud
3097 4925 3336 5009 Crgecos.
3372 4937 3476 5009 Sic
3499 4925 3668 5009 ὀίίὲν
3720 4925 3878 4990 τέλει

2248 5009 2419 5073 ὄντες,
2453 5021 2560 5065 etc.
2598 5007 2803 5064 Confer
2848 5007 3006 5064 notas
3044 5009 3110 5063 ad
3167 5007 3480 5063 Philostrati
3522 5007 3694 5062 Vitas
3768 5009 3879 5061 So-

2249 5080 2576 5149 phistarum,
2610 5097 2662 5158 p.
2695 5080 2824 5158 490.
2883 5081 3030 5158 Alias
3059 5095 3164 5133 vox
3196 5079 3350 5142 τέλος
3403 5077 3620 5158 nomini
3675 5078 3879 5158 addita

2248 5147 2370 5204 eam
2423 5167 2534 5205 rem
2595 5147 2916 5222 simpliciter
2965 5151 3250 5222 denotat,
3287 5164 3410 5217 qua:
3461 5147 3711 5222 nomine
3765 5147 3882 5222 isto

2248 5221 2595 5289 exprimitur.
2627 5218 2718 5276 Ita'
2737 5220 2888 5284 τέλος
2918 5221 3162 5290 πολέμου
3202 5219 3345 5290 idem
3370 5218 3884 5290 Θεμγιιιιῼᾱμπόλε-

2295 5287 2374 5352 ος.
2396 5291 2598 5347 Confer
2635 5291 2755 5346 Jac.
2787 5287 3070 5346 Perizonii
3087 5290 3254 5344 Notas
3283 5289 3352 5344 ad
3391 5289 3603 5343 1Eliaui
3666 5287 3880 5342 Varias

2301 5363 2530 5424 ἰδίου-ξοδ,
2565 5363 2657 5422 lll.
2691 5362 2782 5416 45.

2321 5433 2432 5499 (85)
2461 5434 2570 5486 Kal
2598 5433 2712 5501 τὴν
2746 5431 3135 5487 ἀποστασίαν
3160 5432 3211 5485 ἐ.
3233 5448 3298 5499 μ.
3323 5446 3375 5483 ε.
3491 5429 3875 5501 χωροῦσανἶ

2245 5500 2364 5557 Νοη
2404 5499 2890 5580 agnoscitNoster,
2945 5502 3154 5580 librarii
3171 5500 3472 5580 oscitantis
3511 5499 3877 5580 culpa,_qui

2245 5589 2316 5629 ex
2369 5572 2505 5628 voce
2543 5575 2992 5644 ἐπιχωριάσαντα
3040 5574 3094 5626 in
3130 5572 3349 5626 allinem
3390 5585 3525 5625 sono
3552 5572 3884 5640 χωροῦσαν

2245 5660 2594 5724 prgpropfre
2616 5646 2872 5724 delapsus
2897 5644 3132 5724 videtur.
3271 5721 3280 5724 Α
3652 5710 3688 5724 ⁸
3745 5709 3758 5724 .

2317 5710 2427 5782 (86)
2467 5710 2811 5782 Συμϐαἰνὲι.
2849 5714 2924 5770 lta
2949 5712 3147 5771 Noster
3171 5721 3342 5780 recte,
3368 5728 3468 5784 pro
3516 5710 3886 5782 συμϐαίνειν

2245 5786 2592 5844 Coisliniani.

3019 4656 3262 4712 Veterum
3329 4655 3870 4719 Monumentorum,
