3986 6428
234 334 285 397 61
1286 329 1586 391 CONTRA
1621 332 1827 392 MANIl

1937 329 2085 396 EOS
2124 330 2360 390 LIBER
2400 328 2452 389 Ι.
3440 324 3511 387 62

231 448 345 507 δίοις
363 442 712 512 ἐπιδρομαξ
746 460 807 496 τε
846 446 939 497 καὶ
965 444 1198 513 ἐφόδοις,
1222 444 1321 513 οὐχ
1344 442 1507 497 εἷλεν·
1533 445 1687 498 ἔλαθε
1711 445 1824 514 (87)

1937 443 2374 512 insequentibus,
2419 449 2608 509 utpote
2640 439 2730 508 qui
2752 438 2819 492 ab
2848 438 2953 493 illis
2986 436 3304 506 longissimo
3330 438 3509 506 spatio

236 541 328 606 γάρ
343 534 661 602 διαφυγών·
689 536 821 599 τοὺς
848 536 905 589 δὲ
926 536 1172 606 μαθητὰς
1203 539 1432 607 συνέσχε
1460 539 1553 590 τοῦ
1586 538 1814 600 πλάνου,

234 628 317 681 καὶ
340 627 435 695 τὴν
447 627 638 694 νομὴν
668 627 816 691 τέως
856 628 949 681 τοῦ
970 628 1292 699 τηλικούτου
1313 628 1485 681 κακοῦ
1512 628 1822 698 φερομένην

236 720 413 786 ἐπέσχε
441 718 541 770 καὶ
566 719 950 789 ἀνεχαίτισεν.
983 720 1042 773 '0
1078 721 1136 773 δὲ
1186 721 1288 790 τῆς
1309 721 1645 782 ἀποστασίας
1667 714 1822 783 οὗτος

236 811 417 881 θερμὸς
433 809 778 874 διδάσκαλος
805 812 1004 882 Ἰωσὴφ
1031 807 1121 882 (ἦν
1136 812 1195 866 δὲ
1213 810 1362 881 αὑτῷ
1376 813 1472 865 καὶ
1496 813 1526 863 ὁ
1542 813 1722 879 Ἐπαφ
1731 810 1821 879 ρό-

236 905 365 964 διτος
408 902 609 972 ὗνομα)
654 903 944 973 nepa-caui);
992 904 1243 968 ἐλασθεὶς
1285 904 1407 956 ὅθεν
1451 905 1666 973 εῐρηται
1692 901 1826 971 (88),

239 994 326 1045 καὶ
375 994 469 1062 τὴν
528 995 729 1062 φυγὴν
789 996 882 1048 ἐπὶ
948 996 1190 1066 Φρυγίαν
1242 997 1586 1061 ποιούμενος,
1652 995 1829 1065 χρόνῳ

1925 536 2172 595 distaret,
2208 532 2406 585 multos
2448 530 2746 583 incolarum
2777 528 2841 581 ad
2869 528 3184 597 pestiferam
3216 543 3369 581 suam
3420 543 3509 581 se-

1927 637 2068 682 ctam
2094 626 2319 680 abduxit
2347 665 2362 687 ,
2411 637 2772 693 magnamque
2802 622 2943 691 apud
2991 638 3087 676 eos
3120 619 3509 691 benignitatem

1926 728 2183 789 expertus
2207 725 2310 779 est,
2340 716 2432 786 qui
2460 726 2749 785 postquam
2780 715 3001 783 impiam
3026 714 3173 767 illam
3208 713 3511 767 doctrinam

1928 828 2026 882 per
2056 826 2229 865 annos
2259 810 2614 878 quadraginta
2644 808 2835 876 plenos
2862 807 3253 876 przedicaverat
3277 845 3291 867 ,
3342 804 3513 858 scele-

1926 915 2066 959 stam
2094 902 2593 969 exsecrandamque
2622 901 2788 953 vitam
2830 916 2954 953 cum
2998 909 3172 953 morte
3204 905 3513 953 commuta-

1925 996 2003 1049 vit
2037 996 2089 1047 in
2113 994 2371 1048 suburbio
2398 994 2673 1062 praidictze
2703 992 2871 1055 urbis,
2914 992 3058 1060 quod
3083 988 3514 1059 Chortocopium

242 1083 442 1152 ὕστερον
474 1082 691 1153 βραχεῖ
707 1086 1126 1154 καταλαμϐάνει
1157 1085 1256 1155 τὴν
1279 1089 1336 1138 ὲν
1368 1086 1587 1155 Πισιδίᾳ
1623 1085 1829 1138 Ἀντιό-
1926 1094 2182 1138 vocatur.

238 1190 393 1244 χειαν,
421 1169 537 1245 ἐνῇ
570 1177 957 1246 παροικήσας,
999 1178 1094 1230 καὶ
1136 1177 1317 1238 ἀδείας
1346 1176 1455 1228 τῶν
1499 1176 1805 1229 δακνόντων
1844 1175 2176 1242 λαϐόμενος,
2208 1176 2304 1228 ἆτε
2370 1175 2434 1246 δὴ
2478 1174 2685 1227 τούτων
2740 1173 2816 1236 ὡς
2865 1173 3205 1241 πορρωτέρω
3263 1168 3515 1233 διαστὰς,

240 1267 447 1330 πολλοὺς
478 1267 581 1336 μὲν
618 1270 737 1322 τῶν
767 1270 1081 1339 ἐπιχωρίων
1111 1270 1213 1338 τῆς
1245 1269 1412 1323 αὑτοῦ
1438 1270 1618 1340 λύμης
1648 1269 1809 1339 ἔργον
1850 1268 2157 1334 ἀπέδειξεν,
2217 1267 2420 1338 πολλῆς
2453 1268 2512 1320 δὲ
2544 1269 2644 1337 τῆς
2703 1268 2833 1334 παρ’
2882 1266 3109 1318 ἐκείνων
3141 1264 3372 1327 ἠξίωται
3437 1262 3520 1315 δε-

243 1360 481 1425 ξιὼσεως
510 1364 618 1414 καὶ
653 1364 758 1433 τὴν
804 1364 1063 1419 ἀσέϐειαν
1117 1365 1293 1417 ἐτεσιν
1340 1366 1483 1427 ὅλοις
1522 1366 1820 1435 τριάκοντα
1860 1365 2139 1435 κηρύξας,
2180 1364 2333 1432 μόλις
2380 1365 2511 1417 ποτὲ
2542 1364 2633 1416 τὸν
2681 1363 2967 1430 ἐξάγιστον
3026 1360 3121 1412 καὶ
3182 1357 3519 1427 ἐϐδελυγμέ-

245 1468 317 1505 vos
346 1451 605 1502 καταλύει
634 1451 780 1520 βίον,
815 1454 875 1521 ὲν
906 1454 1214 1524 προαστείῳ
1241 1454 1341 1523 τῆς
1364 1454 1663 1524 εἰρημένης
1716 1454 1925 1517 πόλεως
1989 1455 2049 1505 οὐ
2121 1455 2311 1526 πόρρω
2368 1454 2719 1524 διακειμένῳ,
2778 1454 2874 1506 καὶ
2908 1452 3007 1523 τὴν
3038 1453 3335 1522 ὀνομασίαν
3374 1454 3519 1518 Χορ-

249 1550 472 1601 τοκοπίον
504 1546 631 1615 (89)
664 1546 870 1617 ἔχοντι.

309 1639 520 1693 Κ’.Ἐτι
546 1639 617 1692 δὲ
683 1639 787 1692 τοῦ
835 1638 1246 1710 τρισαλιτηρίου
1300 1638 1379 1710 τῷ
1408 1639 1509 1711 βίῳ
1551 1655 1820 1710 παροντος

1991 1638 2136 1691 XXI.
2164 1637 2299 1693 Cum
2341 1647 2523 1692 autem
2558 1646 2840 1707 superstes
2862 1638 3040 1693 adhuc
3079 1647 3261 1703 esset,
3307 1646 3362 1693 et
3418 1640 3520 1693 im-

257 1733 334 1784 κεὶ
361 1731 718 1799 ἀκμάζοντος
759 1731 861 1801 τὴν
895 1731 1173 1795 ἀσέϐειαν,
1205 1733 1302 1801 μία
1330 1750 1415 1796 τις
1438 1732 1546 1785 τῶν
1578 1733 1827 1802 συνήθων

1937 1733 2133 1803 pietate
2156 1732 2390 1797 floreret,
2420 1734 2613 1787 mulier
2640 1735 2888 1802 quzedam
2919 1734 3019 1803 ipsi
3055 1734 3354 1797 familiaris,
3392 1752 3516 1803 qua:

261 1823 382 1891 αὕτῷ
410 1822 554 1890 ἀνδρὶ
624 1821 726 1874 διὰ
768 1822 948 1890 γάμον
1004 1823 1353 1893 ἡρμοσμένη,
1390 1823 1664 1891 ἐξυϐρίζει
1729 1824 1828 1892 μὲν

272 1920 351 1978 τὴν
391 1914 727 1983 ἁνῦϐριστον
760 1914 972 1984 κοίτην,
1010 1915 1228 1978 ἔκδοτος
1252 1916 1309 1967 δὲ
1342 1916 1554 1983 γίνεται
1584 1917 1823 1987 μοιχείᾳ.

276 2007 428 2058 Τδνδὲ
470 2008 875 2077 διαρῤήξαντα
931 2008 1042 2078 (90)
1093 2010 1222 2072 τοὺς
1273 2009 1593 2079 ἀλλοτρίους
1613 2010 1827 2079 γάμους

270 2103 346 2153 ἕνα
377 2104 460 2169 μὲν
491 2099 640 2155 εἶναι
701 2101 821 2154 τῶν
861 2102 1118 2172 μαθητῶν
1169 2119 1304 2169 φασι
1341 2102 1435 2155 τοῦ
1469 2103 1674 2155 πλάνου
1696 2118 1709 2131 ·
1766 2101 1827 2166 ἐξ

277 2194 505 2263 Ἐϐραίων
529 2194 589 2246 δὲ
622 2194 778 2263 πρὸς
811 2194 913 2265 τὴν
958 2194 1115 2247 ἄθεον
1144 2193 1443 2265 θρησκείαν
1476 2192 1826 2264 μεταϐληθῆ-

272 2302 367 2336 ναι.
396 2285 527 2351 Πλὴν
555 2286 619 2337 ἐκ
647 2284 924 2353 τοιαύτης
956 2285 1147 2337 ἀδίκου
1182 2302 1241 2336 τε
1282 2285 1380 2338 καὶ
1419 2285 1827 2355 ὲϐδελυγμένης

288 2375 461 2441 μίξεως
498 2377 736 2429 τίκτεται
799 2379 868 2446 τῇ
923 2375 1196 2445 μοιχαλίδι
1230 2376 1294 2428 τὸ
1351 2377 1439 2428 ἐπ’
1500 2376 1824 2445 αἰσχρότητι

294 2465 372 2516 καὶ
392 2466 611 2537 βδελυρίᾳ
650 2466 990 2536 περιϐόητον
1020 2467 1186 2535 (ἄγος,
1220 2469 1250 2519 ὁ
1288 2468 1535 2538 ῥυπαρὸς
1565 2468 1661 2520 καὶ
1685 2466 1823 2520 ἀκά-

282 2557 440 2626 θαρτος
467 2559 704 2628 Βαάνης.
753 2554 925 2621 Οὗτος
963 2556 1056 2613 οὖν
1092 2560 1187 2629 τὴν
1219 2561 1467 2632 κορυφὴν
1498 2560 1607 2613 τῶν
1637 2559 1826 2613 κακῶν

270 2650 294 2699 ὁ
336 2650 584 2717 χείριστος
648 2651 967 2721 διαδέχεται
1005 2652 1116 2720 (91)
1162 2652 1253 2704 τὸν
1292 2652 1587 2722 εἰρημένον
1657 2653 1826 2705 Ἐπα-

268 2742 474 2807 ςράῑιτον
513 2746 542 2795 ὁ
575 2744 811 2813 Βαάνης
836 2760 850 2775 ο
886 2743 943 2805 ὃς
974 2743 1153 2796 πάντα
1187 2744 1285 2813 μὲν
1323 2745 1392 2797 τὰ
1433 2744 1542 2796 τῶν
1588 2745 1695 2814 πρὸ
1721 2745 1823 2798 αὑ-

262 2830 353 2891 τοῦ,
376 2825 447 2891 οἷς
481 2833 889 2898 συνεκροτεῖτο
927 2832 960 2901 ὴ
992 2832 1244 2897 ἀσέϐεια,
1275 2832 1545 2900 στέργων,
1576 2830 1826 2900 ἀκαθαρ-

262 2921 334 2987 ei;
356 2921 403 2971 δὲ
428 2922 553 2989 βίου
586 2922 696 2973 καὶ
730 2921 1006 2989 σωμάτων
1055 2920 1268 2991 μίξεσιν
1291 2922 1555 2991 ἀρρήτοις
1578 2920 1673 2973 καὶ
1704 2922 1827 2982 ταῖς

266 3012 407 3073 ἄλλοις
444 3012 928 3084 ἁθεμιτουργίαις
973 3013 1100 3076 τοὺς
1136 3012 1451 3085 ἔμπροσθεν
1498 3011 1825 3081 φιλονεικῶν

272 3106 698 3173 ἀπεκρύψασθαι,
746 3107 974 3160 διετέλει
1014 3108 1283 3162 διδάσκων
1311 3108 1437 3170 τοὺς
1468 3107 1826 3178 πειθομένους

256 3198 331 3267 τὴν
358 3200 612 3270 ὀλέθριον
652 3200 915 3269 μάθησιν.
965 3200 1100 3253 Ὑπὸ
1130 3202 1187 3254 δὲ
1215 3200 1342 3263 τοὺς
1374 3201 1571 3264 αὐτοὺς
1601 3199 1829 3269 χρόνους

252 3290 640 3356 quanquam
686 3289 769 3359 τῷ
824 3290 1161 3361 πολυμόρφῳ
1218 3290 1398 3359 τούτῳ
1451 3291 1548 3343 καὶ
1582 3288 1828 3360 βδελυρῷ

253 3379 389 3449 θηρίῳ
435 3383 653 3451 ἕτερόν
706 3398 763 3433 τι
801 3383 1188 3453 παραπλήσιον
1249 3381 1599 3452 δρακοντείου
1658 3381 1830 3451 γέμον

262 3473 336 3524 ira-3.
358 3476 544 3543 Κώμη
581 3476 647 3528 δὲ
679 3470 749 3545 ἦν
784 3476 932 3545 αὐτῴ
965 3478 1167 3545 πατρὶς
1192 3478 1224 3544 ἡ
1269 3476 1421 3528 ’Λνία
1446 3474 1582 3540 (92),
1615 3477 1681 3544 τῇ
1718 3475 1830 3526 Τα-

256 3564 323 3634 εἰᾳ
350 3568 760 3637 πλησιάζουσα
787 3568 962 3628 πόλει.
996 3570 1092 3621 καὶ
1126 3570 1352 3638 Δρυΐνος
1400 3564 1469 3638 ἦν
1500 3567 1576 3638 τῷ
1604 3566 1829 3637 δειλαίῳ

242 3661 289 3709 τὸ
310 3661 514 3730 ὄνομα,
552 3664 665 3731 τῆς
707 3662 961 3729 κλήσεως
1010 3661 1459 3733 θριαμϐευούσης
1497 3663 1589 3714 τὸν
1628 3660 1833 3715 ἰοϐόλον

237 3757 317 3807 καὶ
354 3756 719 3825 φθοροποιὸν
771 3756 895 3823 ὅφιν
924 3756 1037 3825 (95)
1084 3755 1462 3824 κρυπτόμενον
1516 3755 1575 3806 ὲν
1620 3754 1833 3820 ἀνθρω-

232 3847 358 3916 πίνω
387 3848 521 3917 (9—5)
584 3846 935 3917 σκηνώματι.
1001 3848 1189 3915 Τούτῳ
1235 3848 1314 3917 τῷ
1366 3847 1541 3918 θηρίῳ
1584 3848 1834 3901 τίκτεται

230 3941 366 4003 παῖς,
400 3940 471 4003 ἐξ
499 3938 717 4001 αὐτῶν,
740 3934 919 4008 οἶμαι,
941 3940 1049 3993 τῶν
1076 3940 1295 3993 ἰοϐόλων
1332 3940 1534 4009 μᾶλλον
1574 3939 1830 4010 σπερμά-

226 4048 325 4082 των
351 4032 457 4084 τοῦ
493 4032 819 4101 ἀρχεκάκου
849 4032 961 4102 (95)
1010 4033 1209 4100 ὄφεως,
1262 4033 1292 4102 ἢ
1326 4033 1391 4085 ὲκ
1417 4034 1510 4085 τοῦ
1545 4031 1832 4102 προσεχῶς

227 4122 425 4186 φύντος
480 4123 672 4175 ἕλκων
706 4123 803 4185 τὰς
841 4124 1101 4193 ἀπαρχὰς
1133 4124 1234 4192 τῆς
1281 4124 1571 4190 γενέσεως.
1605 4124 1833 4176 Τίθεται

225 4212 265 4263 δ’
290 4209 389 4267 οὖν
426 4216 462 4267 ὁ
494 4215 690 4285 πατὴρ
742 4214 820 4285 τῷ
873 4215 1193 4284 γεννηθέντι
1230 4214 1423 4285 κλῆσιν
1448 4214 1545 4285 τὴν
1581 4214 1830 4285 Σέργιον,

1932 1826 2049 1879 viro
2078 1836 2244 1894 nupta
2276 1835 2411 1888 erat,
2456 1826 2831 1880 inviolabilem
2866 1827 3126 1879 connubii
3188 1836 3366 1880 torum
3425 1830 3518 1883 de-

1932 1917 2134 1987 spexit,
2166 1926 2219 1971 et
2247 1917 2595 1970 fornicationi
2629 1935 2687 1972 se
2726 1919 2954 1973 dedidit.
2976 1918 3143 1973 Aiunt
3174 1936 3336 1988 porro
3368 1936 3516 1986 eum,

1930 2007 2022 2075 qui
2049 2006 2255 2061 alienas
2281 2009 2500 2075 nuptias
2527 2008 2785 2073 violavit,
2840 2010 3148 2064 seductoris
3182 2012 3515 2081 discipulum

1930 2095 2119 2158 fuisse,
2150 2095 2243 2164 qui
2277 2111 2341 2149 ex
2383 2095 2625 2151 Hebraeis
2662 2098 2725 2151 ad
2772 2098 2993 2167 impiam
3019 2099 3163 2152 illam
3200 2102 3514 2170 religionem

1931 2186 2431 2256 transmigraveral.
2464 2188 2545 2241 Ex
2596 2188 2817 2259 indigna
2848 2205 3011 2257 porro
3038 2198 3094 2243 et
3147 2190 3514 2245 abominanda

1932 2278 2244 2348 huiusmodi
2272 2280 2654 2333 commistione
2701 2282 2947 2335 adultera
2975 2282 3174 2335 mulier
3233 2282 3511 2339 famosum

1928 2369 2059 2423 illud
2083 2369 2567 2439 turpissimumqne
2608 2373 2786 2425 scelus
2814 2376 3057 2441 peperit,
3105 2376 3512 2430 exsecrandum

1929 2476 2127 2528 nempe
2162 2458 2417 2513 Baanem.
2452 2459 2551 2514 Hic
2576 2461 3133 2531 igiturnequissimus
3160 2464 3373 2518 Baanes
3396 2481 3515 2520 me-

1928 2562 2204 2606 moratum
2252 2552 2679 2623 Epaphroditum
2717 2554 2957 2623 excipit,
3009 2555 3100 2625 qui
3130 2558 3313 2610 omnia
3362 2558 3515 2627 prius

1929 2643 2182 2697 stabilita:
2226 2642 2522 2713 impietatis
2571 2644 2823 2713 dogmata
2856 2646 3101 2700 retinens
3133 2687 3147 2711 ,
3196 2647 3515 2717 impuritate

1929 2748 2113 2795 autem
2150 2739 2272 2794 vitae
2302 2751 2357 2794 et
2382 2739 2635 2795 nefandis
2657 2755 2948 2809 corporum
2982 2742 3334 2797 mistionibus
3360 2744 3516 2798 aliis-

1928 2850 2036 2903 que
2064 2832 2364 2888 sceleribus
2389 2833 2823 2902 praedecessores
2852 2849 2979 2888 suos
2994 2835 3271 2889 occultare
3289 2836 3518 2891 studens

1927 2924 2294 2994 perniciosam
2326 2923 2666 2991 disciplinam
2704 2925 3033 2994 sequacibus
3084 2925 3297 2979 tradere
3327 2942 3517 2995 perse-

1930 3014 2162 3069 veravit.
2194 3013 2399 3067 Eodem
2430 3029 2593 3083 porro
2626 3022 2873 3084 tempore
2906 3015 3035 3069 huic
3084 3015 3406 3069 multiformi
3463 3026 3520 3071 et

1934 3106 2225 3161 horrenda:
2249 3107 2378 3161 ferae
2408 3108 2512 3161 alia
2538 3108 2732 3162 similis
2765 3108 3103 3173 adnascitur,
3136 3109 3392 3163 draconis
3423 3126 3519 3164 ve-

1927 3212 2074 3251 neno
2117 3198 2295 3266 plena.
2339 3197 2477 3251 Huic
2517 3198 2689 3267 patria
2757 3206 2874 3252 erat
2923 3198 3087 3263 Ania,
3120 3199 3275 3253 vicus
3336 3198 3520 3253 Tabim

1928 3287 2049 3341 urbi
2082 3288 2400 3357 proximus:
2456 3290 2797 3358 scelestoque
2838 3306 3036 3343 nomen
3087 3299 3206 3344 erat
3259 3291 3516 3360 Dryinus,

1927 3380 2073 3449 quod
2114 3381 2441 3434 vocabulum
2469 3381 2776 3435 latitantem
2808 3380 2863 3434 in
2893 3382 3133 3436 humano
3165 3398 3397 3452 corpore
3426 3400 3517 3438 ve-

1933 3488 2203 3527 neuosum
2271 3473 2754 3542 perniciosumque
2835 3482 3145 3543 serpentem
3217 3475 3517 3530 indicabat.

1936 3565 2089 3620 Ferae
2114 3565 2429 3635 huiusmodi
2456 3566 2699 3619 nascitur
2752 3566 2913 3630 filius,
2947 3582 3011 3620 ex
3050 3567 3204 3636 ipsis,
3240 3577 3299 3622 ut
3361 3578 3516 3637 puto,

1936 3658 2138 3712 veteris
2172 3657 2444 3728 serpentis
2472 3658 2762 3713 venenosis
2785 3659 3090 3713 seminibus
3118 3660 3301 3728 potius
3334 3669 3518 3714 ortum

1936 3752 2162 3815 ducens,
2203 3767 2368 3821 quam
2393 3767 2461 3805 ex
2490 3760 2717 3821 parente
2746 3767 2864 3805 suo.
2900 3750 3045 3805 Proli
3077 3768 3190 3806 sua:
3224 3762 3379 3822 pater
3412 3770 3519 3807 no-

1937 3858 2063 3896 men
2106 3844 2337 3911 imponit
2364 3841 2598 3913 Sergius,
2632 3843 2777 3912 quod
2806 3858 2899 3896 vas
2934 3858 3054 3897 esse
3089 3844 3255 3898 totius
3282 3845 3518 3900 diaboli-

1940 3951 2019 3990 ca:
2061 3936 2318 4005 nequitiae
2364 3951 2534 4006 capax
2588 3937 2874 4005 sequentia
2934 3938 3403 3992 demonstrarunt.
3464 3939 3519 3993 Is

1942 4036 2060 4080 erat
2098 4027 2165 4080 ad
2201 4027 2601 4096 pervadendam
2640 4036 2697 4081 et
2735 4027 3136 4096 praadicandan‘t
3179 4030 3518 4101 impietatem

1940 4130 2122 4181 natus,
2143 4129 2392 4174 versatus
2420 4118 2474 4172 in
2496 4120 2838 4185 occultanda,
2868 4130 3111 4191 tempore
3131 4123 3204 4176 ita
3228 4123 3517 4189 suadente,

1939 4213 2209 4268 sententia
2244 4228 2362 4278 sua,
2432 4212 2500 4267 ad
2532 4212 2891 4267 simulandam
2930 4215 3186 4270 virtutem
3241 4216 3517 4286 composi-

1325 4344 1556 4400 VARle
1602 4344 1988 4401 LECTIONES
2040 4345 2127 4400 ET
2172 4344 2404 4401 NOTAE.

292 4507 419 4575 (87)
442 4506 693 4557 Ἕλαθε.
719 4502 844 4561 “me
868 4500 1047 4575 Nostri
1069 4501 1231 4575 lectio
1260 4512 1362 4560 est.
1388 4502 1557 4575 proba
1587 4500 1831 4564 omnino,
1868 4505 1912 4558 ι)
1940 4504 2083 4573 quod
2126 4519 2245 4575 Anon
2280 4502 2577 4575 illibenter
2618 4500 2773 4575 alteri
2820 4501 2915 4575 isti
2954 4503 3353 4559 substituerim.
3394 4504 3508 4559 Vox

223 4573 463 4632 et‘cu'm
511 4576 684 4628 altera
733 4574 1052 4631 Coisliniani
1105 4573 1273 4643 ἤλασε
1325 4574 1550 4625 omnino
1612 4588 1835 4640 permu-

226 4649 422 4702 tanda.
497 4646 594 4699 Sic
668 4645 1115 4701 Demosthenes:
1184 4642 1417 4694 Ἕλαοον
1483 4644 1632 4713 ἡμᾶς
1693 4644 1833 4695 ἀπο-

224 4721 463 4787 δράντες
486 4731 503 4743 ’
535 4716 678 4768 clam
706 4719 850 4787 nobis
881 4719 1147 4787 fugeruitt.

302 4790 421 4853 (88)
454 4786 771 4854 Κραταιῶς
792 4782 1029 4848 ἐλαθεὶς
1059 4783 1198 4837 ὅθεν
1219 4782 1471 4849 εἴρηται.
1507 4782 1702 4837 Noster
1737 4799 1834 4853 pro

230 4859 477 4919 ἐλαθεὶς,
520 4858 644 4925 (vel
702 4859 954 4920 ἐλασθεὶς
980 4872 1046 4909 ex
1109 4854 1318 4906 ἐλαύνω
1346 4858 1363 4921 )
1396 4854 1525 4923 legit
1555 4856 1830 4924 ἐρασθείς,

233 4930 371 4982 forte
403 4924 538 4981 non?
563 4944 756 4995 parum
806 4927 1022 4983 melius.
1051 4940 1116 4977 eo
1159 4940 1348 4985 sensu,
1372 4924 1532 4995 quod
1562 4926 1833 4993 Josephus

233 5001 345 5059 ille,
405 5000 510 5067 qui
560 4994 617 5051 et
668 4997 1071 5067 Epaphroditus
1104 4996 1281 5067 dictus
1338 4994 1430 5067 sit,
1485 4996 1645 5067 valde
1669 4997 1833 5067 fuerit

233 5065 453 5122 amatus
482 5086 517 5121 ει
576 5065 727 5131 suis,
756 5065 1000 5135 adeoque
1044 5082 1184 5136 aegre
1217 5065 1497 5136 dimissus,
1550 5075 1605 5119 et
1638 5066 1766 5120 hinc
1800 5083 1829 5121 a

237 5139 629 5193 Pisidensibus
668 5139 844 5191 amice
897 5135 1179 5205 exceptus.
1220 5135 1404 5189 Lectio
1438 5136 1539 5189 ista
1575 5144 1631 5190 et
1658 5136 1831 5191 inter-

238 5211 478 5275 pretatio
508 5208 871 5262 confirmatur
905 5208 1263 5276 sequentibus
1302 5207 1482 5277 verbis
1522 5206 1645 5259 ὅθεν
1675 5208 1829 5277 sip-q-

241 5294 344 5343 ται,
382 5282 419 5331 i.
452 5297 515 5333 ε.
544 5280 686 5331 unde
712 5275 1009 5345 appellatus
1031 5287 1126 5337 est,
1161 5277 1369 5330 scilicet
1402 5275 1827 5346 Epaphroditus,

239 5351 375 5416 quor!
420 5366 639 5403 nomen
690 5349 966 5402 hominem
1015 5358 1307 5402 venustum
1334 5356 1496 5415 atque
1541 5350 1826 5404 amabilem

242 5420 423 5474 infert.
457 5423 538 5474 Ita
578 5420 762 5474 omnia
794 5420 1000 5486 optime
1053 5419 1154 5471 sibi
1188 5426 1464 5480 constant,
1501 5432 1604 5471 nec
1632 5420 1718 5473 hic
1769 5421 1829 5472 τὸ

243 5488 357 5540 ὅθεν
388 5494 623 5561 εἴρηται
651 5491 786 5544 verti
814 5490 996 5554 debet,
1026 5489 1171 5559 quod
1208 5488 1290 5544 vis
1328 5503 1524 5543 vocum
1547 5505 1657 5543 non
1688 5493 1830 5558 pati-

246 5566 341 5620 tur,
382 5577 494 5631 per
526 5571 583 5614 ut
608 5561 805 5613 dictum
821 5570 913 5617 est.

311 5629 421 5701 (89)
460 5634 897 5703 Χορτοκοειίογ.
932 5630 1122 5685 Petrus
1145 5629 1384 5703 Siculus,
1411 5645 1469 5700 p.
1502 5629 1593 5684 52.
1621 5632 1828 5703 Χορτο-

247 5700 488 5768 mm»,
521 5702 672 5771 quod
705 5702 777 5754 illi
811 5712 942 5770 puto
967 5700 1390 5771 praeferendum.

313 5774 422 5837 (90)
496 5770 935 5842 Διαρῤήξαντα.
972 5770 1200 5825 Noster
1272 5771 1400 5841 legit
1479 5770 1823 5843 διορύξαντα,

1939 4572 2083 4631 enim
2125 4573 2244 4627 haec
2261 4573 2328 4625 de
2362 4574 2526 4625 rebus
2560 4572 2783 4625 minime
2814 4573 3105 4637 violandis,
3158 4575 3247 4626 ubi
3296 4576 3509 4631 violata:

1934 4654 2083 4705 sunt,
2106 4661 2139 4697 v
2189 4660 2238 4699 c.
2265 4643 2517 4710 sepulcris
2542 4643 2789 4708 usurpari
2814 4643 2969 4705 solet,
2998 4655 3054 4697 ut
3085 4644 3309 4712 proinde
3333 4647 3507 4712 aptis-

1935 4718 2070 4771 sime
2094 4715 2160 4768 ad
2202 4713 2713 4783 violatasconjugii
2750 4714 3123 4783 sanctissimas
3149 4714 3293 4783 leges
3327 4725 3510 4771 trans-

1932 4787 2060 4841 ferri
2085 4792 2268 4853 queat.
2317 4781 2494 4853 Facile
2533 4791 2713 4853 autem
2758 4782 2870 4835 fieri
2890 4787 3114 4853 (potuit,
3153 4781 3221 4836 ut'
3255 4786 3509 4841 librarius

1932 4851 2301 4939 διαρρήξαντα
2324 4869 2447 4906 cum
2475 4851 2796 4921 διορύξαντα
2841 4852 2966 4922 τῷη
2984 4868 3080 4921 per
3118 4872 3133 4905 ι
3159 4860 3510 4922 pronuntiato

1932 4930 2215 4982 scriberet.

2006 4999 2115 5067 (9|)
2155 4992 2510 5067 Aladézetai.
2539 4992 2660 5067 _Non
2693 4994 2859 5049 habet
2898 4990 3115 5058 Noster,
3148 4995 3267 5049 sine
3296 5011 3404 5065 quo
3434 5006 3511 5049 ta-

1932 5065 2053 5123 meo
2079 5080 2271 5120 sensus
2296 5080 2403 5117 non
2432 5065 2663 5119 elicitur.

2004 5139 2115 5209 (92)
2141 5135 2358 5209 Πατρξς
2385 5136 2663 5209 qur/0.
2710 5133 2920 5209 Noster,
2973 5134 3165 5209 o_rdine
3205 5146 3433 5209 mutato,
3468 5140 3501 5208 ἡ

1944 5202 2107 5263 Ἀνία
2157 5207 2375 5274 πατρίς.
2416 5202 2651 5259 ⁷⁹Αννίαν
2706 5206 2943 5276 appellat
2984 5202 3182 5259 Petrus
3261 5202 3499 5271 Siculus,

1930 5295 2114 5420 p(Si?)
2156 5349 2347 5416 Ὄφιν.
2390 5345 2617 5416 Δρυῖνδς
2668 5348 2814 5401 enim
2856 5364 2966 5402 non
3021 5347 3197 5400 solum
3244 5362 3502 5415 quernum

1930 5420 2176 5479 denotat,
2206 5420 2298 5472 sed
2327 5426 2382 5472 et
2398 5426 2726 5471 venenatum
2748 5435 2919 5487 genus
2940 5426 3254 5485 serpentum
3278 5434 3305 5467 a
3322 5432 3499 5487 quer-

1929 5491 2104 5545 cubus
2132 5490 2455 5559 appellatum
2514 5487 2699 5553 infert,
2745 5496 2881 5544 teste
2925 5488 3250 5551 Dioscorid.,
3276 5486 3371 5539 lib.
3403 5500 3496 5547 vn,

1931 5575 1981 5615 c.
2021 5562 2105 5613 12.

2003 5630 2115 5699 (94)
2154 5629 2551 5699 Ἀνθρωπίνῳ.
2584 5628 2781 5699 Noster
2806 5628 3157 5699 ἀνθρωπείῳ.

2000 5696 2110 5768 (95)
2168 5696 2548 5768 Ἀρχεκάιιςυ.
2586 5696 2662 5754 ita
2693 5713 2816 5754 cum
2859 5696 3056 5753 Nestro
3100 5696 3200 5767 pro
3231 5696 3501 5768 ἀρχαῖκὰ-

1928 5788 2023 5824 κου
2052 5769 2391 5826 Coisliniani.
