3986 6474
520 352 593 416 63
695 384 701 393 ·
1662 352 1931 414 ΡΗΟΤΙΙ
1967 350 2131 413 ΡΛΤΙ

2234 348 2482 411 lRCHIE
2520 347 2632 409 (ΣΡ.
3737 341 3803 405 64

522 484 612 529 tus
638 488 655 537 ;
680 478 876 526 acutus
901 471 972 526 ad
1009 470 1166 526 dolos
1195 469 1495 527 struendos
1514 511 1531 537 ,
1575 478 1634 525 et
1658 469 1726 525 ad
1758 468 2118 541 pelliciendas

2234 465 2418 530 τκεῦος
2463 464 2695 535 ὕστερον
2743 456 3140 529 ἀναδειχθέντα
3171 455 3359 509 πᾶσαν
3400 451 3503 507 τοῦ
3559 451 3804 510 simu

518 568 577 622 in
609 564 911 635 perniciem
958 566 1205 625 animas:
1234 572 1405 635 atque
1455 572 1517 618 ut
1547 562 1878 633 compendio
1911 560 2112 626 dicam,

518 657 765 712 omnium
796 658 890 727 qui
919 667 1048 713 ante
1070 672 1131 712 se
1165 657 1465 713 defectioni
1495 670 1700 710 nomen
1727 654 2022 720 dederunt,
2047 652 2117 709 ad

521 751 755 820 quodvis
782 752 1108 811 technarum
1148 766 1323 823 genus
1355 749 1759 820 paratissimus,
1790 757 1849 804 et
1879 748 1949 803 ad
1986 763 2118 819 per-

524 846 831 899 vadendum
863 845 1200 915 aptissimus.
1232 844 1331 901 Hic
1369 846 1554 914 itaque
1587 843 1912 899 maledictus
1953 842 2119 898 homo

522 952 647 989 cum
681 936 787 989 alia
820 936 991 990 multa
1023 937 1268 1007 deceptis
1319 935 1648 1006 sequacibus
1674 932 1922 997 tradidit,
1977 942 2117 999 tum,

522 1027 652 1097 quid
675 1028 819 1080 circa
852 1041 911 1081 se
943 1026 1121 1097 ipsum
1172 1026 1523 1082 sentiendum
1553 1034 1722 1090 esset,
1754 1022 2022 1094 paulatim
2052 1024 2123 1078 de

524 1135 582 1172 se
613 1118 837 1173 sublimi
869 1118 1032 1173 modo
1077 1133 1411 1188 proponens,
1446 1125 1502 1171 et
1530 1117 1598 1170 ad
1635 1113 1974 1172 credendum
2034 1114 2124 1168 in-

522 1213 756 1277 ducens,
788 1228 897 1267 non
946 1212 1239 1279 dubitavit,
1281 1227 1386 1267 nec
1434 1211 1755 1265 inhorruit:
1808 1224 1843 1264 o
1874 1208 2119 1280 linguam

525 1316 581 1361 et
614 1307 857 1360 animam
896 1314 953 1360 et
1021 1314 1263 1360 mentem
1295 1314 1353 1359 et
1394 1319 1492 1359 ora
1540 1302 1638 1358 Dei
1692 1302 1948 1358 inimica!
1979 1311 2036 1357 et
2060 1317 2121 1357 se

526 1398 706 1469 ipsum
734 1406 791 1453 et
819 1399 940 1453 illos
973 1412 1170 1453 vocare
1198 1397 1463 1468 Spiritum
1490 1405 1765 1451 sanctum.
1804 1395 1932 1451 Haec
1960 1408 2124 1465 porro

529 1509 751 1564 tradidit
778 1509 984 1579 impius
1014 1508 1125 1571 ille,
1157 1518 1218 1563 ut
1243 1508 1384 1563 clam
1426 1516 1483 1562 et
1511 1507 1741 1579 mystice
1796 1507 1878 1564 sic
1925 1508 2122 1578 loque-

528 1610 742 1665 rentur,
767 1609 823 1655 et
850 1602 1163 1665 crederent,
1198 1601 1385 1655 talium
1427 1602 1820 1673 mysteriorum
1864 1610 2124 1658 externos

530 1692 811 1746 auditores
835 1691 1087 1761 indignos
1120 1708 1241 1747 esse
1263 1693 1542 1762 iactitans.
1574 1693 1653 1747 Illi
1678 1704 1862 1748 autem
1926 1694 2123 1748 Iniser~

530 1784 654 1837 rimi
676 1793 732 1838 et
756 1785 876 1854 ejus
901 1785 1230 1855 mystagogia
1261 1801 1451 1840 revera
1483 1785 1631 1858 digni
1654 1795 1864 1841 tantam
1896 1787 2123 1843 sceleris
2157 1822 2198 1881 Β

529 1877 872 1932 atrocitatem
898 1891 1078 1947 neque
1099 1878 1452 1947 respuebant,
1472 1893 1655 1949 neque
1681 1878 2120 1946 detestabantur;

532 1991 624 2043 sed
653 1988 995 2057 recipiebant
1024 2004 1167 2055 eam,
1213 1989 1315 2044 etsi
1352 1989 1500 2044 nulla
1538 1990 1716 2061 maior
1750 2007 1994 2062 unquam
2019 1992 2125 2049 im-

532 2081 709 2151 pietas
758 2080 945 2144 fuerit,
1004 2081 1228 2152 suisque
1273 2081 1498 2138 calamis
1526 2091 1584 2137 et
1637 2083 1915 2155 suffragiis
1974 2086 2125 2141 illam

532 2173 953 2229 conﬁrmabant.
993 2172 1083 2229 Sic
1106 2175 1369 2229 miserum
1400 2175 1533 2230 illud
1557 2176 1760 2231 animal
1789 2177 1972 2245 homo,
1998 2193 2128 2233 eum

531 2282 562 2319 a
598 2265 856 2321 Creatore
884 2283 985 2321 suo
1026 2268 1337 2331 recesserit,
1366 2276 1423 2323 et
1450 2269 1518 2324 ab
1542 2271 1663 2339 ejus
1698 2270 2043 2341 providentia
2066 2286 2129 2327 se

532 2360 978 2429 scquestraverit,
1025 2362 1209 2416 statim
1242 2362 1421 2431 praeda
1475 2363 1699 2435 maligni
1730 2364 1959 2433 spiritus
2013 2362 2131 2421 elli—

532 2453 698 2518 citur,
729 2453 782 2507 in
815 2470 1148 2526 omnemque
1177 2456 1479 2524 nequitiam
1508 2456 1866 2529 demergitur.
1904 2457 1975 2512 Se
1998 2458 2130 2513 item

534 2548 908 2618 nequissimus
932 2548 1021 2603 ille
1048 2549 1264 2604 stellam
1322 2549 1833 2620 splendidissimum
1884 2551 2128 2616 dicebat,

536 2649 593 2695 et
643 2642 813 2697 multa
867 2642 973 2696 alia
1006 2681 1022 2705 ,
1061 2658 1187 2714 quae
1253 2642 1439 2714 potius
1490 2643 1714 2699 silentio
1759 2644 1915 2715 tegi,
1965 2660 2130 2715 quam

535 2733 802 2804 publicari
888 2734 1113 2791 debent.
1203 2735 1491 2807 Improbus
1576 2753 1743 2806 porro
1832 2737 1924 2793 ille
1998 2737 2132 2793 Ser-

537 2827 700 2899 gius,
760 2827 862 2882 etsi
932 2828 1260 2900 impiissimo
1335 2838 1490 2900 patre
1570 2841 1737 2886 natus
1805 2840 1999 2894 esset.
2073 2840 2135 2887 ut

538 2919 813 2986 diximus,
863 2936 971 2975 non
1017 2937 1048 2976 a
1094 2930 1322 2992 parente
1370 2923 1647 2996 mysteriis
1699 2924 1988 2994 apostasia:
2023 2924 2135 2981 ini-

539 3016 707 3070 tiatus
732 3023 851 3078 est;
901 3015 998 3070 sed
1041 3031 1168 3071 cum
1212 3017 1392 3072 adhuc
1434 3026 1641 3073 tenerae
1671 3028 1822 3074 esset
1852 3019 2066 3085 aetatis,
2102 3035 2132 3074 a

2222 559 2322 630 τὴν
2346 557 2553 613 κακίαν
2572 556 2822 627 χωρῆσαι
2851 550 3156 620 δυνάμενον
3175 561 3193 578 °
3241 544 3475 600 πιθανὸν
3503 546 3606 615 μὶν
3633 548 3804 617 κηρύ-

2220 650 2309 717 ξαι
2338 649 2437 721 τὴν
2466 647 2750 713 ἀσέϐειαν,
2785 644 3123 716 δραστήριον
3164 638 3223 692 δὲ
3264 636 3465 709 καιροῦ
3493 635 3806 704 κελεύοντος

2218 740 2428 812 κρύψαι
2460 738 2525 793 τὸ
2563 738 2843 811 φρόνημα,
2868 736 2967 789 καὶ
2988 732 3168 787 δεινὸν
3196 730 3303 803 μὲν
3323 732 3427 802 την
3443 730 3648 801 ἀρετὴν
3676 738 3807 803 om-

2222 829 2577 904 ματίσασθαι,
2608 829 2737 896 ὀξὺν
2764 828 2826 882 δὶ
2857 827 3047 889 δόλους
3066 822 3241 897 ῥάψαι
3264 822 3368 877 καὶ
3394 821 3579 893 ψυχὰς
3600 822 3806 894 ἀνθρὼ-

2218 941 2340 980 πων
2369 921 2703 977 συνελκύσαι
2724 919 2863 991 πρδς
2886 917 3196 981 ἀπώλειαν,
3208 915 3310 969 καὶ
3335 914 3625 983 συντόμως
3645 913 3809 983 φάναι

2218 1018 2327 1072 τῶν
2387 1018 2447 1072 ὲν
2480 1018 2547 1087 τῇ
2570 1013 2884 1083 ἀποστασία
2916 1010 3144 1066 πώποτε
3186 996 3497 1079 γεγονότων
3533 1006 3673 1077 πρὸς
3702 1008 3809 1061 πᾶ-

2220 1125 2322 1160 σαν
2364 1105 2824 1178 δραματουργίαν
2863 1101 3173 1157 δεινότατόν
3197 1116 3261 1153 τε
3295 1100 3392 1153 καὶ
3430 1097 3810 1155 πιθανότατον.

2222 1194 2398 1262 Οὗτος
2435 1201 2465 1253 ὁ
2497 1198 2776 1269 ἐπάρατος
2806 1195 2952 1250 ἄλλα
2978 1211 3044 1247 τε
3088 1194 3187 1248 καὶ
3226 1190 3481 1261 ἔκθεσμα
3500 1190 3811 1259 τοὺς-ἡπα-

2221 1293 2499 1364 τημένους
2534 1287 2922 1361 μυσταγωγῶν
2951 1286 3050 1340 καὶ
3094 1285 3201 1356 τὴν
3254 1284 3387 1355 περὶ
3432 1281 3603 1339 αὐτοῦ
3631 1280 3813 1347 δόξαν,

2221 1384 2364 1438 κατᾶ
2396 1382 2596 1454 μικρὸν
2625 1383 2709 1443 εἰς
2749 1379 2814 1432 τὺ
2838 1376 3184 1449 ἐξῃρημένον
3218 1373 3436 1437 τούτοις
3464 1371 3809 1445 παρατιθεὶς,

2221 1476 2319 1530 καὶ
2352 1469 2906 1541 καταπιστεύων(9ϐ)
2936 1469 3058 1527 οὑδδ
3082 1467 3463 1540 παρὼιλητον,
3494 1465 3617 1519 οὑδὲ
3643 1465 3818 1519 Πνεῦ-

2233 1582 2312 1636 μα
2333 1563 2489 1632 ἅγιον
2524 1562 2591 1631 (ὢ
2608 1560 2865 1632 γλώσσης
2913 1560 3006 1613 καὶ
3030 1558 3215 1629 ψυχῆς
3239 1558 3337 1612 καὶ
3360 1556 3454 1613 νοῦ
3485 1555 3583 1610 καὶ
3610 1554 3817 1625 στομά-

2220 1675 2334 1712 των
2361 1657 2651 1728 θεομάχων
2678 1656 2722 1723 l)
2761 1653 2953 1707 καλεῖν
3006 1652 3221 1713 ἑαυτὸν,
3266 1650 3561 1711 κάκείνους
3617 1649 3817 1719 δνομά-

2227 1748 2342 1813 ζειν
2385 1766 2449 1802 τε
2480 1747 2576 1801 καὶ
2606 1745 2855 1816 νομίζειν
2887 1744 2948 1797 ού
2988 1744 3089 1813 μὲν
3118 1737 3215 1796 οὖν
3246 1739 3373 1796 οὗτε
3404 1739 3637 1811 φρικτὸν
3658 1734 3818 1809 ἦγεν,

2226 1842 2354 1898 οὔτε
2385 1838 2721 1896 ἀθεώτατον.
2770 1836 3067 1908 Παρεδίδου
3110 1835 3169 1889 δὲ
3212 1833 3390 1888 ταῦτα
3419 1831 3708 1904 μυστικῶς
3731 1833 3821 1885 καὶ

2188 1936 2447 2006 νφρονείν
2496 1932 2595 1986 καὶ
2643 1930 2828 1999 λέγειν
2887 1928 3026 1999 πρὸς
3081 1927 3370 1999 ἀλλήλους,
3434 1926 3565 1988 τοὺς
3618 1923 3819 1989 ἔξωθεν

2224 2024 2506 2097 ἀκροατὰς
2536 2022 2789 2087 ἀναξίους
2826 2016 2972 2075 εἶναι
3026 2019 3254 2089 τελετῆς
3299 2016 3563 2085 τοιαύτης
3587 2016 3703 2084 καὶ,
3721 2032 3818 2084 μυ-

2228 2117 2494 2189 στηρίων,
2524 2117 2555 2169 ὁ
2584 2114 2859 2184 θεομάχος
2913 2110 3317 2182 διατιθέμενος.
3371 2109 3483 2162 Καὶ
3528 2108 3648 2176 οἶγε
3676 2124 3820 2177 τρισ-

2228 2212 2406 2267 άθλιοι
2429 2212 2529 2263 καὶ⁵
2563 2208 2666 2278 τῆς
2696 2205 2865 2260 αὑτοῦ
2887 2206 3002 2276 (97)
3069 2202 3463 2275 μυσταγωγίας
3488 2201 3569 2264 ὼς
3594 2200 3810 2270 ἀληθῶς

2230 2301 2374 2367 ἄξιοι
2412 2301 2514 2370 τὴν
2555 2297 2947 2370 τοιαύτην(98)
2988 2295 3083 2349 τοῦ
3121 2296 3293 2361 ἄγους
3346 2291 3658 2365 ὑπερϐολὴν
3693 2290 3811 2346 οὔτε

2231 2392 2507 2454 διέπτυον,
2558 2388 2682 2443 οὔτε
2713 2389 3106 2459 ἑμυσάττοντο,
3134 2385 3252 2447 ἀλλ’
3288 2384 3623 2453 ἀπεδέχοντο
3644 2399 3700 2436 τε
3721 2381 3812 2452 τὴν

2238 2485 2483 2555 μηδεμιᾷ
2504 2482 2761 2552 ἀθεότητι
2793 2478 3104 2552 ὑπερϐολὴν
3138 2478 3409 2533 λιποῦσαν
3425 2475 3700 2539 ἀσέϐειαν,
3730 2477 3823 2528 καὶ

2233 2577 2348 2636 τοίς
2393 2574 2525 2645 παρ’
2555 2571 2773 2627 ἑαυτῶν
2805 2570 3118 2642 ἐπεκύρουν
3158 2568 3530 2639 ψηφίσμασιν.
3574 2565 3733 2618 Οὕτω
3758 2565 3819 2616 τὸ

2234 2667 2443 2732 ἄθλιον,
2464 2667 2639 2737 οἶμοι,
2662 2664 2804 2729 ζῶον
2826 2666 2855 2717 ό
2887 2662 2985 2718 ἀνθ
2998 2679 3205 2734 ρωπος,
3228 2661 3454 2715 ὲπειδάν
3493 2660 3697 2728 ἀποστῇ
3723 2657 3819 2710 τοῦ

2235 2757 2483 2812 Πλαστου
2506 2756 2712 2823 καὶτῆς
2730 2755 2943 2808 ἐκεῖθεν
2958 2752 3123 2807 αὑτὸν
3138 2751 3400 2823 προνοίας
3421 2750 3670 2821 ἀποτέμῃ
3685 2747 3822 2817 (99),

2192 2880 2199 2885 -
2234 2850 2373 2911 ὅλως
2400 2846 2614 2915 γίνεται
2650 2845 2882 2917 θήραμα
2916 2843 3011 2897 τού
3058 2840 3311 2913 Πονηροῦ
3342 2841 3439 2894 καὶ
3466 2839 3602 2909 πρὸς
3646 2840 3829 2891 πᾶσαν

2232 2937 2437 2993 κακίαν
2461 2935 2795 3007 ὑποδρόχιος
2832 2937 3083 3006 φέρεται.
3141 2933 3376 3000 Ἔλεγεν
3408 2931 3455 2984 δ’
3501 2926 3595 2985 οὖν
3627 2929 3830 2985 ἑαυτὸν

2234 3030 2265 3082 ὁ
2312 3027 2600 3097 ἐξάγιστος
2653 3028 2864 3089 ἐκεῖνος
2917 3024 3015 3078 καὶ
3075 3022 3387 3092 λυχνοφανῆ
3444 3019 3674 3087 ἀστέρα,
3736 3018 3835 3070 καὶ

542 3107 771 3164 muliere
827 3109 1099 3179 quadam.
1167 3126 1291 3179 quae
1344 3110 1653 3180 perniciosa
1706 3110 2131 3168 Manichaeormn

2237 3121 2408 3176 πολλὰ
2460 3119 2624 3185 ἄλλα,
2695 3119 2958 3186 σιγᾶσθαι
3020 3115 3224 3186 μᾶλλον
3303 3114 3336 3185 ἢ
3393 3110 3839 3185 θρωμῦεύεοθαι

540 3201 794 3270 dogmata
834 3202 1089 3258 tuebatur
1115 3213 1171 3258 et
1211 3203 1565 3274 pradicabat,
1605 3204 1891 3269 initiatus,
1924 3216 1979 3260 et
2008 3206 2131 3262 diu-

2234 3213 2483 3285 ἀξιαμ).
2538 3184 2705 3266 Ἀλλὰ
2766 3184 2876 3281 γὰρ
2920 3184 3085 3273 οὗτος
3151 3210 3183 3261 ὁ
3226 3184 3531 3274 θεοϐλαϐὴς
3579 3204 3838 3274 Σέργιος,

540 3302 702 3348 turua
727 3295 1111 3366 mysteriorum
1140 3297 1467 3354 tractatione
1490 3298 1547 3354 in
1571 3299 1853 3369 impietate
1875 3315 2136 3357 consum-

540 3398 759 3452 matus,
812 3390 1138 3447 Antichristi
1193 3393 1522 3462 prodromus
1574 3393 1828 3450 efﬁcitur.
1862 3394 1967 3449 Par
2014 3405 2136 3451 erat

538 3482 723 3546 enim,
781 3496 881 3553 par
908 3492 1029 3539 erat
1081 3484 1419 3541 detestanda
1455 3484 1622 3554 huius
1649 3495 1708 3542 et
1736 3486 1864 3543 :Deo
1897 3487 2135 3545 inimicat

541 3573 832 3641 apostasia:
873 3576 1125 3633 doctores
1169 3586 1227 3632 et
1261 3593 1547 3648 praecones
1572 3579 1712 3635 alios
1752 3583 2130 3650 Agarenorum

542 3664 751 3737 prolem
790 3682 950 3736 esse,
1007 3669 1147 3725 alios
1185 3671 1473 3726 servitutis
1525 3672 1945 3729 contumeliosis
1988 3673 2138 3729 uotis

542 3759 780 3828 inustus,
816 3762 953 3818 alios
987 3762 1384 3821 adulteriorum
1420 3775 1646 3835 partus,
1677 3766 1818 3822 alios
1846 3766 2138 3821 muliebris

544 3850 772 3908 insaniae
800 3863 856 3909 et
886 3854 1109 3911 furiosa:
1137 3855 1405 3912 doctrinae
1434 3857 1734 3926 discipulos
1762 3857 2133 3927 comprobari.

544 3941 840 4007 Catterum,
880 3954 943 4000 ut
970 3946 1159 4016 paucis
1215 3947 1418 4009 dicam.
1466 3945 1692 4019 Sergius
1728 3950 2018 4017 apostasiae
2051 3950 2138 4006 di-

546 4035 836 4104 Seiplinam
881 4036 960 4092 sic
982 4038 1231 4108 accipere
1263 4039 1479 4110 incipit.
1528 4040 1792 4097 l’rredicta
1839 4040 2137 4098 Manichaaa

549 4129 768 4192 mulier,
809 4129 901 4185 ubi
956 4130 1193 4199 primum
1245 4147 1372 4187 cum
1414 4133 1508 4188 illo
1541 4134 1810 4205 colloquia
1864 4135 2084 4191 miscuit
2118 4152 2133 4190 :

547 4225 678 4285 Cur,
703 4225 900 4295 inquit,
922 4225 1104 4281 divina
1127 4242 1235 4282 non
1254 4229 1389 4298 legis
1408 4228 1740 4300 Evangelia?
1758 4230 1850 4284 Ille
1872 4246 2026 4294 vero,
2043 4230 2139 4301 qui

549 4317 793 4371 nondum
810 4318 1099 4387 apostasia;
1125 4318 1275 4374 virus
1300 4321 1356 4374 in
1386 4322 1702 4390 praecordiis
1726 4333 1835 4378 tam
1868 4322 2140 4393 profunde

550 4409 788 4478 positum
810 4410 1064 4476 habebat,
1083 4427 1192 4466 non
1220 4412 1384 4468 licere
1424 4413 1603 4484 inquit
1640 4414 1713 4481 ei,
1754 4415 1846 4485 qui
1871 4415 2138 4470 laicorum

2233 3306 2442 3381 πατρὸς
2489 3304 2733 3376 γεγονὼς
2776 3301 3245 3364 δυσσεϐεστάτου,
3304 3299 3383 3362 ὣς
3431 3315 3520 3369 μοι
3577 3300 3842 3367 εἴρηται,

2234 3404 2340 3458 οὐκ
2385 3403 2451 3455 ὲκ
2487 3399 2582 3453 τοῦ
2618 3397 2817 3468 φύντος
2846 3395 2918 3449 τὰ
2941 3397 3043 3466 τῆς
3069 3392 3419 3454 ἀποστασίας
3459 3388 3700 3443 τελεῖται
3735 3406 3843 3459 μυ-

2236 3496 2480 3567 σιιτὴρια⁸
2527 3492 2610 3545 [rt
2653 3490 2712 3543 δὲ
2756 3489 2858 3560 τὴν
2909 3487 3129 3558 ἠλικίαν
3175 3485 3304 3539 νέαν
3342 3484 3494 3552 ἄγων
3538 3482 3843 3552 προσφθεί-

2241 3605 2397 3662 ρεται
2436 3587 2515 3658 (‘2)
2563 3584 2787 3654 γυναικί
2817 3601 2927 3637 τινι
2975 3580 3365 3652 πρεσϐευούσῃ
3404 3595 3464 3633 τε
3502 3577 3604 3633 καὶ
3636 3592 3842 3648 κηρυτ-

2237 3682 2409 3756 τούσῃ
2449 3681 2519 3734 τὰ
2549 3678 2877 3750 Μανιχαίων
2907 3674 3134 3746 ὀλέθρια
3175 3674 3426 3744 δόγματα
3449 3713 3463 3735 ,
3494 3672 3600 3726 καὶ
3648 3669 3835 3739 συχνὸν

2237 3775 2433 3848 χρόνον
2475 3772 2751 3834 τελεσθεὶς
2797 3771 2892 3823 ὑπ’
2943 3768 3120 3838 αὐτῆς
3168 3766 3267 3821 ita!
3310 3763 3701 3826 συντελεσθεὶς
3739 3760 3837 3832 τὴν

2239 3866 2518 3931 ἀσέϐειαν,
2540 3864 2754 3934 γίνεται
2784 3861 2881 3916 τοῦ
2917 3859 3294 3932 Ἀντιχρίστου
3322 3858 3667 3931 πρόδρομος.
3699 3855 3847 3909 Ἔδει

2198 3990 2203 3993 -
2239 3962 2375 4031 γὰρ,
2425 3959 2534 4012 ἔδει
2569 3956 2701 4021 τοὺς
2746 3956 2848 4026 τῆς
2884 3954 3146 4026 βδελυρᾶς
3178 3951 3387 4021 ταύτης
3422 3953 3518 4004 καὶ
3568 3949 3853 4020 θεομάχοι)

2240 4050 2583 4116 ἀποστασίας
2644 4048 3005 4110 διδασκάλους
3056 4046 3153 4100 καὶ
3210 4045 3501 4117 κήρυκας,
3549 4046 3697 4107 τοὺς
3759 4044 3860 4113 μὲν

2254 4143 2576 4216 ’Δγαρηνῶν
2614 4139 2756 4197 εἶναι
2785 4143 3142 4212 γεννήματα,
3171 4140 3302 4204 τοὺς
3331 4139 3389 4192 δὲ
3418 4140 3533 4202 τοῖς
3575 4141 3691 4210 τῆς
3730 4139 3861 4191 δου-

2241 4238 2393 4303 λείας
2420 4234 2893 4305 κατεστιγμένους
2921 4234 3157 4307 ὁρᾶσθαι
3189 4234 3284 4289 καὶ
3314 4231 3507 4303 ὕϐρεσι
3537 4233 3644 4285 καὶ
3674 4230 3868 4302 παθή-

2246 4347 2436 4398 μασιν,
2467 4328 2665 4393 suo»;
2690 4327 2940 4399 μοιχείας
2974 4324 3269 4397 προελθεῖν
3293 4322 3703 4393 βλαστήματα,
3744 4323 3872 4375 ὲτέο

2249 4440 2376 4496 ρους
2427 4422 2486 4476 δὲ
2536 4420 2973 4492 παραφροσύνης
3027 4416 3352 4487 γυναικείας
3406 4416 3501 4469 καὶ
3557 4415 3876 4485 ὲμμανοῦς

550 4500 798 4556 ordinem
852 4502 1144 4574 impleret,
1197 4504 1280 4561 sic
1327 4504 1680 4575 impudenter
1723 4506 2131 4563 tremendorum

2244 4515 2477 4587 γνώμης
2534 4513 2788 4585 μαθητὰς
2843 4507 3335 4580 ὲπιγινώσκεσθαι.
3384 4506 3536 4577 Πλὴν
3580 4506 3720 4560 ἀλλ’
3775 4507 3874 4571 ὅγε

550 4590 896 4661 eloquiorum
945 4593 1236 4649 lectionem
1285 4594 1551 4665 aggredi:
1596 4594 1732 4650 illud
1761 4596 1908 4651 enim
1952 4611 2131 4651 sacer-

2247 4606 2497 4677 Σέργιος,
2540 4605 2618 4669 ὡς
2678 4603 2769 4658 διὰ
2813 4602 3065 4675 βραχέων
3119 4601 3307 4673 φάναι,
3347 4592 3450 4654 ὧδέ
3480 4615 3559 4670 πη
3600 4598 3724 4671 τὴν
3775 4600 3883 4667 τῆς

551 4684 738 4739 dotum
792 4686 1031 4743 cilicium
1083 4702 1227 4742 esse.
1282 4686 1422 4742 Tum
1458 4702 1489 4742 a
1534 4687 1742 4743 furiosa
1772 4686 1863 4742 illa
1906 4687 2145 4743 muliere

555 4778 723 4840 audit,
749 4777 953 4835 frustra
979 4795 1039 4837 se
1072 4787 1277 4836 tantam
1312 4782 1675 4837 reverentiam
1703 4782 1988 4850 exhibere,
2019 4781 2146 4837 nul-

555 4868 663 4924 lam
683 4872 828 4925 enim
851 4888 973 4929 esse
996 4888 1356 4943 personarum
1376 4875 1755 4945 acceptionem
1779 4875 1922 4945 apud
1944 4877 2142 4938 Deum,

557 4966 650 5037 qui
702 4969 866 5023 vellet
914 4986 1105 5025 omnes
1152 4971 1331 5027 salvos
1383 4972 1521 5035 ﬁeri,
1562 4979 1620 5026 et
1664 4971 1729 5026 ad
1772 4971 2143 5042 cognitionem

560 5057 808 5114 veritatis
848 5061 1060 5115 venire.
1100 5061 1230 5127 Sed,
1272 5061 1368 5123 ait.
1403 5061 1550 5133 quod
1592 5062 1665 5117 ita
1696 5069 2016 5116 reverenter
2045 5075 2145 5117 vos

558 5150 808 5207 habeatis
846 5152 993 5209 circa
1032 5153 1313 5210 Dominica
1344 5155 1560 5226 eloquia
1583 5196 1597 5220 ,
1629 5169 1743 5210 non
1774 5155 1842 5209 ad
1874 5154 2142 5210 honorem

2244 4698 2589 4760 timeretuis;
2632 4697 2939 4768 κατήχησιν
2987 4693 3220 4765 ἄρχεται
3277 4689 3747 4762 παραδέχεσθαι.
3813 4691 3883 4743 Ἠ

2246 4788 2623 4862 προειρημένη
2654 4787 2939 4857 Μανιχαία
2990 4786 3152 4857 γυνὴ,
3180 4784 3349 4856 ἡνίκα
3406 4781 3468 4838 τὸ
3511 4783 3763 4853 πρῶτον
3802 4785 3889 4845 εἰς

2206 4922 2211 4927 .
2245 4878 2468 4948 ὁμιλίαν
2503 4877 2655 4948 αὐτῷ
2685 4878 2948 4949 κατέστη,
2988 4874 3108 4931 Ἵνα
3138 4875 3213 4943 τί,
3246 4873 3436 4947 φησὶν,
3469 4874 3598 4926 εἰπέ
3637 4891 3769 4945 μοι,
3816 4876 3891 4928 τὰ

2253 4970 2373 5026 θεῖα
2412 4971 2515 5026 οὐκ
2560 4970 2961 5040 ἀναγινώσκεις
3012 4969 3360 5036 Εὑαγγέλια;
3422 4966 3484 5021 '0
3539 4966 3605 5021 δὲ
3678 4968 3895 5037 (οὔπω

2251 5067 2362 5138 γὰρ
2401 5060 2470 5138 ἦν
2509 5066 2659 5136 αὐτῷ
2705 5066 2773 5120 δι’
2815 5064 3067 5132 ὲγκάτων
3107 5059 3347 5132 βαθύνας
3380 5061 3412 5114 ὁ
3453 5059 3558 5129 τῆς
3610 5060 3895 5115 ἀποστα-

2254 5156 2378 5221 σίας
2429 5157 2507 5221 ίδς
2527 5159 2566 5224 ),
2600 5157 2676 5229 μὴ
2725 5155 2926 5224 ἐξεῖναι
2956 5154 3141 5225 φήσας
3169 5152 3271 5221 τὴν
3303 5151 3414 5205 τῶν
3447 5150 3678 5205 λαῖκῶν
3734 5154 3897 5220 πλη-

1632 5311 1869 5367 νλιιιειε
1930 5311 2321 5369 LECTIONES
2364 5312 2456 5368 ET
2506 5310 2742 5367 ΝΟΤιΕ.

546 5480 549 5483 -
635 5451 749 5524 (96)
812 5453 1305 5524 Καταπιστεύωγ.
1389 5452 1590 5508 Noster
1639 5451 1968 5524 simpliciter
2038 5468 2134 5505 πι-

548 5521 794 5584 στεύων,
828 5524 923 5575 sed
960 5523 1110 5589 prius
1154 5524 1358 5578 bonum
1394 5534 1494 5577 est.

638 5594 751 5661 (97)
782 5594 1000 5647 Αὐτοῦ.
1030 5592 1225 5648 Noster
1254 5594 1416 5647 habet
1446 5593 1678 5655 ἐκείνου,
1721 5608 1889 5648 sensu
1922 5592 2140 5648 eodem.

639 5664 750 5733 (98)
788 5666 1096 5730 Τοιαύτην.
1130 5663 1330 5718 Noster
1355 5663 1654 5731 τοσαύτην,
1696 5662 1836 5718 forte
1873 5663 2098 5718 rectius.

550 5760 555 5767 -
637 5734 751 5804 (99)
778 5734 1121 5805 γ’ᾼποτέμῃ.
1164 5735 1280 5805 lloc
1311 5734 1527 5805 reposui
1561 5749 1629 5788 ex
1668 5733 1865 5805 Nostro
1898 5749 1998 5803 pro
2025 5734 2148 5805 δια-

567 5799 738 5874 τέμη
769 5799 924 5886 Prius
949 5799 1096 5861 enini
1127 5799 1491 5876 requirit—vox
1522 5804 1780 5877 προνοίας
1812 5805 1873 5859 in
1900 5799 2147 5877 genitivo

572 5887 702 5929 casu
745 5886 937 5933 nosrla.

2309 5451 2609 5520 (1)”Αξια.
2660 5449 2739 5503 Ex
2795 5445 3017 5513 Nostro,
3048 5444 3197 5519 quod
3246 5440 3507 5496 dictionis
3545 5443 3756 5498 series
3811 5462 3907 5500 re-

2243 5523 2412 5593 quirit
2432 5536 2533 5592 pro
2555 5521 2728 5587 ἄξιον.

2317 5591 2397 5663 (2)
2436 5583 3105 5663 Upoagodslpsrat.___Vo_x
3146 5583 3203 5638 in
3235 5583 3492 5663 versione
3522 5583 3770 5642 ontissa
3811 5587 3908 5641 in-

2218 5654 2361 5717 "fert
2379 5654 2787 5718 clandestinam
2823 5656 3287 5719 familiaritatem,
3321 5654 3375 5706 in
3415 5667 3522 5721 qua
3558 5669 3718 5710 cum
3772 5674 3912 5712 mu-

2253 5733 2387 5806 l_iere
2415 5733 2790 5806 illa‘versatus
2833 5730 2925 5806 sit,
2956 5727 3201 5806 fortasse
3244 5734 3300 5779 et
3339 5723 3581 5806 furtivos
3626 5741 3912 5786 amores.

2248 5802 2451 5860 Petrus
2487 5802 2707 5859 Siculus
2736 5800 2996 5872 exprimit
3024 5813 3123 5868 per
3152 5796 3498 5867 προσομιλεῖ.
