3986 6456
506 409 576 474 6⁸1

1642 404 1908 465 ΡΙ-ΙΟΤΙΙ
1944 400 2460 462 ΡΛΤΒΙΑΒΟΗίΕ
2501 401 2608 462 CP.

3709 405 3778 469 68

505 520 842 577 zizaniorum
869 518 1258 591 agriculturam
1285 517 1386 573 sibi
1417 518 1734 580 concilians,
1762 517 1968 586 reliqua
1992 516 2094 570 im-

2217 514 2386 568 Γαῦτα
2408 516 2504 568 κα)⁸
2522 515 2749 570 τοιαῦτα
2769 516 2933 587 ἕτερα
2953 517 3016 572 τὸ
3035 517 3478 590 γυναικόμορφον
3493 519 3671 574 έκεῖνο
3683 521 3779 592 τῆς

504 613 727 684 pietatis
760 613 1007 684 germina
1041 612 1198 666 facile
1229 612 1282 664 in
1319 627 1384 666 eo
1421 611 1690 681 pullulare
1735 610 1886 674 fecit,
1945 609 2093 678 ejus-

503 720 612 775 que
640 706 877 758 animam
913 711 971 756 ut
996 717 1186 772 agrum
1221 702 1372 756 exitii
1413 712 1469 757 et
1502 702 1871 772 corruptionis
1902 701 2093 758 fructi-

503 798 608 851 bus
637 795 942 866 omnigenis
971 795 1194 864 plenum
1223 794 1502 858 exhibuit;
1541 795 1614 847 ita
1649 803 1702 848 ut
1736 808 1950 858 omnes,
2001 794 2093 864 qui

504 899 632 944 ante
661 889 878 942 fuerant
932 888 1212 957 impietate
1262 887 1564 958 conspicui,
1614 887 1671 941 in
1717 888 1819 943 hac
1859 888 2096 942 maxime

504 981 725 1046 haeresi,
785 981 932 1034 velut
964 985 1119 1050 pueri
1145 990 1470 1050 putarentur
1495 996 1615 1036 esse
1648 981 1943 1050 comparati
1970 995 2094 1034 cum

505 1075 654 1130 illius
675 1073 890 1127 vafritie
915 1082 970 1127 et
997 1073 1260 1141 captiosis
1285 1073 1547 1134 moribus,
1578 1073 1805 1142 aliisque
1835 1072 1900 1125 ad
1937 1072 2095 1126 falla—

503 1165 642 1219 ciam
675 1162 994 1233 compositis
1033 1163 1486 1217 machinamentis
1536 1173 1699 1232 atque
1747 1163 2093 1216 commentis.

504 1258 644 1324 Nam
701 1256 822 1325 ejus
872 1255 1324 1325 praedecessorcs,
1385 1255 1598 1309 etiamsi
1631 1255 1686 1308 in
1745 1271 1903 1310 coeno
1938 1255 2097 1309 lasci-

504 1349 631 1408 viae,
682 1347 907 1401 nefariis
942 1346 1224 1414 Operibus,
1270 1345 1689 1415 ingentibusque
1717 1355 1908 1400 contra
1928 1345 2096 1400 Deum

503 1437 864 1508 blasphemiis
893 1438 1068 1508 prima
1097 1437 1413 1502 tenuerint;
1468 1447 1522 1492 et
1553 1438 1628 1490 illi
1668 1438 2016 1493 abominandi
2045 1449 2099 1494 et

506 1531 821 1586 exsecrandi
862 1530 1004 1601 apud
1032 1546 1224 1584 omnes
1252 1531 1368 1584 fere
1415 1530 1761 1584 habebantur
1794 1547 1808 1584 :
1847 1545 1973 1583 nam
2007 1531 2100 1584 de-

510 1624 887 1677 testandorum
927 1622 1238 1676 facinorum
1295 1621 1670 1690 conspicuitas
1699 1621 1944 1675 omnium
1969 1621 2101 1690 ipsis

508 1715 697 1768 odium
725 1713 1077 1778 conciliabat,
1113 1727 1425 1783 paucosque
1453 1712 1683 1768 vidisses
1711 1713 1924 1767 illorum
1947 1713 2101 1767 falla-

509 1806 610 1861 ciis
654 1806 1081 1867 circumventos,
1132 1805 1260 1874 quia
1289 1813 1476 1874 aperte
1502 1813 1557 1859 et
1578 1804 1696 1858 sine
1735 1805 1842 1859 ullo
1871 1804 2101 1860 artiﬁcio

505 1915 596 1954 res
641 1899 872 1954 infames
905 1899 1394 1970 ignominiosazque
1439 1897 1907 1967 pr0ponebantur,
1948 1897 2097 1965 ipsa-

504 2008 613 2063 que
637 1993 960 2048 defectionis
1011 1992 1350 2062 impudentia
1390 1991 1458 2045 ad
1498 1991 1767 2046 cautelam
1794 1990 1928 2045 satis
1958 1999 2096 2054 erat,

504 2101 576 2139 ne
611 2086 733 2152 quis
760 2085 917 2139 facile
966 2085 1034 2139 ad
1067 2099 1190 2138 eam
1224 2083 1546 2146 declinaret,
1607 2097 1748 2136 neve
1782 2081 2032 2137 homines
2067 2097 2098 2136 a

505 2176 744 2246 maligno
767 2185 1120 2245 caperentur.

2130 1872 2174 1927 Β

2195 605 2415 677 ἀπάτης
2443 606 2677 676 δργανον
2706 606 2786 678 τῷ
2814 608 3112 679 τρισαθλίῳ
3133 611 3496 681 προτείνουσα
3520 611 3617 664 καὶ
3641 614 3778 666 κατά

2199 696 2396 766 μικρὸν
2434 697 2903 768 ύπογοητεύουσα,
2939 699 3175 771 ἐπείπερ
3207 701 3328 753 ὅλον
3357 701 3495 771 αὐτῇ
3523 702 3778 771 προσκλι-

2194 789 2359 844 θέντα
2386 786 2502 860 εἶχε
2535 792 2632 844 καὶ
2661 791 2917 861 καθάπερ
2949 793 3258 864 διδασκάλῳ
3288 794 3400 864 (12)
3441 795 3778 865 προσέχοντα

2196 881 2341 946 ἴδεν,
2395 881 2744 936 ὑπολαϐοῦσα
2793 883 2858 954 δή
2889 883 3024 953 (15),
3058 885 3170 954 Τῆς
3207 884 3508 954 βασιλείας,
3556 885 3778 956 ἔφησεν,

2197 977 2305 1028 υἱοὶ
2333 977 2384 1028 οἱ
2414 975 2622 1046 ταύτης
2657 977 2755 1046 μὲν
2800 977 3190 1048 ἐκϐαλλόμενοι
3213 1016 3228 1041 ,
3275 976 3352 1046 τῷ
3397 977 3581 1031 σκότει
3607 977 3664 1030 δὲ
3705 980 3782 1048 τῷ

2198 1067 2450 1138 ὲξωτέρῳ
2478 1067 2992 1139 καταδικαζόμενοι,
3020 1063 3354 1134 οὗτοίείσιν,
3387 1068 3481 1133 οὓς
3516 1069 3581 1122 σύ
3609 1087 3668 1123 τε
3689 1070 3784 1124 καὶ

2196 1161 2246 1212 οἱ
2289 1160 2432 1212 κατά
2477 1160 2538 1212 σὲ
2597 1160 2785 1227 ἁγίους
2839 1145 3067 1214 καλοῦσι
3107 1161 3200 1214 καὶ
3247 1161 3554 1230 νομίζουσι,
3602 1161 3652 1215 οἶ
3689 1164 3786 1216 καὶ

2199 1251 2462 1321 δαίμονας
2500 1252 2611 1322 (14)
2646 1252 3044 1321 φυγαδεύουσιν
3077 1251 3171 1305 καὶ
3205 1251 3355 1320 πάθη
3388 1251 3782 1323 θεραπεύουσι,

2199 1337 2280 1404 οἷς
2307 1343 2402 1395 καὶ
2425 1343 2722 1413 προσάγειν
2738 1343 3070 1411 διεγνώκατε
3097 1342 3283 1409 σέϐας,
3310 1343 3401 1396 τὸν
3419 1343 3582 1413 μόνον
3603 1344 3786 1408 ζῶντα

2201 1437 2298 1488 καὶ
2359 1435 2628 1490 ἀθάνατον
2679 1435 3076 1498 καταλιπόντες
3119 1435 3232 1506 (15)
3277 1436 3445 1488 Θεόνο
3498 1429 3644 1489 οὗτοι
3673 1438 3786 1507 γὰρ

2202 1521 2350 1581 οὗτοι
2375 1530 2469 1582 καὶ
2501 1528 2653 1599 παρὰ
2673 1528 2766 1581 τοῦ
2790 1528 3000 1581 δικαίου
3027 1528 3238 1581 ἐκεῖθεν
3288 1526 3546 1581 ἀκούουσι
3567 1528 3785 1599 κριτοῦ,

2216 1619 2592 1690 Ἃποχωρεῑτε
2610 1621 2711 1674 ἀπ’
2743 1620 2913 1689 ἐμοῦ,
2939 1619 3028 1674 ὅτι
3067 1619 3361 1674 οὐδέποτε
3381 1619 3577 1689 ἔγνων
3597 1617 3783 1689 ὑμᾶς.

2215 1714 2310 1766 Ἐκ
2339 1713 2546 1781 ταύτης
2571 1711 2666 1766 οὖν
2693 1713 2807 1784 (16)
2858 1713 2957 1783 τῆς
2989 1714 3236 1784 πονηρᾶς
3265 1714 3357 1766 καὶ
3376 1712 3619 1784 ὀλεθρίου
3649 1731 3789 1766 σπο-

2207 1806 2308 1876 ρᾶς
2329 1805 2422 1858 τὸν
2455 1805 2676 1874 ἕτοιμον
2709 1807 2791 1868 είς
2819 1805 3098 1874 γεωργίαν
3137 1805 3238 1874 τῆς
3271 1804 3530 1868 ζιζανίων
3578 1805 3789 1875 ἑαυτῆς

2202 1897 2572 1968 ποιησαμένη,
2613 1897 2712 1968 τὴν
2765 1897 2959 1966 λοιπὴν
3005 1896 3116 1949 τῶν
3149 1895 3516 1966 ἀσεϐημάτων
3544 1895 3790 1966 βλάστην

2202 1990 2446 2060 εὐχερῶς
2501 1985 2646 2060 εἶχεν
2694 1989 3002 2060 αὐτόματον
3039 1990 3444 2058 ἀναφυομένην,
3489 1989 3587 2042 καὶ
3640 1989 3791 2043 οὓτω

2203 2083 2383 2153 πάσης
2402 2081 2584 2152 λύμης
2611 2083 2706 2137 καὶ
2727 2082 3026 2153 διαφθορᾶς
3048 2082 3144 2152 τὴν
3169 2083 3382 2136 ἐκείνου
3417 2082 3598 2152 ψυχὴν
3647 2099 3788 2150 καρ-

2201 2175 2440 2245 ποφόρον
2482 2174 2685 2245 χωρίον
2714 2175 2828 2245 (17)
2857 2174 3150 2239 ἀνέδειξεν,
3179 2175 3253 2239 ὡς
3277 2177 3372 2228 καὶ
3416 2174 3542 2236 τοὺς
3573 2173 3784 2246 ἔμπρο-

506 2268 632 2320 σθεν
665 2270 877 2331 πάντας
923 2269 1011 2321 ἐπ’
1048 2268 1275 2339 ἀσεϐείᾳ.
1344 2266 1732 2338 βεϐοημένους,
1773 2265 1868 2321 καὶ
1897 2267 2137 2336 μάλιστα
2175 2269 2350 2341 ταύτῃ
2411 2270 2611 2333 παῖδας
2661 2270 2986 2340 νομισθῆναι
3035 2275 3102 2342 τῇ
3149 2270 3360 2324 ἐκείνου
3396 2285 3779 2340 παραμετροῦ-

509 2361 708 2432 μένους
748 2360 1075 2430 ῥᾳδιουργίᾳ
1105 2371 1180 2412 Ἴτε
1239 2358 1336 2412 καὶ
1384 2362 1498 2420 τοῖς
1545 2357 1864 2421 ὲπικλόποις
1906 2359 2186 2430 ἧθεσι,καὶ
2214 2365 2281 2434 τῇ
2313 2361 2451 2434 άλλη
2501 2365 2601 2434 τῆς
2661 2363 2880 2433 ἀπάτης
2936 2363 3317 2434 μηχανουργίᾳ
3382 2378 3444 2414 τε
3498 2362 3594 2414 καὶ
3636 2379 3780 2432 περι-

503 2452 646 2520 νοίᾳ.
687 2451 750 2504 Ol
792 2451 890 2521 μὲν
917 2451 1028 2522 γὰρ
1059 2450 1166 2520 πρὸ
1197 2451 1360 2503 αὑτοῦ
1383 2453 1432 2502 εἰ
1459 2449 1556 2502 καὶ
1588 2448 1668 2520 τῷ
1701 2449 1948 2521 βορϐόρῳ
1985 2453 2088 2522 τῆς
2124 2453 2419 2518 ἀκολασίας
2447 2456 2544 2509 καὶ
2601 2459 2669 2526 τῇ
2715 2457 2849 2528 ἄλλῃ
2890 2456 3000 2509 τῶν
3038 2458 3214 2526 ἔργων
3277 2455 3654 2528 ἀρρητουργίᾳ
3693 2457 3788 2508 καὶ

503 2549 626 2606 ταῖς
660 2549 740 2610 εἰς
781 2545 916 2598 Θεὸν
964 2543 1401 2616 ἀνυπερϐλήτοις
1440 2540 1820 2612 βλασφημίαις
1852 2542 1915 2594 τὸ
1957 2546 2224 2613 πρωτεῖον
2278 2542 2449 2616 εἶχον,
2483 2545 2600 2600 ἀλλ’
2657 2544 2752 2600 οὖν
2825 2546 3103 2617 βδελυκτοί
3170 2565 3230 2600 τε
3273 2549 3371 2603 καὶ
3429 2548 3784 2617 ἀποτρόπαεοι

506 2639 708 2710 μικροῦ
749 2640 917 2691 πᾶσιν
953 2638 1268 2707 ἐνομίζοντο
1317 2637 1432 2696 τοῖς
1457 2633 1766 2704 ἀνθρώποις
1811 2633 1889 2703 τῷ
1972 2636 2223 2708 προδήλῳ
2286 2639 2379 2692 τοῦ
2445 2638 2671 2709 μύσους,
2719 2633 2794 2694 ὧν
2829 2641 3076 2710 ἐτόλμων
3129 2642 3343 2705 πάντας
3409 2641 3621 2710 ἔχοντες
3689 2660 3784 2712 μι-

508 2729 757 2794 σοῦντας.
786 2729 896 2782 Καὶ
944 2729 1161 2797 ὀλίγους
1209 2727 1322 2799 (18)
1387 2722 1458 2797 ἦν
1523 2726 1678 2796 ὁρᾷν,
1731 2724 1867 2795 πρὸς
1903 2725 2004 2798 τὴν
2081 2729 2310 2782 ἐκείνων
2355 2730 2580 2801 ἀπάτην
2639 2731 3118 2802 μεταχωροῦντας,
3159 2730 3624 2800 ἀπερικαλύπτων
3668 2733 3788 2801 (19)

507 2827 604 2880 καὶ
634 2825 804 2897 χωρὶς
831 2824 1222 2896 τεχνασμάτων
1268 2823 1378 2876 τῶν
1427 2822 1683 2891 ἀσέμνων
1757 2820 1938 2890 ἔργων
1983 2826 2388 2895 προκειμένων,
2462 2829 2559 2883 καὶ
2625 2830 2727 2900 τῆς
2790 2831 3015 2900 ἀναίδην
3059 2828 3401 2892 ἀποστασίας
3450 2828 3531 2893 είς
3572 2845 3792 2899 προφυ,

506 2915 682 2985 λακὴν
711 2913 988 2986 ἀρκούσης
1016 2911 1112 2966 τοῦ
1143 2913 1219 2984 μὴ
1257 2912 1452 2966 θᾶττον
1505 2911 1645 2980 πρὸς
1702 2911 1875 2984 αὐτὴν
1933 2913 2338 2972 ύπολισθαίνειν
2359 2919 2459 2974 καὶ
2483 2920 2682 2992 ἀθρόον
2715 2921 2938 2992 θήραμα
2999 2921 3092 2975 τοῦ
3161 2921 3408 2994 Πονηροῦ
3477 2925 3526 2976 τ’
3573 2922 3793 2993 ἀνθρώ-

508 3024 641 3061 πινα
679 3005 948 3074 γίνεσθαι.

579 3097 750 3152 XXll.
784 3097 885 3151 Hic
911 3110 1061 3160 vero,
1089 3110 1211 3165 quae
1239 3092 1484 3163 turpiora
1509 3101 1686 3157 erant,
1717 3107 1994 3156 resecans,
2020 3108 2098 3146 re.
2135 3100 2176 3156 (1

509 3193 657 3262 liqua
682 3191 967 3260 obtegens,
1001 3189 1046 3242 si
1073 3202 1178 3257 qua
1210 3187 1281 3241 ob
1321 3186 1653 3255 impietatem
1691 3185 1875 3240 auditu
1904 3184 2101 3238 intole-

520 3284 714 3339 rabilia
744 3289 952 3347 essent,
986 3290 1081 3335 aut
1108 3280 1477 3349 comprimens
1495 3286 1590 3332 aut
1609 3293 1732 3332 cum
1769 3276 2102 3331 tolerabilio-

511 3378 666 3433 ribus
694 3375 1082 3439 commiscens,
1114 3382 1189 3438 et,
1227 3378 1297 3441 iut
1349 3373 1664 3426 summatim
1703 3370 1906 3434 dicam,
1962 3370 2104 3440 pelle

511 3467 633 3523 ovis
661 3467 854 3536 lupum
893 3445 1260 3529 abscondens,
1304 3462 1491 3517 multis
1545 3462 1738 3518 doctor
1787 3462 2006 3532 pietatis
2048 3468 2104 3516 et

514 3559 625 3614 dux
644 3557 838 3612 salutis
853 3571 976 3610 esse
991 3555 1309 3620 videbatur;
1332 3555 1531 3609 multos
1547 3570 1611 3610 ex
1632 3555 1926 3625 improviso
1948 3553 2104 3608 ador-

515 3661 608 3706 tus
646 3652 700 3705 in
722 3657 986 3704 extrema:
1005 3647 1263 3718 perniciei
1283 3647 1600 3702 barathrum
1618 3646 1995 3717 principitavit.
2013 3645 2107 3699 Et-

511 3761 660 3816 enim
687 3759 833 3829 quod
859 3759 1290 3828 praedecessores
1311 3757 1520 3811 suinon
1538 3755 1911 3827 neglexerant,
1939 3753 1991 3808 id
2016 3752 2105 3807 ille

511 3853 721 3922 majore
751 3866 876 3906 curn
909 3849 1192 3920 diligentia
1232 3847 1583 3913 observavit;
1639 3861 1836 3915 nempe
1888 3853 1948 3898 ut
1990 3859 2103 3898 non

512 3943 585 3998 ab
615 3945 734 4013 ipso
768 3942 952 3997 statim
976 3940 1249 4010 principio
1272 3939 1362 4003 iis,
1391 3937 1483 4008 qui
1513 3938 1580 3992 ad
1613 3937 1978 3991 initiationcm
2005 3949 2100 3989 ac-

513 4035 797 4110 cederent,
841 4033 1194 4088 sublimiores
1224 4031 1532 4101 impietates
1563 4029 1938 4092 concrederet,
2001 4041 2101 4082 ne-

513 4141 623 4197 que
654 4125 1005 4181 horribiliora
1029 4131 1359 4194 proponeret
1382 4122 1672 4194 mysteria;
1721 4135 1952 4190 quorum
2007 4133 2100 4173 ca-

515 4227 617 4291 put
645 4226 729 4274 est
753 4217 1041 4290 abnegatio
1071 4215 1169 4271 Dei
1200 4215 1534 4282 omnimoda,
1587 4221 1644 4269 et
1689 4212 1888 4268 diaboli
1929 4210 2100 4282 gloria

2282 3099 2413 3152 KA'.
2455 3092 2624 3161 Οὗτος
2646 3099 2705 3154 δὲ
2737 3099 2806 3153 τά
2826 3100 2936 3153 τῶν
2970 3101 3301 3172 μιασμάτων
3332 3100 3576 3172 πρόδηλα
3619 3119 3798 3172 περι-

2203 3191 2446 3256 κόπτων,
2480 3193 2576 3246 κα)⁵
2625 3191 2662 3246 ἃ
2707 3191 2971 3247 κατέλιπε
3016 3194 3118 3263 τῆς
3173 3193 3471 3256 ἀκολασίας
3520 3194 3799 3247 ἐπικαλύ-

2204 3299 2376 3348 πτων,
2405 3283 2475 3336 τά
2512 3300 2572 3336 τε
2624 3283 2749 3354 μηδ’
2800 3284 2939 3355 ἀκοῇ
2974 3284 3189 3355 φορητά
3230 3286 3340 3338 τῶν
3367 3285 3798 3358 ἀσεϐημάτωνῆ

2205 3375 2514 3430 συστέλλων
2543 3375 2578 3447 ἢ
2602 3377 2947 3444 καταμιγνὺς
2974 3379 3088 3439 τοῖς
3120 3378 3498 3446 ἀνεκτοτέροις
3522 3378 3662 3447 (20),
3697 3382 3805 3432 καὶ

2206 3467 2432 3538 σύμπαν
2485 3468 2663 3522 είπεῖν
2735 3468 2918 3536 κωδίῳ
2977 3468 3092 3538 (21)
3135 3467 3413 3538 προϐάτου
3469 3469 3562 3521 τὸν
3622 3469 3809 3524 λύκον

2205 3560 2641 3631 ὲναποκρύπτων
2679 3561 2815 3633 (22),
2853 3562 3070 3625 πολλοῖς
3111 3561 3213 3632 μὲν
3267 3561 3414 3627 ἔδοξε
3463 3562 3803 3626 διδάσκαλος

2204 3654 2487 3717 εὐσεϐείας
2511 3653 2604 3708 καὶ
2649 3653 2843 3724 ὁδηγὸς
2894 3654 3191 3725 σωτηρίας,
3223 3654 3455 3717 πολλοὺς
3521 3654 3569 3708 δ’
3612 3656 3794 3724 ἀπρο-

2207 3745 2391 3809 όπτως
2417 3744 2569 3816 αὐτῷ
2593 3745 3006 3809 καταποθέντας
3031 3746 3111 3816 τῷ
3135 3746 3396 3817 βαράθρῳ
3421 3747 3521 3816 τῆς
3553 3747 3797 3816 ἐσχάτης

2205 3835 2483 3899 ἀπωλείας
2511 3837 2944 3908 κατεκρήμνισε.
2986 3837 3095 3890 Καὶ
3139 3840 3248 3907 γὰρ
3276 3838 3400 3891 οὐδὲ
3426 3840 3540 3901 τοῖς
3597 3838 3806 3904 πρότε-

2209 3944 2304 3999 ρον
2342 3927 2716 3998 ἀμελούμενον
2741 3929 2892 3998 ὅμως
2925 3928 3020 3982 καὶ
3052 3927 3211 3982 τοῦτο
3242 3929 3391 4000 αύτῷ
3431 3929 3810 3982 σπουδαιότε-

2209 4037 2302 4092 ρον
2333 4021 2741 4092 μεμηχάνηται,
2789 4021 2931 4074 ὥστε
2977 4020 3052 4092 μὴ
3096 4023 3217 4076 κατ’
3247 4024 3424 4094 ἀρχάς
3470 4022 3642 4086 εὐθὺς
3695 4025 3822 4084 τοῖς

2207 4111 2360 4183 αύτῷ
2391 4113 2646 4182 μυεῖσθαι
2693 4115 3161 4185 προσερχομένοις
3211 4115 3282 4168 τά
3351 4114 3670 4184 τελειότερα
3693 4113 3820 4181 (2'5)

2207 4203 2316 4256 τῶν
2361 4201 2728 4273 ἀσεϐημάτων
2760 4255 2767 4270 ,
2797 4202 3044 4275 θαρρεῖν,
3090 4203 3230 4275 μηδὲ
3303 4204 3414 4257 τῶν
3469 4205 3824 4274 μυστηρίων

1685 4368 1917 4426 VARUE
1951 4362 2344 4422 LECTIONES
2373 4361 2462 4417 ET
2491 4360 2727 4418 NOTA'J.

589 4519 702 4592 (12)
749 4519 1128 4584 Διδασκὰλῳ.
1163 4519 1240 4574 Ita
1271 4528 1420 4577 recte
1453 4517 1788 4592 Coislinianp
1822 4516 2099 4592 _pro_8t6a_-
2131 4525 2176 4579 1)

517 4587 746 4661 σκαλίὲρ,
774 4608 890 4656 seu,
915 4591 1336 4661 ut,scribendum
1358 4602 1494 4653 erat,
1522 4588 1878 4661 διδασκαλείῳ
1898 4587 2099 4640 Nostri.

587 4659 707 4733 (15)
742 4663 834 4716 Δέ.
883 4663 959 4716 Ex
1004 4660 1226 4733 Nostro,
1259 4662 1405 4731 quod
1455 4661 1523 4715 ad
1559 4659 1946 4728 perficiendam
1981 4672 2104 4712 ora-

517 4732 689 4788 tionis
715 4735 912 4788 seriem
945 4732 1147 4800 requiri
1181 4732 1416 4786 videtur.

590 4803 702 4874 (14)
737 4803 806 4856 ΟΣ
835 4801 934 4856 καὶ
977 4796 1291 4874 δὶιίμονας.
1353 4803 1428 4856 Ita
1465 4801 1676 4856 edenda
1726 4799 1846 4854 hzec
1891 4796 2102 4874 putavi,

517 4868 642 4945 quae
673 4868 726 4927 in
761 4868 1341 4945 coislinianomisere
1373 4881 1630 4945 corrupta
1691 4879 1842 4945 sunt,
1895 4868 1988 4936 qui
2025 4868 2106 4945 sic

517 4939 728 5000 liabet:
781 4943 844 4996 Οἳ
899 4944 994 4995 κα)⁵
1057 4941 1221 4996 πάθει
1256 4943 1518 5013 δαίμονας
1541 4939 1954 5013 ίθεραπεύουσι,
1992 4939 2107 5013 ’καὶ

515 5015 780 5084 δαίμονας
806 5006 1381 5084 πάθειφυγαδεύουσί.
1420 5006 1645 5084 Rectius
1681 5026 1750 5084 ex
1797 5019 1952 5084 parte
1992 5006 2106 5059 No-

517 5079 653 5150 ster,
685 5083 734 5136 οἳ
763 5085 858 5137 κοιλ¹
899 5079 1161 5153 δαίμονας
1194 5082 1578 5154 θεραπεύουσι,
1617 5081 1712 5154 καὶ
1742 5079 1887 5154 πάθη
1927 5094 2106 5154 φυγατ

519 5145 760 5219 δεύουσι,
803 5154 896 5223 qui
929 5145 1111 5208 tamen
1145 5145 1206 5207 in
1238 5145 1303 5209 eo
1331 5163 1480 5208 errat
1507 5152 1720 5223 librarii,
1742 5145 1919 5223 lapsu,
1941 5145 2106 5218 iqUod

518 5225 646 5279 bina
671 5225 758 5278 illa
793 5220 955 5279 verba
984 5240 1094 5278 non
1132 5226 1246 5278 suis
1293 5225 1427 5279 locis
1463 5222 1775 5284 collocavit,
1825 5220 1921 5277 sed
1969 5234 2106 5272 con-

517 5295 678 5349 fudit.
719 5295 892 5349 Scribi
924 5297 1070 5348 enim
1119 5294 1375 5361 debebat,
1423 5304 1483 5348 ut
1517 5293 1683 5348 edidi.
1737 5291 1817 5345 Ita
1863 5304 1952 5343 res
1989 5289 2106 5361 ipsa

519 5365 768 5434 requirit,
813 5377 869 5419 et
917 5365 1106 5434 Petrus
1157 5358 1374 5420 Siculus
1416 5364 1728 5426 confirmat,
1768 5361 1934 5434 cuius
1991 5358 2107 5434 haec

520 5427 649 5490 sunt
681 5427 842 5489 verba
880 5451 892 5486 :
934 5431 1093 5489 Οὗτοί
1123 5439 1262 5488 εἰσιν
1288 5439 1336 5488 οἱ
1373 5434 1518 5502 ἀγιοί
1559 5449 1676 5495 σου,
1732 5427 1950 5502 οίτοὺς
2000 5427 2111 5502 δαί-

567 5522 695 5568 ονας
730 5505 1150 5575 φυγαδεύοντες,
1181 5507 1275 5558 καὶ
1297 5505 1369 5557 τὰ
1401 5500 1547 5572 πάθη
1574 5501 1975 5575 θεραπεύοντες
1999 5500 2108 5551 τῶν

561 5572 1103 5657 νθρώπωνπλδοίιίοοι
1135 5577 1368 5656 ludibrio
1408 5575 1609 5657 femina
1642 5572 2108 5657 habuit_consu.e:

524 5641 796 5709 tudinem,
825 5647 913 5699 illa
963 5655 1125 5701 aetate
1178 5646 1288 5713 jam
1340 5653 1638 5714 receptam,
1678 5659 1784 5714 qua
1841 5641 2110 5696 invocatis

525 5718 730 5772 sanctis
763 5715 1042 5771 daemones
1083 5716 1518 5784 expellebantur.

597 5787 709 5856 (15)
764 5779 1236 5851 Καταλιπόντες.
1296 5784 1411 5840 Hoc
1471 5783 1614 5841 malo
1680 5797 1791 5855 pra:
1855 5779 2111 5836 καταλεί-

524 5857 911 5928 ποντες,(ιιιο‹1
942 5865 1025 5914 est
1049 5857 1104 5912 in
1127 5856 1479 5912 Coisliniano.

2279 4511 2323 4582 (1
2338 4512 2390 4584 ϐ)
2426 4511 2568 4565 Οὖν.
2587 4509 2727 4584 _Non
2748 4508 2993 4584 agnoscit
3013 4507 3228 4584 Noster.

2281 4577 2392 4653 (17)
2442 4582 2687 4653 Χωρίον.
2745 4577 2941 4653 Addidi
2975 4596 3066 4653 Aex
3096 4577 3348 4653 _Nostro,_
3379 4592 3540 4653 quam
3603 4593 3838 4632 vocem

2204 4648 2487 4723 requirere
2517 4648 2733 4723 videtur
2765 4650 3054 4723 allegorica
3096 4649 3350 4723 loquendi
3383 4648 3543 4712 ratio,
3578 4663 3734 4723 quae
3769 4667 3841 4703 se

2206 4719 2300 4779 hic
2317 4722 2530 4777 auctori
2552 4719 2824 4792 probavit,
2847 4721 2914 4773 dc
2941 4720 3281 4790 germinibus
3311 4721 3557 4788 loquens,
3594 4721 3845 4788 quibus

2205 4810 2334 4862 ager
2362 4793 2540 4847 ridere
2575 4792 2732 4847 solet.

2280 4863 2393 4934 (18)
2424 4862 2722 4930 Ὀλίτους.
2755 4859 2952 4934 Noster
2973 4859 3199 4934 ὀλίγοις,
3239 4859 3522 4934 mendose.

2280 4929 2968 5015 (1ξξ),Ἀ,ττεερικαᾴιξςνττωγζ
3006 4929 3083 4983 Ita
3135 4929 3332 5015 N'oster
3376 4930 3597 4993 melius,
3643 4945 3848 5000 quam

2205 5001 2594 5068 Coislinianus,
2629 5003 2721 5071 qui
2757 5002 2924 5056 habet
2942 5001 3411 5071 ἀπερικάλυπτον.

2285 5075 2398 5145 (20)
2442 5069 2890 5145 Ἀνεκτὸτέροις.
2927 5069 3144 5145 Optime
3192 5069 3497 5123 Coislianus
3531 5085 3650 5138 pro
3707 5089 3857 5124 συν-

2207 5139 2715 5215 εκτοτέροιςχιιιιοιί
2739 5139 2932 5215 Noster
2953 5139 3132 5195 affert.

2281 5208 2650 5286 (21)’Κωδίὶρ.
2674 5212 2758 5286 _Ex
2792 5209 2989 5286 Nostro
3019 5226 3118 5280 pro
3160 5208 3378 5274 κωδίου,
3420 5208 3566 5279 quod
3651 5227 3863 5279 pem-

2209 5282 2334 5340 rum
2363 5285 2496 5339 vitio
2526 5294 2652 5337 ante
2674 5282 2974 5352 legebatur.

2285 5355 2396 5427 (22-)
2437 5348 2982 5427 _’Eya:zogcﬁv:ztoi_r.
3021 5349 3132 5427 “Sic
3183 5348 3382 5427 iterum
3451 5348 3682 5404 Noster
3740 5369 3869 5423 pro

2211 5419 2859 5494 simpliciia’trtoxpumwv
2879 5419 3236 5494 _Cois_liniaui.

2285 5487 2399 5564 (ἱὸ)
2458 5487 2828 5558 Τελειότερα.
2879 5490 2956 5564 Ita
3015 5491 3134 5560 lego
3176 5504 3274 5558 pro
3317 5487 3672 5564 τελεῴτεεα,
3741 5509 3869 5563 pro

2211 5558 2320 5638 quo
2340 5558 2538 5620 Noster
2571 5558 3090 5638 habetfaxetbtepa,
3135 5573 3324 5638 vocem
3359 5559 3536 5638 nihili.
3567 5558 3712 5638 P_e_r
3743 5558 3872 5616 ἶ·εέ-

2211 5629 2353 5699 Xeno;
2393 5645 2575 5690 autem
2607 5629 2864 5687 alluditur
2884 5629 3103 5694 iterum,
3137 5630 3282 5698 quod
3315 5629 3560 5684 solemne
3611 5629 3876 5687 Nostro

2211 5716 2317 5772 est,
2342 5707 2418 5780 ad
2435 5705 2718 5780 gentilium
2759 5718 2935 5780 sacra,
2971 5701 3180 5780 quibus
3198 5699 3290 5780 qui
3323 5715 3432 5753 non
3456 5711 3566 5755 tam
3604 5700 3878 5762 initiati

2213 5771 2376 5849 quam
2409 5771 2602 5830 imbuti
2620 5783 2794 5840 crant,
2821 5773 3018 5826 τέλειοι
3043 5771 3388 5828 dicebantur.
