3986 6436
543 385 610 449 7i
1718 375 1984 440 ΡΗΟΤΙΙ
2023 377 2124 437 PA‘

2237 373 2533 436 [ΑΜΖΗῶ
2570 373 2677 435 CP.
3753 376 3822 438 ἿΞ

539 513 650 556 tem
684 501 790 571 ipsi
822 499 1050 554 honoris
1081 499 1350 553 exhibent
1395 496 1518 567 ejus
1551 495 1736 550 miseri
1766 492 2044 562 discipuli,
2081 502 2124 546 ul

2242 491 2612 560 θεομακάριον
2637 486 2864 556 γύναιον
2884 483 2986 556 τῆς
3017 484 3296 556 βασιλείου
3311 484 3492 556 ἀρχῆς
3512 486 3816 555 ἐπεστάτει,

539 603 653 646 tum
692 590 796 642 alia
833 589 1088 651 absurda,
1143 605 1266 657 qua:
1297 603 1364 641 ne
1391 587 1584 640 auditu
1635 583 1856 652 quidem
1912 581 2133 635 tolerari

536 690 788 752 possunt,
819 681 888 735 de
911 681 1028 750 ipso
1063 689 1314 740 narrent,
1348 688 1466 732 tum
1491 678 1656 731 etiam
1684 676 1737 729 in
1763 673 1986 728 nomine
2014 673 2135 740 ejus

537 771 838 833 orationes,
917 786 1013 823 seu
1091 770 1277 839 potius
1353 769 1582 821 latratus
1636 780 1765 818 suos
1817 764 2130 833 obsignent.

541 881 559 912 ι
597 859 825 923 Oxatio,
867 859 1154 928 inquiunt,
1239 857 1476 927 Spiritus
1543 857 1713 909 sancti
1785 853 2134 908 miserebitur

534 943 731 1004 nostri.
771 967 789 998 ι
845 948 1017 1002 Porro
1078 949 1170 1002 ille
1225 958 1505 1002 tortuosus
1554 960 1783 1015 serpens
1839 960 1897 998 se
1953 944 2132 1014 ipsum

534 1044 839 1098 ostiarium.
865 1051 1141 1112 pastorem
1165 1051 1217 1094 et
1248 1041 1445 1094 ducem
1485 1039 1731 1092 vocabat.
1761 1036 1964 1090 Scribit
1984 1034 2133 1090 enim

533 1132 952 1187 Coloniensibus
996 1150 1010 1186 :
1059 1152 1077 1184 ι
1138 1130 1522 1186 Probationem
1571 1130 1696 1184 ﬁdei
1741 1138 1936 1183 vestra:
1991 1142 2134 1198 pra-

534 1225 794 1291 scientes,
859 1241 958 1280 vos
992 1225 1519 1279 commouel‘acimus
1569 1223 1735 1292 quod,
1773 1221 1917 1276 sicut
1941 1219 2131 1276 Eccle-

534 1319 652 1382 size,
679 1334 799 1388 qua:
837 1327 973 1372 ante
1010 1317 1258 1381 luerunt,
1316 1326 1565 1387 pastores
1616 1324 1671 1368 et
1699 1315 1955 1369 doctores
2008 1327 2132 1366 sus-

535 1423 827 1481 ceperunt,
870 1431 889 1462 ι
934 1411 1068 1466 dicit
1107 1420 1291 1464 autem
1321 1408 1743 1463 Constantinum
1770 1417 1822 1460 et
1850 1406 2004 1469 alios,
2035 1407 2130 1474 qui

540 1520 706 1574 supra
738 1503 1010 1557 numerati
1038 1511 1166 1556 sunt
1197 1520 1209 1554 :
1252 1522 1268 1551 ι
1305 1500 1398 1555 Sic
1435 1508 1492 1554 et
1546 1514 1643 1553 vos
1700 1497 2006 1567 lampadem
2043 1497 2131 1550 lu-

535 1596 712 1650 cidam
747 1607 802 1648 et
850 1596 1130 1648 lucernam
1196 1593 1579 1664 splendentem
1632 1593 1998 1662 suscepistis:
2039 1607 2131 1646 se-

531 1685 773 1741 cundum
796 1686 872 1749 id,
900 1687 1044 1753 quod
1083 1685 1350 1754 scriptum
1377 1694 1464 1740 est
1491 1702 1505 1739 :
1531 1685 1589 1740 Si
1611 1685 1794 1738 oculus
1825 1693 1945 1737 tuus
1973 1683 2130 1754 fuerit

530 1779 774 1847 simplex,
838 1788 1004 1831 totum
1053 1793 1242 1846 corpus
1292 1777 1529 1830 lucidum
1580 1778 1751 1830 erit".
1787 1795 1806 1828 ι
1846 1775 1912 1829 Et
1941 1775 2130 1845 paucis

532 1869 874 1940 interpositis
907 1887 921 1923 :
960 1888 979 1920 ι
1015 1867 1188 1922 Nemo
1238 1883 1335 1922 vos
1375 1868 1612 1938 decipiat
1643 1867 1752 1922 ullo
1793 1867 1977 1921 modo.
2013 1865 2121 1921 llas

529 1969 714 2015 autem
746 1961 1144 2030 promissiones
1175 1960 1441 2014 habentes
1465 1977 1496 2013 a
1530 1959 1660 2023 Deo,
1701 1957 1977 2014 confidite.
2005 1958 2119 2013 Nos

529 2055 678 2108 enim
719 2055 968 2123 persuasi
997 2055 1049 2107 in
1077 2055 1338 2108 cordibus
1357 2053 1562 2108 nostris
1581 2052 1905 2122 scripsimus
1935 2051 2116 2116 vobis,

529 2147 677 2215 quod
715 2146 974 2200 ostiarius
1004 2155 1060 2199 et
1096 2154 1284 2215 pastor
1341 2145 1536 2207 bonus,
1603 2157 1659 2198 et
1703 2144 1813 2199 dux
1842 2205 1846 2210 ,
1873 2144 2119 2213 corporis

530 2238 734 2293 Christi
765 2249 821 2292 et
849 2240 1071 2292 lucerna
1099 2239 1296 2292 domus
1325 2237 1420 2291 Dei
1465 2251 1570 2307 ego
1599 2237 1723 2301 sim,
1753 2247 1810 2292 et
1833 2237 2117 2291 vobiscum

529 2332 633 2385 sim
681 2331 938 2384 omnibus
999 2330 1195 2385 diebus
1239 2345 1415 2399 usque
1466 2329 1534 2384 ad
1588 2330 2117 2385 consummationem

529 2423 741 2477 smeuli.
775 2442 793 2473 ι
840 2422 938 2478 llic
965 2423 1150 2494 igitur,
1210 2439 1244 2477 o
1297 2423 1427 2493 quid
1471 2423 1566 2478 illo
1621 2422 1846 2493 dignum
1877 2421 2116 2476 dixeris!

531 2526 770 2572 attamen
795 2517 1110 2570 mortalium
1150 2517 1583 2586 nequissimuset
1611 2515 1986 2586 impiissimus,
2025 2514 2120 2584 qui

533 2623 654 2663 sese
686 2623 852 2677 supra
883 2607 1105 2662 modum
1127 2608 1368 2678 jaetabat
1394 2616 1448 2660 et
1476 2607 1787 2670 extollebat,
1819 2607 1876 2661 in
1904 2621 2122 2677 prome-

533 2700 718 2764 ritam,
780 2708 840 2754 ut
889 2700 1223 2764 narrabitur,
1289 2699 1504 2753 ruinam
1560 2699 1806 2769 deiectus
1831 2709 1937 2754 est.
1998 2700 2118 2764 Hic,

534 2794 782 2863 inquam,
814 2791 881 2846 ad
909 2792 1149 2847 Leonem
1176 2793 1467 2862 quemdam
1495 2791 1806 2847 Montanum
1832 2793 2076 2849 scribens
2102 2809 2118 2847 :

539 2905 558 2937 ι
593 2883 674 2938 Tu
712 2893 920 2949 autem,
951 2883 1046 2947 ait,
1080 2899 1213 2938 cave
1243 2883 1360 2947 tibi,
1410 2898 1481 2938 ne
1518 2883 1679 2938 ﬁdem
1727 2884 1937 2940 dividas
1963 2886 2122 2939 inde-

532 2975 847 3032 clinabilem
884 2993 898 3028 :
936 2991 1100 3045 quam
1141 2975 1289 3029 enim
1348 2977 1757 3031 accusationem
1798 2977 1968 3031 habes
2023 2977 2122 3032 ad-

532 3085 752 3124 versum
783 3068 925 3123 nos?
960 3066 1100 3122 Num
1125 3067 1360 3138 aliquem
1390 3067 1750 3132 circumveni,
1779 3069 2121 3137 autsuperhe

533 3159 665 3227 egi?
717 3160 836 3213 Non
887 3167 1044 3230 potes
1084 3159 1310 3214 dicere:
1342 3167 1397 3211 et
1443 3157 1488 3212 si
1529 3157 1698 3222 dicas,
1747 3158 2122 3213 testimonium

533 3262 688 3306 tuum
732 3267 923 3306 verum
979 3266 1091 3306 non
1136 3259 1240 3306 est.
1294 3249 1424 3304 Mihi
1463 3265 1595 3304 vero
1641 3249 1784 3304 absit
1814 3258 1872 3304 ut
1912 3258 1964 3303 te
2000 3249 2128 3303 odio

531 3345 764 3399 habeam
791 3346 806 3398 l
828 3343 921 3398 sed
947 3343 1123 3397 solum
1148 3351 1200 3397 te
1221 3358 1338 3407 oro,
1366 3342 1824 3412 quemadmodum
1854 3342 2130 3410 apostolos

531 3447 591 3492 et
621 3437 917 3508 prophetas
940 3435 1258 3505 suscepisti,
1310 3435 1403 3505 qui
1434 3444 1669 3504 quatuor
1698 3449 1931 3488 numero
1973 3443 2126 3497 sunt,

530 3529 608 3584 ita
664 3539 912 3599 pastores
963 3537 1021 3582 et
1077 3526 1367 3598 magistros
1413 3527 1701 3596 suscipias,
1765 3541 1835 3580 ne
1886 3525 2128 3580 ferarum

530 3621 716 3692 praeda
751 3620 868 3674 llas.
918 3638 938 3670 ι
991 3619 1067 3673 Ita
1101 3633 1161 3673 se
1191 3619 1248 3672 in
1277 3627 1564 3672 sexcentas
1603 3617 1808 3672 formas
1838 3628 2131 3672 converte-

531 3714 645 3776 bat,
675 3722 733 3767 ut
765 3712 832 3766 ad
863 3711 1111 3766 diversos
1155 3726 1368 3774 eorum,
1404 3709 1498 3780 qui
1526 3709 1964 3778 decipiebantur.
2000 3723 2122 3764 mo-

531 3824 622 3862 res
675 3823 734 3862 se
783 3806 1257 3867 accommodaret,
1302 3805 1464 3859 modo
1518 3804 1697 3874 gigas,
1731 3802 1894 3856 modo
1939 3801 2120 3865 simia,

530 3915 683 3955 nunc
721 3900 838 3962 leo,
871 3913 1022 3953 nunc
1062 3899 1286 3966 vulpes,
1324 3897 1486 3951 modo
1531 3895 1711 3960 illum,
1743 3894 1907 3948 modo
1955 3893 2119 3948 alium

532 4005 743 4044 morem
778 3991 1079 4052 simulans,
1111 3999 1167 4043 et
1210 3987 1528 4058 pmferens.
1563 3987 1705 4041 Alibi
1735 4001 1868 4040 vero
1915 3985 2115 4039 iterum

535 4082 672 4135 dicit
701 4096 718 4135 :
761 4099 780 4132 ι
823 4079 1004 4134 Prima
1038 4080 1358 4145 l'ornicatio,
1407 4094 1514 4149 qua
1548 4093 1611 4133 ex
1642 4078 1850 4132 Adalno
1883 4078 2122 4131 circum-

533 4172 749 4236 damur,
787 4171 1122 4226 beneﬁcium
1147 4179 1264 4236 est;
1300 4171 1539 4226 secunda
1579 4178 1763 4224 autem
1816 4169 2010 4240 major,
2056 4168 2126 4224 do

603 4283 626 4317 '
665 4283 857 4340 Matth.
897 4284 1089 4350 v1,22.

2239 581 2405 650 ἡνίκα
2470 579 2548 650 τῷ
2595 579 2916 648 φρονήματι
2947 577 3050 647 τῆς
3091 577 3437 641 ἀποστασίας
3479 581 3510 631 6
3554 578 3822 651 θεομάχος

2235 666 2392 735 οὗτος
2417 671 2515 724 καὶ
2546 669 2849 738 θεοϐλαῦὴς
2889 670 3162 740 ἧκμαζεν,
3211 668 3273 732 ἐξ
3302 663 3366 724 οὗ
3400 669 3599 741 χρόνον
3661 675 3825 744 μέχρι

2234 760 2331 814 τοῦ
2355 760 2627 832 παρόντος
2656 761 2689 830 ἡ
2724 757 2820 811 νῦν
2853 759 2964 826 (52)
2999 757 3447 828 ἐπιχωριάζουσι
3478 759 3705 814 ἀσέϐεια
3723 760 3824 832 τῆς

2235 852 2448 906 ἐκείνου
2479 853 2578 922 μὲν
2600 853 2836 924 ἢρτηται
2861 851 3237 914 διδασκαλίας.
3270 851 3677 921 Παρευδοκιμεί
3709 853 3820 924 (55)

2233 945 2292 998 δὲ
2320 946 2420 1007 τάς
2449 945 2795 1014 ἀντιτέχνους
2822 943 2958 1014 (54),
2996 943 3103 996 κᾶν
3127 943 3268 1014 πρὸς
3290 942 3386 996 τὸν
3412 943 3578 997 αὐτὸν
3602 945 3738 1015 αὐτή
3765 962 3825 1000 τε

2234 1036 2331 1089 καὶ
2351 1037 2407 1088 αἱ
2441 1034 2890 1105 παρασπίζουσαν.
2916 1034 3089 1104 ταύτῃ
3120 1034 3365 1103 φέρωσιν
3395 1034 3510 1105 (55)
3577 1034 3823 1106 ὄλεθρον.

2247 1129 2373 1182 Ἐπὶ
2400 1128 2660 1182 τοσοῦτον
2678 1127 2724 1180 δ’
2752 1127 2916 1181 αὐτὸν
2941 1128 2992 1180 oi
3026 1126 3264 1190 τάλανες
3290 1126 3402 1179 τῶν
3451 1126 3828 1198 μαθητευθέν-

2233 1239 2344 1275 των
2391 1220 2728 1285 θειάζουσιν,
2782 1217 2927 1272 ὥστε
2981 1218 3120 1273 ἀλλα
3144 1236 3205 1272 τε
3249 1218 3429 1273 ἄτοπα
3476 1220 3608 1290 περὶ
3657 1218 3824 1273 αὐτοῦ

2233 1315 2332 1370 καὶ
2365 1317 2507 1385 ἀκοῇ
2536 1315 2842 1368 ἀνύποιστα
2887 1314 3246 1383 φθέγγονται,
3287 1315 3386 1368 καὶ
3420 1314 3486 1385 δὴ
3525 1316 3621 1368 καὶ
3657 1316 3718 1368 ἐν
3746 1316 3825 1385 τῷ

2231 1407 2458 1476 ὀνόματι
2489 1406 2656 1460 αὐτοῦ
2702 1407 2802 1470 τὰς
2827 1407 2965 1470 ἰδίας
2993 1407 3328 1478 προσευχὰς,
3368 1405 3571 1477 μᾶλλον
3595 1407 3654 1461 δὲ
3689 1407 3824 1461 ὑλα-

2232 1499 2357 1562 κάς,
2384 1499 2900 1569 ὲπισφραγίζουσιν,
2931 1518 2951 1550 ι
2975 1500 3040 1553 Ἦ
3063 1501 3223 1572 εὐχὴ,
3245 1500 3518 1570 λέγοντες.
3539 1500 3636 1554 τοῦ
3661 1501 3823 1569 ἁγίου

2233 1591 2555 1661 Πνεῦματος
2575 1591 2690 1664 (56)
2712 1591 2928 1661 ἐλεήσει
2943 1594 3113 1663 ἡμᾶς.
3137 1610 3156 1644 ι
3179 1593 3454 1647 Ἐκάλειδ’
3471 1587 3628 1656 οὗτος
3643 1595 3671 1648 6
3689 1609 3824 1646 σκο-

2230 1681 2342 1746 λιὸς
2365 1683 2489 1752 δφις
2517 1683 2710 1736 ἑαυτὸν
2747 1684 2842 1736 καὶ
2877 1683 3128 1754 θυρωρὸν
3170 1685 3267 1737 καὶ
3321 1684 3561 1754 ποιμένα
3606 1683 3708 1737 καὶ
3737 1684 3822 1737 66-

2230 1774 2386 1843 ηγόν.
2439 1774 2647 1844 Γράφει
2691 1776 2802 1846 γὰρ
2837 1780 2950 1839 τοῖς
2989 1777 3048 1828 ἐν
3079 1776 3332 1848 Κολωνίᾳ
3361 1792 3376 1807 ο
3414 1795 3434 1829 ι
3471 1777 3548 1830 Τὸ
3595 1775 3821 1847 δόκιμον

2157 1853 2202 1912 Β
2229 1866 2385 1937 ὑμῶν
2416 1866 2520 1936 τῆς
2552 1869 2792 1930 πίστεως
2841 1869 3267 1936 προεγνωκότας
3320 1869 3632 1940 ὑπόμνησιν
3681 1871 3817 1940 πρὸς

2225 1957 2372 2028 ὑμᾶς
2401 1958 2730 2030 ποιούμεθα,
2767 1960 2850 2013 ὄτι
2869 1959 3062 2031 ὥσπερ
3084 1963 3140 2014 αί
3162 1959 3537 2032 παρελθοῦσαι
3589 1961 3812 2032 Ἐκκλη-

2225 2049 2340 2102 σίαι
2368 2050 2639 2120 ποιμένας
2676 2051 2773 2104 καὶ
2801 2050 3157 2116 διδασκάλους
3183 2051 3456 2118 ἐδέξαντο,
3490 2070 3510 2103 ι
3564 2053 3728 2122 Λέγει
3759 2055 3814 2108 δέ

2226 2142 2666 2205 Κωνσταντῖνον,
2688 2143 2934 2208 καὶτοὺς
2952 2143 3169 2208 ἄλλους,
3198 2144 3294 2208 οὓς
3316 2146 3348 2197 6
3378 2143 3538 2212 λόγος
3557 2146 3809 2216 ἀνωτέρω

2226 2233 2599 2305 ἠριθμήσατο.
2640 2252 2661 2288 ι
2702 2235 2893 2300 οὕτως
2937 2237 3034 2294 καὶ
3065 2237 3223 2308 ὑμεῖς
3273 2237 3540 2309 λαμπάδα
3585 2239 3804 2310 φαεινὴν

2225 2327 2325 2380 καὶ
2349 2327 2544 2398 λύχνον
2573 2329 2838 2397 φαίνοντα
2864 2330 2962 2383 καὶ
2980 2329 3180 2399 ὁδηγὸν
3229 2330 3509 2401 σωτηρίας
3561 2328 3804 2396 ἐδέξασθε

2225 2419 2370 2474 κατά
2432 2421 2495 2475 τὸ
2539 2424 2932 2493 γεγραμμένον
2971 2439 2988 2454 ο
3048 2421 3185 2478 Ἐὰν
3238 2426 3274 2478 d
3329 2424 3638 2493 ὀφθαλμός
3693 2439 3808 2478 σου

2225 2510 2464 2578 ἁπλοῦς
2491 2507 2553 2584 ᾗ,
2583 2513 2736 2568 ὅλον
2760 2513 2829 2568 τὸ
2861 2513 3037 2583 σῶμά
3069 2528 3189 2568 σου
3219 2515 3516 2582 φωτεινόν
3557 2515 3748 2570 ἔσται.
3785 2534 3804 2566 ι

2225 2601 2338 2656 Καὶ
2389 2603 2508 2672 μετ’
2543 2603 2740 2671 ὀλίγαν
2787 2622 2809 2657 ι
2839 2605 3048 2676 Μηδεὶς
3105 2606 3253 2676 ὑμᾶς
3312 2603 3627 2676 ἐξαπατήσῃ
3665 2605 3806 2659 κατά

2229 2693 2436 2765 μηδένα
2465 2695 2691 2768 τρόπον,
2728 2695 2935 2760 ταύτας
2963 2697 3021 2750 δὲ
3046 2697 3149 2760 τὰς
3197 2697 3541 2766 ἐπαγγελίας
3597 2697 3810 2768 ἔχοντες

2227 2789 2381 2859 παρά
2398 2788 2535 2843 Θεοῦ
2550 2788 2830 2862 Θαρσεῖτε.
2859 2789 3056 2861 Ἡμεῖς
3079 2791 3191 2862 γὰρ
3203 2791 3566 2862 πεπεισμένοι
3581 2791 3732 2856 ὅντες
3753 2793 3816 2845 έν

2225 2883 2350 2944 ταῖς
2379 2880 2629 2952 καρδίαις
2657 2881 2818 2952 ἡμῶν
2845 2882 3170 2954 ἐγράψαμεν
3200 2881 3351 2952 ὑμῖν,
3377 2883 3462 2936 ὃτι
3493 2883 3522 2935 6
3560 2883 3814 2956 θυρωρὸς

2230 2971 2329 3027 καὶ
2356 2976 2384 3026 6
2415 2973 2623 3044 ποιμὴν
2663 2975 2694 3027 6
2744 2973 2908 3038 καλὸς
2951 2975 3048 3027 καὶ
3076 2974 3271 3045 όδηγὺς
3295 2973 3392 3027 τοῦ
3439 2975 3692 3047 σώματος
3716 2976 3819 3030 τοῦ

2228 3064 2488 3136 Χριστοῦ,
2524 3065 2880 3136 καὶόλύχνος
2911 3065 3006 3119 τοῦ
3033 3066 3186 3120 οῐκου
3215 3066 3314 3120 τοῦ
3342 3067 3502 3135 Θεοῦ,
3545 3069 3658 3137 ἐγώ
3699 3071 3826 3140 ειμι

2229 3160 2328 3212 καὶ
2360 3157 2483 3228 μεθ’
2514 3157 2671 3229 ὑμῶν
2703 3159 2822 3229 είμι
2847 3159 3029 3222 πάσας
3048 3159 3149 3222 τὰς
3172 3159 3386 3232 ἡμέρας
3405 3162 3508 3225 ἕως
3551 3163 3651 3233 τῆς
3686 3178 3823 3214 συν-

2229 3249 2446 3314 τελείας
2467 3250 2563 3303 τοῦ
2589 3251 2814 3312 αἰῶνος.
2848 3269 2868 3302 ι
2895 3253 3066 3314 Ουτος
3101 3247 3215 3317 οὖν,
3239 3252 3286 3305 ὣ
3333 3253 3384 3306 τί
3424 3254 3489 3307 ἄν
3515 3269 3600 3317 τις
3641 3253 3826 3308 αὑτὸν

2229 3339 2401 3395 εἰπὼν
2418 3340 2592 3406 ἀξίως
2614 3341 2761 3395 εῐποι
2782 3358 2798 3407 ;
2819 3341 2934 3396 ἀλλ’
2951 3339 3047 3397 οὖν
3062 3345 3090 3396 6
3108 3347 3371 3408 κάκιστος
3387 3344 3478 3398 καὶ
3506 3346 3827 3412 ἀθεώτατος

2228 3432 2541 3504 ἀνθρώπων
2570 3433 2832 3501 ὑπεράνω
2863 3435 3048 3507 φέρων
3078 3437 3275 3489 ἑαυτὸν
3298 3437 3394 3490 καὶ
3427 3437 3602 3507 ὑψῶν,
3660 3439 3829 3503 ἀξίαν

2230 3526 2333 3595 μὲν
2362 3527 2500 3598 (57),
2536 3527 2616 3591 ὡς
2672 3527 2904 3598 ὕστερον
2951 3528 3352 3600 δηλωθήσεται,
3401 3531 3612 3584 πτῶσιν
3684 3543 3862 3585 κατ-·

2227 3617 2430 3690 ηνέχθη
2452 3633 2466 3650 ·
2495 3619 2700 3688 γράφει
2723 3619 2770 3672 δ’
2793 3615 2890 3672 οὖν
2917 3619 3014 3672 καὶ
3041 3619 3180 3690 πρὸς
3208 3620 3420 3674 Λέοντά
3439 3638 3565 3674 τινα
3600 3621 3815 3676 Mona-

2227 3710 2317 3763 νόν
2336 3710 2449 3780 (58)
2467 3725 2482 3740 ⁸
2519 3728 2540 3762 ι
2559 3712 2632 3765 Σὺ
2677 3711 2737 3764 δὲ
2764 3711 3005 3783 τήρησον
3039 3711 3271 3765 σεαυτὸν
3289 3752 3304 3777 ,
3343 3712 3492 3776 ἔνδος
3517 3713 3577 3766 τὸ
3603 3713 3814 3783 τέμνειν

2227 3801 2328 3872 τὴν
2361 3801 2560 3872 ἀκλινῆ
2591 3802 2777 3856 πίστιν
2799 3819 2815 3834 ·
2843 3804 2969 3857 τίνα
2992 3804 3105 3876 (59)
3148 3805 3261 3876 γὰρ
3291 3807 3632 3877 κατηγορίαν
3671 3806 3819 3877 ἔχεις

2228 3891 2354 3946 καθ’
2395 3891 2598 3963 ήμῶν;
2649 3895 2724 3965 μή
2774 3911 2898 3947 τινα
2922 3895 3354 3967 ἐπλεονέκτησα,
3413 3895 3446 3967 ἢ
3506 3896 3825 3967 ὑψηλοφρόο

2228 3999 2401 4054 νησα;
2447 3985 2509 4037 οὐ
2559 3983 2789 4040 δύνασαι
2843 3987 2958 4057 (40)
3008 3990 3206 4042 εἰπεῖν.
3235 3988 3300 4042 El.
3345 3988 3403 4041 δὲ
3439 3989 3535 4043 καὶ
3569 3989 3763 4060 εἴπῃς,
3793 3992 3833 4060 ἡ

2233 4078 2516 4149 μαρτυρία
2535 4095 2630 4131 σου
2659 4079 2763 4133 οὐκ
2799 4080 2949 4134 εστιν
2971 4081 3214 4153 ἀληθής⁹
3261 4082 3386 4153 ἐμοὶ
3413 4082 3470 4136 δὲ
3499 4081 3575 4154 μὴ
3607 4083 3838 4152 γένοιτο

2235 4167 2472 4239 μισῆσαι
2500 4184 2594 4222 σε’
2627 4168 2767 4224 ἀλλά
2801 4171 3188 4242 παρακαλέσαι
3209 4171 3326 4244 (Η)
3364 4172 3443 4234 ὡς
3490 4173 3657 4240 ἐδέξω
3683 4175 3836 4228 ἁπο-

1677 4373 1909 4431 VARUE
1947 4373 2334 4432 LECTIONES
2368 4376 2456 4432 ET
2494 4375 2732 4432 NOTAE.

522 4467 526 4472 ”
615 4492 728 4564 (52)
770 4489 843 4546 'H
863 4490 1020 4564 mir.
1045 4490 1244 4564 Noster
1265 4498 1415 4545 recte
1444 4489 1613 4545 habet
1650 4505 1752 4560 pro
1805 4489 1986 4560 ἡμῶν.
2015 4491 2126 4564 _ln-
2159 4502 2205 4558 ι)

2327 4489 2781 4570 56))Τοῦηάπίρυ
2844 4495 3216 4570 Πνεύματος.
3272 4495 3658 4570 Ευῐηίεοίιίοοι
3725 4517 3842 4570 ap-

535 4559 880 4640 nuere'eniin
935 4562 1052 4640 vult
1102 4560 1317 4640 l‘loster,
1367 4575 1508 4640 eam,
1545 4575 1666 4640 qua:
1721 4559 2122 4640 cummaxime
2235 4559 2527 4640 pellantes'.‘
2558 4559 2854 4640 Tychicum
2894 4559 3302 4640 volebant,qui
3354 4569 3599 4640 seipsqu
3639 4559 3843 4640 Spiri-

533 4637 802 4700 obtineat,
826 4633 1050 4703 impiam
1082 4632 1390 4686 doctrinam
1417 4631 1562 4684 illius
1591 4631 1832 4685 hominis
1863 4645 1987 4686 esse
2039 4630 2123 4685 fe-

537 4716 675 4760 ιιιιιι.

607 4776 720 4843 (55)
745 4771 1190 4843 Παρευδοκιμεῒ.
1221 4771 1337 4827 Hoc
1369 4770 1512 4825 malo
1536 4785 1659 4843 cum
1687 4767 1886 4843 Nostro
1909 4779 1964 4843 e_t
1995 4769 2122 4843 Col-

533 4840 758 4900 bertino
782 4860 881 4912 pro
928 4840 1437 4912 παρεὺδοκιμείται,
1467 4840 1886 4912 iquodexhibet
1927 4841 2123 4912 Coisli-

536 4916 760 4968 nianus.
786 4911 888 4966 ’Sic
920 4911 1316 4983 Aristophanes
1364 4911 1422 4964 in
1464 4911 1756 4983 Equitibus
1781 4911 2120 4983 311695050-

539 4987 696 5054 κιμεῐ
716 4985 818 5052 τὴν
845 4980 1132 5052 ἀκρίϐειαν
1150 4983 1258 5036 τῶν
1277 4983 1458 5053 ἔργων
1480 4983 1514 5050 ἡ
1538 4981 1640 5050 τῆς
1665 4980 1977 5044 ὑποθέσεως
2003 4999 2125 5034 και-

531 5056 779 5108 νοτοιιία.

611 5072 1200 5192 ἓέῗᾎντιτέχνους.
1257 5120 1494 5175 Ᾱηιιιιίε
1533 5120 1670 5174 verti
1699 5136 1799 5191 pro
1850 5121 2120 5187 oppositis.

547 5195 887 5262 ’Δντίτεχνος
930 5196 1076 5246 enim
1106 5192 1159 5245 vi
1211 5192 1364 5246 vocis
1389 5201 1447 5246 et
1473 5207 1577 5246 usu
1627 5207 1753 5245 cum
1799 5200 1974 5262 notat,
2027 5193 2121 5260 qui

533 5261 789 5318 eamdem
815 5280 937 5317 cum
973 5264 1146 5316 altero
1173 5271 1343 5314 artem
1370 5262 1518 5325 facit,
1552 5262 1647 5315 sed
1675 5263 1771 5327 ita,
1797 5270 1856 5314 ut
1883 5261 2113 5316 alterum

536 5335 592 5389 in
617 5335 799 5388 studio
839 5336 1056 5387 vincere
1076 5341 1332 5386 conetur.
1360 5331 1469 5386 Res
1503 5332 1757 5386 tralatitia
1789 5341 1874 5385 est
1919 5342 1972 5385 et
1995 5347 2122 5401 per-

535 5405 772 5474 vulgata.
803 5402 1104 5458 Conﬁrmat
1149 5402 1435 5474 notionem
1495 5402 1637 5474 hanc
1683 5415 1936 5474 sequens
1965 5419 2125 5474 _m9-

531 5470 886 5538 αστῖιζουσαι,
917 5475 969 5529 id
1001 5482 1102 5535 est.
1135 5470 1628 5526 succenturiathd
1655 5473 1858 5525 scilicet
1875 5471 1977 5526 sibi
2010 5470 2124 5526 vult

537 5545 782 5611 l’botius,
818 5545 953 5600 alios
983 5559 1051 5598 eo
1104 5552 1350 5612 tempore
1403 5541 1676 5596 similibus
1706 5543 1997 5596 sententiis
2025 5543 2122 5596 ad-

532 5615 734 5696 dictos,
764 5622 821 5670 et
859 5615 1232 5687 principatum
1265 5611 1585 5668 allectantes
1630 5612 1685 5666 in
1715 5613 1973 5668 secundis
1988 5613 2124 5668 sub-

535 5695 764 5740 stitisse.

609 5755 720 5821 (35)
753 5755 1042 5824 Φέρωσιν.
1090 5756 1167 5812 lta
1196 5754 1389 5828 scripsi
1439 5769 1540 5826 pro
1597 5753 1876 5825 φέρουσιν,
1911 5753 2123 5823 astipu-

541 5823 683 5879 lante
712 5823 932 5880 Nostro.

562 5833 683 5879 :inlc
712 5833 932 5881 Nostro.

2232 4639 2354 4711 tum
2403 4639 2460 4684 et
2491 4629 2832 4711 Paracletum
2875 4629 3170 4711 discipulis
3203 4629 3318 4692 suis
3341 4629 3608 4708 jactahat,
3668 4629 3844 4711 ᾁυυίι

2229 4699 2424 4755 Noster
2449 4701 2611 4792 paulo
2626 4711 2752 4757 ante
2765 4707 3003 4761 monuit.

2305 4771 2412 4792 ιτ...
2487 4771 2661 4792 nam-
2697 4771 2756 4792 ,7,

2303 4771 2816 4860 (ἔῃ-ᾎςέανμέγ.
2862 4773 2940 4828 Ita
2989 4777 3578 4860 recteHCoisljnianus.
3614 4778 3848 4840 hoster

2229 4841 2644 4918 mendoseﬁﬁia
2671 4841 2825 4918 ὑμῖν,
2858 4861 3024 4900 sensu
3055 4848 3240 4901 nullo:
3263 4849 3412 4918 prior
3443 4851 3605 4904 lectio
3659 4869 3846 4910 com-

2229 4910 2403 4984 mode»
2423 4911 2657 4965 refertur
2684 4910 2750 4966 ad
2780 4925 3103 4984 sequentem
3123 4910 3312 4972 vocein
3340 4919 3570 4972 πτῶσιν.

2303 4981 2415 5050 (58)
2449 4985 2820 5062 ‘Moycaro'r.
2860 4981 3090 5040 Vertere
3131 4989 3298 5062 malui
3359 4989 3706 5062 Montanum,
3776 5008 3850 5053 ιιι

2229 5049 2430 5130 nomen
2449 5049 2690 5130 hominis
2715 5053 2806 5130 sit,
2839 5070 2953 5130 non
2986 5067 3149 5130 secta:
3181 5057 3635 5115 Montanisturum
3658 5049 3705 5117 ε’
3749 5049 3848 5124 sic

2229 5123 2685 5199 eniqucandus
2709 5124 2999 5199 videbatur
3018 5129 3418 5199 Μογςτανιστής.

2252 5260 2263 5271 _
2302 5190 2417 5272 (.39)
2449 5193 2607 5272 Τίνα.
2647 5192 2758 5272 lloc
2777 5195 3322 5272 reposuiexfl‘ostro,
3351 5190 3481 5272 'pro
3516 5202 3622 5271 τήν
3653 5204 3850 5261 Cois.

2229 5259 2440 5341 linia'ni.
2476 5263 2813 5341 Astipulatur
2837 5259 3501 5341 I’etrus_Siculus,'p.'66,
3548 5259 3645 5341 qui
3712 5259 3847 5341 T7):-

2230 5331 2369 5403 chici
2399 5330 2545 5403 hanc
2566 5330 2922 5403 scriptionem
2947 5336 3139 5390 iisdem
3164 5330 3345 5394 verbis
3371 5330 3586 5395 recitat:
3771 5337 3789 5349 “

2305 5401 2416 5471 (40)
2455 5401 2744 5459 Δύνασάι.
2769 5406 2938 5460 Recte
2964 5408 3369 5463 Coislinianus:
3406 5413 3678 5467 mendose
3711 5415 3852 5471 No-

2231 5482 2346 5558 ster
2384 5473 2445 5524 οὐ
2475 5471 2712 5558 δύναμαι
2745 5491 2761 5507 ⁸
2796 5491 2976 5558 neque
3017 5479 3167 5558 enim
3217 5479 3285 5534 de
3317 5496 3381 5558 _se
3416 5483 3657 5549 loquitur
3715 5487 3853 5558 Ty-

2230 5542 2446 5622 chicus,
2473 5545 2568 5597 sed
2587 5545 2816 5622 alterum
2840 5542 3154 5618 alloquitur,
3183 5551 3330 5620 quod
3351 5542 3586 5622 sequens
3613 5571 3627 5607 :
3665 5559 3734 5610 εἰ
3778 5542 3854 5614 δὲ

2230 5614 2326 5665 καὶ
2341 5614 2542 5685 -εῐπῃς,
2559 5615 2788 5670 evincit.

2305 5682 2414 5768 (41)
2447 5682 2902 5768 Ῐζιιρικκιιαῑεέίτγςιιζ
2929 5687 3006 5742 Ita
3038 5699 3187 5748 recte
3252 5691 3643 5761 Coislinianus,
3726 5713 3854 5768 pro

2230 5752 2340 5822 quo
2363 5752 2557 5810 Noster
2585 5757 3020 5827 παρακαλεῦσαι.
