3986 6440
534 395 606 459 75
1689 397 1956 462 ΡΗΟΤΙΙ
1987 392 2496 458 ΡΑΤΒῙΑΒΟΗᾹΞ
2527 393 2639 455 CP.
3726 385 3800 450 ’76

534 508 692 562 viciis
723 508 1116 577 insectabatur,
1159 498 1257 584 qui
1307 513 1518 568 nullum
1553 525 1618 568 ex
1659 511 1964 584 insignibus
1996 525 2112 565 ma—

2255 508 2632 578 .ποτροπαίους
2676 503 2784 558 τῶν
2837 502 3091 574 πράξεων
3153 502 3250 556 καὶ
3301 500 3566 574 βδελυρᾶς
3617 500 3800 555 οὐδένα

535 594 724 666 gistris
761 597 844 652 vel
869 599 1117 665 vidisset,
1149 600 1234 654 vel
1263 601 1507 656 audisset
1533 618 1546 654 :
1575 599 1809 670 ideoque
1837 614 1963 654 cum
1985 597 2121 652 nihil

534 685 666 742 inde
694 687 830 744 lucis
857 699 1140 747 mutuatus
1166 703 1333 759 esset,
1362 695 1415 748 in
1437 709 1625 749 errore
1653 701 1710 748 et
1738 691 1946 746 fallacia
1976 691 2122 745 ince-

538 776 711 833 deret.
741 778 1175 836 Scelestissimus
1217 782 1399 852 itaque
1428 781 1638 836 Baanes
1665 781 1754 834 his
1787 778 2041 834 aemulum
2068 787 2124 832 et

537 871 912 925 adversarium
937 887 1096 927 suum
1116 873 1431 943 impetebat,
1458 889 1686 943 seseque
1704 873 1959 943 iactabat.
1990 869 2124 924 Ver-

538 962 746 1032 sipellis
773 971 958 1018 autem
1004 965 1092 1018 illa
1124 964 1236 1020 fera
1271 965 1496 1038 Sergius
1517 1006 1532 1031 ,
1574 966 1667 1035 qui
1694 981 1804 1019 non
1837 973 2026 1034 aperte
2066 963 2122 1016 in

539 1053 653 1108 luto
680 1055 951 1110 scelerum
995 1056 1358 1124 volutaretur,
1407 1073 1586 1127 neque
1626 1072 1854 1128 pravum
1901 1053 2125 1124 impuri-

539 1145 668 1200 tatis
695 1145 917 1201 odorem
945 1150 1249 1218 praeferret,
1281 1159 1338 1203 ut
1367 1149 1597 1213 Baanes,
1629 1150 1723 1204 sed
1755 1149 1903 1202 illam
1937 1146 2124 1201 multis

539 1245 598 1290 et
624 1236 912 1291 verborum
946 1248 998 1293 et
1035 1239 1316 1294 fictionum
1366 1241 1666 1294 involucris
1707 1239 2016 1308 obtegeret,
2048 1236 2124 1290 ita

542 1329 796 1392 invaluit,
828 1339 888 1384 ut
931 1333 1261 1401 apostasiam
1307 1332 1362 1386 in
1393 1332 1530 1387 duas
1576 1340 1761 1402 partes
1813 1330 2121 1392 scinderet,

540 1430 598 1475 et
628 1431 891 1491 quotquot
918 1425 971 1477 in
1000 1423 1196 1480 Baauis
1223 1424 1463 1479 factione
1510 1425 1825 1489 manebant,
1858 1433 2126 1492 respuens

541 1513 797 1571 Baanitas
837 1518 1157 1588 appellaret.
1202 1518 1296 1572 Ille
1348 1533 1482 1572 vero
1525 1525 1584 1572 ut
1627 1517 1730 1587 ipsi
1781 1513 2125 1570 contumeliae

543 1607 719 1662 vicem
767 1609 1052 1675 redderet,
1089 1625 1207 1677 eos,
1253 1610 1345 1680 qui
1375 1625 1440 1664 ex
1478 1618 1631 1679 parte
1656 1607 1832 1678 Sergii
1872 1605 2124 1668 stabant,

547 1706 848 1764 aversatus,
879 1697 1153 1769 Sergiotas
1181 1697 1430 1752 similiter
1461 1695 1855 1759 denomiuavit,
1886 1691 2127 1762 quotidie

547 1805 678 1844 vero
709 1792 987 1846 contentio
1011 1802 1064 1845 et
1107 1791 1392 1846 dissidium
1429 1791 1573 1844 inter
1606 1804 1704 1843 eos
1748 1787 2048 1858 augebatur
2074 1792 2129 1838 et

2220 600 2520 668 δισταγμὸν
2564 598 2598 669 ἢ
2635 597 2886 669 ἐρύθημα
2931 597 3142 668 φέρειν,
3196 594 3276 656 ὠς
3315 598 3377 648 οὐ
3426 597 3535 666 χρὴ
3569 594 3799 664 πράττε-

2225 691 2350 746 σθαι
2379 692 2514 761 (49).
2547 691 2803 758 Νεοφανῆ
2845 688 2901 741 δὲ
2934 689 3163 760 Σέργιον
3201 688 3542 759 ἐλοιδορεῖτο,
3569 686 3666 740 καὶ
3698 704 3801 756 μη-

2221 784 2350 836 δένα
2396 784 2507 837 τῶν
2552 782 2844 851 ἐπισήμων
2899 780 3240 834 διδασκάλων
3284 782 3419 849 μήτε
3478 779 3629 843 ίδεῖν,
3670 781 3804 847 μήτε

2223 873 2504 946 ἀκροατὴν
2558 872 2671 943 (50)
2728 874 3091 944 χρηματίσαι,
3144 877 3243 924 καὶ
3288 871 3375 923 διὰ
3421 869 3582 922 τοῦτο
3641 869 3806 938 μηδὲν

2224 965 2434 1018 ἐκεῖθεν
2497 966 2784 1018 σπάσαντα
2846 965 3027 1032 φωτὸς
3089 967 3146 1016 ὲν
3226 963 3404 1030 πλάνῃ
3471 961 3570 1013 καὶ
3624 961 3806 1030 ἀπάτῃ

2222 1055 2667 1126 διαπορεύεσθαι.
2713 1055 2772 1108 '0
2799 1056 2899 1126 μὲν
2925 1051 3019 1108 οὖν
3049 1052 3338 1120 ἐξάγιστος
3363 1051 3583 1120 Βαάνης
3599 1051 3810 1114 τούτοις

2224 1164 2285 1200 τε
2344 1147 2436 1199 τὸν
2479 1147 2773 1216 ὁμότεχνον
2829 1147 2926 1198 καὶ
2980 1142 3417 1212 ἀντιστασιώτην
3475 1141 3666 1194 ἔϐαλεν
3720 1144 3814 1192 καὶ

2225 1235 2416 1288 ἑαυτὴν
2437 1235 2788 1304 ἐμεγάλυνεν.
2818 1235 2892 1287 Τὸ
2950 1233 3006 1286 δὲ
3048 1232 3292 1286 ποικίλον
3321 1231 3510 1302 Θηρίον
3535 1233 3564 1284 ό
3591 1231 3815 1298 Σέργιος

2225 1325 2290 1376 τὺ
2315 1326 2388 1394 μὴ
2419 1324 2738 1394 βεϐυθίσθαι
2777 1323 3097 1395 περιφανῶς
3125 1321 3302 1384 οὕτως
3326 1322 3434 1374 τῶν
3461 1321 3714 1391 πράξεων
3739 1320 3816 1389 τῷ

2229 1415 2494 1487 βορϐόρῳ,
2543 1416 2664 1486 μηδ’
2693 1416 2869 1480 οὓτως
2902 1415 3128 1479 ἀπόζειν
3177 1414 3368 1484 ὥσπερ
3401 1417 3428 1467 ὁ
3457 1413 3671 1484 Βαάνης
3715 1414 3818 1484 τὴν

2225 1507 2592 1578 ἀκαθαρσίαν,
2619 1507 2760 1582 ¹ἀλλὰ
2793 1507 3011 1569 πολλοῖς
3034 1505 3243 1574 ταύτην
3275 1506 3371 1557 καὶ
3410 1505 3674 1574 ῥημάτων
3715 1504 3816 1556 καὶ

2229 1600 2533 1669 φασμάτων
2554 1598 3034 1668 παρακαλύμμασι
3053 1597 3428 1667 περιστέλλειν
3447 1595 3640 1648 ἔλαϐεν
3660 1595 3820 1665 ἰσχὺν

2230 1690 2312 1752 είς
2344 1689 2440 1742 δύο
2484 1689 2586 1760 τὴν
2637 1690 2979 1744 ἀποστασίαν
3025 1693 3210 1758 σχῖσαι
3243 1689 3375 1757 (51),
3425 1687 3666 1750 καὶτοὺς
3723 1689 3822 1756 μὲν

2231 1781 2345 1834 ὅσοι
2379 1782 2479 1851 τῆς
2527 1782 2747 1850 μερίδος
2799 1781 3060 1853 ὤφθησαν
3085 1781 3181 1834 τοῦ
3214 1781 3479 1843 Βαάνους,
3510 1782 3674 1844 αὐτὸς
3707 1779 3824 1833 δια-

549 1875 938 1941 invalescebat,
972 1877 1207 1947 indeque
1231 1879 1415 1932 odium
1447 1877 1592 1932 inter
1635 1875 1990 1931 detestandas
2014 1873 2134 1928 illas

2255 1873 2426 1926 ττύων
2456 1874 2722 1938 Βαανίτας
2753 1875 2959 1929 ἐκάλει.
2997 1875 3236 1937 Ἐκεῖνος
3262 1873 3308 1926 δ’
3331 1873 3695 1944 ἀμεισὸμενος
3725 1872 3824 1942 τὴν

550 1967 817 2021 factiones
839 1967 1294 2022 irreconciliabile
1322 1966 1524 2020 factum
1554 1973 1660 2020 est.

2241 1961 2422 2034 ὓϐριν,
2449 1965 2860 2037 ἀποτροπαίους
2888 1983 2947 2018 τε
2975 1964 3068 2028 οὓς
3115 1967 3150 2036 ὴ
3181 1968 3348 2036 μοῖρα.
3395 1959 3510 2034 εἶχε
3561 1963 3658 2018 τοῦ
3685 1964 3824 2034 Σερ-

549 2059 671 2126 γίου
699 2060 953 2123 ἐποιεῖτο,
976 2061 1072 2112 καὶ
1101 2058 1413 2128 Σεργιὼτας
1442 2057 1726 2128 ὠνόμαζεν
1758 2054 1979 2126 ὁμοίως.
2010 2053 2122 2108 Καὶ
2159 2049 2229 2125 ἦν
2262 2056 2362 2126 μὲν
2389 2059 2574 2123 αὐτοῖς
2601 2061 2634 2129 ἡ
2696 2059 2820 2130 έρις
2859 2061 2954 2113 καὶ
2999 2061 3187 2122 στάσις
3223 2057 3347 2112 καθ’
3381 2057 3600 2130 ἡμέραν
3659 2059 3823 2126 αὐξο-

553 2155 700 2225 μένη·
743 2171 802 2206 τε
831 2155 927 2206 καὶ
957 2153 1364 2223 κραταιουμένη
1400 2153 1496 2206 καὶ
1529 2153 1629 2215 τὰς
1663 2151 1868 2222 μιαρὰς
1903 2149 2133 2221 μερίδας
2170 2152 2251 2215 είς
2273 2151 2537 2206 ἄσπονδον
2570 2154 2772 2225 ἔχθραν
2803 2155 3149 2210 καθεστῶσα.

625 2246 820 2301 XXIII.
862 2247 1177 2316 Insequenti
1205 2262 1336 2301 vero
1367 2256 1611 2316 tempore
1645 2246 1756 2300 vita
1795 2244 1985 2300 functo
2008 2245 2141 2298 Ser-

551 2339 640 2410 gio
670 2339 725 2392 in
748 2348 954 2392 tantam
979 2339 1229 2410 discipuli
1257 2339 1378 2409 ejus
1403 2347 1594 2394 contra
1626 2337 1881 2392 Baanitas
1911 2346 2142 2393 conten-

555 2433 760 2486 tionem
809 2441 1145 2502 eruperunt,
1195 2441 1256 2486 ut
1296 2448 1405 2487 non
1448 2431 1587 2485 ultra
1627 2429 1810 2485 verbis
1852 2439 1908 2484 et
1951 2435 2162 2484 contu-‘

557 2523 758 2587 meliis,
811 2523 908 2576 sed
955 2523 1204 2576 manibus
1263 2531 1319 2576 et
1359 2522 1570 2594 gladiis,
1631 2521 2036 2583 decerneretur,
2095 2529 2150 2574 et

557 2630 753 2684 magna
782 2614 958 2668 caedes
983 2614 1135 2667 fieret
1165 2613 1558 2667 Baanisturum.
1619 2611 1954 2666 Praevalebat
2000 2611 2148 2664 enim

557 2706 733 2778 Sergii
802 2706 964 2760 factio
1016 2715 1128 2758 tum
1167 2705 1536 2772 multitudine,
1568 2712 1704 2768 tum,
1747 2703 1872 2773 quia
1919 2702 2150 2757 militum

561 2800 656 2868 qui
709 2799 852 2867 apud
900 2797 1023 2851 illos
1054 2807 1190 2861 erat,
1231 2798 1542 2866 praefectus,
1580 2795 1771 2866 Sergio
1795 2795 2149 2858 assentiebat,

561 2907 628 2945 ac
658 2890 902 2946 Baanitze
926 2906 955 2944 a
981 2889 1379 2944 eontribulibus
1405 2898 1460 2943 et
1481 2887 1860 2943 consectaneis
1913 2888 2155 2941 interne-

553 2988 728 3039 'c-ione
748 2984 912 3038 deleti
944 2983 1202 3048 fuissent,
1243 2982 1348 3036 nisi
1371 2981 1615 3051 quidam,
1648 2980 1871 3034 nomine
1900 2979 2156 3034 Theodo-

573 3090 682 3142 tus,
711 3077 861 3132 cultu
900 3075 1121 3146 impius,
1157 3075 1204 3130 si
1235 3075 1358 3144 quis
1395 3073 1534 3126 alius
1583 3071 1756 3143 Sergii
1788 3069 2159 3140 comperegri-

570 3187 696 3237 nus,
729 3178 1068 3240 grassantem
1100 3168 1301 3222 caedem
1330 3165 1778 3236 compescuisset,
1810 3174 1867 3218 et
1894 3162 2158 3227 scdasset,

2311 2248 2439 2302 ΚΓ.
2480 2249 2671 2320 Χρόνῳ
2695 2249 2751 2304 δὲ
2776 2249 3003 2320 ὕστερον
3028 2251 3243 2322 θανάτῳ
3267 2251 3358 2304 τδν
3383 2249 3497 2321 βίον
3527 2253 3823 2317 καταστρέ-

2240 2339 2444 2408 ψαντος
2479 2340 2736 2412 Σεργίου,
2767 2343 2862 2394 ἐπὶ
2891 2342 3132 2396 τοιοῦτον
3163 2346 3213 2396 οί
3246 2343 3440 2397 τούτου
3475 2343 3716 2413 μαθηταὶ⁵
3742 2344 3820 2404 εἰς

2241 2432 2340 2502 τὴν
2373 2433 2509 2504 πρὸς
2530 2434 2660 2497 τοὺς
2682 2433 2954 2498 Βαανίτας
2974 2436 3361 2507 ἀνερράγησαν
3398 2436 3599 2506 μάχην,
3632 2433 3707 2498 ὡς
3724 2435 3830 2487 οὐκ

2225 2523 2326 2577 ’ἐτι
2359 2524 2540 2592 λόγοις
2576 2526 2670 2578 καὶ
2700 2525 3016 2598 λοιδορίαις,
3052 2527 3190 2606 gnat
3214 2527 3310 2582 καὶ
3340 2530 3498 2598 χερσὶ
3522 2528 3614 2580 καὶ
3640 2526 3828 2596 ξίφεσι

2251 2616 2536 2687 κρίνεσθαι
2576 2617 2674 2688 τὴν
2707 2617 2847 2689 ἔριν,
2881 2620 2977 2673 καὶ
3006 2619 3176 2673 πολὺν
3215 2620 3378 2688 φόνον
3411 2619 3519 2672 τῶν
3553 2619 3828 2671 Βαανίτων

2252 2710 2468 2782 ῥυῆναι.
2534 2711 2861 2782 Ἐπεκράτει
2914 2713 3026 2784 γὰρ
3075 2713 3108 2782 ἡ
3163 2713 3324 2784 μερὶς
3367 2711 3593 2784 Σεργίου
3640 2709 3716 2780 τῷ
3768 2726 3835 2762 τε

2253 2801 2466 2872 πλήθει,
2499 2802 2592 2854 καὶ
2621 2803 2702 2855 ὁτι
2733 2802 2832 2871 τῆς
2865 2803 2922 2855 ὲν
2961 2804 3147 2866 αὐτοῖς
3184 2803 3472 2873 ὁπλιτικῆς
3498 2801 3780 2872 δυνάμεως
3808 2804 3840 2854 ὁ

2252 2895 2436 2965 ἄρχων
2485 2897 2552 2965 τῇ
2603 2893 2730 2966 δόξῃ
2783 2896 3186 2963 προσαπέκλινε
3221 2896 3473 2968 Σεργίου·
3531 2899 3626 2949 καὶ
3655 2895 3719 2948 ἂν
3754 2895 3845 2957 είς

2253 2987 2430 3052 τέλος,
2459 2987 2647 3058 ὥσπερ
2675 2984 2745 3059 ἦν
2775 2989 2947 3056 ἄξιον,
2985 2991 3033 3042 οί
3068 2991 3330 3043 Βαανῖται
3363 2989 3469 3042 ὑπὸ
3500 2987 3608 3041 τῶν
3640 2987 3843 3058 ὁμοδό-

2257 3079 2363 3144 ξων
2395 3081 2487 3134 καὶ
2515 3081 2803 3150 ὁμοφύλων
2837 3082 3036 3152 χειρῶν
3076 3080 3522 3152 ὠλοθρεύθησαν,
3553 3082 3602 3132 εί
3646 3081 3718 3150 μή
3751 3095 3850 3142 τις

2255 3170 2508 3233 Θεόδοτος
2534 3170 2736 3240 ὄνομα,
2765 3169 3032 3242 δυσσεϐὴς
3063 3172 3112 3222 εί
3143 3169 3237 3222 καί
3261 3186 3347 3232 τις
3385 3168 3543 3230 ἄλλος
3567 3167 3666 3236 τὴν
3694 3165 3848 3236 θρη-

571 3273 688 3317 tum
716 3262 994 3316 blanditiae
1017 3260 1194 3330 plenis
1222 3259 1406 3314 verbis
1436 3273 1588 3321 usus,
1642 3266 1755 3312 tum
1801 3257 1964 3310 etiam
2005 3270 2148 3309 com-

2261 3262 2480 3327 σκείαν,
2523 3261 2858 3331 συνέκδημος
2915 3259 3148 3332 Σεργίου
3202 3260 3492 3330 λεγόμενος
3539 3257 3629 3310 τὸν
3673 3259 3855 3326 φόνον

568 3355 721 3410 muni
770 3355 846 3408 rei
895 3353 1148 3408 conferre
1201 3351 1480 3413 dictitans,
1530 3359 1694 3419 atque
1747 3348 1935 3403 multis
1989 3347 2154 3417 gestis

571 3447 865 3516 verbisque
917 3444 1178 3516 probans,
1227 3455 1512 3512 utramque
1569 3442 1860 3497 factionem
1909 3441 2154 3512 ejusdem

571 3554 698 3594 esse
749 3538 996 3609 originis,
1061 3537 1368 3606 iisdemque
1427 3535 1921 3590 consuetudinibus
1966 3549 2158 3589 accre-

573 3631 740 3695 visse,
769 3645 1114 3685 communem
1132 3628 1403 3683 'habuisse
1433 3628 1660 3693 victum,
1707 3627 2000 3682 concordia
2053 3627 2157 3682 sibi

577 3723 930 3778 securitatem
962 3735 1206 3792 parasse,
1238 3735 1362 3774 cum
1398 3720 1453 3774 in
1476 3719 1658 3774 dubiis
1675 3720 1824 3774 circa
1853 3720 2160 3775 doctrinam

578 3817 710 3871 nihil
743 3814 1199 3885 magnimomenti
1223 3824 1404 3879 esset;
1435 3814 1703 3885 annisque
1729 3813 1922 3868 multis
1944 3813 2016 3866 ita
2034 3829 2161 3882 per-

579 3925 860 3966 sevcrasse
887 3923 1058 3979 usque
1079 3906 1341 3978 ad'Sergii
1373 3907 1617 3979 magistri
1649 3906 2157 3976 inaugurationem:

579 4017 690 4056 non
711 4011 965 4071 Oportere
995 4009 1077 4054 ιοι
1103 4015 1372 4054 annorum
1395 4013 1722 4054 consensum
1763 4008 1818 4052 et
1845 3997 2159 4052 societatem

579 4095 637 4148 in
663 4093 983 4164 sanguinem
1025 4101 1082 4148 et
1117 4091 1294 4147 caedes
1336 4091 1608 4155 desinere,
1667 4105 1843 4160 neque
1889 4105 1994 4160 par
2040 4104 2163 4143 esse

580 4198 696 4247 eos,
730 4184 948 4253 quin-in
977 4183 1141 4238 rebus
1169 4182 1458 4252 praecipuis
1493 4181 1656 4236 etiam
1691 4195 1840 4234 nunc
1883 4177 2160 4249 conjuncti

581 4285 636 4329 et
663 4275 911 4346 ejusdem
949 4275 1226 4345 opinionis
1250 4283 1456 4338 essent,
1501 4273 1572 4326 ob
1623 4272 1884 4342 quasdam
1914 4281 2164 4326 recentes

579 4367 981 4422 controversias
1024 4366 1170 4420 ultro
1205 4365 1456 4434 citroque
1519 4363 1791 4425 subortas,
1847 4362 2002 4434 quasi
2045 4377 2164 4416 om-

581 4458 714 4512 nino
754 4458 1118 4512 heterodoxos
1165 4465 1220 4512 et
1272 4457 1468 4526 impios
1513 4454 1690 4526 gladio
1722 4465 1778 4507 ct
1807 4454 1975 4508 exitio
2002 4455 2162 4508 tradi.

581 4549 806 4605 Talibus
856 4539 947 4604 ille
995 4549 1160 4604 dictis
1193 4559 1439 4602 mutuam
1469 4549 1673 4602 caadem
1731 4559 2164 4616 compescum-at,

2257 3355 2425 3420 ὀξέως
2455 3355 2648 3426 ῥέοντα
2677 3354 2874 3422 ἀνέσχε
2902 3369 2960 3405 τε
2991 3354 3086 3406 καὶ
3105 3351 3390 3420 ἀνέκοψεν,
3411 3349 3590 3412 ἄλλοις
3617 3364 3676 3400 τε
3705 3347 3858 3402 πολ-

2256 3446 2370 3509 λοῖς
2399 3445 2671 3515 αἱμυλίοις
2697 3444 2875 3512 λόγοις
2903 3445 2999 3496 καὶ
3025 3443 3086 3496 τὸ
3120 3445 3271 3514 κοινῇ
3317 3445 3562 3496 συνοῖσον
3587 3440 3859 3510 εἰσηγού-

2261 3553 2442 3607 μενος,
2479 3536 2721 3606 φάμενὸς
2765 3553 2825 3588 τε
2869 3537 2963 3588 καὶ
3010 3535 3440 3603 διατεινόμενος,
3476 3534 3572 3586 καὶ
3624 3533 3855 3595 πολλοῖς

2257 3627 2689 3691 κατασκευάζων
2713 3627 2896 3698 ἔργοις
2917 3667 2932 3691 ,
2970 3629 3063 3682 καὶ
3089 3626 3270 3696 λόγοις
3302 3627 3363 3680 τὸ
3395 3627 3846 3697 προτεινόμενον,

2257 3721 2334 3784 ὡς
2355 3721 2595 3791 ἑκατέρα
2621 3722 2777 3791 μερὶς
2803 3721 2902 3790 τῆς
2922 3721 3092 3791 αὐτῆς
3120 3723 3226 3774 εἱσι
3252 3719 3609 3790 βλαστήματα
3635 3718 3849 3786 σπορᾶς

2258 3814 2354 3867 καὶ
2399 3815 2514 3878 τοῖς
2544 3813 2726 3878 αὐτοῖς
2753 3812 2902 3867 ἔθεσι
2936 3812 3354 3884 συνηυξήθησαν
3390 3814 3484 3866 καὶ
3511 3811 3689 3881 κοινὴν
3722 3809 3854 3876 (ὃῖ)

2261 3907 2362 3976 τὴν
2391 3905 2604 3959 δίαιταν
2629 3901 2798 3974 εἶχον,
2821 3907 2916 3959 καὶ
2949 3907 3173 3976 ὁμονοίᾳ
3202 3904 3660 3976 περιετειχίζοντο
3687 3902 3863 3954 οὐδὲν

2264 3998 2408 4068 μέγα
2443 3999 2573 4069 περὶ
2613 3997 2724 4050 τῶν
2755 3997 3249 4068 άμφιϐαλλομένων
3299 3999 3714 4062 στασιάζοντες,
3760 3996 3875 4047 καὶ

2260 4091 2421 4144 τοῦτο
2440 4091 2666 4162 ἐκράτει
2686 4091 2896 4163 χρόνοις
2920 4091 3136 4155 πολλοῖς
3167 4093 3332 4164 μέχρι
3351 4093 3453 4164 τῆς
3480 4090 3574 4144 τοῦ
3600 4090 3882 4144 διδασκά-

2262 4184 2358 4238 λου
2391 4183 2622 4255 Σεργίου
2655 4183 2982 4247 ἀναδείξεως
3021 4184 3117 4238 καὶ
3157 4184 3234 4248 ὡς
3260 4185 3322 4237 οὑ
3363 4182 3469 4254 χρὴ
3509 4183 3572 4236 οὐ
3616 4181 3721 4251 μὲν
3769 4181 3886 4235 οὖν

2263 4276 2364 4348 τὴν
2393 4277 2453 4328 ὲν
2483 4274 2758 4338 τοσούτοις
2785 4275 3001 4346 χρόνοις
3017 4275 3324 4346 σύμπνοιάν
3341 4293 3400 4328 τε
3428 4275 3524 4330 καὶ
3550 4275 3888 4343 συνάφειαν

2265 4370 2346 4432 εἰς
2369 4367 2575 4438 αἵματα
2602 4368 2696 4420 xal.
2726 4368 2942 4436 σφαγὰς
2969 4367 3238 4429 διαλῦσαι.
3275 4367 3396 4422 οὐδὲ
3433 4365 3561 4428 τοὺς
3591 4366 3672 4428 είς
3709 4365 3893 4419 αὐτὰ.

2265 4460 2336 4513 τά
2374 4459 2565 4530 καίρια
2612 4459 2724 4530 (5⁸5)
2770 4462 2864 4512 καὶ
2909 4457 3004 4512 νῦν
3059 4461 3439 4529 συνημμένους
3495 4459 3607 4530 (54)
3639 4473 3703 4510 τε
3775 4460 3898 4511 καὶ

2268 4550 2710 4622 ὁμοφρονοῦντας
2751 4551 2842 4605 διά
2881 4568 3032 4614 τινας
3081 4552 3411 4621 προσφάτως
3449 4551 3564 4621 (55)
3613 4551 3895 4622 ἀναρρι-

580 4642 727 4711 quod
761 4642 970 4697 utinam
996 4641 1198 4695 factum
1219 4655 1326 4694 non
1360 4639 1554 4693 fuisset
1591 4655 1606 4691 :
1635 4637 1757 4690 lues
1797 4638 1942 4691 enim
1978 4639 2065 4692 illa
2090 4648 2143 4693 to

2275 4642 2564 4704 πισθείσας
2602 4643 2868 4714 διαφορὰς
2895 4642 2971 4705 ὡς
3003 4641 3116 4709 (56)
3153 4642 3536 4713 έτεροπίστους
3573 4643 3906 4707 παντελῶς

581 4735 886 4789 animarum
920 4733 1215 4804 perniciem
1252 4747 1362 4786 non
1390 4739 1652 4801 parasset.

2279 4736 2374 4788 καὶ
2429 4735 2625 4798 ἀθέους
2679 4735 2758 4798 εἰς
2798 4735 2891 4787 τὸν
2941 4735 3028 4788 διὰ
3075 4733 3260 4802 ξίφους
3301 4733 3521 4804 ὄλεθρον
3555 4733 3666 4802 (57)
3701 4733 3906 4802 ἀφει-

583 4827 690 4890 δῶς
715 4829 1130 4897 παραπέμπειν.
1171 4825 1312 4879 Ἀλλ’
1341 4825 1368 4876 ὁ
1397 4826 1496 4892 μὲν
1519 4825 1781 4890 τοιούτοις
1809 4824 1921 4878 τισὶ
1940 4825 2162 4896 ,ῥήμασι
2194 4827 2287 4880 τὸν
2313 4827 2436 4883 κατ’
2457 4828 2704 4898 ἀλλήλων
2738 4826 2834 4896 (ὡς
2863 4825 2974 4880 είοε
3001 4826 3076 4899 μὴ
3103 4824 3330 4895 ὤφελεν·
3356 4826 3417 4879 οὺ
3436 4825 3544 4896 γὰρ
3577 4824 3687 4877 ἆνὸ
3727 4825 3913 4895 ψυχ-

584 4918 804 4989 ὁλεθρος
831 4919 1049 4980 πλείους
1085 4915 1395 4987 ἐπενεμήθη
1421 4915 1620 4986 ψυχὰς)
1656 4916 1848 4987 ἔστησε
1877 4915 2058 4984 φόνον.

1686 5028 1918 5084 VARle
1957 5026 2339 5083 LECTIONES
2374 5027 2464 5084 ET
2508 5028 2746 5084 ΝΟΤᾸΕ.

662 5142 771 5216 (49)
811 5140 1198 5216 Πρά-ττεσθαι.
1232 5141 1420 5205 Recte,
1454 5156 1640 5211 proco
1672 5142 1818 5212 quod
1855 5151 2044 5198 noster
2069 5144 2162 5196 lia-

586 5212 682 5270 υθέ
711 5212 1131 5282 πραττεύεσοαι.

661 5281 772 5353 (50)
812 5281 1150 5348 Ἀκροατήν.
1173 5281 1430 5353 _Opti_me;
1460 5292 1651 5353 noster
1679 5283 1941 5338 mendose
1961 5282 2158 5352 ἀκροα-

586 5351 704 5417 τάς.
738 5357 814 5407 De
839 5367 950 5406 uno
985 5354 1132 5406 cnim
1165 5351 1354 5421 Sergio
1391 5367 1570 5405 sermo
1619 5351 1706 5406 hic
1747 5362 1860 5417 est,
1908 5351 2165 5421 tanquam

586 5427 677 5493 qui
703 5423 999 5493 multosex
1028 5422 1495 5490 praestantioribus
1527 5423 1840 5493 doctoribus
1875 5425 2164 5476 audiverit.

589 5491 614 5616 1⁷
663 5494 775 5616 (3f)
815 5492 1049 5561 Σχῖσαι.
1083 5493 1250 5546 lleete
1291 5507 1390 5560 pro
1420 5492 1666 5562 σχέσθαι,
1697 5491 1841 5562 quod
1881 5494 1934 5546 in
1981 5503 2170 5546 nostro

612 5580 674 5616 ea
725 5579 808 5616 ur.

612 5574 808 5619 suitur.

645 5581 1055 5703 ἥὲἓῖᾟόινήν.
1117 5633 1189 5686 Ita
1230 5631 1442 5686 restitui
1482 5647 1545 5686 ex
1600 5641 1823 5700 nostro,
1859 5648 1960 5702 pro
1993 5635 2166 5703 κοινῇ,

587 5706 733 5774 quod
771 5705 1006 5758 habebat
1029 5703 1410 5757 Coislinianus.

660 5774 773 5844 (55)
803 5777 1026 5842 Καιρια,
1057 5775 1113 5827 Id
1141 5783 1241 5837 est,
1269 5775 1563 5843 praecipua),
1591 5773 1892 5842 palmaria'.
1925 5772 2014 5826 Sic
2043 5773 2168 5827 rite-

593 5845 800 5900 toribus
835 5847 1023 5914 καίρια
1078 5855 1340 5899 vocantur
1385 5862 1450 5899 ea
1486 5853 1806 5914 argumenta
1829 5883 1844 5909 ,
1890 5860 2013 5913 quae
2051 5859 2164 5897 rem

2263 5137 2585 5196 conficiunt.
2617 5141 2756 5196 Vide
2786 5141 3091 5212 Longinum
3124 5144 3260 5212 Περὶ
3289 5141 3480 5211 ὕψους,
3507 5154 3642 5197 sect.
3681 5144 3805 5210 lO,
3847 5148 3881 5202 1
3904 5189 3922 5203 .

2263 5159 2585 5196 conuclunt.
2627 5159 2756 5196 Viae
2787 5159 3091 5212 Longinum
3126 5159 3198 5196 ιιε
3244 5159 3260 5196 ι
3289 5159 3480 5211 υψους,
3507 5159 3642 5197 seet.
3681 5159 3737 5197 ‘ll

2260 5212 2463 5283 Confer
2485 5213 2674 5266 Claud.
2707 5213 3054 5283 Salmasium.
3087 5215 3165 5267 Ad
3192 5159 3544 5282 gimplicium,
3583 5230 3639 5283 p.
3667 5215 3737 5270 4.

2339 5282 2450 5353 (54)
2507 5281 2959 5352 Συνημμένους.
3023 5284 3240 5354 Optime
3300 5281 3398 5354 pro
3462 5281 3928 5353 συνηγμένους,

2267 5355 2412 5424 quod
2475 5355 2948 5425 nosterrlegebat.
3009 5354 3173 5408 Prius
3236 5354 3459 5423 proprie
3529 5357 3935 5425 conjunctos

2269 5425 2472 5483 animo,
2503 5424 2772 5491 posterius
2800 5424 2919 5478 loco
2940 5426 3161 5493 junctus
3189 5425 3431 5478 denotat.

2343 5495 2455 5563 (55)
2498 5493 2893 5562 ,Προσφάτωςκ
2948 5494 3118 5549 Recte
3169 5495 3537 5548 Coislinianus
3595 5512 3607 5546 :
3670 5511 3939 5555 noster

2267 5563 2638 5637 προσφάτους.
2672 5565 2875 5637 eodem,
2908 5567 3128 5637 quidem
3177 5581 3362 5626 sensu.
3396 5567 3488 5618 sed
3530 5568 3732 5619 minus
3779 5573 3943 5625 ele-

2268 5635 2651 5715 ganter,.cum
2695 5635 3013 5690 adverbium
3061 5636 3152 5690 hic
3187 5638 3361 5707 magis
3389 5637 3642 5706 quadret,
3693 5654 3939 5707 quam

2267 5715 2635 5775 partietplum.

2342 5776 2452 5841 (.56)
2493 5775 2609 5840 Ὧς.
2642 5774 2840 5835 Recte.
2873 5790 2974 5845 pro
3015 5793 3123 5846 quo
3151 5777 3419 5832 mendose
3477 5776 3532 5830 in
3563 5788 3796 5834 nostro
3839 5787 3944 5840 εἰ.

2342 5846 2452 5917 (57)
2484 5847 2794 5916 ὀλεθρον.
2817 5847 3018 5903 Noster
3039 5849 3270 5904 θάνατον
3300 5848 3429 5922 legit
3445 5848 3638 5904 eodem
3661 5863 3913 5908 sensu
