3986 6466
236 425 295 487 77
1324 416 1631 478 CONTRA
1671 414 2135 476 MANICH/EOS
2168 415 2402 476 LIBER
2442 413 2489 476 Ῑ.

3452 411 3523 473 78

301 533 418 586 KA'.
448 527 681 597 Μιχαὴλ
712 527 965 597 μέντοιγε
996 524 1109 597 (38)
1132 526 1227 580 τοῦ
1260 527 1550 598 βασιλέως,
1574 527 1644 581 τὰ
1685 527 1821 581 Ῥω-

2002 526 2193 584 XXIV.
2231 527 2466 582 Michael
2501 541 2655 591 vero,
2711 524 2803 595 qui
2864 524 3274 595 imperatoriam
3310 532 3524 579 vestem

242 624 396 698 μαῖκά
428 622 697 692 σκῆπτρα
730 620 1036 687 διέποντος,
1069 621 1128 686 ὃς
1151 621 1217 674 ἐκ
1244 621 1347 688 τῆς
1388 621 1663 691 βασιλείου
1697 637 1821 673 στο-

241 717 322 785 λῆς
348 715 426 776 εἰς
465 712 531 764 τὸ
582 712 697 763 τῶν
735 713 991 782 μοναχῶν
1034 712 1280 783 ἠμείφθη
1331 715 1551 783 σχῆμα,
1585 713 1682 766 καὶ
1725 711 1820 765 τοῦ

242 808 345 877 μετ’
366 805 527 858 αὑτὸν
558 803 992 872 βασιλεύσαντος
1015 808 1243 870 Λέοντος
1266 806 1367 859 οὐκ
1406 808 1465 858 ἐν
1489 806 1567 878 τῷ
1591 807 1822 879 ῥᾳθύμῳ

240 896 326 964 τὴν
350 894 693 963 ἀναζήτησιν
716 894 815 947 καὶ
844 894 1075 964 ἔρευναν
1100 895 1203 964 τῆς
1232 895 1571 956 ἀποστασῐας
1598 895 1824 964 τιθεμέ-

241 1004 357 1046 νων,
376 984 507 1037 ἁ).λά
528 986 632 1037 καὶ
657 985 902 1054 σπουδὴν
923 986 1020 1057 τὴν
1046 987 1366 1056 πρέπουσαν
1382 987 1818 1057 ἀναδεξαμένων,

244 1077 531 1130 «eumut
583 1095 739 1142 τινες
781 1079 892 1132 τῶν
937 1081 1040 1132 οὐκ
1081 1081 1316 1150 ἀσήμων
1350 1080 1455 1134 ἀνὰ
1502 1083 1683 1134 πᾶσαν
1724 1082 1824 1152 τὴν

252 1169 546 1237 Ῥωμαϊκὴν
592 1171 781 1241 ἀρχὴν
800 1213 815 1235 ,
842 1173 970 1234 τους
988 1213 1002 1237 ,
1038 1174 1090 1225 εῖ
1118 1189 1264 1235 τινες
1285 1171 1352 1226 ἂν
1385 1173 1693 1244 φωραθεῖεν
1722 1175 1824 1243 τῆς

241 1260 476 1330 τοιαύτης
504 1261 745 1332 κάτοχοι
770 1262 1103 1334 θεομαχίας,
1150 1263 1385 1336 ἐπείπερ
1429 1265 1694 1329 πολλάκις
1721 1266 1821 1318 αὑ-

245 1354 416 1417 τοὺςαὶ
434 1352 545 1405 τῶν
563 1355 883 1424 ἀρχιερέων
901 1357 995 1409 καὶ
1011 1356 1200 1426 ἱερέων
1217 1357 1491 1412 νουθεσίαι
1508 1359 1602 1412 καὶ
1624 1375 1827 1427 παραι-

246 1446 397 1505 νέσεις
416 1442 579 1496 οὐδὲν
601 1442 730 1497 οὗτε
751 1443 991 1514 ὤνησαν,
1017 1444 1140 1498 οὔτε
1164 1446 1520 1515 μεταϐάλλειν
1543 1447 1655 1519 (59)
1677 1446 1827 1500 ἔπει-

248 1552 328 1587 σαν
342 1534 433 1605 τὴν
457 1534 763 1599 ἀσέϐειαν,
784 1535 1009 1599 τούτους
1029 1535 1238 1600 οὕτωςά
1249 1536 1579 1606 μεταθέτως
1599 1537 1825 1608 ἔχοντας

249 1628 309 1691 ὡς
334 1626 506 1696 κοινὴν
537 1626 734 1698 λύμην
763 1627 861 1682 κα)⁸
878 1628 1084 1698 φθορὰν
1116 1627 1210 1681 τοῦ
1232 1628 1423 1695 γένους
1442 1629 1581 1701 πρὸς
1608 1629 1701 1684 τὸν
1735 1628 1827 1683 διά

252 1720 405 1784 ξίφους
423 1717 677 1772 θάνατον
706 1721 964 1790 ὑπάγειν.
994 1716 1173 1774 τΗκεν
1201 1716 1295 1775 οὖν
1325 1720 1396 1775 τὰ
1423 1721 1827 1795 προστάγματα

255 1813 332 1866 καὶ
357 1814 422 1875 είς
458 1812 572 1883 τὴν
620 1812 975 1882 καλουμένην
1020 1811 1205 1884 χώραν
1246 1814 1358 1867 τῶν
1422 1813 1822 1886 Ἀρμενιακῶν.

1924 619 1977 675 in
2007 622 2387 676 monachalem
2411 620 2788 681 commutavit.
2836 628 2893 675 et
2914 619 3034 687 ejus
3062 633 3349 673 successor
3391 616 3525 681 Leo,

1923 711 1992 766 de
2022 712 2329 781 hujusmodi
2348 711 2620 783 apostasia
2653 711 3109 781 perquisitionem
3156 710 3272 765 fieri
3300 726 3411 765 non
3444 711 3528 764 in-

1927 803 2224 874 diligenter
2254 815 2539 869 curarunt,
2591 805 2686 859 sed
2716 822 2821 875 qua
2872 820 2971 875 par
3003 813 3122 863 erat
3162 805 3530 860 sollicitudine

1922 911 2023 965 per
2048 911 2241 950 omnes
2294 896 2511 965 imperii
2564 896 2797 951 Romani
2864 896 3003 951 fines
3053 897 3203 951 viros
3263 897 3531 968 dignitate

1922 993 2247 1057 prmstantes
2279 986 2573 1052 miserunt,
2603 996 2685 1051 ut,
2715 986 3159 1056 quandoquidem
3177 988 3530 1058 abepiscopis

1923 1087 1981 1133 et
2046 1078 2429 1133 sacerdotibus
2476 1077 2798 1149 frequenter
2846 1080 3039 1134 monili
3092 1080 3241 1150 impii
3297 1080 3374 1134 illi
3428 1095 3533 1135 nec

1921 1171 2470 1241 obtemperaverant,
2532 1187 2638 1227 nec
2682 1173 3052 1244 resipuerant,
3085 1173 3130 1227 si
3161 1188 3299 1243 quos
3331 1173 3533 1243 depre-

1922 1263 2231 1318 henderent
2254 1263 2345 1317 tali
2378 1263 2648 1333 impietati
2686 1263 2978 1329 obnoxios,
3012 1266 3107 1334 qui
3140 1263 3206 1318 ad
3248 1265 3534 1320 meliorem
3618 1336 3626 1342 ι

1923 1369 1985 1409 se
2011 1354 2223 1426 frugem
2270 1354 2517 1426 recipere
2558 1356 2806 1421 nollent,
2849 1356 3003 1427 quasi
3044 1370 3394 1411 communem
3436 1372 3537 1427 pe-

1930 1457 2069 1503 stem
2097 1458 2153 1503 et
2179 1449 2397 1521 generis
2425 1448 2651 1504 humani
2682 1448 2987 1520 perniciem
3008 1447 3185 1519 gladio
3207 1448 3534 1518 plecterent.

1926 1539 2058 1596 Haec
2102 1541 2287 1611 itaque
2337 1541 2491 1612 jussa
2523 1550 2801 1597 venerunt
2842 1541 2897 1595 in
2933 1541 3216 1611 regionem
3248 1540 3538 1594 Armenia-

1927 1648 2117 1688 corum
2146 1633 2370 1695 dictam.
2414 1633 2656 1689 Thomas
2696 1648 2827 1689 vero
2863 1642 2994 1687 tunc
3017 1632 3387 1687 Neocaesareze
3415 1634 3537 1702 epi-

1926 1739 2127 1794 scopus
2154 1733 2294 1791 erat,
2317 1724 2508 1780 aderat
2531 1732 2585 1779 et
2601 1723 2743 1779 alius
2764 1723 2984 1795 quidam
3018 1721 3242 1777 nomine
3260 1720 3538 1777 Paracon-

1928 1816 2113 1885 daces,
2143 1817 2235 1888 qui
2299 1825 2433 1873 tunc
2486 1816 2760 1886 temporis
2800 1816 3082 1871 eminebat
3117 1816 3259 1870 inter
3288 1830 3404 1881 eos,
3441 1814 3535 1886 qui

263 1903 423 1971 Θωμᾶς
460 1903 522 1957 δὲ
571 1898 647 1973 ἦν
697 1903 1004 1975 τηνικαῦτα
1046 1904 1486 1977 Νεοκαισαρείας
1527 1904 1829 1968 ἐπίσκοπος

1947 1913 2229 1968 honestate
2264 1926 2482 1966 morum
2512 1910 2749 1982 praediti,
2797 1909 3176 1964 sublimiorem
3215 1907 3342 1963 vita:
3364 1908 3538 1963 ratio-

272 1997 347 2049 καί
361 2014 425 2061 τις
440 1996 643 2067 ἕτερος
661 1997 1099 2069 Παρακονδάκης
1125 1997 1417 2070 ἐπώνυμος
1435 1999 1681 2070 ἐξάρχων
1708 1996 1829 2053 κατ’

271 2090 410 2143 ἐκεῖνο
436 2088 640 2162 καιροῦ
667 2090 783 2142 τῶν
808 2090 925 2144 ὅσοι
953 2090 1052 2161 τῆς
1075 2091 1217 2145 κατά
1237 2090 1330 2145 τὸν
1356 2090 1470 2161 βίον
1499 2092 1831 2163 σεμνότητος

268 2180 466 2249 εἴχοντο,
514 2182 616 2236 καὶ
672 2185 783 2252 τῆς
828 2181 1172 2255 ὑψηλοτέρας
1222 2183 1501 2245 πολιτείας
1550 2182 1833 2237 εποιοῦντο

269 2272 563 2343 ἐπάγγελμα
587 2276 893 2343 συντηρεῖν
915 2274 986 2327 τὰ
1011 2274 1232 2342 δέσμια.
1260 2275 1482 2329 Τούτων
1507 2276 1689 2329 τοίνυν
1721 2276 1834 2328 τῶν

271 2367 454 2438 ἀνδρῶν
489 2368 741 2437 ὶκὰτεροι
778 2367 897 2437 ἅμα
930 2368 1302 2438 συνεδριάζειν
1330 2368 1471 2436 μετά
1501 2369 1599 2422 καὶ
1630 2369 1835 2439 ἐτέρων

284 2457 423 2509 τινῶν
440 2455 618 2524 λογίων
649 2456 938 2526 βασιλικὸν
964 2455 1252 2526 δεξάμενοι
1278 2455 1593 2527 θέσπισμα,
1626 2454 1722 2520 οὓς
1760 2456 1829 2510 ἂν

284 2549 374 2601 τῶν
417 2550 734 2603 ἀποστατῶν
784 2550 820 2620 ή
874 2549 1127 2620 πολιτικὴ
1177 2550 1302 2621 χεὶρ
1335 2547 1595 2621 εὕρισκέν
1638 2565 1699 2602 τε
1739 2549 1836 2603 καὶ

270 2639 672 2709 συνελάμϐανεν,
695 2642 798 2693 καὶ
818 2640 955 2711 πρὶς
976 2641 1175 2705 αὐτοὺς
1195 2640 1553 2711 διεπέμπετο,
1575 2639 1838 2712 ὲξήταζόν

266 2748 317 2783 τε
341 2732 421 2785 καὶ
448 2732 819 2800 ὲλογοθέτουν
839 2732 1345 2804 λεπτομερέστερον
1366 2773 1381 2798 ,
1402 2734 1499 2786 καὶ
1524 2734 1653 2798 τοὺς
1676 2733 1839 2786 ὑπαι-

262 2820 388 2885 τίους
400 2822 507 2875 τῶν
534 2823 807 2876 ἀναιτίων
829 2821 1285 2894 φυλοκρινούντες
1306 2824 1434 2888 τοὺς
1457 2823 1557 2892 μὲν
1579 2823 1838 2889 ἀπέλυον,

260 2914 358 2969 εστι
394 2914 438 2968 δ’
492 2914 598 2978 οὒς
638 2916 741 2968 καὶ
787 2916 1088 2986 ἐπιτιμίοις
1118 2917 1598 2986 ὲκκλησιαστικοῖς
1630 2915 1844 2970 καθυπ-

257 3007 453 3061 ἑῦαλλον
471 3048 493 3073 ,
519 3009 660 3072 τοὺς
689 3008 748 3061 δὲ
782 3008 1067 3072 παντελῶς
1101 3009 1358 3073 ἀνιάτους
1384 3011 1434 3062 οί
1457 3008 1724 3063 πολιτικοὶ
1755 3009 1841 3063 νὸ-
1891 3015 1904 3026 “

264 3118 350 3167 μοι,
384 3103 482 3156 καὶ
512 3104 635 3156 τῶν
673 3104 736 3156 ἐν
769 3103 953 3167 αὐτοῖς
998 3105 1278 3175 ἀρχόντων
1305 3104 1734 3175 παρελάμϐανεν
1783 3103 1845 3156 τὸ

259 3193 635 3266 δικαιωτήριον
664 3194 804 3266 (60).
835 3196 993 3250 Οὕτω
1021 3196 1087 3268 δὴ
1107 3198 1211 3266 τῆς
1238 3199 1470 3269 ἐρεύνης
1501 3216 1561 3251 τε
1592 3199 1687 3252 καὶ
1719 3198 1843 3270 κρί-

257 3303 367 3351 σεως
410 3289 517 3341 καὶ
577 3287 682 3341 τοῦ
740 3288 1051 3357 λογοθεσίου
1109 3292 1245 3361 (61),
1301 3294 1397 3345 καὶ
1446 3292 1545 3362 τῆς
1584 3291 1840 3361 πράξεως

254 3381 535 3451 imis-Jan:
594 3379 918 3451 μερίζονται
964 3383 1074 3435 τῶν
1124 3384 1433 3454 εἰρημένων
1486 3384 1692 3455 κριτῶν
1740 3384 1841 3452 τὴν

267 3475 443 3543 σφαγὴν
471 3474 533 3525 οἵ
559 3489 627 3525 τε
673 3472 959 3543 λεγόμενοι
1002 3476 1383 3546 Κυνοχωρῖται
1428 3474 1565 3547 (62),
1611 3477 1706 3529 καὶ
1746 3475 1841 3540 οὓς

268 3566 606 3635 ἐπεκώμαζον
668 3565 984 3629 Ἀστάτους.
1044 3561 1228 3619 Ἦσαν
1279 3566 1338 3620 δὲ
1394 3560 1541 3621 οὗτοι
1588 3568 1696 3621 τῶν
1743 3568 1839 3621 τοῦ

254 3655 461 3726 Σεργίου
518 3656 795 3728 μαθητῶν
836 3658 887 3711 οἱ
914 3658 1161 3727 λογάδες.
1209 3660 1273 3712 Oi
1315 3660 1412 3730 μὲν
1454 3656 1548 3713 οὖν
1584 3661 1843 3713 Ἀστατοι

248 3750 469 3817 μηδενὸς
504 3750 713 3819 ἐτέρου
753 3750 1044 3819 δεηθέντες
1088 3751 1245 3804 αὐτοὶ
1286 3753 1410 3806 καθ’
1441 3754 1671 3817 ἑαυτοὺς
1704 3752 1843 3823 δόλῳ

242 3842 330 3892 καὶ
358 3842 645 3911 προδοσίᾳ
674 3842 1124 3909 κατασφάξουσιν
1152 3843 1245 3895 τὸν
1268 3844 1561 3914 εἰρημένον
1589 3844 1839 3914 ἔξαρχον.

240 3932 361 3996 Τοῖς
384 3934 443 3986 δὲ
478 3933 907 4004 Κυνοχωρίταις
936 3934 1173 4006 ἐπείπερ
1202 3935 1375 3989 ἐνέδει
1411 3936 1720 4007 στρατηγὸς
1748 3934 1843 3989 τοῦ

240 4027 592 4096 μιάσματος,
628 4022 708 4088 εἷς
740 4027 852 4079 τῶν
878 4028 1001 4098 είρη
1012 4028 1190 4097 μένων
1225 4028 1504 4081 Ἀστάτων
1530 4028 1844 4098 ἐφίσταται,

238 4120 327 4173 καὶ
362 4118 801 4188 κατασφάζουσι
838 4120 935 4173 καὶ
970 4120 1129 4174 αὐτοὶ
1164 4121 1256 4174 τὸν
1290 4122 1554 4194 ἀρχιερέα
1586 4123 1681 4175 τοῦ
1713 4121 1845 4175 Θεοῦ

234 4213 473 4282 θωμᾶν.
520 4211 777 4281 Ἀναίδην
805 4211 863 4265 δὲ
892 4211 1099 4266 τούτων
1128 4213 1273 4267 οὕτω
1300 4214 1807 4285 παρανομηθέντων
1830 4255 1845 4280 ,

234 4304 307 4368 ὡς
339 4305 532 4376 ἔφην,
573 4305 846 4375 ἑκατέρας
883 4307 1203 4375 μιαιφονίας
1249 4308 1674 4378 ἀρχιτέκτονες,
1718 4311 1850 4378 φεύ·

234 4415 399 4465 γουσι
437 4398 549 4467 μὲν
572 4397 673 4451 σὺν
692 4400 808 4461 τοῖς
835 4399 1125 4468 ἑπομένοις
1165 4400 1370 4472 σπουδῇ
1396 4400 1508 4471 (65)
1534 4401 1644 4454 ἀπὸ
1668 4402 1851 4472 πάσης

232 4491 362 4561 γῆς,
401 4491 480 4559 ῆν
511 4490 541 4541 ὁ
566 4490 916 4559 Χριστιανῶν
935 4491 1162 4561 ἐκόσμει
1186 4492 1389 4564 θεσμὸς
1410 4533 1425 4557 ,
1451 4494 1850 4564 παραγίνονται

1933 2019 2061 2059 nem
2094 2002 2511 2075 proﬁtebantur.
2574 2001 2751 2056 Ambo
2802 2000 2969 2072 igitur
3026 1997 3382 2070 imperatorio
3440 1997 3540 2053 de-

1932 2104 2096 2152 creto
2133 2111 2261 2150 cum
2297 2095 2419 2149 aliis
2444 2093 2773 2165 quibusdam
2814 2092 3047 2148 eruditis
3067 2092 3200 2147 viris
3226 2090 3540 2146 consultare

1929 2186 2101 2258 jussi,
2151 2194 2426 2257 apostatas
2458 2201 2488 2239 a
2524 2183 2745 2254 politica
2801 2199 2968 2238 manu
3014 2181 3084 2237 ad
3124 2182 3230 2236 hoc
3276 2181 3539 2252 deputata

1934 2279 2310 2349 deprehensos
2347 2288 2403 2332 et
2430 2277 2641 2333 oblatos
2672 2276 3083 2339 examinabant,
3142 2283 3200 2329 et
3221 2272 3539 2328 minutatim

1936 2372 2370 2444 interrogabant,
2402 2380 2702 2439 sontesque
2732 2371 2799 2423 ab
2821 2366 3133 2423 insontibus
3182 2374 3541 2436 sequestran-

1937 2473 2041 2529 tes,
2065 2463 2197 2518 alios
2210 2464 2431 2534 quidem
2463 2462 2847 2524 absolvebant,
2869 2459 3165 2515 nonnullos
3204 2456 3541 2513 ecclesiasti-

1938 2557 2020 2612 cis
2038 2555 2219 2626 pcenis
2250 2554 2657 2626 subjiciebant;
2685 2553 2907 2624 penitus
2940 2549 3271 2607 insanabiles
3300 2548 3542 2621 politicis

1940 2650 2155 2721 legibus
2179 2659 2233 2704 et
2270 2649 2691 2721 magistratuum
2739 2645 2996 2701 tribunali
3055 2644 3362 2699 tradebant.
3398 2641 3541 2697 Dum

1946 2756 2204 2807 examen,
2228 2740 2521 2813 judicium,
2557 2737 2919 2809 interrogatio
2955 2747 3013 2792 et
3078 2746 3199 2793 acta
3227 2737 3309 2791 sic
3342 2750 3542 2807 proce—

1939 2834 2142 2889 derent
2172 2874 2189 2896 ,
2228 2831 2643 2905 Cynochoritaa,
2674 2839 2737 2886 ut
2764 2830 3058 2892 vocabant,
3090 2840 3147 2884 et
3185 2819 3229 2882 ii
3273 2828 3366 2898 qui
3393 2827 3544 2883 dice-

1942 2926 2148 2981 bantur
2190 2922 2401 2989 Astati;
2426 2929 2585 2977 erant
2629 2928 2815 2975 autem
2846 2919 3050 2975 selecta
3080 2933 3213 2989 pars
3238 2917 3542 2988 discipulo—

1945 3036 2069 3074 rum
2106 3017 2316 3089 Sergii;
2349 3016 2734 3089 praedictorum
2773 3015 3025 3085 judicum
3073 3013 3279 3068 caedem
3317 3023 3546 3084 patran-

1946 3113 2073 3167 dam
2124 3111 2273 3166 inter
2304 3126 2364 3165 se
2413 3109 2687 3165 dividunt.
2728 3107 2905 3163 Astati
2935 3107 3119 3179 igitur,
3182 3106 3331 3160 nulla
3371 3106 3545 3176 petita,

1949 3223 2076 3278 Ope.
2115 3214 2482 3261 memoratum
2515 3202 2835 3273 praefectum
2865 3199 2990 3255 dolo
3007 3207 3063 3253 et
3088 3197 3398 3269 proditione
3416 3211 3548 3251 cez.‘

1948 3300 2187 3366 fodiunt,
2233 3299 2619 3370 Cynochoritae
2661 3311 2794 3351 vero
2824 3310 2948 3349 eum
2978 3293 3121 3348 duce
3152 3292 3221 3347 ad
3248 3304 3550 3346 exsecran-

1948 3393 2077 3447 dum
2108 3393 2322 3448 facinus
2351 3399 2597 3462 egerent,
2629 3395 2911 3457 assumpto
2941 3402 3006 3441 ex
3037 3384 3395 3448 Astatisimo,
3432 3382 3552 3453 epi-

1949 3500 2173 3554 scopum
2194 3482 2461 3537 Thomam
2494 3497 2524 3535 a
2552 3482 2665 3536 Deo
2682 3477 3417 3546 constitutumlobtruncant.
3453 3471 3553 3529 His

1950 3575 2208 3629 audacter
2238 3572 2427 3644 gestis,
2463 3571 2660 3636 Astati,
2691 3570 2806 3641 qui,
2844 3578 2907 3624 ut
2953 3583 3117 3639 supra
3158 3566 3292 3627 dixi,
3342 3564 3552 3620 utrius-

1950 3680 2058 3735 que
2087 3664 2364 3734 parricidii
2393 3671 2648 3716 auctores
2662 3670 2839 3725 erant,
2874 3675 2999 3714 cum
3019 3659 3336 3729 sequacium
3368 3667 3553 3712 turma

1953 3757 2276 3812 festinantes
2303 3757 2523 3828 fugiunt
2576 3755 2646 3811 ab
2704 3754 2974 3809 universis
3024 3752 3360 3825 regionibus,
3429 3767 3555 3821 quae

1955 3850 2269 3905 Christiana
2302 3850 2422 3920 lege
2468 3848 2787 3910 utebantur,
2848 3856 2903 3901 et
2954 3845 3249 3900 Melitinam
3296 3844 3555 3899 secundae

1953 3940 2227 3995 Armeniae
2256 3940 2469 4003 urbem,
2526 3953 2584 3993 se
2609 3928 2924 4000 conferunt,
2989 3951 3151 4006 quam
3184 3943 3317 3989 tunc
3347 3933 3554 3988 Christi

1956 4048 2145 4089 osores
2172 4032 2432 4087 Saraceni
2458 4031 2790 4095 incolebant,
2821 4029 3024 4099 quibus
3053 4027 3301 4092 Ameras,
3325 4026 3556 4081 nomine

1958 4124 2380 4180 Monocherares
2430 4123 2753 4193 imperabat,
2808 4121 2923 4190 qui,
2987 4118 3193 4174 Christi
3268 4117 3549 4183 inimicus,

1958 4218 2165 4275 Christi
2194 4217 2434 4272 inimicis
2469 4216 2717 4286 profugis
2749 4216 2984 4285 benigne
3010 4213 3274 4283 exceptis,
3316 4220 3375 4266 et
3399 4212 3550 4266 omni

1956 4320 2108 4366 metu
2138 4310 2404 4375 liberatis,
2440 4309 2676 4379 Argaum
2715 4308 2794 4363 sic
2838 4308 3046 4363 dictum
3083 4305 3407 4376 oppidulum
3459 4305 3556 4360 dat

1959 4404 2331 4459 incolendum.
2377 4401 2703 4458 Confluente
2762 4411 2948 4455 autem
3010 4400 3203 4455 eodem
3256 4398 3552 4468 impiorum

1958 4496 2330 4560 multitudine,
2371 4494 2445 4549 ita
2484 4504 2544 4547 ut
2572 4494 2681 4560 jam
2714 4490 3061 4562 prmdatoriis
3108 4489 3423 4545 incursibus
3455 4503 3553 4557 pa-

233 4584 289 4637 δὲ
310 4589 375 4639 ὲν
397 4584 678 4655 Μελιτινῇ
714 4584 871 4637 πόλει
904 4585 1004 4654 τῆς
1032 4585 1293 4657 δευτέρας
1342 4586 1659 4657 Ἀρμενίας,
1695 4586 1841 4639 πολι-

1960 4604 2051 4642 res
2074 4595 2280 4653 essent,
2310 4585 2476 4641 vicini
2498 4584 2799 4639 Christiani
2835 4582 2988 4637 multi
3018 4582 3087 4636 ab
3127 4581 3194 4635 iis
3228 4579 3555 4649 frequenter

233 4679 394 4731 τείαν
422 4671 604 4730 οὖσαν
640 4678 762 4730 τότε
805 4677 918 4730 τῶν
958 4678 1329 4750 μισοχρίστων
1366 4677 1739 4749 Σαρακηνῶν,
1784 4673 1855 4750 ἦς

236 4775 336 4827 καὶ
379 4773 650 4844 ’Δμηρᾶς
692 4771 804 4842 (64)
836 4768 1009 4844 ἦρχεν
1033 4812 1048 4836 ,
1082 4773 1143 4826 ὃν
1192 4774 1499 4828 ἐπεκάλουν
1534 4773 1855 4845 Μονοχερά-

239 4884 344 4937 ρην
372 4865 501 4936 (65)
522 4879 537 4894 ⁶
563 4864 662 4917 καὶ
693 4860 852 4929 οὗτος
877 4867 906 4918 ὁ
928 4866 1282 4937 μισόχριστος
1308 4867 1437 4929 τοὺς
1467 4867 1855 4936 μισοχρίστους

1966 4681 2023 4736 in
2055 4680 2431 4751 captivitatem
2462 4676 2684 4732 abducti
2727 4684 2854 4730 sunt
2885 4692 2899 4728 :
2928 4684 2982 4729 et
3008 4673 3152 4727 malo
3175 4672 3227 4726 in
3256 4671 3376 4726 dies
3398 4671 3553 4725 inva-

1957 4776 2202 4831 lescente
2230 4789 2338 4828 non
2373 4771 2538 4827 modo
2558 4779 2771 4826 veteres
2794 4768 3089 4839 impietatis
3115 4766 3359 4821 cultores
3381 4765 3556 4820 libere

1963 4874 2263 4941 potuerunt
2294 4866 2353 4921 in
2390 4880 2455 4921 ea
2486 4877 2863 4935 perseverare,
2938 4860 3034 4915 sed
3091 4859 3255 4914 etiam
3286 4859 3555 4931 quosdam

1367 5049 1606 5105 VARIIE
1648 5050 2037 5107 LECTIONES
2082 5050 2171 5105 ET
2200 5048 2437 5106 NOTAE.

321 5189 445 5260 (58)
501 5186 787 5258 Μιχαήλ,
831 5188 1193 5259 Curopalates
1229 5188 1481 5260 scilicet_,
1528 5187 1859 5260 cognomine

243 5258 581 5323 Rh‘ancabe,
615 5260 683 5313 de
705 5274 813 5329 quo
843 5258 1073 5330 ejusque
1096 5275 1418 5316 successore
1443 5258 1624 5313 Leone
1653 5258 1863 5327 legatur

244 5333 571 5393 Cairenus,
599 5346 655 5397 p.
683 5329 788 5401 396
810 5329 930 5401 seq.

321 5402 445 5472 (59)
479 5399 922 5472 MetaBdJusu‘.
956 5400 1156 5472 Noster
1181 5399 1532 5471 μεταϐαλεῖν.

320 5470 445 5545 (ϐυ)
477 5470 922 5545 Δικαιωτήριον.
956 5470 1221 5543 Optime:
1255 5482 1444 5528 noster
1481 5471 1822 5542 δικαιότερον
1842 5510 1859 5535 ,

252 5543 361 5599 Ion
396 5546 529 5597 sine
563 5543 787 5599 mendo.

324 5616 445 5687 (61)
477 5615 873 5687 Λογοθεσίου.
890 5613 1059 5687 Medii
1080 5614 1201 5687 aevi
1221 5631 1350 5679 vox,
1375 5614 1519 5687 sicut
1538 5622 1595 5667 et
1613 5610 1863 5687 proxime

258 5683 951 5809 Ριιεοεάεηὲἳίιογοθετέω
1001 5686 1128 5741 vide
1172 5685 1431 5741 Dufresn.
1490 5685 1548 5739 in
1596 5683 1866 5741 Glouario

280 5774 431 5809 δατ.
468 5772 523 5809 n.
687 5796 699 5807 .

280 5758 431 5809 Ira'c.
468 5772 523 5825 ρ.
570 5758 699 5809 821.

326 5828 449 5895 (62)
475 5824 913 5895 Κυνοχωρῒται.
939 5828 1015 5881 De
1032 5827 1120 5881 his
1147 5827 1272 5881 vide
1296 5826 1632 5885 Cedrenum.
1656 5841 1711 5895 p.
1739 5824 1868 5878 455.

327 5899 449 5969 (65)
494 5896 767 5967 Σπουδ-ᾶ.
799 5899 876 5951 ita
909 5908 1098 5953 noster
1124 5898 1349 5962 diserte,
1396 5907 1449 5952 et
1480 5900 1670 5966 procul
1701 5895 1870 5950 dubio

1961 5197 2111 5244 recte
2139 5208 2153 5242 :
2180 5203 2380 5243 sensus
2406 5188 2554 5243 enim
2586 5188 2796 5255 optime
2825 5185 3143 5255 respondet.
3174 5184 3260 5240 Cl.
3283 5182 3558 5238 Montfae-

1958 5261 2156 5314 conius
2176 5276 2239 5314 ex
2262 5259 2600 5315 Coisliniano
2616 5255 2779 5314 habet
2801 5256 3040 5324 σπουδῆς
3060 5256 3246 5309 addito
3267 5255 3555 5324 asterisco,

1959 5332 2113 5400 quasi
2143 5330 2350 5399 aliquid
2388 5330 2407 5402 (
2432 5330 2487 5383 ni
2516 5330 2835 5402 conjectura
2861 5323 3147 5402 mefallit)
3173 5328 3415 5381 deesset.
3444 5323 3556 5377 Sed

1963 5398 2145 5455 omnia
2176 5398 2281 5455 sibi
2315 5398 2594 5463 constant,
2626 5398 2686 5455 et
2711 5398 2967 5471 gignendi
3002 5412 3162 5452 casus
3187 5406 3351 5451 natus
3379 5403 3557 5449 estex

1962 5472 2322 5542 sequentibus
2347 5471 2579 5542 vocibus
2611 5471 2796 5540 πάσης
2824 5472 2952 5542 γῆς.
2983 5539 2993 5542 _
3121 5537 3132 5542 _
3176 5538 3186 5542 _
3262 5536 3275 5542 _
3341 5535 3351 5542 _
3539 5533 3575 5542 ,ν

2036 5533 2148 5612 (64)
2193 5539 2466 5611 Ἆμηρᾶς.
2495 5541 2612 5596 Νοη
2648 5533 3221 5612 ignotunjuhistoricis
3261 5535 3425 5612 hujus
3452 5533 3557 5590 aevi

1962 5606 2165 5668 nomen
2197 5629 2211 5665 :
2245 5606 2369 5667 vide
2400 5606 2747 5675 Cedrenum,
2779 5626 2836 5681 p.
2865 5610 2991 5665 550.
3039 5610 3189 5663 Idem
3219 5622 3351 5661 vero
3394 5606 3463 5661 de
3494 5621 3558 5662 re

1963 5695 2150 5738 nostra
2178 5683 2424 5753 exponit,
2447 5698 2512 5754 p._
2534 5682 2624 5737 44.

2037 5755 2151 5818 (65)
2200 5748 2656 5823 Μόνοχερἀρην,
2717 5750 2795 5805 Ita
2844 5748 3558 5823 ColbertjnnsAetposter,

1966 5841 2092 5879 cum
2135 5825 2340 5894 quibus
2370 5819 2589 5879 'Petr'ns
2633 5823 2887 5883 Siculus,
2916 5838 2992 5894 rp.
3049 5820 3158 5894 70,
3191 5819 3565 5875 Coislinianus

1965 5892 2569 5970 itau‘ue'Movoxepdwq;
2609 5895 2879 5958 scribens,
2913 5893 2967 5946 in
3001 5892 3201 5946 mendo
3232 5893 3416 5947 cubat.
