3986 6466
272 396 346 460 εἷ’·
1373 391 1676 453 CONTRA
1711 384 2174 448 MANICHIEOS
2209 383 2443 443 LIBER
2499 385 2545 445 I.
3511 385 3584 449 8'2

276 506 476 580 πλῆθος
513 496 994 577 ἐπονομάζουσιν,
1024 503 1120 556 τὸν
1151 501 1515 573 ἀθροισθέντα
1543 502 1674 554 λαὸν
1707 501 1766 552 ἐν
1804 496 1881 566 τῷ

2003 493 2136 546 titus
2167 492 2466 546 immissam
2499 493 2742 563 magistri
2791 504 3024 548 mortem
3057 489 3326 561 viderant,
3359 506 3414 549 et
3442 497 3580 549 nihil

288 599 550 671 191005,
592 599 782 651 καίτοι
827 599 917 652 τὸν
970 598 1170 666 πικρὸν
1200 597 1293 649 καὶ
1344 596 1609 663 θεήλατον
1661 592 1756 645 τοῦ
1809 591 1886 643 δι-

273 693 556 750 δασκάλου
625 692 863 746 θάνατον
913 690 1036 759 ὄψει
1089 689 1385 754 λαϐόντες,
1438 689 1534 740 καὶ¹
1593 687 1777 748 οὐδὲν,
1811 678 1886 736 ὧν

274 786 580 854 ἐθεομάχει
644 785 743 836 καὶ
794 781 1176 854 ἐτερατεύετο,
1234 776 1522 852 προελθὸν,
1572 780 1722 849 ὅμως
1776 781 1888 840 τοῖς

273 879 478 948 ὁμοίοις
511 879 721 939 κακοῖς
743 876 1120 947 διεφθείροντο
1145 892 1203 928 τε
1245 875 1340 927 καὶ
1399 873 1886 941 κατελυμαίνοντο,

277 972 372 1024 οὐκ
407 970 492 1020 ἐτι
535 969 645 1037 μὲν
687 970 772 1031 εἱς
813 968 911 1020 ἕνα
941 967 1128 1037 τινὰῆ
1163 968 1242 1029 είς
1269 966 1363 1018 δύο
1404 964 1466 1018 τὺ
1498 964 1888 1017 διδασκαλικὸν

276 1063 370 1129 τῆς
423 1060 752 1129 θεομαχίας
803 1060 1176 1128 ἀναφέροντες
1235 1059 1478 1129 ἀξίωμα,
1517 1058 1888 1130 ὀμοτίμωςδέ

275 1150 533 1220 ἀλλήλοις
580 1152 748 1203 αὐτοὶ
785 1152 930 1202 κατὰ
959 1149 1167 1220 πλῆθος
1192 1149 1294 1218 τῆς
1330 1150 1544 1220 πλάνης
1582 1148 1660 1219 τῷ
1685 1148 1886 1218 πλήθει

277 1242 728 1313 καθηγούμενοι.
772 1244 966 1313 Ὅμως
1017 1244 1075 1296 δέ
1111 1244 1207 1297 καὶ
1243 1243 1662 1312 ὑποϐεϐηκότας
1705 1243 1888 1296 αὐτῶν

278 1352 428 1396 τινας
464 1333 709 1402 ἐτέρους
743 1335 989 1398 ἔταττον,
1022 1333 1114 1396 οὓς
1147 1335 1242 1387 καὶ
1263 1334 1548 1405 νοταρίους
1575 1333 1888 1403 ὠνόμαζον,

280 1427 364 1480 καί
393 1444 519 1478 τινα
550 1426 670 1479 τῶν
712 1428 1048 1498 ἀπορρήτων
1085 1429 1180 1478 καὶ
1213 1426 1520 1496 βδελυκτ-ὦν
1569 1426 1774 1496 ὀργίων
1810 1429 1889 1486 εἰς

287 1518 513 1586 ἐπαξίαν
545 1525 651 1570 καί
684 1519 1015 1588 τελεστικὴν
1049 1518 1327 1589 ἀφώριζον
1357 1519 1703 1588 ἐπιμέλειαν.

351 1610 492 1677 KG".
551 1611 701 1662 ’Υπὲρ
758 1611 814 1662 δὲ
869 1610 1001 1673 τοὺς
1070 1612 1272 1674 αὐτοὺς
1331 1613 1690 1678 ἀναφαίνεται
1764 1630 1890 1664 και-

294 1705 405 1775 (Ait;
445 1703 561 1774 (75)
603 1705 706 1756 καί
743 1704 770 1755 ὁ
799 1703 1214 1773 τρισαλιτήριος
1255 1701 1515 1771 Καρόέας
1562 1701 1699 1772 (76),
1749 1701 1890 1771 ἀνὴρ

295 1799 447 1858 δεινος
484 1796 593 1865 μὲν
635 1796 903 1848 ὑπελθεῖν
930 1795 1109 1866 ὄχλον,
1144 1795 1408 1858 στεγανὸς
1441 1795 1498 1847 δέ
1527 1794 1794 1863 κρύπτειν
1829 1793 1890 1844 τὸ

309 1892 613 1959 ἁνέκτορον,
653 1894 759 1940 καὶ
796 1891 912 1950 τοῖς
957 1887 1194 1959 χείλεσιν
1233 1887 1370 1941 ἄλλα
1400 1889 1702 1958 προφέρειν
1735 1887 1888 1957 παρὰ
1923 1861 1963 1917 Β

314 1985 394 2054 τὴν
418 1987 466 2035 ἐν
491 1986 559 2051 τῇ
598 1981 812 2053 καρδίᾳ
857 1982 1091 2052 μελέτην
1120 1980 1522 2046 πιθανώτατος,
1571 1984 1668 2034 καὶ
1703 1981 1887 2033 πίστιν

313 2074 397 2143 μὲν
438 2074 540 2126 οὐδ’
582 2075 794 2143 ἥντινα
833 2073 1103 2144 στέργων,
1147 2073 1273 2124 ἐπεὶ
1320 2073 1417 2126 καὶ
1463 2073 1532 2125 τὰ
1564 2071 1674 2125 τῶν
1719 2070 1886 2142 ’Ἀρά-

311 2167 407 2219 δων
433 2167 538 2235 (τη
571 2166 834 2229 θειάζειν
856 2166 1270 2236 ἐσχηματίσατο
1295 2183 1308 2196 ·
1352 2165 1494 2236 πλὴν
1519 2168 1620 2236 τῆς
1653 2166 1891 2218 ἀποστα-

314 2262 418 2321 sic:
462 2260 702 2330 ἐραστὴς
760 2260 860 2312 καὶ
909 2259 1168 2326 λέγεσθαι
1214 2260 1309 2311 καὶ
1361 2257 1684 2328 νομίζεσθαι
1733 2258 1890 2320 κλέος

320 2351 638 2419 ποιούμενος,
674 2351 810 2404 οὐδὲ
839 2351 938 2420 τῆς
981 2351 1123 2404 κατὰ
1159 2343 1400 2420 πόλεμον
1428 2351 1730 2420 ἐμπειρίας
1775 2349 1888 2418 (78)

333 2442 659 2511 ἀγύμναστος.
695 2443 796 2494 Διὸ
821 2445 918 2496 καὶ
947 2442 1046 2512 τῆς
1081 2443 1462 2511 ἁποστατικῆς
1497 2443 1714 2511 ἐκείνης
1744 2440 1890 2510 πλη-

329 2534 441 2594 θύος
488 2536 575 2605 ἤδη
623 2535 775 2605 πρὸς
819 2537 978 2604 χεῖρα
1033 2534 1345 2604 πολεμικήν
1398 2552 1459 2587 τε
1509 2535 1603 2587 καὶ
1660 2534 1890 2605 βαρεῖαν

316 2625 692 2697 ἀόρυνομένης,
735 2626 928 2697 ἄρχειν
988 2627 1094 2680 ὑπὸ
1130 2627 1225 2683 τοῦ
1306 2628 1551 2698 πλήθους
1598 2627 1793 2698 ᾑρέθη,
1834 2627 1894 2691 ὃς

314 2720 392 2768 ἐπὶ
436 2717 635 2786 μᾶλλον
693 2718 878 2784 αὔξων
924 2736 986 2771 τε
1036 2719 1130 2771 καὶ
1179 2711 1469 2789 κρατύνων
1507 2719 1570 2772 τὸ
1622 2720 1892 2789 θεομάχον

310 2811 584 2880 ἄθροισμα,
618 2813 755 2864 ἐπεὶ
777 2814 844 2882 τῇ
874 2811 1142 2882 βαρύτητι
1166 2813 1264 2865 τοῦ
1295 2811 1594 2882 πολυχνίου
1625 2829 1894 2880 στενοχω-

310 2907 550 2974 ρούμενος
581 2901 703 2957 εἶδε
734 2906 862 2968 τοὺς
891 2905 998 2958 ὑπὸ
1031 2908 1213 2976 χεῖρα,
1247 2905 1404 2959 πόλιν
1445 2905 1616 2975 ἄλλην
1645 2907 1896 2975 εὐρυχω-

317 2997 514 3067 ριτέραν
539 2997 785 3067 ἐγείρει,
823 2999 890 3068 ἢν
942 2999 1271 3067 ἐπωνόμαζε
1306 2997 1590 3069 Τεφρικὴν
1623 2997 1759 3068 (79),
1800 2999 1896 3052 xui.

318 3091 478 3159 ταύτην
533 3094 662 3154 τοῖς
719 3090 1010 3161 ἑπομένοις
1047 3091 1298 3155 πολίζει,
1331 3089 1468 3160 ὁμοῦ
1508 3090 1612 3160 μὲν
1665 3092 1761 3144 καὶ
1791 3092 1891 3160 τὴν

1989 599 2202 650 eorum,
2237 600 2360 654 quae
2395 585 2486 638 ille
2517 595 2835 654 portentose
2870 586 3233 652 conﬁnxerat,
3268 589 3578 650 accidisset,

1989 677 2273 746 populum,
2303 679 2544 746 inquam,
2573 678 2722 732 illum
2743 695 3123 748 corrumpere,
3149 689 3205 734 et
3228 683 3584 748 pessumdare

1990 766 2293 835 pergebant
2328 785 2345 820 :
2376 782 2482 822 nec
2545 769 2682 822 ultra
2743 770 3042 840 impietatis
3096 772 3468 842 magisterium
3518 775 3583 825 ad

1994 875 2165 913 unum
2196 861 2278 913 vel
2307 861 2446 914 duos
2473 861 2807 918 referebant.
2837 862 2946 917 Sed
2973 864 3094 934 pari
3121 865 3265 918 inter
3287 881 3348 919 se
3375 866 3586 918 honore

1991 953 2326 1007 innititudini
2358 955 2802 1025 praeﬁciebantur
2831 975 2845 1010 :
2874 967 3113 1012 attamen
3144 959 3409 1027 quosdam
3444 959 3585 1011 infe-

1992 1047 2154 1102 rioris
2187 1050 2386 1118 gradus
2414 1049 2843 1116 constituerunt,
2867 1066 3018 1120 ~quos
3051 1052 3400 1122 appellabant
3429 1061 3585 1104 nota-

1993 1139 2138 1203 rios,
2219 1141 2421 1209 quibus
2489 1157 2680 1196 curam
2755 1145 3048 1213 quamdam
3105 1156 3161 1198 et
3211 1146 3448 1199 ofﬁcium
3531 1144 3584 1196 in

1992 1231 2378 1287 abominandis
2420 1234 2538 1288 suis
2579 1235 2749 1304 orgiis
2795 1249 2852 1290 et
2891 1236 3291 1291 initiationibus
3335 1236 3587 1306 assigna-

1994 1323 2148 1378 bant.

2065 1611 2255 1666 XXVI.
2297 1613 2413 1667 Sub
2441 1615 2544 1668 hoc
2574 1623 2787 1684 tempus
2816 1616 3096 1670 eminebat
3127 1617 3587 1671 sceleratissimus

1994 1703 2255 1769 Carbeas,
2303 1705 2386 1760 vir
2411 1707 2479 1760 ad
2507 1707 2917 1761 subornandam
2948 1708 3162 1776 plebem
3199 1718 3413 1770 acutus,
3440 1709 3590 1760 calli-

1994 1798 2098 1852 dus
2129 1797 2196 1851 ad
2223 1813 2286 1851 ea
2313 1800 2661 1865 occultanda,
2705 1817 2828 1868 qua:
2864 1801 3065 1854 efferre
3099 1817 3199 1870 par
3228 1817 3338 1854 non
3369 1812 3506 1864 erat,
3534 1791 3589 1854 et

1993 1892 2062 1946 ad
2092 1892 2197 1945 alia
2230 1893 2634 1961 persuadenda,
2673 1909 2836 1962 quam
2868 1910 2993 1963 qua:
3027 1895 3082 1946 in
3116 1894 3282 1948 corde
3318 1894 3584 1956 latebant,

1993 1985 2195 2038 nullam
2234 2000 2420 2038 revera
2457 1995 2653 2039 tenens
2706 1986 2905 2048 ﬁdem,
2955 1988 3159 2057 quippe
3206 1987 3297 2056 qui
3347 1986 3586 2040 Arabum

1993 2079 2314 2149 religionem
2345 2094 2403 2134 se
2440 2079 2699 2133 admirari
2761 2081 3044 2134 simularet
3081 2100 3093 2135 :
3137 2090 3396 2134 caeterum
3453 2096 3586 2147 apo-

1993 2171 2173 2224 stasia:
2232 2179 2532 2224 amatorem
2585 2181 2641 2225 et
2680 2171 2787 2225 dici
2837 2184 2892 2225 et
2932 2172 3240 2226 existimari
3289 2173 3486 2226 honori
3535 2183 3590 2224 et

1993 2263 2178 2331 gloriae
2207 2262 2310 2316 sibi
2342 2278 2464 2316 esse
2499 2263 2756 2325 ducebat,
2791 2278 2970 2332 neque
3000 2263 3210 2316 bellicae
3245 2263 3323 2315 rei
3356 2262 3588 2329 imperi-

1997 2362 2082 2407 tus
2114 2363 2253 2407 erat.
2286 2353 2653 2418 Quamobrem
2690 2369 2813 2407 cum
2845 2351 3148 2422 apostatica
3176 2351 3265 2404 illa
3293 2351 3589 2404 multitudo

1988 2445 2100 2514 jam
2130 2461 2196 2499 eo
2249 2445 2578 2498 incrementi
2629 2445 2888 2506 venisset,
2923 2454 2984 2498 ut
3017 2445 3314 2498 militarem
3361 2459 3588 2497 manum

1995 2538 2346 2606 suppeditare
2377 2546 2582 2606 posset,
2615 2539 2683 2592 ad
2714 2537 2998 2606 imperium
3029 2537 3096 2591 ab
3120 2536 3209 2590 illa
3233 2544 3456 2590 evectus
3481 2543 3587 2596 est,

1997 2637 2187 2697 utpote
2213 2629 2306 2697 qui
2339 2628 2728 2698 impiissimum
2760 2639 2964 2684 coetum
2992 2637 3048 2682 et
3071 2643 3274 2700 augere
3301 2637 3356 2681 et
3388 2628 3590 2681 conﬁr-

2005 2737 2161 2775 mare
2181 2737 2342 2791 posse
2366 2722 2704 2776 crederetur.
2720 2722 2856 2777 Cum
2873 2731 3058 2776 autem
3080 2721 3324 2790 Oppiduli
3341 2720 3591 2791 angustia

1997 2829 2216 2883 pressos
2246 2821 2496 2867 cerneret
2527 2814 2798 2878 subditos,
2833 2815 2994 2867 aliam
3042 2813 3364 2883 ampliorem
3395 2812 3589 2865 hrbcm

1997 2907 2275 2970 excitavit,
2322 2923 2484 2976 quam
2533 2906 2860 2974 Tephricam
2911 2905 3253 2968 nominavit,
3306 2904 3592 2974 ipsamque

2000 3000 2329 3069 sequacibus
2361 3001 2477 3054 suis
2512 3001 2859 3055 incolendam
2907 3001 3078 3063 dedit,
3115 3010 3175 3055 ut
3210 2999 3590 3052 imminentem

1999 3091 2368 3146 Mclitinornm
2426 3093 2770 3161 tyrannidem
2817 3092 3137 3146 declinaret.
3184 3092 3323 3147 Nam
3377 3089 3593 3144 etiamsi

311 3183 710 3253 ἐπιφερομένην
740 3182 854 3236 τῶν
880 3183 1245 3237 Μελιτινιτῶν
1293 3183 1408 3252 (80)
1454 3183 1767 3236 ἀποκλίνων
1798 3201 1891 3236 τυ·-

2003 3189 2160 3242 initio
2228 3189 2644 3259 perhumaniter
2692 3191 2760 3243 ab
2809 3189 2917 3244 illis
2973 3190 3186 3258 excepti
3225 3188 3486 3250 fuissent,
3541 3196 3595 3240 ct

307 3277 528 3345 ρπδίδα.
580 3278 698 3329 Καὶ
729 3277 842 3347 γὰρ
881 3279 930 3329 εί
958 3277 1079 3329 κατ’
1109 3278 1286 3347 ἀρχὰς
1323 3276 1667 3348 φιλοφρόνως
1699 3276 1896 3330 ὑπεδέ-

305 3370 457 3434 ξτντο,
510 3371 644 3424 ἀλλ’
688 3367 784 3424 οὖν
840 3361 1216 3433 πλουτοῦντας
1259 3371 1522 3440 ὁρῶντες,
1580 3370 1679 3425 καὶ
1731 3371 1896 3424 πλέον

310 3456 367 3514 ὧν
394 3466 663 3535 ἡλπιζον,
700 3465 823 3526 ταῖς
867 3463 992 3517 καθ’
1031 3464 1254 3534 ἡμέραν
1301 3462 1636 3535 λῃστρικαῖς
1687 3462 1898 3531 ἐφόδοις

310 3559 370 3637 εἰς
386 3557 672 3627 εὐπορίαν
700 3557 1041 3622 ἐπιδιδόντας
1065 3558 1167 3609 οὐκ
1189 3556 1270 3609 ἔτι
1285 3557 1379 3610 τὸν
1407 3555 1688 3627 ὀφθαλμὸν
1707 3550 1897 3620 αὐτοῖς

297 3651 616 3704 ἐπισὰλλειν
658 3649 862 3718 φθόνου
905 3652 1079 3722 χωρὶς
1122 3649 1218 3705 καὶ
1253 3649 1574 3714 πλεονεξίας
1605 3648 1892 3718 ἠδύναντο.

295 3745 376 3795 Διὸ
401 3742 968 3815 λαφυραγωγοῦντες
1016 3743 1218 3806 αὐτοὺς
1266 3741 1491 3812 τέχναις
1522 3741 1752 3804 πολλαῖς
1799 3739 1899 3793 καὶ

295 3835 541 3902 ganeam;
579 3836 686 3888 οὐκ
728 3834 1004 3888 ἐνέλιπον.
1039 3834 1159 3888 Μία
1192 3833 1375 3886 τοίνυν
1406 3834 1503 3886 καὶ
1527 3833 1681 3903 ἀὐτὴ
1724 3831 1896 3896 αἰτία,

287 3926 352 3978 δι’
375 3929 440 3999 ἣν
468 3929 559 3992 ὡς
598 3929 878 3998 ἀπωτέρω
907 3929 1009 4000 τῆς
1039 3928 1321 3999 προτέρας
1343 3913 1617 3998 οἰκήσεως
1651 3925 1899 3989 πολίζειν

286 4019 423 4087 ἔγνω
463 4021 536 4074 τὸ
579 4021 851 4089 ὑπήκοον.
888 4021 1012 4073 Ἐτι
1043 4019 1101 4072 δέ
1127 4021 1251 4073 ’καὶ
1296 4019 1378 4090 τῷ
1411 4018 1760 4088 ἀνεπιμίκτῳ
1787 4017 1899 4071 τῶν

287 4114 463 4168 ἄλλων
497 4113 831 4187 ἀνθρώπων
859 4117 942 4179 εἰς
970 4116 1072 4180 τὰς
1093 4115 1476 4186 δαιμονιώδεις
1501 4119 1596 4168 καὶ
1629 4116 1896 4179 ἐκτύπους

283 4207 388 4258 τῶν
432 4206 736 4278 πράξεων,
791 4206 887 4260 ἆτε
936 4207 1002 4277 δὴ
1038 4205 1162 4260 καθ’
1213 4207 1446 4269 ἑαυτοὺς
1499 4206 1683 4268 ὄντας,
1722 4204 1898 4268 ἀδεῶς

283 4303 485 4370 χωρεῖν
537 4299 641 4352 καὶ
686 4300 788 4353 σὺν
823 4299 1114 4371 παρρησίᾳ
1177 4298 1608 4369 προνοούμενος,
1657 4298 1753 4351 Ἐκ
1782 4314 1898 4366 γειο

1999 3290 2132 3336 tunc
2159 3297 2284 3335 eum
2317 3281 2438 3337 illos
2465 3282 2667 3337 divites
2701 3299 2822 3338 esse
2850 3292 3145 3337 cernerent
3174 3298 3238 3336 ac
3260 3281 3595 3352 quotidianis

1995 3372 2497 3442 deprzedationibus
2521 3389 2707 3428 rerum
2738 3375 2895 3444 copia
2926 3382 3261 3437 crescentes,
3297 3388 3407 3424 non
3441 3379 3595 3440 pote-

1997 3473 2122 3518 rant
2156 3480 2252 3520 eos
2277 3467 2400 3521 sine
2434 3466 2641 3521 invidia
2666 3475 2723 3522 et
2755 3467 3056 3537 cupiditate
3081 3466 3377 3536 respicere.
3411 3462 3593 3530 Quare

1995 3570 2105 3608 non
2162 3555 2454 3610 cessabant
2500 3551 2582 3612 eis
2625 3557 2910 3620 insidiari,
2957 3566 3016 3611 ut
3065 3556 3243 3628 spolia
3293 3553 3592 3624 eriperent.

1996 3651 2130 3717 Qua:
2152 3651 2374 3721 quidem
2407 3667 2516 3705 una
2544 3651 2645 3722 ipsi
2673 3667 2839 3707 causa
2869 3650 2993 3716 fuit,
3020 3667 3120 3705 cur
3149 3650 3341 3722 procul
3364 3665 3394 3703 a
3415 3648 3593 3718 prima

1996 3743 2332 3798 habitatione
2356 3745 2605 3800 subditos
2635 3760 2787 3799 suam
2814 3744 3002 3799 sedem
3034 3759 3239 3814 ponere
3262 3740 3589 3796 decreverit.

1995 3837 2079 3892 Ad
2112 3838 2231 3892 haec
2258 3845 2441 3892 autem
2473 3838 2722 3900 curabat,
2755 3846 2815 3891 ut
2842 3837 3080 3907 separati
3114 3851 3144 3890 a
3167 3835 3384 3890 caeteris
3411 3834 3592 3887 horni-

1997 3929 2185 3994 nibus,
2219 3931 2576 3986 daemoniacis
2605 3939 2658 3985 et
2680 3931 2938 3986 absurdis
2970 3931 3134 3984 rebus
3168 3929 3401 3984 seorsim
3426 3926 3590 3997 positi

2000 4023 2233 4078 liberius
2272 4035 2327 4078 et
2358 4040 2484 4078 cum
2525 4025 2722 4078 liducia
2758 4031 3041 4078 vacarent.
3074 4023 3212 4078 Cum
3255 4020 3400 4076 enim
3432 4028 3592 4074 antea

2004 4115 2219 4171 vicinos
2267 4117 2536 4171 haberent
2564 4117 2890 4181 Saracenos,
2925 4130 3116 4169 eorum
3163 4113 3326 4168 simul
3375 4112 3512 4166 ritus
3541 4119 3594 4164 et

2005 4222 2135 4261 suos
2159 4207 2564 4273 observabant;
2597 4208 2696 4263 sed
2725 4222 2917 4261 eorum
2953 4205 3095 4260 ritus
3129 4204 3396 4260 theatrico
3417 4217 3592 4263 more,

2008 4314 2138 4353 suos
2168 4315 2301 4353 vero
2327 4301 2562 4372 mystico
2588 4301 2760 4355 cultu.

281 4395 454 4448 τόνων
492 4395 616 4464 γὰρ
649 4393 868 4463 ἔχοντες
898 4397 1166 4466 πρότερον
1205 4396 1335 4456 τοὺς
1389 4393 1770 4464 Σαρακηνοὺς,
1810 4393 2069 4448 ἐσέϐοντο
2111 4397 2210 4467 μὲν
2254 4397 2369 4466 (81)
2413 4397 2484 4449 τὰ
2548 4395 2749 4462 αὐτῶν,
2791 4393 3045 4448 ἐσέϐοντο
3117 4391 3174 4444 δὲ
3211 4391 3306 4444 καὶ
3345 4389 3415 4443 τὰ
3448 4387 3591 4442 ἐκεί-

283 4505 393 4544 νων
415 4509 430 4521 ·
465 4490 620 4544 ἀλλὰ
651 4491 732 4543 “ad.
748 4491 848 4560 μὲν
875 4490 988 4561 (82)
1022 4490 1251 4542 ἐκείνων
1273 4489 1679 4557 θεατρίζοντες,
1710 4491 1778 4541 τὰ
1809 4487 1865 4540 δέ
1900 4491 2078 4544 οἰκεῖα
2105 4493 2631 4564 μυστηριαζόμενοι.
3331 4490 3333 4492 ’

352 4594 497 4646 KZ’.
555 4591 684 4642 Ἐπί⁸
720 4587 937 4651 τούτοις
989 4588 1059 4640 δέ·
1092 4587 1188 4640 καὶ
1215 4586 1506 4656 ἐπίκαιρος
1551 4585 1730 4639 ἐδόκει
1762 4585 1893 4656 πρὸς

2019 4617 2025 4623 -
2081 4590 2295 4646 XXVII.
2337 4592 2611 4647 Praaterea
2657 4592 2790 4646 urbs
2836 4591 2924 4646 illa
2958 4608 2988 4646 a
3018 4604 3077 4647 Se
3126 4599 3332 4647 structa
3387 4602 3591 4656 oppor-

282 4685 382 4748 τΞις
418 4681 795 4752 καταδρομὰς
845 4685 947 4750 τῆς
992 4681 1311 4750 Ῥωμαῖκῆς
1363 4681 1540 4749 ἀρχῆς
1581 4679 1648 4747 ἢν
1694 4679 1900 4750 ἀνέστη

281 4778 472 4831 πόλιν.
507 4776 737 4831 Μᾶλλον
775 4791 836 4826 τε
868 4776 980 4844 γὰρ
1003 4772 1308 4842 ἐπλησίαζε
1345 4775 1458 4834 τοῖς
1495 4771 1666 4840 αὐτῆς
1700 4771 1894 4838 ὁρίοις.

292 4872 470 4925 Ἀλλὰ
491 4871 596 4924 καὶ
626 4868 682 4922 εἴ
698 4886 782 4932 τις
803 4867 1128 4936 αὐτομολεῖν
1158 4867 1369 4920 ἐκεῖθεν
1388 4865 1644 4918 ἐϐούλετο
1664 4866 1772 4919 τῶν
1796 4867 1897 4936 τὴν

282 4960 469 5037 αὐτὴν
528 4962 794 5018 ἀσέϐειαν
847 4961 1141 5029 ἐγκὸλπιον
1197 4961 1500 5030 φερόντων,
1536 4959 1897 5029 ἑτοιμοτέραν

2007 4692 2139 4739 tuna
2174 4683 2459 4739 videbatur
2487 4698 2608 4738 esse
2637 4683 2709 4738 ad
2740 4684 3049 4738 Romanum
3079 4683 3372 4752 imperimn
3402 4681 3592 4734 incur-

2007 4777 2259 4838 sandum,
2297 4785 2488 4846 utpote
2536 4777 2679 4830 illius
2721 4776 2928 4830 ﬁnibus
2952 4775 3208 4829 vicinior.
3243 4773 3388 4837 Quin
3427 4770 3594 4826 etiam

2008 4863 2052 4918 si
2081 4865 2206 4932 quis
2256 4864 2386 4918 inde
2430 4863 2775 4934 transfugere
2821 4863 2986 4918 vellet
3019 4879 3086 4917 ex
3131 4863 3223 4926 iis,
3275 4861 3369 4933 qui
3416 4860 3595 4915 eidem

2009 4957 2274 5027 impietati
2324 4957 2789 5020 assentiebantnr,
2847 4955 3175 5026 paratiorem
3209 4956 3279 5012 ad
3329 4955 3514 5027 fugam
3542 4963 3599 5010 et

1406 5093 1646 5148 VAlll/E
1685 5093 2076 5149 LECTIONES
2119 5094 2209 5148 ET
2246 5093 2475 5150 ΝΟΤᾹΞ.

365 5220 492 5292 (75)
533 5219 810 5292 Καιρούς.
839 5216 1040 5292 Noster
1077 5216 1324 5292 καιριᾲς.
1357 5212 1647 5288 mendose.

363 5286 489 5361 ('76)
531 5290 838 5361 Kap6éqc._
881 5287 958 5361 lla
979 5286 1276 5361 rescripsi
1304 5301 1371 5361 ex
1403 5286 1596 5361 uestro
1616 5299 1736 5361 ιρι-(λ
1759 5300 1901 5351 καρα-

292 5353 480 5423 ﬁet-21¢
513 5359 839 5413 Coisliniani
879 5359 1124 5413 (Indicis.
1178 5356 1476 5410 Nobiscum
1525 5353 1655 5406 facit
1703 5353 1901 5408 Petrus

295 5433 556 5488 Siculus.
583 5446 638 5498 p.
669 5430 761 5489 7‘2,
796 5437 850 5482 et
881 5429 1190 5491 Cedrenus,
1217 5443 1288 5498 ρ.
1307 5426 1436 5490 444,
1462 5425 1552 5494 qui
1593 5439 1706 5476 rem
1733 5425 1900 5487 hanc,

297 5512 470 5574 prout
500 5497 654 5572 gesui
677 5510 797 5574 est,
831 5499 958 5574 data
982 5515 1147 5568 opera
1181 5497 1397 5551 recitat.

371 5565 529 5636 (774v
551 5571 830 5638 Ἀράϐων.
870 5565 1059 5630 llecte,
1099 5585 1196 5637 pro
1219 5584 1329 5636 quo
1366 5576 1551 5638 noster
1588 5565 1900 5636 Ἀρράὀων,

370 5633 494 5712 (78)
553 5633 915 5710 Ἐξιιπειριάςκ
972 5633 1140 5694 Addit
1165 5633 1357 5693 noster
1391 5633 1499 5706 ἦν,
1555 5633 1900 5706 (ιυόιαηιοη

300 5726 448 5782 ιηηις
491 5730 602 5766 11011
629 5723 734 5768 εει.

376 5786 494 5850 (79)
547 5784 859 5850 Τερρηιήν.
897 5780 972 5836 Ita
998 5790 1148 5834 recte
1176 5790 1385 5837 noster.
1423 5793 1523 5850 pro
1557 5793 1667 5844 quo
1696 5775 1898 5850 (Eoisli-

307 5847 514 5911 nianus
550 5847 688 5908 male
725 5852 984 5922 Τεφικύν,
1013 5853 1170 5922 pejus
1211 5851 1406 5906 Petrus
1447 5849 1664 5905 Siculus
1707 5847 1897 5918 Τιϐρι-

2003 5213 2130 5281 κήν.
2159 5213 2266 5266 Pro
2299 5220 2487 5265 nostra
2525 5212 2826 5280 scriptione
2861 5210 2990 5265 facit
3029 5219 3086 5266 et
3109 5211 3284 5265 codex
3312 5207 3594 5263 Colberti-

2001 5299 2130 5343 nus,
2163 5293 2218 5336 et
2247 5282 2552 5340 Cedrenus,
2593 5299 2645 5350 p.
2676 5283 2802 5336 444.

2077 5354 2190 5422 (80)
2211 5349 2628 5407 Μελιτινιτῶκ.
2651 5353 2840 5418 Recte,
2867 5369 2966 5422 pro
2991 5368 3102 5422 quo
3121 5360 3310 5406 noster
3333 5349 3597 5405 mendose

2002 5424 2374 5479 Μελιπνιτῶν.

2079 5496 2190 5566 (81)
2230 5496 2506 5566 Ἕσεϐον.
2543 5494 2786 5564 Bis..pro
2824 5509 2934 5563 quo
2962 5496 3224 5566 utrinque
3255 5501 3442 5546 noster
3473 5490 3595 5543 ἐσέ-

2004 5564 2185 5619 ϐοντο.
2220 5565 2328 5619 Sed
2367 5567 2510 5620 bene
2541 5566 2708 5619 habet
2739 5573 2972 5634 utraque
3003 5565 3154 5618 verbi
3184 5564 3380 5634 forma.

2075 5637 2187 5706 (8‘2)
2236 5637 2425 5689 Ἀλλὰ
2466 5636 2540 5688 τὰ
2594 5636 2728 5704 μέν.
2765 5633 2974 5689 Sensus
3020 5643 3139 5696 est,
3195 5633 3595 5706 saracenornm

2002 5704 2253 5760 instituta
2284 5722 2380 5760 eos
2411 5706 2630 5776 publice
2677 5715 2734 5760 et
2784 5707 2839 5758 in
2869 5714 3172 5773 conspectu
3208 5705 3461 5766 aliorum,
3497 5704 3593 5756 do-

2001 5778 2228 5833 mestica
2267 5793 2398 5833 vero
2428 5778 2569 5832 clam
2609 5785 2666 5832 et
2693 5776 2907 5832 OCClllle
2937 5783 3179 5830 sectatos
3219 5789 3361 5830 CSSC.
