3986 6498
239 339 304 405 ὦ
1404 355 1701 417 CONTRA
1732 312 2197 414 MANICI-mz'os
2239 351 2473 413 LIBER
2508 355 2557 414 Ι.
3486 351 3559 417 86

906 458 1128 512 ΛΟΓΟΣ
1168 460 1243 514 Β⁰.

443 544 753 614 Ἀπορέω
778 548 877 602 καὶ
906 551 1123 615 λύσεις
1156 549 1277 606 τῶν
1308 556 1674 622 Μανιχαίων.

302 638 381 686 A’.
426 636 498 687 ΕΞ
532 637 570 688 ὁ
621 639 865 707 Ἀγαθὸς
899 641 1004 711 μὲν
1035 642 1136 710 τὴν
1157 644 1336 715 ψυχὴν
1373 645 1729 718 δημιουργεῖ,
1758 649 1785 701 6
1814 648 1869 702 δὲ

239 726 477 796 πονηρὸς
509 729 585 781 τὸ
635 732 806 801 σῶμα
827 773 842 794 ,
876 733 997 796 πῶς
1027 734 1293 805 ἠνέσχετο
1331 737 1360 788 6
1407 738 1636 805 Ἀγαθὸς
1662 740 1871 812 ἐνωοῆ-

236 838 317 871 ναι
339 819 405 871 τὸ
432 821 695 890 πλάσμα
726 824 899 876 αὐτοῦ
921 824 999 894 τῷ
1023 825 1303 894 πλάσματι
1331 827 1443 896 (89)
1462 828 1557 882 τοῦ
1587 831 1867 901 Πονηροῦ;

236 911 355 974 ταὶς
389 911 448 964 δὲ
486 914 595 964 καὶ
640 915 914 984 ὑπέμεινε
937 918 1036 988 τὴν
1061 917 1256 972 ἕνωσιν
1280 920 1308 971 6
1339 921 1615 992 Πονηρός;
1662 923 1727 975 'H
1760 923 1868 995 γὰρ

237 1004 432 1062 ἒνωσις
476 1004 513 1073 ἢ
572 1006 995 1078 ἀγαθοποιήσει
1040 1009 1100 1062 τὸ
1141 1010 1302 1080 σῶμα
1326 1051 1340 1074 ,
1376 1012 1513 1081 ὅπερ
1555 1012 1614 1064 οὐ
1642 1014 1750 1084 χρὴ
1778 1015 1869 1067 τὸν

252 1094 483 1163 Ἀγαθὸν
512 1097 626 1149 τοῦ
653 1100 848 1153 Κακοῦ
870 1102 933 1153 τὸ
948 1101 1502 1172 ἔργονξὰγαθοποιεῖψ
1521 1105 1555 1173 ἢ
1570 1109 1871 1178 κακοποιή-

240 1204 323 1237 σει
348 1188 449 1256 τὴν
475 1189 707 1259 ψυχὴν,
734 1193 877 1262 ὅπερ
918 1194 1054 1246 πολὺ
1100 1194 1467 1266 ἁτοπώτέρον,
1502 1198 1770 1269 ⁴ἡττᾶσθαι
1810 1200 1870 1253 τὸ

239 1278 661 1350 δημιούργημα
690 1285 791 1336 τού
825 1285 966 1337 Θεοῦ
1000 1286 1106 1339 ὑπὸ
1133 1285 1232 1338 τοῦ
1265 1288 1595 1358 πλάσματος
1631 1290 1729 1344 τοῦ
1764 1292 1870 1345 Πο-

242 1371 432 1441 νηροῦ.
455 1376 629 1427 Διατί
665 1376 726 1428 δὲ
761 1377 860 1429 καὶ
894 1378 1159 1449 ἠνέσχετο
1176 1381 1204 1432 ὁ
1230 1381 1437 1449 ἀγαθὸς
1463 1381 1597 1445 Θεὸς
1618 1384 1680 1437 τὸ
1708 1384 1869 1456 ἔργον

248 1464 405 1517 αὑτοῦ
445 1466 747 1538 ἐνωθῆναι
778 1468 857 1539 τῷ
893 1469 1043 1541 ἔργῳ
1086 1471 1180 1524 τοῦ
1218 1472 1498 1543 Πονηροῦ,
1542 1476 1638 1529 καὶ
1684 1494 1869 1530 κακω-

254 1557 404 1625 θῆναι
432 1557 532 1608 ὑπ’
566 1560 752 1613 αὑτοῦ
782 1578 797 1626 ;
825 1562 854 1613 6
913 1563 1158 1634 Πονηρὸς
1200 1565 1258 1618 δὲ
1298 1565 1463 1621 πάλιν
1495 1568 1616 1630 πῶς
1656 1568 1867 1639 ὑπέστη

255 1647 633 1715 αγαθύνεσθαι
684 1651 748 1703 τὸ
792 1652 955 1721 ἔργον
989 1654 1155 1708 αὐτοῦ
1185 1654 1321 1726 (90);
1358 1658 1530 1728 χωρὶς
1564 1657 1624 1709 δὲ
1652 1658 1762 1712 τῶν
1789 1660 1868 1712 εἰ·

264 1742 504 1809 ρημένων
551 1740 654 1805 τίς
687 1744 985 1814 ἀπήρξατο
1012 1745 1115 1815 τῆς
1144 1745 1393 1812 ἑνώσεως
1420 1765 1435 1814 ;
1479 1748 1541 1802 Et
1577 1750 1677 1818 μὲν
1704 1751 1815 1822 γὰρ
1838 1751 1868 1802 6

276 1833 513 1901 Ἀγαθὸς,
542 1835 681 1899 πῶς
722 1837 828 1889 οὐκ
868 1837 1126 1909 ἐκακώθη
1170 1838 1316 1892 κατὰ
1352 1839 1512 1893 τοῦτο
1539 1840 1603 1893 τὸ
1629 1841 1866 1914 πονηρὸν

279 1925 422 1996 ἔργον
462 1924 973 1997 προσλαῦόμενος;
1019 1929 1068 1980 εἰ
1113 1928 1170 1981 δὲ
1222 1930 1251 1981 6
1297 1930 1562 2001 Πονηρὸς,
1596 1931 1758 2001 δῆλον
1791 1932 1867 1996 ὡς

288 2019 368 2068 καὶ
393 2017 541 2079 αὐτὸς
567 2018 877 2091 ἡγαθύνθη
903 2020 1044 2073 κατὰ
1068 2021 1243 2088 τοῦτο,
1283 2022 1462 2092 ἔρωτα
1486 2022 1667 2077 λαϐὼν
1706 2023 1869 2094 Ἀγα-

285 2109 365 2161 Θοῦ
388 2110 912 2180 δημιουργήματος,
928 2113 1065 2165 τότε
1100 2113 1331 2182 Ἀγαθὸν
1354 2116 1579 2181 γέγονεν
1612 2116 1730 2186 ἅμα
1757 2118 1867 2169 Πο-

282 2200 433 2269 νηρόν
458 2218 516 2253 τε
540 2204 641 2253 καὶ
680 2201 944 2270 ’Λγαθόν.
986 2203 1050 2255 Ἠ
1081 2205 1192 2274 γὰρ
1231 2204 1427 2269 ἓνωσις
1454 2206 1555 2277 τὴν
1600 2207 1865 2279 ἐκατέρου

284 2295 433 2363 φύσιν
453 2297 519 2365 τῇ
541 2312 745 2347 κοινων
755 2295 813 2366 ίᾳ
839 2298 1161 2367 συγχέουσα,
1175 2300 1236 2353 τό
1254 2316 1313 2352 τε
1336 2300 1534 2354 οἰκεῖον
1556 2300 1869 2373 ἐλωϐήσατο

295 2388 387 2439 καὶ
407 2388 469 2440 τὸ
489 2388 767 2457 ἀλλότριον
800 2390 1121 2459 ᾠκειώσατο
1144 2407 1157 2422 ·
1190 2392 1335 2446 ὥστε
1360 2395 1455 2446 καὶ
1482 2397 1510 2447 6
1535 2395 1741 2464 ἀγαθὸς
1770 2413 1870 2448 πο-

307 2483 457 2550 νηρόν
476 2499 527 2533 τε
548 2483 651 2552 ἅμα
679 2483 787 2535 καὶ
818 2485 1023 2552 ἀγαθὸν
1055 2487 1225 2539 ἐποίει
1268 2488 1328 2541 τὸ
1354 2487 1516 2557 ἔργον
1550 2489 1738 2555 αὑτοῦ,
1770 2490 1869 2543 καὶ

298 2575 563 2643 6110-21796;
596 2577 851 2647 πονηρόν
876 2595 934 2630 τε
956 2579 1074 2649 ἅμα
1106 2581 1199 2632 καὶ
1229 2580 1455 2648 ἀγαθόν.
1489 2575 1565 2634 Οὖ
1596 2582 1647 2635 τί
1681 2581 1748 2636 ἂν
1780 2583 1869 2654 εἴη

288 2666 627 2735 ἀνοητότερον
654 2668 691 2738 ἢ
736 2668 1123 2740 ἁτοπώτερον;
1154 2670 1313 2725 Οὕτω
1356 2673 1455 2743 μὲν
1479 2668 1591 2736 οὖν,
1632 2676 1682 2727 εἰ
1725 2691 1867 2744 συμ-

287 2759 503 2828 mare;
532 2763 603 2831 τῇ
645 2761 765 2814 τῶν
806 2764 985 2832 ἔργων
1010 2764 1345 2835 δημιουργίᾳ
1389 2766 1483 2817 καὶ
1515 2765 1787 2836 ήένωσιςυ
1820 2767 1869 2820 εἰ

285 2851 325 2903 δ’
347 2846 408 2922 ἦν
437 2851 696 2922 αλλήλων
730 2854 865 2907 ποτὲ
890 2857 1273 2926 κεχωρισμένα
1302 2857 1477 2909 ταῦτα
1503 2858 1596 2911 καὶ
1626 2857 1717 2926 ὑερ’
1740 2859 1871 2910 ἑκα-

285 2942 421 3011 τέρου
452 2945 714 2998 πλάστου
744 2949 1000 3019 προνοίας
1028 2964 1086 2999 τε
1111 2949 1206 3001 καὶ
1233 2949 1553 3019 ἐπιμελείας
1586 2950 1646 3002 τὸ
1668 2951 1868 3003 οἰκεῖον

292 3035 482 3107 aliaat:
507 3039 773 3107 ἠξιοῦτο,
816 3040 1013 3109 ἀμιγὲς
1042 3040 1478 3111 συντηρούμενον
1502 3041 1597 3094 τοῦ
1631 3042 1871 3095 ἀντικει-

295 3133 441 3199 μένην,
472 3134 566 3198 τίς
598 3130 675 3205 ἦν
704 3135 868 3198 αὐτὸς
892 3136 920 3187 6
947 3136 1069 3187 τότε
1090 3136 1189 3206 τῆς
1210 3136 1541 3206 διακρίσεως
1570 3136 1864 3208 λογισμός;
1895 3161 1938 3217 c

286 3224 361 3277 καὶ
398 3225 573 3278 πόθεν
611 3225 847 3297 ὕστερον
886 3230 967 3291 είς
1006 3228 1106 3300 τὴν
1146 3229 1247 3298 τῆς
1290 3228 1540 3293 ὲνώσεως
1569 3229 1871 3302 ἠλλοιώθη-

282 3334 395 3381 σαν;
423 3320 494 3371 Ἦ
522 3319 653 3389 γὰρ
678 3320 947 3392 πρότερον
971 3322 1106 3391 πρὸς
1134 3322 1196 3374 τὸ
1225 3324 1425 3374 οἰκεῖον
1463 3323 1742 3392 συμφέρον
1773 3323 1871 3377 καὶ

283 3410 449 3465 ἑαυτοῦ
485 3416 601 3465 καὶ
632 3412 733 3465 τοῦ
772 3414 1097 3485 πλάσματος
1147 3416 1435 3486 συνετήρει
1467 3416 1732 3487 ἐκᾶτερος
1771 3417 1870 3469 ἀν-

289 3506 601 3572 επίμικτον,
643 3507 677 3577 ἢ
731 3506 1054 3579 ἀσύμφορον
1083 3509 1361 3579 εὑρόντες,
1395 3509 1606 3561 ἐκεῖθεν
1627 3512 1872 3580 ἐσωφρο-

284 3597 521 3669 νίσϐησαν
571 3600 721 3670 πρὸς
753 3600 850 3670 τὴν
884 3601 1101 3654 ἕνωσιν.
1145 3603 1256 3654 Καὶ
1282 3604 1455 3665 πόσας
1480 3602 1645 3663 ἄλλας
1676 3603 1870 3655 δυσσε-

274 3690 405 3752 ίείας
451 3708 519 3744 τε
601 3693 703 3744 καὶ
750 3692 938 3754 ἀνοίας
987 3692 1143 3763 βρύει
1184 3695 1218 3763 ἡ
1268 3694 1459 3764 πρώτη
1518 3694 1617 3763 τῆς
1661 3694 1871 3765 πλάνης

271 3782 520 3846 ὑπόθεσις
545 3782 707 3837 οὕτω
727 3784 992 3855 θεομάχον
1012 3803 1070 3837 τε
1103 3785 1197 3838 κα)⁸
1226 3786 1469 3856 ἐμμανὲς
1496 3786 1592 3839 καὶ
1618 3786 1870 3856 ἀνόητον,

266 3877 323 3929 τὸ
366 3878 537 3932 ἄλλον
608 3880 708 3949 μὲν
749 3881 847 3951 τῆς
900 3881 1103 3952 ψυχῆς,
1147 3880 1336 3952 ἕτερον
1373 3881 1431 3934 δὲ
1474 3880 1569 3934 τοῦ
1618 3880 1872 3951 σώματος

262 3970 619 4044 δημιουργὸν
645 3974 1035 4045 τερατεύεσθαι
1066 3976 1080 4029 l

328 4240 405 4292 B'.
452 4240 541 4292 Τὸ
577 4238 637 4291 δὲ
667 4238 902 4308 φάσκειν
947 4240 1077 4302 τοὺς
1113 4240 1172 4291 ἐν
1214 4240 1280 4310 τῇ
1339 4237 1518 4312 πλάνῃ
1561 4237 1872 4310 κατεχομέ-

262 4349 382 4395 νους
409 4333 497 4394 ὡς
547 4332 760 4401 ἐνοχλεί
792 4332 940 4401 ἡμᾶς
976 4332 1111 4402 πρὸς
1159 4332 1358 4386 κακίαν
1396 4334 1424 4385 6
1457 4332 1736 4403 Πονηρὸς,
1772 4333 1874 4402 τῆς

260 4424 539 4496 ἀληθείας
572 4426 744 4489 ἐστὶν,
799 4424 914 4477 ἀλλ’
955 4426 1015 4477 οὐ
1061 4427 1159 4496 τῆς
1200 4424 1410 4496 πλάνης
1449 4425 1585 4489 ὁδός.
1619 4426 1732 4480 Καὶ
1760 4426 1872 4497 γὰρ

1898 467 1946 521 Α

2608 462 2839 517 SERMO
2876 463 2941 516 Il.

2255 556 2428 610 Dubia
2463 565 2512 609 et
2541 555 2826 609 solutiones
2843 556 3273 609 Maniclta'orum.

2047 648 2084 701 Ι.
2112 647 2166 701 Si
2204 649 2388 702 Bonus
2418 646 2606 718 (Deus)
2631 649 2865 701 animam
2907 646 3126 716 quidem
3167 646 3388 713 format,
3444 648 3557 702 Ma-

1974 740 2057 794 lus
2075 756 2202 793 vero
2221 755 2442 809 corpus,
2466 740 2739 808 quomodo
2764 738 2945 793 Bonus
2970 739 3059 792 ille
3080 748 3383 793 creaturam
3406 755 3560 795 suam

1973 848 2095 885 cum
2125 841 2376 886 creatura
2430 831 2552 884 Mali
2593 831 2751 885 istius
2785 831 3043 901 conjungi
3076 847 3268 901 passus
3295 830 3417 885 est?
3451 833 3560 885 inm

1972 920 2067 990 qui
2120 919 2569 989 coniunctionem
2622 918 2869 973 eamdem
2936 917 3108 973 Malus
3158 919 3410 974 admisit?
3465 929 3562 973 aut

1973 1013 2119 1066 enim
2159 1011 2486 1080 compositio
2520 1010 2612 1063 illa
2646 1011 2847 1062 bonum
2895 1007 3094 1064 efﬁciet
3146 1024 3366 1077 corpus,
3414 1010 3562 1077 quod

1973 1114 2121 1159 certe
2144 1120 2251 1157 non
2270 1104 2543 1165 convenit.
2562 1102 2688 1171 quia
2718 1102 2796 1155 sic
2819 1100 3031 1154 Bonum
3059 1099 3183 1154 Mali
3210 1100 3364 1169 operi
3392 1101 3562 1168 prod-

1972 1207 2117 1250 esset
2150 1214 2163 1249 :
2196 1205 2291 1249 aut
2346 1195 2541 1249 malam
2566 1194 2762 1248 elliciet
2799 1194 3058 1259 animam,
3115 1193 3170 1247 id
3227 1193 3373 1262 quod
3401 1194 3562 1263 longe

1972 1287 2114 1342 foret
2142 1287 2455 1347 absurdius,
2499 1286 2624 1356 quia
2664 1286 2769 1339 hoc
2823 1285 2987 1339 modo
3018 1284 3297 1355 opificium
3347 1285 3442 1339 Dei
3492 1287 3563 1338 ab

1972 1394 2139 1448 opere
2170 1378 2296 1431 mali
2333 1386 2706 1447 superaretur.
2740 1374 2874 1441 Quae
2905 1391 3037 1430 vero
3085 1391 3253 1429 causa
3308 1374 3432 1437 fuit,
3463 1391 3563 1429 cur

1973 1470 2118 1525 Deus
2146 1471 2324 1525 bonus
2350 1486 2489 1540 opus
2533 1485 2692 1524 suum
2740 1469 2891 1539 iungi
2923 1478 3204 1539 pateretur
3235 1468 3386 1538 operi
3416 1468 3562 1530 Mali,

1972 1579 2002 1617 a
2021 1576 2129 1632 quo
2163 1562 2305 1615 malo
2336 1562 2674 1626 inficeretur,
2703 1568 2757 1615 et
2789 1561 2881 1630 qui
2904 1561 3141 1616 vicissim
3163 1561 3433 1615 sustinuit
3458 1560 3565 1614 Ma-

1973 1656 2077 1719 lus,
2139 1665 2200 1708 ut
2232 1670 2371 1724 opus
2426 1671 2584 1709 suum
2634 1655 2957 1709 redderetur
3000 1653 3244 1708 bonum?
3290 1652 3562 1708 Praeterea

1974 1763 2105 1802 vero
2130 1747 2254 1816 quis
2281 1747 2497 1801 uniouis
2536 1747 2679 1801 illius
2723 1755 2913 1801 auctor
2934 1747 3053 1801 est?
3083 1746 3141 1801 Si
3180 1745 3383 1811 Bonus,
3424 1760 3563 1816 quo-

1973 1839 2136 1895 modo
2174 1840 2219 1895 is
2247 1854 2357 1893 non
2388 1840 2562 1913 malus
2578 1839 2807 1893 eﬂ'ectus
2836 1847 2940 1902 est,
2970 1838 3113 1894 malo
3144 1839 3368 1900 :scilieet
3394 1854 3564 1909 opere

1973 1940 2194 2003 recepto
2223 1950 2239 1999 ;
2267 1935 2352 1988 sin
2381 1933 2574 1997 Malus,
2602 1931 2951 1986 manifestum
2986 1940 3071 1986 est
3097 1947 3221 1986 eum
3263 1932 3318 1986 in
3348 1940 3562 1987 tantum

1972 2027 2182 2082 Bonum
2226 2027 2485 2091 evasisse,
2520 2041 2645 2080 cum
2674 2040 2859 2079 amore
2897 2025 2952 2078 in
2987 2025 3192 2079 bonum
3233 2042 3370 2096 opus
3393 2025 3564 2080 ferre-

1974 2129 2082 2182 tur,
2113 2120 2255 2173 sicut
2281 2118 2520 2172 vicissim
2560 2118 2769 2171 Bonum
2806 2116 2968 2171 simul
3014 2126 3069 2171 et
3111 2118 3315 2171 bonum
3357 2125 3414 2170 et
3455 2131 3565 2170 ma-

1972 2214 2084 2267 lum
2116 2212 2318 2266 factum
2344 2211 2603 2280 oportuit.
2635 2209 2963 2278 Coniunctio
2989 2209 3133 2263 enim
3166 2208 3255 2263 illa
3280 2210 3566 2277 utriusque

1971 2313 2224 2359 naturam
2247 2305 2486 2359 miscens
2512 2301 2918 2356 etconfundens
2948 2301 3022 2365 id,
3063 2302 3208 2370 quod
3259 2302 3429 2355 altera
3464 2301 3565 2354 ha-

1971 2398 2136 2453 bebat
2166 2397 2468 2467 proprium,
2516 2394 2715 2463 injuria
2768 2392 2966 2457 affecit,
3028 2394 3271 2447 alienum
3300 2408 3432 2447 vero
3460 2392 3564 2447 sibi

1970 2492 2289 2555 vindicavit,
2348 2490 2484 2544 adeo
2542 2499 2603 2543 ut
2665 2488 2921 2544 etBonus
2971 2502 3111 2557 Opus
3162 2501 3324 2551 suum
3370 2486 3564 2541 eadem

1972 2600 2137 2655 opera
2164 2585 2370 2639 bonum
2397 2600 2459 2638 ac
2504 2584 2731 2651 malum,
2764 2562 2935 2637 Malus
2968 2596 3100 2635 vero
3136 2580 3336 2634 malum
3361 2588 3417 2634 et
3463 2580 3567 2634 bo-

1971 2694 2103 2731 num
2129 2676 2387 2743 eilicerel,
2424 2693 2533 2747 quo
2583 2676 2719 2731 nihil
2765 2684 2947 2747 potest
2991 2688 3112 2729 esse
3149 2672 3236 2727 vel
3271 2673 3566 2727 absurdius

1972 2768 2056 2821 vel
2092 2767 2437 2821 insolentius.
2467 2768 2645 2838 Atque
2680 2768 2750 2821 ita
2783 2783 2870 2822 res
2903 2782 2962 2821 se
2999 2764 3225 2820 omnino
3261 2764 3469 2829 habuit,
3488 2762 3562 2816 si-

1972 2859 2359 2930 quidemiuxta
2386 2875 2508 2913 cum
2528 2860 2852 2913 formatione
2877 2874 3101 2929 operum
3134 2857 3349 2911 illorum
3378 2866 3431 2911 et
3448 2856 3565 2926 ipsa

1972 2949 2289 3019 coniunctio
2316 2950 2495 3004 locum
2559 2950 2749 3007 habuit
2782 2969 2793 3003 :
2827 2949 2972 3019 quod
3006 2949 3050 3003 si
3087 2963 3215 3003 vero
3272 2947 3567 3017 aliquando

1973 3056 2003 3094 a
2038 3056 2097 3096 se
2126 3041 2360 3096 invicem
2387 3043 2631 3111 seiuncta
2665 3044 2753 3096 illa
2775 3042 2947 3107 fuere,
2979 3042 3302 3096 alterutrum
3340 3040 3566 3094 alterius

1973 3131 2272 3186 conditoris
2298 3147 2484 3185 curam
2512 3148 2575 3187 ac
2600 3131 2999 3202 providentiam
3027 3130 3129 3184 sibi
3158 3130 3434 3199 propriam
3469 3130 3568 3183 ha-

1971 3221 2109 3286 buit,
2138 3230 2194 3276 et
2223 3222 2291 3277 ab
2324 3223 2562 3292 oppositi
2609 3225 2729 3277 labe
2777 3223 3022 3277 immune
3074 3221 3396 3292 permansit,
3429 3237 3567 3291 quo-

1970 3314 2134 3368 modo
2168 3314 2223 3367 in
2258 3315 2643 3385 cogitationem
2668 3314 2999 3370 discriminis
3025 3323 3311 3378 venerunt,
3347 3323 3401 3369 et
3427 3330 3569 3383 quo-

1971 3408 2134 3462 modo
2156 3416 2346 3474 postea
2371 3408 2531 3461 aliam
2565 3408 2633 3462 de
2659 3406 3045 3477 conjunctione
3096 3405 3345 3460 facienda
3375 3420 3569 3460 susce-

1971 3500 2209 3572 perunt?
2235 3501 2343 3554 Aut
2370 3501 2518 3554 enim
2554 3500 2707 3570 prius
2740 3508 2970 3568 uterque
3019 3498 3263 3569 seipsum
3305 3506 3362 3551 et
3425 3513 3568 3567 opus

1972 3608 2131 3646 suum
2158 3591 2213 3645 in
2240 3591 2522 3661 proprium
2554 3591 2900 3646 commodum
2934 3591 3316 3645 intaminatum
3343 3605 3567 3644 conscr-

1971 3681 2139 3747 vavit,
2171 3690 2285 3747 aut,
2319 3696 2443 3735 cum
2484 3681 2537 3735 id
2596 3681 2699 3735 sibi
2739 3681 2964 3734 noxium
3010 3696 3132 3735 esse
3181 3679 3565 3751 intelligerent,

1972 3774 2103 3828 facti
2132 3774 2515 3844 prudentiores
2560 3773 2615 3826 in
2644 3772 3086 3841 coniunctionem
3142 3780 3562 3826 consenserunt.

1973 3865 2152 3921 Taceo
2183 3866 2346 3937 impia
2383 3876 2437 3921 et
2458 3865 2692 3920 absurda
2729 3864 2856 3928 alia,
2877 3865 3078 3933 quibus
3098 3864 3336 3934 primum
3364 3863 3568 3918 erroris

1974 3962 2141 4032 huius
2162 3960 2579 4017 fundamentum
2603 3961 2866 4015 abundat.
2916 3959 3070 4014 Adeo
3100 3959 3213 4013 Deo
3256 3958 3568 4029 oppositum

1974 4055 2269 4123 furoreque
2307 4068 2371 4108 ac
2427 4053 2636 4107 insania
2688 4053 2911 4123 plenum
2968 4059 3072 4117 est,
3130 4050 3297 4105 alium
3346 4050 3566 4121 quidem

1975 4146 2195 4210 animae,
2239 4145 2408 4199 alium
2436 4160 2567 4199 vero
2592 4143 2836 4213 corporis
2877 4142 3083 4215 ﬁngere
3130 4143 3494 4198 conditorem.

2046 4238 2113 4294 ll.
2148 4237 2304 4303 Quod
2328 4253 2460 4291 vero
2498 4236 2597 4301 illi,
2627 4236 2721 4306 qui
2764 4236 2836 4290 ita
2868 4242 3076 4300 errant,
3104 4235 3331 4301 dicunt,
3362 4234 3566 4288 malum

1973 4344 2077 4384 nos
2104 4330 2171 4384 ad
2190 4329 2449 4383 malitiam
2484 4328 2837 4399 compellere,
2862 4329 2913 4382 id
2938 4329 3164 4384 omnino
3187 4328 3421 4394 veritati,
3455 4341 3568 4381 non

1976 4429 2161 4475 autem
2197 4421 2393 4484 errori,
2438 4420 2832 4491 patrocinatur.
2866 4420 3025 4486 Quod
3056 4420 3201 4473 enim
3251 4420 3565 4483 incitamur,

261 4521 355 4570 καὶ
375 4518 527 4571 αὐτὸ
567 4517 727 4570 τοῦτο
756 4518 817 4569 τὸ
852 4520 1281 4589 παρατραπῆναι
1315 4518 1562 4588 μερίζειν
1588 4521 1740 4589 ἡμᾶς
1779 4519 1872 4572 τὸν

1981 4523 2040 4567 ut
2074 4512 2460 4569 indivisibilem
2494 4522 2551 4567 et
2578 4512 2996 4581 inseparabilem
3026 4510 3123 4565 Dei
3148 4518 3470 4580 potestatem
3504 4524 3570 4564 ac

260 4610 518 4680 ἄτμητον
542 4609 654 4661 ’καὶ
680 4608 986 4678 ἀδιαίρετον
1015 4608 1109 4662 τοῦ
1138 4608 1273 4661 Θεοῦ
1306 4610 1481 4680 ἀρχὴν
1508 4609 1605 4663 καὶ
1626 4608 1878 4674 ἐξουσίαν

261 4707 344 4767 είς
374 4706 523 4767 δύο,
580 4705 680 4774 τῆς
718 4703 1109 4774 πολυμηχάνου
1159 4703 1256 4757 καὶ
1309 4704 1547 4774 σφοδρᾶς
1600 4703 1878 4775 ὀχλήσεώς

263 4800 382 4851 ἐστι
428 4797 537 4851 τοῦ
574 4796 844 4868 Πονηροῦ.
890 4788 1038 4867 Πλὴν
1076 4798 1286 4858 ἐκεῖνος
1321 4797 1422 4867 μὲν
1457 4797 1683 4859 δυνατός
1727 4799 1876 4849 ἐστιν

262 4892 476 4960 ὀχλείν,
514 4891 643 4943 οὐδὲ
699 4892 860 4960 ἡμεῖς
926 4890 984 4943 δὲ
1029 4889 1402 4959 ἀδυνατοῦμεν
1449 4889 1875 4961 διακρούσασθαι

264 4982 364 5051 τὴν
386 4982 627 5052 ὔχλησιν
666 4980 852 5034 αὑτοῦ.
886 4982 1301 5052 Διακρουόμεθα
1330 4981 1385 5035 δὲ
1414 4982 1503 5036 διά
1530 4999 1589 5033 τε
1623 4982 1875 5053 σώματος

266 5074 365 5126 καὶ
416 5074 633 5143 ψυχῆς.
677 5075 838 5127 Ὥστε
883 5078 934 5127 εἰ
972 5074 1034 5127 τὸ
1080 5075 1241 5144 σῶμα
1280 5075 1442 5145 ἡμῶν
1480 5074 1706 5129 δύναται
1761 5077 1879 5131 δια·

269 5165 625 5237 κρούσασθαι
674 5166 772 5236 τὴν
823 5167 1047 5237 ὄχλησιν
1094 5168 1189 5220 τοῦ
1224 5166 1473 5238 Πονηροῦ
1517 5168 1612 5220 καὶ
1660 5170 1720 5221 οὐ
1761 5169 1877 5222 δια-

272 5258 627 5331 κρούσασθαι
661 5259 841 5328 μόνον,
862 5259 1001 5313 ἀλλὰ
1023 5261 1120 5313 καὶ
1142 5259 1473 5314 καταϐαλεῖν
1494 5260 1662 5314 αὐτοῦ
1696 5262 1878 5316 πᾶσαν

1979 4608 2272 4677 imperium
2328 4606 2384 4659 in
2428 4607 2539 4662 duo
2587 4606 2918 4671 dividamus,
2962 4605 3014 4658 id
3047 4604 3267 4673 quidem
3317 4618 3347 4656 a
3378 4602 3568 4657 doloso

1977 4709 2034 4755 et
2061 4701 2387 4755 vehemente
2443 4700 2680 4770 impulsu
2724 4699 2846 4753 Mali
2900 4697 3289 4768 proﬁciscitur.
3344 4698 3415 4750 At
3474 4694 3569 4749 ille

1976 4791 2196 4863 quidem
2223 4799 2435 4845 tentare
2480 4805 2583 4844 nos
2611 4797 2667 4844 et
2696 4789 2960 4859 impetere
2998 4794 3197 4856 potest,
3246 4784 3406 4839 nobis
3435 4799 3570 4841 vero

1978 4886 2319 4939 irritamenta
2348 4884 2467 4953 eius
2493 4881 2800 4953 propellere
2825 4881 3052 4935 omnino
3084 4880 3231 4934 licet.
3279 4880 3572 4949 Propulsa-

1976 4996 2100 5034 mus
2136 4994 2269 5032 vero
2300 4986 2415 5031 tum
2453 4988 2703 5045 corpore,
2733 4984 2849 5029 tum
2897 4973 3100 5027 anima.
3135 4972 3294 5039 Quod
3339 4971 3386 5027 si
3437 4987 3570 5027 vero

1976 5090 2179 5145 corpus
2203 5083 2450 5128 nostrum
2479 5069 2747 5140 impulsus
2773 5071 2892 5139 ejus
2916 5067 3236 5139 propulsare
3259 5068 3403 5123 valet
3421 5108 3435 5132 ,
3458 5066 3569 5121 imo

1976 5183 2086 5221 non
2121 5166 2440 5236 propulsare
2465 5163 2661 5226 solum,
2687 5162 2782 5217 sed
2805 5178 3000 5217 omnes
3027 5176 3245 5231 quoque
3276 5169 3424 5215 artes
3448 5159 3569 5228 eius

1978 5258 2230 5330 frangere
2258 5255 2533 5321 quomodo
2562 5255 2681 5325 eius
2703 5256 2958 5311 conditor
3002 5254 3204 5311 fuerit?
3225 5253 3381 5321 Quod
3416 5255 3567 5309 enim

1398 5384 1631 5439 VARIJE
1669 5386 2056 5449 LECTIONES
2094 5389 2184 5443 ΕΤ
2218 5385 2453 5444 ΝΟΤᾸΕ.

348 5525 469 5594 (89)
511 5524 790 5593 Πλάσμα.
830 5526 969 5579 Cum
1010 5526 1115 5580 hac
1159 5541 1291 5581 voce
1330 5526 1645 5595 frequenter
1690 5536 1878 5583 utatur

277 5596 506 5660 Noster,
526 5597 699 5668 semel
729 5596 1007 5651 monuisse
1033 5596 1339 5656 suﬂ'ecerit,
1368 5612 1487 5650 eam
1518 5597 1618 5668 ipsi
1658 5612 1878 5668 semper

283 5668 360 5720 rei
392 5665 634 5721 condita:
672 5682 768 5721 seu
795 5677 1053 5720 creatum’
1084 5669 1308 5722 notione
1332 5666 1606 5736 usurpari.
1641 5669 1713 5719 De.
1753 5665 1876 5724 aliis

283 5739 440 5809 vocis
478 5736 883 5809 signiﬁcatibus
940 5739 1057 5807 lege
1104 5737 1303 5793 Ezech.
1352 5734 1873 5809 Spanitemium,ad

282 5807 489 5864 Iuliani
516 5808 826 5874 Orationes,
858 5823 914 5879 p.
949 5810 1012 5865 18
1043 5818 1096 5865 et
1128 5808 1211 5864 t9.

2050 5528 2163 5599 (90)
2208 5526 2283 5582 Τὰ
2307 5525 2452 5599 ἔργα
2477 5525 2687 5599 αὑτοῦ.
2727 5522 3159 5599 Sim‘ilialtist‘et
3210 5518 3568 5599 forti_ora__ali_a

1974 5590 2302 5670 argumenta
2315 5590 2638 5670 Manichaeis
2653 5594 2881 5670 opponit
2900 5591 3057 5670 Titus
3069 5590 3396 5670 Destrensis,
3414 5590 3565 5670 ιίδλι,

1973 5661 2119 5739 apud
2152 5671 2234 5725 Gl.
2271 5668 2596 5740 Basnagium
2625 5661 3041 5721 inlectionibus
3061 5661 3385 5726 Canisiam's,
3420 5676 3473 5731 p.
3497 5661 3569 5715 9%

1972 5756 2089 5811 seq.
