3986 6442
156 359 210 420 Β
1251 366 1554 429 CONTRA
1597 367 2062 431 MANICHEOS
2099 367 2338 431 LIBER
2371 371 2424 431 Ι.
3403 369 3476 435 90

150 472 250 533 ὡς
289 469 471 523 πάλιν
515 470 635 525 τοῦ
657 472 901 538 ’σκότους
938 476 1032 528 καὶ
1066 474 1160 528 τοῦ
1201 481 1367 547 πυρδς
1401 478 1638 549 ποιητὴν
1677 475 1766 530 λέ-

1881 491 2035 547 quam
2072 476 2208 532 illud
2257 477 2404 547 quod
2455 478 2885 548 progenuerunt,
2951 477 3314 548 principatum
3369 481 3472 535 sibi

151 581 325 633 τουσιν
365 562 473 616 τὸν
547 565 849 636 Πονηρόν;
887 566 950 619 ΕΞ
981 566 1171 622 δὲ-οὒκ
1222 567 1341 622 ἔστι
1372 569 1468 622 τοῦ
1522 569 1694 640 πυρὸς
1739 569 1769 622 6

149 656 382 726 Πονηρὸς
441 659 736 728 ποιητὴς,
797 658 914 712 ἐστι
967 659 1025 712 δὲ
1077 659 1138 712 τὺ
1169 660 1281 732 πῦρ
1334 661 1615 730 αἰσθητὸν,
1652 660 1770 724 πῶς

151 748 389 815 λίγουσιν
414 787 432 811 ,
459 748 558 800 ὅτι
601 751 637 801 6
665 749 874 817 ἀγαθὸς
905 749 1041 814 Θεὸς
1077 751 1231 804 οὐδὲν
1267 751 1527 823 ἐποίησεν
1568 751 1768 822 αἰσθη-

149 841 260 902 τόν;
289 839 356 890 Ei
395 839 524 910 γὰρ
572 841 909 912 αἰσχυνθείη
946 842 1008 894 τὸ
1055 842 1414 912 ἀναίσχυντον
1450 843 1632 896 αὐτῶν
1666 842 1770 911 τῆς

152 933 380 1001 fixing,
413 930 635 987 δοῦναι
659 935 743 1004 τῷ
779 935 1011 1006 Πονηρῷ
1036 935 1135 1006 τὴν
1175 935 1394 1001 γένεσιν
1427 936 1524 989 τοῦ
1573 935 1768 1005 πυρδς,

148 1027 236 1079 ἶνα
267 1027 364 1095 μὲν
384 1025 494 1079 νῦν
531 1027 650 1097 μὲν
683 1028 957 1098 πλάστην,
995 1029 1091 1080 νῦν
1133 1029 1191 1081 δὲ
1245 1029 1476 1098 πλάσμα
1518 1026 1580 1080 τὸ
1635 1026 1771 1080 αὐτὸ

149 1119 486 1189 διελέγχοιτο
513 1119 805 1190 ληροῦσα,
836 1124 918 1184 εἰς
949 1120 1100 1174 οὐδὲν
1141 1120 1401 1174 ἐλάττονα
1446 1118 1765 1188 γινωσκέτω

151 1213 640 1280 καταστρέφουσα
719 1212 988 1282 αἰσχύνην
1026 1227 1040 1240 ⁸
1096 1211 1424 1282 ὁμολογήσει
1476 1209 1588 1280 γὰρ
1648 1209 1769 1260 ’καὶ

153 1307 350 1359 ἀκουσα
381 1304 490 1356 καὶ
537 1303 767 1373 σιγῶσα
787 1304 882 1356 τοῦ
912 1302 1122 1370 ἀγαθοῦ
1156 1299 1296 1356 εἶναι
1320 1301 1458 1354 Θεοῦ
1500 1299 1770 1371 δημιούρ-

157 1413 301 1465 γημα
330 1412 346 1426 ·
383 1397 541 1466 ὅπερ
571 1395 755 1450 αὑτοῦ
799 1396 951 1468 πάσῃ
980 1395 1183 1465 σπουδῇ
1216 1395 1311 1446 καὶ
1340 1395 1613 1464 μηχαναῖς
1667 1392 1768 1459 ἁφ-

161 1491 330 1561 ῃςιεῐτο
376 1490 633 1551 πάσαις.
670 1489 902 1551 Πάντως
940 1488 1058 1558 γὰρ
1101 1487 1162 1539 τὸ
1195 1485 1452 1556 αἰσθητὸν
1477 1483 1608 1555 πῦρ,
1643 1483 1768 1535 ὅσον

164 1583 224 1632 ἂν
248 1581 694 1650 ἐσκοτίσθησαν,
730 1579 855 1632 οὔτε
886 1580 1145 1650 ἄναρχον,
1177 1576 1303 1631 οὔτε
1322 1577 1495 1630 ἀΐδιον
1526 1574 1765 1645 ἐροῦσιν.

1875 566 2220 622 vindicavit?
2251 567 2544 630 Praeterea,
2580 568 2624 621 si
2657 567 2856 622 Malum
2900 581 2967 620 ex
2993 567 3240 622 tenebris
3269 577 3324 622 et
3351 567 3475 639 igne

1876 659 2102 730 prodiit,
2125 659 2404 728 quomodo
2474 659 2714 714 vicissim
2762 657 2962 712 Malum
3021 659 3370 714 tenebrarum
3420 668 3478 714 et

1876 751 2018 823 ignis
2079 753 2304 807 tradunt
2353 763 2635 806 auctorem
2665 752 2691 805 ?
2737 751 2946 816 Sivero
2989 751 3189 806 Malum
3242 767 3352 807 non
3391 764 3480 809 est

1875 840 2208 911 principium
2261 841 2426 911 ignis,
2469 842 2608 913 ignis
2665 858 2798 897 vero
2864 843 3118 898 sensibus
3195 844 3479 914 subjectus

1875 943 1978 998 εει,
2019 933 2295 1002 quomodo
2323 934 2536 999 dicunt,
2591 935 2754 990 deum
2785 935 2988 989 bonum
3035 935 3196 995 nihil,
3231 937 3378 1005 quod
3408 952 3479 1006 ap

1877 1042 2074 1081 sensus
2118 1028 2378 1097 pertinet,
2415 1028 2773 1083 condidisse?
2825 1028 2883 1083 Si
2933 1029 3082 1083 enim
3113 1029 3478 1098 impudentis-

1877 1119 2047 1174 simos
2075 1119 2326 1175 homines
2373 1121 2582 1190 pudere
2642 1133 2828 1191 posset
2879 1122 3045 1191 hujus
3092 1121 3320 1185 erroris,
3365 1138 3478 1192 quo

1877 1211 2018 1281 ignis
2047 1213 2313 1280 originem
2336 1213 2388 1266 in
2423 1212 2619 1267 Malum
2647 1214 2913 1271 referunt.
2940 1224 3305 1283 caverentque
3338 1213 3478 1268 adeo

1877 1300 2002 1366 sibi,
2037 1316 2104 1354 ne
2124 1316 2273 1356 nunc
2303 1302 2524 1372 quidem
2561 1304 2922 1367 conditorem,
2967 1321 3116 1358 nunc
3163 1321 3294 1358 vero
3339 1320 3480 1374 opus

1876 1391 2055 1461 ipsum
2089 1393 2280 1448 iisdem
2310 1395 2788 1450 criminationibus
2837 1395 3196 1464 impeterent;
3259 1396 3346 1450 vel
3395 1395 3480 1450 sic

1879 1492 2058 1538 tamen
2084 1501 2197 1539 rem
2221 1502 2330 1540 non
2365 1486 2547 1542 minus
2571 1487 2876 1556 pndemlam
2912 1489 3248 1542 admissuros
3272 1504 3331 1543 se
3357 1503 3478 1543 esse

1879 1576 2074 1630 sciant.
2108 1577 2459 1633 Proﬁtebitur
2478 1580 2623 1633 enim
2667 1580 2829 1634 factio
2862 1582 2978 1635 lure
3016 1581 3179 1635 etiam
3231 1582 3400 1635 invita
3424 1589 3481 1636 et

168 1675 334 1738 tacita,
367 1674 500 1728 boni
544 1674 645 1728 dei
694 1690 818 1729 esse
857 1690 1016 1744 opus,
1053 1673 1198 1744 quod
1231 1681 1394 1726 antea
1447 1670 1597 1724 omni
1629 1669 1807 1724 studio
1847 1677 1903 1724 et
1932 1685 2101 1739 Opere
2130 1674 2299 1727 omni.
2326 1674 2426 1744 ipsi
2460 1676 2811 1746 surripiebat.
2844 1674 3080 1730 Omnino
3121 1675 3266 1729 enim
3295 1676 3477 1746 ignem

172 1769 891 1839 seusibusperceptibilem,
937 1778 1427 1840 quantumcunque
1482 1767 1650 1822 etiam
1702 1766 2049 1822 obtenebrati
2083 1768 2214 1834 sint,
2242 1785 2347 1826 nec
2402 1771 2559 1825 initio
2627 1786 2835 1835 carere,
2891 1787 2995 1827 nec
3053 1781 3317 1827 :etcrnum
3356 1788 3481 1828 esse

178 1863 364 1919 dicent.

252 1958 321 2010 ἓ.
361 1953 481 2010 Εἶτα
520 1956 631 2012 τοῦ
675 1957 910 2019 σκότους
970 1956 1230 2023 πάλιν,εί
1279 1958 1376 2011 καὶ
1431 1956 1508 2028 μὴ
1562 1955 1767 2018 πάντες

1948 1955 2008 2010 ν.
2053 1955 2190 2011 Tum
2219 1975 2370 2022 vero,
2401 1959 2445 2013 si
2477 1976 2584 2014 non
2621 1975 2835 2026 omnes,
2883 1959 3050 2030 aliqui
3084 1969 3233 2014 certe
3259 1975 3477 2028 eorum,

196 2047 368 2116 αὐτῶν,
393 2050 522 2103 ἔνιοι
554 2051 620 2105 δὲ
655 2051 813 2120 ὅμως
835 2049 1128 2114 ἀναδύντες
1157 2051 1397 2118 λέγουσι,
1434 2049 1526 2101 τὸν
1564 2046 1770 2114 ἀγαθὸν

199 2144 316 2197 Θεὸν
343 2144 485 2214 ἔχειν
508 2145 614 2216 μὲν
642 2145 717 2197 τὰ
747 2145 1068 2214 ἐπουράνια,
1107 2143 1205 2197 καὶ
1240 2141 1578 2212 δημιουργὸν
1629 2135 1771 2191 εἶναι

188 2235 271 2288 τοῦ
296 2236 522 2307 ούρανοῦ
566 2236 666 2288 καὶ
698 2235 942 2307 χορηγὸν
982 2231 1124 2288 εἶναι
1157 2236 1273 2296 τοῖς
1296 2217 1608 2304 ἀνθρώποις
1629 2231 1774 2302 πρά-

189 2329 336 2394 ξεων,
370 2332 431 2382 c6
480 2330 640 2400 μέχρι
667 2328 874 2382 πολλοῦ
903 2328 959 2382 δὲ
984 2330 1086 2400 τὴν
1126 2328 1295 2398 ἀχλὺν
1321 2328 1776 2394 ἀποσκευασάμε-

197 2441 279 2477 νοι
329 2425 487 2477 πάλιν
525 2421 920 2492 δυσςημοῦσιν,
949 2422 1074 2476 οὔτε
1114 2422 1216 2492 τῆς
1246 2423 1348 2491 γῆς
1383 2420 1772 2492 δημιουργίαν,

206 2513 326 2569 οὔτε
383 2517 485 2568 τῶν
527 2518 585 2570 ἐν
636 2517 796 2587 μέσῳ
842 2515 992 2585 αύτῷ
1055 2514 1546 2585 συναρμόττοντες,
1586 2513 1775 2584 ἕτερον

197 2608 249 2660 δέ
295 2608 617 2678 δημιουργὸν
663 2608 1059 2676 ἐπεισάγοντες
1087 2623 1101 2637 ⁸
1133 2609 1279 2671 τινὲς
1328 2607 1386 2660 δὲ
1418 2603 1602 2658 αὐτῶν
1646 2607 1773 2675 (πο-

191 2701 428 2772 λυσχιδὴς
452 2703 564 2774 γὰρ
620 2704 654 2772 ἡ
694 2702 894 2773 πλάνη)
924 2703 1019 2755 καὶ
1056 2701 1148 2754 τὸν
1197 2697 1432 2771 οὐρανὸν
1479 2699 1643 2754 αὐτὸν
1682 2697 1777 2752 καὶ

195 2795 258 2847 τὶ
300 2798 354 2848 ἐν
398 2796 555 2866 μέσῳ
617 2794 805 2848 πάντα.
846 2793 1216 2864 τετολμήκασι
1265 2792 1446 2860 λέγειν
1493 2783 1779 2860 ποιήματα

192 2887 275 2940 τοῦ
308 2887 557 2958 Ἐχθροῦ.
610 2885 758 2941 Ἀλλ’
791 2886 949 2956 εἴπερ
982 2886 1131 2938 ἐστὶν
1158 2887 1186 2938 6
1227 2885 1456 2954 οὐρανὸς
1499 2881 1643 2936 κατὰ
1676 2881 1778 2950 τὴν

194 2979 393 3032 ἐκείνων
430 2978 855 3051 ἐμϐροντησίαν
887 2979 1050 3049 ἔργον
1107 2977 1204 3030 τοῦ
1254 2976 1527 3046 Πονηροῦ,
1571 2974 1690 3038 πῶς
1749 2973 1803 3026 δ’

198 3072 515 3140 ἀταθὸςθεὸς
545 3075 611 3126 ἐν
637 3074 752 3133 τοῖς
771 3070 1119 3143 ἐπουρανίοις
1141 3071 1523 3136 ἀναπαύεται;
1552 3068 1650 3121 καὶ
1681 3069 1728 3119 εἰ
1751 3069 1780 3121 ὀ

201 3166 392 3235 οὐρανὸς
417 3166 688 3237 περιέχει
710 3167 802 3219 τὸν
820 3166 958 3236 ἀέρα
998 3165 1094 3219 καὶ
1118 3163 1218 3236 τὴν
1251 3166 1354 3232 γῆν
1377 3164 1475 3216 καὶ
1526 3161 1602 3230 τὸδ
1633 3159 1779 3231 ὕδωρ

197 3264 295 3325 (καί
343 3259 450 3330 γὰρ
493 3259 607 3312 καὶ
651 3258 723 3310 τὰ
773 3257 1104 3328 καταχθόνια
1145 3257 1463 3326 περιέχεται
1493 3257 1551 3308 ἐν
1579 3252 1774 3324 αὐτῷ),

191 3351 292 3413 πῶς
326 3353 352 3404 6
391 3348 647 3422 οὐρανὸς
690 3348 784 3402 τοῦ
842 3347 1176 3418 ἐπουρανίου
1217 3346 1356 3400 Θεοῦ
1397 3343 1547 3410 οἶκος
1582 3345 1660 3398 ῶν
1708 3344 1780 3397 τὰ

196 3429 277 3494 τοῦ
301 3439 546 3514 Πονηροῦ
586 3441 749 3512 ἔργα,
793 3425 1045 3493 τουτέστι
1069 3438 1177 3508 γῆν
1221 3437 1452 3508 καὶπῦρ
1493 3438 1588 3490 καὶ
1641 3435 1782 3505 ἀέρα

203 3536 433 3605 περιέχει,
478 3534 590 3588 καὶ
641 3533 706 3586 ού
749 3531 994 3604 περιέχει
1041 3531 1226 3602 μόνον,
1257 3529 1395 3584 ἀλλὰ
1442 3531 1536 3582 καὶ
1581 3529 1778 3582 διακυ-

197 3630 374 3697 εερνᾷ;
406 3628 519 3682 Ἐκ
581 3625 696 3696 γὰρ
745 3628 847 3695 τῆς
870 3623 1136 3695 ἀνατολῆς
1185 3622 1280 3676 τοῦ
1343 3622 1498 3693 ἡλίου
1541 3621 1640 3674 καὶ
1681 3622 1782 3692 τῆς

183 3719 391 3788 δύσεως,
431 3721 536 3774 καί
562 3718 675 3772 τῶν
704 3717 1002 3789 ἄστρωνβ.
1031 3718 1137 3770 εἰσι
1165 3715 1262 3770 τοῦ
1295 3715 1549 3786 ούρανοῦ,
1575 3716 1672 3768 καὶ
1709 3714 1780 3786 γῆ

181 3815 264 3865 καὶ
294 3811 475 3877 ὕδωρ,
511 3811 618 3864 καὶ
653 3809 785 3880 αὴρ,
822 3808 918 3862 καὶ
953 3806 1086 3880 πῦρ,
1120 3811 1188 3878 τῇ
1218 3806 1312 3860 τοῦ
1351 3805 1487 3858 Θεοῦ
1528 3803 1778 3875 προνοίᾳ,

181 3907 262 3957 καὶ
305 3904 415 3974 τῆς
449 3901 757 3973 εὐκρασίας
789 3898 1146 3963 ἀπολαύουσι,
1177 3900 1276 3952 καὶ
1309 3899 1410 3968 τὴν
1445 3899 1527 3961 εἰς
1574 3896 1783 3968 ἄλληλα

180 3995 488 4067 μεταϐολὴν
529 3994 628 4046 ἐπὶ
695 3991 862 4063 κοινῷ
910 3991 1256 4063 καρποῦνται
1307 3990 1640 4060 συμφέροντι
1689 3988 1783 4040 καὶ

178 4089 247 4158 τῷ
292 4088 651 4159 ἀνθρωπίνῳ
690 4087 864 4154 γένει,
892 4086 986 4138 καὶ
1034 4086 1150 4148 τοῖς
1194 4082 1384 4147 ἄλλοις
1433 4081 1595 4147 ζώοις
1643 4081 1783 4152 πρὸς

176 4168 264 4253 τὴν
293 4181 606 4256 παροῦσαν
654 4179 847 4250 χρείαν
883 4178 1244 4250 ἁρμόζονται.
1283 4176 1428 4230 Ἀλλ’
1467 4177 1516 4229 εί
1556 4177 1655 4245 τῆς
1685 4193 1785 4228 πο-

175 4279 335 4347 πρὶς
361 4274 562 4345 ἀρχῆς
588 4275 616 4326 6
641 4272 894 4339 οὐρανὸς,
912 4272 1030 4335 πῶς
1053 4271 1082 4322 6
1107 4271 1299 4340 Σωτὴρ
1333 4269 1495 4340 ἡμῶν
1523 4267 1782 4339 εὔχεσθαι

175 4368 262 4440 τὴν
287 4367 628 4438 θαυμασίαν
662 4365 880 4434 ἐκείνην
916 4364 1008 4417 καὶ⁵
1039 4364 1274 4433 φρικτὴν
1305 4362 1642 4414 ἐκδιδάσκων
1688 4362 1784 4414 καὶ

175 4461 540 4535 παραδιδούς
559 4459 755 4528 Πάτερ
776 4457 966 4528 ἡμῶν,
987 4458 1170 4528 φησιν,
1191 4460 1223 4511 ὀ
1237 4455 1307 4510 ἐν
1322 4456 1449 4522 τοῖς
1467 4457 1748 4525 οὐρανοῖς
1765 4471 1784 4516 ;

177 4559 276 4608 καί·
332 4551 724 4624 Ἁγιασθήτω
776 4551 844 4605 τὸ
882 4551 1072 4620 ὄνομά
1121 4567 1262 4612 σου,
1297 4550 1379 4616 ὡς
1432 4549 1503 4603 ἐν
1545 4547 1784 4618 οἱφανῷ

175 4650 263 4702 καὶ
295 4650 411 4702 ἐπὶ
453 4645 571 4714 τῆς
593 4644 746 4714 τῆς;
781 4644 906 4707 Πῶς
936 4639 1030 4697 οὖν
1056 4645 1115 4696 ἐν
1155 4642 1424 4713 ἀλλοτρίῳ
1455 4642 1719 4711 κτίσματι
1755 4643 1784 4695 6

174 4743 349 4813 πάσης
412 4739 758 4809 δημιουργὸς
787 4738 1020 4801 κτίσεως
1061 4738 1301 4802 ἐνοικεῖ,
1339 4737 1433 4789 καὶ
1463 4735 1542 4806 τῷ
1578 4753 1638 4788 τε
1672 4736 1783 4788 Πολ-

180 4834 461 4906 mpii-J95)
491 4833 590 4886 καὶ
620 4832 781 4902 ἔργον
807 4832 1112 4902 ὑπάρχοντι
1139 4830 1408 4902 Πονηροῦ.
1435 4828 1702 4899 Ἀλλαχοῦ
1725 4828 1784 4882 δὲ

184 4927 502 4997 συμπαθεξ
536 4919 680 4977 εἶναι
713 4924 851 4994 πρὸς
881 4923 1152 4992 ἀλλήλους
1172 4921 1484 4992 νομοθετῶν
1503 4923 1531 4976 ὁ
1563 4922 1781 4992 Σωτὴρ,

186 5021 324 5076 Ἐὰν
348 5018 586 5088 ἀφῆτε,
623 5017 777 5088 φησι,
810 5016 936 5083 τοῖς
969 5015 1307 5085 ἀνθρώποις
1352 5017 1426 5072 τὰ
1466 5015 1785 5083 παραπτώ-

171 5131 326 5180 ματα
357 5109 596 5170 αὐτῶν,
640 5109 866 5179 ἀφήσει
893 5109 992 5183 καὶ
1018 5109 1163 5178 ὑμῖν
1214 5112 1248 5162 ὁ
1305 5108 1512 5176 Πατὴρ
1546 5108 1718 5177 ὑμῶν
1750 5111 1784 5162 ὁ

175 5206 494 5275 οὐράνιος.
533 5204 647 5257 Καὶ
694 5203 858 5255 πάλιν
888 5201 968 5272 τῷ
999 5201 1268 5271 θελήματι
1314 5200 1407 5253 τοῦ
1433 5199 1570 5252 Θεοῦ
1609 5216 1780 5252 κατα-

175 5300 469 5354 κολουθεῖν
517 5296 826 5367 παραινῶν,
868 5296 995 5349 ἐπεὶ
1023 5296 1188 5358 αὐτὸς
1229 5295 1450 5366 πρῶτον
1480 5293 1782 5365 ὑπερφυῶς

176 5392 478 5447 ἐτελείωσε
508 5389 572 5444 τὸ
593 5390 806 5460 θέλημα
823 5387 1254 5453 αὑτοῦ,ς⁶’οστις
1285 5388 1384 5450 ἂν,
1409 5388 1568 5458 φησὶ,
1595 5387 1777 5455 ποιή-

178 5499 258 5555 σῃ
288 5485 360 5539 τὸ
396 5483 639 5552 θέλημα
692 5482 801 5536 τοῦ
833 5481 1068 5548 Πατρός
1093 5497 1216 5549 μου
1242 5479 1351 5534 τοῦ
1383 5480 1454 5534 ἐν
1475 5481 1779 5550 οὐρανοῖς,

245 5603 271 5638 ⁸
311 5602 518 5660 Matth.
545 5617 618 5664 νι,
641 5601 694 5657 9.
774 5601 818 5635 ⁸⁸
850 5600 983 5656 ibid.
1002 5617 1057 5666 v,
1076 5599 1130 5666 9,
1153 5599 1238 5654 l0.

1872 2065 1940 2103 ex
1975 2051 2218 2105 tenebris
2266 2053 2470 2108 emersi
2514 2053 2723 2118 dicunt,
2792 2053 2999 2108 bomnu
3057 2053 3275 2122 quidem
3311 2051 3477 2106 deum

1873 2142 2114 2197 caelestia
2157 2153 2364 2209 tenere,
2419 2153 2472 2199 et
2534 2146 2782 2215 opificem
2818 2160 2939 2199 esse
2977 2143 3122 2210 coeli,
3187 2160 3252 2200 ac
3299 2144 3479 2198 homi-

1874 2234 2037 2288 nibus
2070 2235 2339 2289 bonarum
2393 2237 2670 2290 actionum
2716 2223 2999 2290 auctorem
3057 2236 3356 2301 exsistere;
3424 2245 3480 2290 at

1877 2327 2040 2381 iidem
2081 2327 2368 2398 caliginem
2419 2344 2574 2382 suam
2609 2344 2718 2382 non
2758 2344 2950 2399 magna
2987 2344 3057 2382 ex
3083 2337 3238 2398 parte
3269 2327 3479 2381 amoliti

1878 2418 2073 2472 iterum
2100 2429 2397 2490 nugantur,
2467 2421 2686 2489 quando
2717 2427 2836 2474 'nec
2889 2428 3067 2479 terrae.
3131 2436 3233 2474 nec
3286 2435 3480 2474 eorum

1877 2527 1998 2581 qua:
2031 2512 2084 2564 in
2114 2512 2228 2581 ipsa
2265 2522 2412 2576 sunt,
2466 2513 2796 2567 creationem
2833 2514 3136 2578 ascribunt,
3175 2512 3270 2566 sed
3311 2511 3482 2566 alium

1878 2602 2061 2673 potius
2102 2602 2848 2657 conditoremintroducunt.
2911 2601 3144 2668 Quidam
3195 2615 3329 2654 vero
3380 2614 3480 2653 co-

1878 2712 1999 2749 rum
2049 2695 2124 2766 (in
2162 2696 2359 2750 multas
2386 2695 2532 2748 enim
2562 2703 2746 2764 partes
2777 2710 2932 2749 error
2970 2694 3126 2762 abit),
3170 2701 3228 2748 et.
3279 2693 3481 2747 cmlum

1878 2786 2082 2856 ipsum,
2111 2793 2168 2838 ct
2195 2801 2316 2854 qua:
2343 2785 2394 2838 in
2427 2800 2494 2840 eo
2517 2793 2646 2839 sunt
2668 2785 2872 2848 omnia,
2916 2783 3091 2839 hostis
3108 2783 3314 2837 audent
3335 2782 3485 2837 fetus

1879 2878 2256 2950 pronuntiare.
2296 2878 2588 2933 Enimvero
2619 2878 2663 2932 si
2720 2893 2818 2947 pro
2849 2885 3075 2947 stupore
3113 2892 3326 2941 eorum,
3362 2891 3479 2930 coe-

1881 2973 1993 3027 lum
2019 2971 2140 3026 llali
2177 2988 2317 3042 opus
2339 2981 2444 3031 est,
2474 2971 2750 3042 quomodo
2782 2971 2960 3024 bonus
2989 2970 3126 3024 deus
3151 2969 3204 3022 in
3237 2969 3487 3023 cuilesti-

1880 3066 1984 3120 bus
2012 3064 2242 3128 habitat,
2287 3075 2344 3120 et
2372 3065 2418 3119 si
2445 3065 2642 3119 coelum
2689 3062 3110 3133 comprehendit
3139 3076 3264 3115 aera
3290 3068 3348 3114 et
3375 3069 3488 3113 ter-

1882 3173 2020 3223 ram,
2041 3166 2098 3212 et
2129 3173 2326 3228 aquam
2356 3159 2504 3228 (nam
2530 3167 2585 3212 et
2617 3156 2974 3210 subterranea
3000 3170 3066 3210 eo
3083 3153 3484 3222 continentur),

1881 3250 2154 3320 quomodo
2174 3251 2396 3315 coelum,
2425 3250 2519 3304 Dei
2548 3249 2785 3304 caelestis
2808 3245 3487 3309 habitaculumcxsistens,

1881 3343 2006 3398 Mali
2025 3357 2214 3413 opera,
2248 3343 2353 3397 hoc
2380 3351 2485 3408 est,
2520 3352 2742 3406 terram,
2775 3341 2957 3412 ignem
2988 3348 3042 3394 et
3080 3352 3263 3392 aerem
3313 3336 3490 3391 conti-

1883 3448 1996 3502 net,
2024 3453 2128 3492 nec
2151 3439 2398 3492 continet
2419 3438 2617 3504 Solum,
2667 3435 2761 3491 sed
2797 3447 2852 3489 ct
2883 3433 3185 3506 gubernat?
3234 3429 3311 3484 Ex
3358 3439 3487 3485 ortu

1883 3531 2028 3586 enim
2058 3538 2113 3585 ct
2149 3545 2346 3584 occasu
2402 3529 2554 3593 solis,
2586 3539 2990 3597 astrorumque,
3039 3511 3160 3597 qua:
3187 3524 3309 3580 ραιιί
3334 3532 3484 3589 sunt,

1883 3634 1939 3679 et
1961 3635 2128 3690 terra,
2162 3634 2216 3678 et
2249 3638 2410 3692 aqua,
2439 3633 2494 3676 et
2518 3637 2633 3682 aer,
2667 3630 2724 3675 ct
2769 3621 2928 3694 ignis,
2963 3619 3168 3674 divinis
3195 3617 3483 3686 auspiciis,

1887 3728 2002 3773 tum'
2043 3707 2197 3772 bona
2255 3731 2352 3771 sua
2389 3722 2758 3786 temperatura
2807 3713 3068 3782 gaudent,
3125 3722 3237 3766 tum
3293 3719 3487 3764 mutua

1885 3811 2027 3866 inter
2065 3827 2124 3866 se
2155 3809 2562 3881 permutatione
2604 3808 2658 3862 in
2695 3822 2986 3863 commune
3031 3805 3234 3860 bonum
3267 3793 3488 3872 perfrui-

1885 3911 2074 3967 untur,
2106 3905 2452 3972 humanoque
2493 3899 2678 3972 generi
2732 3901 2965 3970 aliisque
2997 3896 3372 3952 animantibus
3415 3895 3486 3950 ad

1883 4005 2186 4067 przesentes
2235 3996 2594 4051 necessitates
2651 3994 3014 4065 opitulantur.
3081 3991 3238 4058 Quod
3284 3990 3329 4044 si
3355 4005 3490 4044 vero

1885 4088 2136 4158 principii
2165 4088 2293 4142 mali
2337 4103 2476 4158 opus
2513 4087 2714 4143 cmlum
2750 4098 2854 4151 cst,
2913 4087 3188 4157 quomodo
3227 4085 3489 4140 Servatur

1885 4181 2461 4235 noster-venerandam
2493 4175 2637 4234 illam
2659 4181 3037 4234 ctmirandam
3080 4177 3336 4250 precandi
3371 4176 3489 4232 for-

1887 4275 2089 4328 mulam
2123 4274 2328 4328 docens
2347 4283 2403 4329 et
2437 4275 2800 4344 praescribcns
2836 4273 3000 4327 Pater
3030 4257 3224 4338 noster,
3288 4271 3487 4342 inquit,

1886 4368 1976 4438 qui
2008 4369 2063 4420 in
2092 4366 2232 4421 ea’lis
2261 4384 2314 4420 es
2344 4369 2386 4422 ’.
2451 4367 2764 4437 lterumquc
2801 4385 2814 4420 :
2875 4368 3238 4440 sanctiﬁcetur
3297 4381 3490 4419 nomen
3529 4413 3532 4418 .

1888 4469 2056 4524 tuum,
2077 4459 2210 4513 sicut
2237 4460 2289 4512 in
2312 4463 2438 4512 coelo
2462 4461 2579 4512 etin
2611 4470 2755 4512 terra
2795 4459 2858 4511 ⁸ο.
2901 4458 3188 4532 Quomodo
3226 4458 3409 4526 itaque
3430 4455 3488 4509 in

1886 4552 2060 4605 aliena
2087 4562 2336 4607 creatura
2361 4540 2542 4605 omnis
2561 4561 2831 4606 creatura?
2855 4551 3039 4622 opifex
3075 4549 3304 4614 habitat,
3335 4532 3488 4618 quae:

1821 4674 1863 4728 υ
1890 4661 1998 4716 que
2026 4655 2082 4699 et
2113 4646 2250 4699 mala
2272 4646 2343 4699 sit
2371 4655 2426 4699 ct
2457 4645 2580 4698 mali
2620 4644 2877 4714 principii
2909 4659 3068 4714 opus.
3096 4641 3236 4694 Alibi
3267 4655 3486 4710 quoque

1893 4738 2156 4794 Servator
2191 4737 2444 4792 homines
2483 4737 2538 4790 in
2583 4753 2643 4792 se
2694 4736 2928 4790 invicem
2985 4733 3330 4802 indulgentes
3363 4745 3488 4788 esse

1889 4832 2164 4902 cupiens:
2210 4829 2270 4884 Si
2312 4830 2646 4889 remiseritis,
2700 4828 2900 4898 inquit,
2945 4826 3249 4880 hominibus
3307 4811 3490 4890 lapsus

1889 4941 2093 4989 eorum,
2143 4932 2190 4977 et
2221 4923 2362 4977 vobis
2404 4923 2570 4977 Pater
2607 4932 2772 4976 vester
2809 4920 3030 4974 caelestis
3065 4931 3259 4972 vestros
3305 4916 3492 4970 remit-

1889 5029 1958 5074 tet
1987 5021 2050 5073 ¹¹.
2117 5018 2254 5074 Alibi
2313 5017 2457 5072 idem
2513 5016 2780 5076 voluntati
2832 5014 2928 5069 Dei
2991 5009 3490 5070 obsecundandum

1889 5105 2237 5183 praecipiens,
2275 5110 2418 5164 sicut
2459 5117 2516 5164 et
2555 5109 2672 5178 ipse
2707 5108 2944 5178 primum
2981 5107 3318 5161 voluntatem
3369 5104 3492 5174 ejus

1896 5205 2209 5260 eminenler
2240 5193 2486 5273 implevit
2527 5219 2540 5257 :
2571 5198 2893 5270 Quicunque,
2935 5197 3134 5268 inquit,
3166 5197 3491 5250 voluntatem

1889 5299 2071 5352 Patris
2107 5298 2230 5360 mei,
2290 5283 2379 5366 qui
2409 5296 2464 5348 in
2519 5293 2658 5347 caelis
2691 5301 2788 5356 est,
2819 5292 3141 5361 perfecerit,
3165 5290 3211 5344 is
3239 5298 3287 5342 et
3321 5289 3493 5357 frater

1887 5407 2054 5452 meus,
2100 5399 2148 5443 et
2175 5405 2325 5442 soror
2351 5397 2400 5441 et
2427 5396 2602 5440 mater
2654 5386 2857 5440 exsistit
2887 5384 2953 5438 ¹¹.
3003 5385 3081 5438 Ex
3113 5378 3491 5438 misericordia

1888 5482 2105 5538 scilicet
2128 5481 2415 5535 hominum
2437 5477 2817 5558 amantissima
2839 5477 2893 5533 id
2911 5475 3122 5532 donans
3145 5473 3287 5540 aliis,
3339 5467 3493 5544 quod

1314 5599 1356 5630 ιι
1395 5597 1632 5654 ibidJ-i.
1710 5602 1753 5634 "
1787 5602 1978 5659 Matth.
2007 5619 2108 5668 Ill,
2142 5599 2232 5656 50.

1329 5731 1566 5787 VARUS
1615 5733 2004 5794 LECTIONES
2036 5735 2124 5792 ΕΤ
2155 5732 2386 5792 ΝΟΤΙΕ.

257 5859 378 5930 (95)
412 5845 501 5926 Τῷ
551 5874 638 5913 τε.
685 5855 765 5912 lta
798 5854 996 5928 scripsi
1048 5869 1148 5924 pro
1175 5852 1318 5921 τότε,
1370 5850 1517 5922 quod
1565 5850 1622 5907 in
1673 5853 2016 5911 ms.’cxstat.
