3986 6432
566 341 636 409 91
1707 341 1972 403 ΡΗΟἸΊΙ
2011 339 2141 400 ΡΑἸ

2247 339 2522 400 ARCH.’E
2571 342 2687 402 CP.
3742 340 3810 404 92

566 454 685 524 ipse
704 459 898 506 natura
925 451 1240 521 possidebat
1266 469 1280 506 :
1316 451 1435 523 ipse
1463 452 1614 508 enim
1637 449 1805 507 Filius
1833 450 2007 505 Patris
2025 463 2134 502 non

2245 448 2420 514 αὑτός
2450 466 2570 517 μου
2595 448 2862 519 ἁδελφὸς
2893 449 2989 503 καί
3015 448 3251 517 ἀδελφὴ
3287 448 3390 502 καί
3411 447 3608 518 μήτηρ
3629 449 3759 505 ἐστι
3781 470 3800 488 ο

567 542 872 600 secundum
936 542 1188 612 gratiam,
1242 544 1337 598 sed
1387 543 1686 597 secundum
1739 550 1990 596 naturam
2036 550 2140 596 est.

565 633 705 689 Cum
727 649 857 688 vero
879 642 938 688 ut
957 634 1122 688 homo
1149 634 1480 689 voluntatem
1510 635 1630 704 ejus
1658 632 1997 703 perfecisset,
2025 647 2142 696 eos,

565 726 660 795 qui
680 725 980 780 imitatione
1033 724 1176 779 idem
1223 725 1563 794 exprimunt,
1628 725 1685 778 in
1738 724 1876 778 filios
1926 724 2143 793 recipit,

565 817 904 886 fratrumque
964 817 1188 871 nomine
1239 818 1580 871 cohonestat.
1613 815 1680 869 Et
1737 816 2141 884 quid,quteso,

567 904 854 974 quisquam
896 904 1196 958 obverterit
1241 905 1345 966 eis,
1376 921 1470 974 per
1489 921 1611 975 qua:
1637 904 1896 959 Servator
1924 906 2142 961 Patrem

567 1011 726 1049 suum
757 995 1035 1051 caelestem
1067 1006 1124 1049 et
1170 996 1226 1050 in
1267 997 1418 1050 caelis
1467 997 1817 1052 exsistentem
1849 998 2146 1067 przedicat?

566 1086 633 1140 Et
670 1088 797 1156 quid
820 1097 1013 1141 caetera
1041 1089 1504 1142 commemorem?
1530 1091 1803 1157 quomodo
1826 1090 2146 1144 sacerrimo-

566 1193 686 1231 rum
730 1179 1011 1232 hominum
1063 1178 1401 1247 impudentia
1457 1195 1567 1233 non
1614 1181 1900 1251 frangitur,
1960 1183 2145 1238 audita

564 1265 779 1320 Domini
830 1283 963 1322 voce
993 1283 1007 1320 :
1037 1266 1296 1335 Conﬁteor
1329 1268 1446 1332 tibi,
1483 1269 1666 1334 Pater,
1696 1271 1918 1326 Domine
1956 1273 2071 1327 caeli
2096 1282 2145 1327 et

567 1367 721 1412 terra:
753 1360 813 1414 ⁸³.
841 1359 943 1415 Ubi
974 1377 1097 1416 eum
1126 1377 1236 1418 non
1264 1365 1438 1418 solum
1465 1364 1610 1428 caeli,
1642 1364 1740 1418 sed
1753 1374 1808 1418 et
1841 1373 2000 1419 terra;
2039 1365 2146 1418 lto-

568 1450 778 1504 minum
807 1463 993 1520 aperte
1025 1457 1380 1522 pronuntiat?
1442 1467 1498 1512 et
1526 1457 1659 1526 quid
1691 1457 1797 1512 hoc
1830 1457 2145 1511 testimonio

566 1540 765 1595 clarius
788 1553 890 1605 est,
914 1545 1152 1616 quidque
1186 1549 1356 1619 magis
1386 1548 1567 1604 valere
1601 1559 1784 1619 potest
1804 1550 1870 1604 ad
1905 1549 2146 1604 efﬁcien-

565 1631 716 1695 dum,
747 1643 803 1688 ut
833 1635 1044 1692 Patrem
1077 1638 1286 1694 Domini
1313 1641 1483 1696 nostri
1499 1641 1631 1696 Jesu
1654 1641 1858 1698 Christi
1888 1643 2143 1712 Opificem

565 1733 621 1778 et
669 1725 956 1782 Dominum
1000 1732 1168 1784 totius
1221 1731 1462 1787 universi
1509 1733 1924 1799 constituamus,
1982 1741 2039 1787 et
2075 1733 2143 1787 de

564 1812 889 1871 defectionis
915 1818 1034 1888 ejus
1058 1819 1340 1890 impietate
1380 1812 1824 1893 triumphamus?

635 1991 723 2048 Vl.
751 1993 996 2065 Cumque
1018 1997 1146 2053 alibi
1171 1999 1383 2064 Petrus,
1401 2002 1773 2072 apostolorum
1793 2003 2138 2074 coryplueus,

563 2099 916 2141 communem
949 2100 1195 2146 nostrum
1227 2092 1540 2163 Magistrum
1576 2104 1630 2149 et
1654 2095 1822 2149 Deum
1860 2097 2142 2165 professus

562 2187 731 2242 esset,
778 2178 826 2233 is
872 2179 1038 2249 hujus
1092 2183 1452 2252 professionis
1487 2187 1773 2255 pmmium
1827 2187 1926 2257 ipsi
1983 2189 2138 2257 quasi

563 2268 838 2324 relaturus
864 2272 1085 2327 beatum
1131 2275 1352 2344 quidem
1381 2291 1507 2330 eum
1527 2277 1810 2346 przedicat,
1849 2279 2140 2332 revelatio—

562 2374 687 2412 nem
719 2377 848 2416 vero
870 2363 1011 2418 banc
1033 2365 1246 2419 Patrem
1280 2367 1335 2420 in
1364 2367 1519 2422 coelis
1550 2368 1654 2438 ipsi
1689 2370 2007 2425 exhibuisse
2039 2373 2140 2426 do-

560 2467 731 2506 cens:
763 2451 962 2509 Beatus
982 2472 1052 2519 es,
1089 2457 1286 2526 inquit,
1315 2458 1393 2526 ﬁli
1422 2459 1592 2522 Jome,
1625 2463 1749 2531 quia
1783 2479 1906 2516 caro
1941 2473 1988 2516 et
2011 2480 2141 2516 san-

560 2544 679 2613 guis
707 2560 810 2597 non
841 2547 1090 2601 revelavit
1121 2550 1232 2614 tibi,
1262 2552 1352 2603 sed
1380 2551 1542 2604 Pater
1565 2570 1710 2608 meus
1738 2555 1794 2608 in
1827 2559 1987 2610 cretis.
2029 2557 2140 2627 Ego

563 2649 684 2686 vero
711 2634 825 2686 dico
860 2636 954 2689 tibi
984 2651 1002 2688 :
1023 2637 1096 2690 Tu
1117 2655 1170 2692 es
1199 2638 1410 2702 Petrus.
1443 2652 1492 2694 et
1513 2641 1568 2696 in
1594 2645 1694 2697 hac
1719 2656 1874 2710 petra
1907 2648 2143 2715 cedi/ica-

563 2725 626 2779 bo
656 2726 948 2782 Ecclesium
977 2747 1171 2794 meam,
1206 2741 1253 2784 et
1279 2743 1444 2801 portw
1470 2734 1759 2806 inferorum
1794 2739 1841 2791 ei
1871 2756 1974 2793 non
1999 2759 2139 2810 pra:-

563 2818 827 2874 valebunt.
871 2819 939 2874 Et
993 2823 1129 2876 dabo
1192 2823 1302 2878 Tibi
1331 2825 1503 2880 claves
1555 2830 1701 2899 regni
1743 2831 2034 2899 caelorum;
2091 2843 2142 2888 et

564 2912 820 2982 quidquid
849 2913 1093 2985 ligaveris
1119 2917 1174 2969 in
1199 2929 1343 2972 terra
1370 2960 1384 2984 ,
1427 2921 1646 2990 ligatum
1675 2924 1773 2977 erit
1803 2925 1858 2978 in
1884 2927 2051 2992 cwlis,
2091 2937 2141 2980 et

565 3004 821 3074 quidquid
848 3006 1061 3060 solveris
1099 3009 1153 3060 in
1209 3018 1372 3076 terra,
1415 3012 1644 3068 solutum
1672 3018 1772 3070 erit
1814 3018 1869 3070 in
1893 3019 2034 3074 cadis
2072 3020 2138 3076 “.

564 3093 730 3150 Millia
761 3097 1027 3166 ejusmodi
1065 3100 1117 3152 iu
1149 3100 1585 3158 confutationem
1616 3106 1797 3176 impia:
1821 3109 1986 3180 hujus
2014 3127 2140 3166 sen-

567 3187 750 3241 tentia:
765 3203 830 3242 ex
856 3190 1025 3244 sacris
1048 3189 1221 3246 Libris
1245 3192 1442 3248 afferre
1470 3195 1678 3252 liceret.
1701 3198 1985 3270 Perpende
2014 3218 2144 3260 vero

562 3286 618 3332 et
646 3279 768 3333 hoc:
795 3279 946 3334 Jesus
961 3281 1260 3352 baptizatus
1276 3287 1551 3355 confestim
1569 3304 1636 3342 ea:
1659 3305 1799 3358 aqua
1821 3297 2058 3348 ascendit
2077 3297 2140 3351 “.

565 3370 647 3424 En
681 3371 918 3444 linguam
953 3373 1118 3444 impia
1142 3376 1575 3432 declamantem!
1606 3379 1741 3436 Boni
1775 3382 1950 3440 Patris
1974 3387 2145 3445 Filius

564 3463 807 3532 optimus
855 3466 910 3519 in
958 3476 1208 3520 creatura
1245 3466 1339 3522 Dei
1372 3469 1676 3538 baptizatus
1709 3478 2022 3545 exscendit;
2049 3490 2141 3536 et:

568 3552 702 3608 Ecce
731 3556 846 3610 caeli
878 3573 1032 3625 super
1061 3559 1232 3628 ipsum
1282 3562 1602 3631 aperiuntur
1629 3565 1709 3619 "l
1745 3566 1822 3620 En
1858 3569 1954 3624 tibi
1980 3571 2144 3627 aliam

566 3650 724 3705 malae
752 3667 946 3706 manus
976 3656 1316 3709 creaturam!
1348 3670 1446 3710 cur
1477 3673 1609 3712 vero
1657 3662 1831 3730 aperti
1885 3674 2017 3720 sunt
2044 3706 2059 3730 ,
2091 3674 2146 3722 et

565 3743 724 3812 cujus
756 3745 964 3798 causa?
993 3745 1152 3809 Vidit,
1187 3746 1384 3816 inquit,
1413 3746 1674 3816 Spiritum
1703 3753 1801 3806 Dei
1829 3755 2146 3812 descenden-

566 3843 671 3886 tem
710 3836 882 3890 instar
916 3836 1169 3891 columba:
1197 3839 1260 3894 ⁸⁷.
1293 3837 1539 3894 Tertium
1587 3843 1703 3900 haec
1752 3861 1923 3914 pauca
1980 3852 2144 3908 verba

563 3922 632 3975 de
655 3923 934 3992 impietate
969 3925 1343 3996 triumphandi
1360 3939 1750 3998 argumentum
1769 3935 2140 4004 suppeditant.

564 4006 848 4072 Quomodo
877 4011 1024 4066 enim
1052 4029 1151 4083 per
1172 4029 1286 4068 rem
1307 4053 1322 4077 ,
1357 4030 1388 4068 a
1417 4019 1561 4072 malo
1587 4020 1890 4090 profectam
1939 4025 2144 4094 princi-

565 4099 679 4168 pio,
705 4101 945 4171 Spiritus
969 4103 1063 4158 Dei
1095 4107 1486 4167 adumbratur?
1516 4099 1705 4168 Prodit
1737 4115 1825 4168 illa
1865 4132 1933 4170 ex
1961 4120 2145 4188 operi-

566 4191 670 4246 bus
701 4193 894 4258 hostis,
924 4202 1086 4266 atque
1111 4199 1237 4255 inde
1265 4219 1550 4275 progressa
1575 4205 1862 4262 descendit
1890 4209 1946 4263 in
1976 4208 2144 4265 Chri-

566 4289 732 4336 stum.
785 4283 1011 4340 Accedit
1067 4297 1319 4356 quartum
1379 4291 1675 4361 impietatis
1733 4305 2143 4365 argumentum.

564 4371 679 4426 Vox
696 4375 843 4428 enim
875 4391 905 4429 e
935 4378 1074 4431 cmlo
1096 4391 1282 4435 sonat:
1312 4382 1410 4436 Hic
1441 4394 1514 4436 est
1538 4385 1706 4438 Filius
1732 4403 1876 4441 meus
1897 4389 2138 4455 dilectus,

2247 539 2654 610 φιλανθρώποις
2689 540 3034 611 δωρούμενος
3093 541 3442 609 σπλάγχνοις,
3491 541 3626 611 ὅπερ
3658 542 3809 607 αὐτὸς

2245 625 2362 699 εἶχε
2391 630 2531 683 κατά
2558 629 2740 700 φύσιν.
2775 631 2949 695 Αὐτὸς
2977 631 3076 702 μὲν
3098 631 3208 700 γάρ
3243 629 3373 692 Υἱὸς
3395 628 3490 682 τοῦ
3520 630 3730 696 Πατοος
3751 635 3808 686 οὐ

2246 725 2387 778 κατά
2433 725 2612 796 χάριν,
2645 725 2784 779 άλλά
2811 727 2954 780 κατά
2995 725 3189 794 φύσινο
3223 724 3448 796 πληρῶν
3491 724 3549 776 δὲ
3581 727 3718 780 κατά
3753 731 3812 782 τὸ

2245 815 2590 884 ἀνθρώπινον
2629 817 2691 870 τὸ
2745 817 2957 886 θέλημα
3000 817 3183 870 αὐτῶν
3229 817 3359 880 τοὺς
3408 816 3550 868 κατά
3591 816 3809 887 μίμησιν

2246 902 2544 974 πληρωτὰς
2585 907 2666 967 είς
2695 905 2971 959 υἱοθεσίαν
3015 906 3161 974 ἄγει,
3199 905 3384 959 καὶτὸ
3416 905 3525 958 τῶν
3573 905 3809 975 ἀδελφῶν

2247 993 2528 1063 χαρίζεται
2557 994 2746 1064 δνομα.
2774 996 2883 1048 Καὶ
2905 996 2959 1048 τί
2995 994 3060 1047 ἀν
3087 1013 3170 1058 τις
3192 995 3471 1064 ἀναλέγοι,
3509 995 3577 1048 δι’
3609 989 3685 1049 ὧν
3729 999 3817 1050 οὐ.

2259 1084 2440 1153 ράνιον
2459 1085 2554 1137 καὶ
2575 1086 2632 1136 ὲν
2654 1085 2904 1155 οὐρανοῖς
2929 1088 2956 1138 ὁ
2985 1085 3176 1156 Σωτὴρ
3191 1085 3282 1137 τον
3311 1085 3534 1156 Πατέρα
3561 1086 3804 1154 ἀνυμνεῖς

2246 1178 2312 1231 Τί
2343 1177 2402 1230 δὲ
2449 1177 2617 1232 τᾶλλα
2647 1178 2827 1246 λέγω;
2865 1177 2982 1240 πῶς
3008 1177 3120 1230 τῶν
3150 1177 3510 1247 παλαμναίων
3553 1177 3615 1230 οὐ
3649 1195 3815 1231 κατα-

2245 1268 2428 1322 δύεται
2457 1268 2518 1322 τὸ
2545 1271 2901 1340 ἀναίσχυντον
2949 1270 3048 1340 τῆς
3085 1270 3426 1337 Δεσποτικῆς
3452 1269 3684 1339 ἐχούσης
3707 1269 3813 1334 (96)

2246 1362 2452 1430 φωνῆς·
2485 1380 2503 1413 ι
2527 1361 2994 1430 Ἐξομολογοῦμαί
3016 1379 3098 1424 σε,
3117 1361 3322 1434 Πάτερ,
3346 1361 3518 1432 Κύριε
3548 1361 3642 1414 τοῦ
3659 1361 3816 1432 οὖρα.

2245 1449 2338 1501 νοῦ
2369 1451 2469 1502 καὶ
2496 1451 2596 1519 τῆς
2621 1451 2754 1519 γῆς;
2778 1468 2796 1501 ι
2819 1450 2880 1501 ού
2903 1449 3012 1519 γὰρ
3033 1450 3194 1519 μόνον
3214 1447 3449 1502 ἐνταῦθα
3472 1449 3566 1502 τοῦ
3587 1449 3812 1520 ούρανοῦ

2245 1539 2472 1610 Κύριον,
2507 1541 2643 1594 ἀλλὰ
2671 1541 2763 1593 καὶ
2789 1544 2889 1608 τῆς
2909 1541 3012 1610 γῆς
3029 1541 3347 1610 τρανολογεί
3364 1557 3377 1570 ·
3412 1541 3509 1593 καὶ
3533 1541 3586 1594 τί
3615 1541 3812 1612 ταύτης

2243 1633 2343 1702 τῆς
2372 1633 2676 1704 μαρτυρίας
2721 1637 3097 1703 σαφέστερονς
3131 1633 3184 1684 τί
3235 1633 3292 1686 δὲ
3322 1631 3694 1702 δυνατώτερον
3727 1635 3814 1686 καὶ

2245 1723 2336 1778 τὸν
2371 1725 2588 1792 Πατέρα
2609 1723 2702 1776 τοῦ
2735 1724 2940 1795 Κυρίου
2994 1723 3154 1793 ἡμῶν
3193 1721 3370 1794 Ἰησοῦ
3418 1719 3687 1794 Χριστοῦ,
3721 1722 3811 1792 δη-

2248 1818 2511 1888 μιουργὸν
2541 1819 2636 1872 καὶ
2672 1817 2875 1888 Κύριον
2919 1816 3272 1887 παραστῆσαι
3319 1815 3413 1869 τοῦ
3463 1814 3690 1882 παντὸς,
3721 1816 3809 1870 καὶ

2242 1911 2302 1963 τὸ
2326 1911 2593 1981 θεομάχον
2625 1911 2724 1980 τῆς
2769 1910 3110 1972 ἀποστασίας
3138 1907 3539 1978 θριαμϐεῦσαι;

2315 1997 2404 2068 (τ’.
2435 2000 2836 2070 Θεολογήσαντι
2864 2000 2976 2071 (97)
3003 1998 3058 2052 δὲ
3085 1997 3249 2052 πάλιν
3268 1997 3347 2068 τῷ
3381 1996 3674 2064 κορυφαίῳ
3708 1996 3806 2049 τῶν

2241 2092 2556 2145 ἀποστόλων
2601 2093 2795 2161 Πέτρῳ
2820 2091 2911 2142 τὸν
2952 2089 3131 2143 κοινὸν
3161 2088 3318 2159 ἡμῶν
3361 2086 3700 2142 Διδάσκαλον
3722 2086 3809 2140 καὶ

2245 2185 2401 2248 Θεὸν,
2436 2185 2625 2255 ῶσπερ
2663 2186 2761 2255 τῆς
2793 2183 3078 2251 θεολογίας
3109 2183 3274 2246 αὐτὸς
3307 2179 3700 2244 ἀνταποδιδοὺς
3727 2197 3805 2249 μι-

2245 2279 2388 2343 σθὸν,
2435 2277 2732 2348 μακαρίζει
2770 2277 2872 2346 μὲν
2915 2276 3008 2328 τὸν
3041 2273 3291 2343 θεολόγον
3316 2271 3676 2343 θεοπρεπῶςο
3715 2272 3798 2343 τὴν

2241 2369 2588 2439 ἀποκάλυψιν
2613 2368 2668 2421 δὲ
2689 2368 2892 2438 ταύτην
2925 2369 3018 2421 τὸν
3052 2368 3110 2420 ὲν
3135 2366 3382 2437 οὐρανοῖς
3416 2365 3642 2433 Πατέρα
3671 2364 3797 2416 ἐκδι-

2240 2463 2429 2516 δάσκει
2467 2463 2772 2532 παρασχεῖν
2819 2460 2967 2530 αὐτῷ
2994 2477 3008 2491 ο
3056 2457 3362 2527 Μακάριος
3383 2453 3460 2519 εἴ,
3494 2456 3650 2528 φησι.
3692 2457 3804 2524 ,ϐαρ

2254 2555 2444 2618 Ἰωνᾶ,
2486 2553 2576 2608 ὅτι
2609 2553 2767 2622 σὰρξ
2801 2553 2901 2607 καί
2950 2547 3094 2623 αἷμα
3129 2554 3241 2606 οὐκ
3293 2549 3652 2618 ἀπεκάλυψέ
3689 2565 3802 2611 σοι,

2241 2646 2378 2700 ἀλλ’
2400 2649 2434 2700 ὁ
2470 2645 2672 2713 Πατήρ
2698 2663 2818 2714 μου
2848 2648 2880 2700 ό
2909 2645 2980 2698 ἐν
3026 2644 3150 2710 τοῖς
3189 2642 3495 2712 οὐρανοῖς.
3544 2641 3708 2711 Κάγὼ
3739 2638 3801 2693 δέ

2241 2755 2341 2792 σοι
2367 2738 2522 2808 λέγω
2542 2755 2556 2768 '
2591 2737 2675 2791 Σὺ
2697 2734 2756 2791 ετ
2781 2737 3022 2804 Πέτρος.
3054 2735 3152 2790 καί
3178 2736 3277 2788 ἐπὶ
3321 2735 3505 2801 ταύτῃ
3532 2732 3605 2801 τῇ
3634 2736 3808 2799 πέτρᾳ

2243 2827 2622 2897 οἰκοδομήσω
2639 2845 2758 2898 μου
2781 2826 2894 2895 τὴν
2914 2827 3302 2894 Ἐκκλησίαν,
3329 2824 3427 2878 καὶ
3456 2825 3643 2878 πύλαι
3667 2822 3806 2890 ᾅδου

2242 2920 2314 2972 οὐ
2368 2920 2858 2988 κατισχύσουσιν
2899 2915 3094 2984 αὐτῆς
3136 2933 3150 2946 ο
3200 2913 3301 2968 καὶ
3345 2913 3519 2966 δώσω
3564 2930 3660 2966 σοι
3709 2912 3808 2976 τὰς

2242 3010 2408 3076 κλεῖς
2434 3009 2545 3079 τῆς
2567 3010 2889 3075 βασιλείας
2915 3007 3034 3062 τῶν
3059 3005 3332 3075 οίψανῶν
3350 3023 3363 3036 ·
3391 3005 3492 3058 καὶ
3519 3004 3550 3059 ὃ
3576 3004 3681 3058 ἐὰν
3709 3001 3810 3070 δή·

2165 3119 2210 3177 c
2242 3117 2361 3170 σῃς
2390 3100 2489 3155 ἐπὶ
2517 3099 2627 3169 τῆς
2660 3097 2792 3169 γῆς,
2825 3099 2997 3152 ἔσται
3025 3096 3348 3164 δεδεμένον
3370 3096 3438 3148 ἐν
3475 3095 3600 3160 τοῖς
3645 3095 3812 3160 οὐρα-

2242 3193 2393 3259 νοῐςο
2425 3194 2524 3248 καί
2551 3191 2583 3246 ὃ
2623 3190 2733 3246 ἐὰν
2758 3192 2960 3258 λύσῃς
3002 3189 3100 3242 ἐπὶ
3132 3187 3244 3257 τῆς
3270 3185 3401 3258 γῆς,
3432 3186 3603 3240 ἔσται
3632 3187 3813 3238 λελυ-

2237 3284 2430 3355 μένον
2477 3285 2548 3338 ἐν
2592 3284 2718 3351 τοῖς
2760 3282 3081 3351 οὐρανοῖςο
3141 3283 3237 3333 καὶ
3293 3279 3456 3351 μυρία
3502 3278 3566 3332 ἀν
3614 3293 3694 3340 τις
3730 3278 3811 3338 είς

2244 3378 2469 3449 ἔλεγχον
2495 3379 2596 3448 τῆς
2632 3375 2867 3438 ἀσεὸοῡς
2933 3374 3172 3438 διανοίας
3213 3375 3277 3426 ἐκ
3313 3373 3422 3425 τῶν
3479 3370 3637 3442 ἱερῶν
3687 3385 3813 3423 συν-

2244 3472 2442 3539 αγάγοι
2471 3471 2702 3538 Λογίων.
2745 3470 2886 3538 Ὅρα
2914 3468 2971 3521 δὲ
3001 3468 3096 3520 καὶ
3156 3464 3345 3519 τοῦτο·
3375 3459 3741 3526 Βαπτισθεὶς
3781 3463 3813 3511 o’

2256 3562 2488 3629 Ἰησοῦς
2511 3560 2746 3614 ἄνεισιν
2769 3557 2950 3624 εὐθὺς
2977 3556 3094 3612 ἀπὸ
3123 3556 3229 3610 τοῦ
3259 3555 3500 3621 ὕδατος.
3556 3554 3620 3606 Ὢ
3640 3550 3807 3620 γλώσ-

2246 3671 2346 3724 σης
2384 3651 2701 3724 μελετὼσης
2733 3649 3092 3704 δυσσέϐειανι
3139 3650 3229 3703 Ἑν
3276 3649 3356 3719 τῷ
3404 3648 3677 3717 πλάσματι
3715 3643 3800 3696 τοῦ

2246 3745 2495 3816 Πονηροῦ
2532 3746 2560 3796 ὁ
2588 3743 2682 3797 τοῦ
2714 3741 2923 3810 ἀγαθοῦ
2961 3741 3173 3812 Πατρὸς
3209 3739 3417 3807 ἀγαθὸς
3471 3740 3594 3802 Υἱὸς
3623 3737 3799 3807 βαπτιο

2246 3837 2396 3901 σθεὶς
2429 3836 2636 3889 ἐκεῖθεν
2678 3835 2873 3899 ἄνεισι,
2897 3835 2993 3886 καὶ
3040 3831 3188 3888 Ἰδοὺ
3238 3830 3633 3900 ἀνεῴχθησαν
3658 3822 3805 3888 αὐτῷ

2243 3932 2298 3984 ol
2332 3926 2578 3996 οὐρανοί
2593 3925 2614 3978 .'
2648 3925 2812 3978 Ἀλλο
2837 3924 3062 3996 πλάσμα
3102 3924 3264 3977 πάλιν
3305 3923 3550 3992 πονηρᾶς
3596 3918 3804 3990 χειρός·

2244 4020 2384 4076 διατί
2433 4020 2491 4074 δὲ
2534 4017 2915 4088 ἀνεῴχθησαν,
2978 4018 3074 4070 καὶ
3122 4019 3269 4080 τίνος
3312 4017 3507 4087 χάριν;
3556 4009 3699 4068 Ellis
3752 4008 3815 4063 τὸ

2244 4115 2487 4183 Πνεῦμα
2525 4111 2633 4165 τοῦ
2670 4111 2840 4174 Θεοῦ,
2876 4111 3032 4180 φησὶ,
3080 4108 3438 4163 καταϐαῖνον
3473 4106 3616 4161 ὡσεί
3661 4121 3818 4172 περι-

2243 4205 2467 4274 στεράν
2485 4245 2499 4259 .
2529 4203 2724 4273 Τρίτος
2754 4195 2909 4266 οὗτος
2929 4203 3027 4272 τῆς
3053 4203 3311 4266 ἀσεϐείας
3332 4203 3388 4254 ὲν
3415 4201 3614 4268 ὀλίγοις
3638 4201 3820 4270 ῥήμα-

2246 4317 2328 4352 σιν
2356 4295 2644 4368 θρίαμϐος.
2686 4295 2810 4356 Πῶς
2829 4295 2938 4363 γὰρ
2967 4296 3024 4347 ὲν
3061 4293 3138 4365 τῷ
3173 4295 3408 4363 σχήματι
3439 4291 3533 4344 τοῦ
3560 4289 3819 4360 πλάσμα-

2244 4406 2334 4450 τος
2366 4386 2460 4439 τοῦ
2494 4381 2741 4455 Πονηροῢ
2773 4383 2835 4435 τὸ
2860 4383 2955 4435 τοῦ
2982 4382 3117 4435 Θεοῦ
3153 4381 3375 4451 Πνεῦμα
3399 4379 3694 4442 τυποῦται,
3729 4378 3825 4431 καὶ

564 4462 620 4515 in
641 4479 743 4529 quo
765 4465 1056 4520 delectatus
1077 4485 1195 4522 sum
1228 4470 1290 4524 “'.
1327 4469 1646 4538 Considera,
1695 4490 1878 4543 quasso
1907 4519 1922 4542 ,
1961 4479 2141 4551 singu-

2249 4481 2493 4538 κάτεισιν
2523 4474 2707 4528 ἐκτῶν
2737 4473 2914 4544 ἔργων
2940 4473 3033 4525 τοῦ
3053 4471 3184 4542 Ἐχο
3197 4471 3310 4540 ροῦ,
3330 4469 3586 4523 κάκεῖθεν
3619 4467 3828 4521 κατιὼν

565 4553 644 4608 las
675 4571 859 4621 voces,
890 4567 948 4611 ut
976 4573 1100 4612 cum
1127 4559 1208 4614 eis
1254 4561 1456 4618 invicta
1500 4563 1799 4633 impietatis
1837 4568 2142 4627 confutatio

569 4759 655 4815 17.

2250 4573 2470 4644 ἔρχεται
2494 4568 2588 4621 ἐπὶ
2615 4566 2706 4619 τὸν
2737 4565 2973 4635 ’1ησοῦν;
2998 4565 3107 4616 Καὶ
3141 4564 3376 4634 τετάρτη
3401 4563 3569 4632 στήλη
3588 4562 3707 4632 (98)
3735 4561 3832 4628 τῇς

637 4689 681 4722 ¹³
717 4691 908 4748 Matth.
950 4710 1026 4764 XI,
1063 4697 1156 4754 25.
1234 4699 1279 4732 ³⁸
1310 4700 1445 4757 ibid.
1520 4701 1564 4734 ⁸⁸
1586 4701 1776 4759 Matth.
1835 4721 1924 4761 xvr
1957 4748 1972 4772 ,
2008 4709 2096 4776 17,
2126 4711 2141 4765 l

2293 4709 2337 4740 “
2367 4702 2562 4760 Matth.
2591 4715 2670 4765 Ill,
2703 4700 2790 4754 l6.
2867 4698 2912 4729 ³⁸
2941 4697 3074 4752 ibid.
3114 4695 3202 4751 16.
3279 4698 3321 4728 ¹⁷
3367 4695 3502 4751 ibid.
3582 4695 3631 4728 ⁸⁸
3694 4695 3829 4748 ibid.

1665 4893 1900 4950 VARIAE
1932 4897 2319 4956 LECTIONES
2347 4898 2436 4952 ET
2471 4895 2706 4950 NOTAE.

565 5075 604 5144 ἠ
637 5003 750 5090 (θὸ)
815 5006 1128 5076 Ἐχούσης.
1166 5005 1428 5080 Legerem
1477 5007 1718 5065 libenter
1765 5010 2029 5081 ἡκούσης,
2073 5029 2142 5068 ex

605 5091 739 5144 χειν.
1455 5137 1457 5140 .

605 5091 739 5144 χειν.
1455 5137 1457 5140 ι

642 5145 1258 5218 (97)-Θεολογήσαντι.
1312 5148 1599 5216 Θεολογεῖν
1662 5149 1804 5204 idem
1863 5150 1951 5206 hic
2000 5168 2142 5218 esse,

566 5215 710 5287 quod
765 5215 930 5287 Deum
979 5217 1207 5287 aliquem
1257 5215 1510 5286 proﬁteri,
1557 5234 1657 5287 pro
1695 5219 1801 5273 Deo
1831 5222 2038 5286 habere,
2075 5215 2142 5276 ei

569 5286 806 5341 Matthaci
854 5285 974 5338 loco
1011 5285 1264 5356 allegato,
1313 5285 1368 5341 et
1413 5285 1630 5343 Petriiia
1681 5285 2033 5347 confessione
2067 5292 2142 5347 ibi

569 5365 889 5427 memorata,
922 5371 1020 5424 per
1053 5372 1112 5410 se
1142 5366 1309 5427 patet.
1340 5361 1514 5427 Atque
1550 5360 1650 5412 ista
1677 5361 1826 5417 vocis
1858 5365 2007 5415 notio
2035 5379 2140 5416 an-

569 5427 714 5500 _t_iqua
738 5426 1030 5500 admodum
1073 5436 1152 5500 et_
1171 5426 1494 5500 Doctoribus
1526 5429 1852 5500 Christianis
1884 5433 2140 5500 perfami-

566 5496 715 5550 liaris
773 5503 876 5550 est.
938 5496 1068 5550 Vide
1125 5496 1211 5550 Jo.
1265 5497 1490 5566 Gaspar.
1548 5497 1754 5553 Sviceri
1815 5496 2139 5556 Thesaurum

564 5568 875 5641 ec_clesiast.,
908 5581 963 5641 p_.
987 5567 1164 5641 1555;
1187 5566 1500 5641 Dionysium
1519 5567 1820 5641 Petavium,
1843 5573 1896 5624 in
1922 5574 2135 5641 praefat.

568 5637 635 5690 ad
668 5647 875 5690 tomum
909 5637 947 5711 _l
975 5637 1290 5711 Dog‘matum
1324 5637 1632 5711 theologia,
1663 5649 1722 5711 et
1776 5656 1891 5711 eos.
1922 5637 2034 5711 ὀιιὶ
2067 5643 2135 5697 ad

570 5721 871 5774 cognomen
900 5705 1126 5778 Joannis
1154 5705 1518 5778 evangelista,
1542 5707 1633 5774 qui
1660 5705 2138 5778 Theologus'voca-

572 5785 680 5842 tur,
711 5777 1062 5832 commentati
1122 5791 1266 5833 sunt.
1300 5777 1574 5834 ’Similcln
1621 5777 1984 5848 significatum
2016 5783 2136 5837 voci

2253 5011 2524 5077 θεολογία,
2556 5010 2650 5078 qui
2685 5016 2740 5062 et
2778 5008 2866 5062 hic
2895 5008 3055 5076 paulo
3097 5015 3235 5078 post,
3273 5004 3534 5078 occurrit,
3572 5016 3837 5078 respectu

2253 5076 2446 5136 Christi
2477 5081 2529 5133 in
2553 5076 2746 5149 primis
2768 5079 3072 5149 vindicavit
3097 5076 3389 5149 luculentis
3411 5085 3665 5149 veterum
3697 5077 3839 5149 locis

2251 5152 2336 5207 ιο.
2390 5145 2628 5205 l’earson
2678 5149 2732 5203 iu
2764 5148 2918 5203 Notis
2969 5150 3035 5204 ad
3083 5147 3271 5216 lgnatii
3324 5145 3612 5214 Epistolas,
3665 5161 3723 5216 p.
3782 5147 3838 5201 7.

2251 5223 2400 5275 Alias
2436 5220 2706 5287 θεολογεῖν
2751 5228 2806 5273 et
2854 5219 3104 5287 θεολογία
3145 5218 3213 5270 de
3264 5216 3576 5287 laudatione
3601 5226 3660 5269 et
3694 5216 3843 5270 cele-

2248 5293 2497 5346 bratione
2547 5283 2638 5343 Dei
2693 5290 2938 5344 adhiberi
2969 5283 3212 5343 ostendit
3263 5283 3433 5338 Henr.
3470 5285 3730 5340 Valesius
3770 5287 3841 5340 ad

2244 5361 2464 5416 Eusebii
2495 5360 2696 5414 Histor.
2725 5361 2903 5413 eccles.
2935 5376 2990 5423 κ,
3019 5361 3072 5420 5,
3103 5373 3221 5428 pag.
3250 5357 3370 5411 190.

2318 5432 2432 5503 (98)
2461 5430 2684 5506 Στήλῃ.
2714 5431 2941 5506 Proprie
2977 5427 3308 5506 columnam,
3344 5437 3463 5506 tu_r_n_
3512 5441 3649 5506 vero
3704 5427 3845 5480 titu-

2243 5497 2356 5557 lum
2393 5497 2455 5556 ac
2480 5497 2916 5569 inseriptionem,
2947 5499 3214 5552 columnis
3247 5498 3467 5553 inscribi
3507 5497 3756 5569 solitam,
3789 5507 3846 5550 et

2243 5575 2402 5626 aliam
2436 5566 2842 5640 quamcunque,
2873 5586 2937 5623 ac
2967 5571 3094 5640 hinc
3145 5576 3330 5640 notam
3386 5582 3510 5621 cum
3558 5566 3848 5640 dedecore

2238 5635 2588 5710 conjunctam
2619 5635 2882 5694 denotare
2909 5639 3065 5710 solet,
3090 5638 3182 5707 qui
3212 5648 3523 5710 postremus
3546 5635 3847 5710 signiﬁca-

2243 5707 2451 5766 tus'hic
2474 5726 2692 5780 quoque
2722 5710 2900 5764 locum
2935 5709 3185 5763 obtinere
3203 5707 3452 5780 videtur,
3495 5721 3666 5780 queui
3703 5707 3847 5760 alias

2243 5784 2298 5837 in
2350 5775 2574 5837 vocibus
2604 5775 2754 5836 'biuc
2802 5780 3062 5836 derivatis
3101 5777 3398 5850 στηλιτεύω
3431 5791 3485 5834 et
3512 5775 3848 5845 ’στηλιτευ-
