3986 6430
158 377 208 440 ΞΒ
1204 373 1505 435 CONTRA
1545 368 2010 433 MANICHEOS
2043 371 2278 433 LIBER
2302 373 2353 433 Ι.

3347 376 3418 438 94

156 478 409 543 ἀσεϐείας·
455 479 629 551 φωνὴ
689 478 897 533 δίδοται
933 481 999 533 ὲκ
1044 480 1153 535 τῶν
1197 481 1449 553 οὐρανῶν
1474 496 1489 512 ⁸
1541 476 1734 546 Οὗτός

1844 478 2133 535 atl'eratur:
2170 478 2276 534 Hic
2296 487 2397 544 est,
2430 479 2639 551 inquit,
2671 480 2843 535 Filius
2873 496 3018 536 meus
3043 482 3264 537 dilectus
3299 522 3313 547 ,
3360 485 3418 539 in

153 580 297 629 ἐστιν
332 575 365 625 ὁ
404 572 550 637 Υἱὸς
598 590 730 642 μου
769 576 804 627 ό
825 573 1159 642 ἀγαπητὸς,
1207 573 1279 627 ἐν
1307 567 1357 642 ᾧ
1398 573 1730 642 εὐδόκησα.

163 663 451 718 Ἐπισκνέπει
483 679 620 731 μοι,
668 664 948 732 ἀγαπητὲ,
986 663 1336 733 καθεκάστην
1382 664 1550 729 λέξιν,
1582 665 1734 726 ὅπως

153 759 311 817 nimi;
362 755 753 822 συμπρόεισιν
798 757 827 808 6
868 756 1013 810 κατὰ
1046 757 1148 828 τῆς
1188 757 1443 821 ἀσεϐείας
1493 758 1734 826 ἄφυκτος

153 849 384 915 ἐλεγχοςο
428 842 644 912 Οὗτός
677 848 836 909 ἐστι,
889 850 1076 919 φησὶν,
1120 853 1154 903 ό
1208 850 1339 915 Υἱός
1376 867 1497 918 μου
1526 853 1559 903 ό
1590 851 1734 920 ἀγα-

151 942 320 1004 πητὸς
344 940 411 992 ὲν
438 931 489 1004 ᾧ
512 939 864 1007 εὐδόκησα.
915 941 1011 1004 Τίς
1036 936 1192 1005 οὗτος
1214 944 1242 995 6
1272 943 1333 995 ὲν
1361 942 1513 996 ὕδατι
1538 942 1737 1012 βαπτι-

149 1030 369 1099 ζόμενος.
394 1021 437 1095 ᾧ
468 1029 851 1100 ἀνεῳχθησαν
872 1033 921 1084 οἱ
944 1032 1190 1102 οὐρανοὶ,
1207 1034 1296 1099 ἐφ’
1328 1031 1388 1084 ὃν
1422 1032 1482 1084 τὸ
1510 1031 1737 1102 Πνεῦμα

149 1126 199 1174 :6
242 1122 363 1191 ἐμὸν
408 1124 467 1173 ἐν
512 1126 718 1194 μορφῇ
755 1125 1091 1195 περιστερᾶς
1124 1122 1463 1177 καταϐαῖνον
1518 1126 1583 1176 ὲκ
1624 1124 1737 1177 τῶν

152 1214 371 1284 οὖρανῶν
437 1216 1009 1286 συνεπιμαρτυρεῖ-αι
1049 1216 1145 1270 τοῦ
1187 1216 1589 1287 βαπτιζομένου
1637 1218 1736 1288 τὴν

155 1304 377 1372 υἱότητας
406 1304 613 1356 Πάντα
642 1306 756 1374 ἐμὰ
776 1304 865 1358 διὰ
899 1306 1008 1357 τῶν
1026 1305 1176 1375 ἐμῶν
1194 1305 1532 1376 κτισμάτων,
1552 1306 1582 1357 6
1605 1307 1738 1375 ἐμὸς

157 1398 280 1458 Υἱὸς,
310 1396 368 1448 τὸ
394 1394 625 1465 θέλημα
659 1398 893 1468 πληρῶν
921 1397 985 1450 τὸ
1006 1398 1159 1468 ἐμὸν,
1199 1398 1298 1469 τὴν
1330 1398 1609 1467 σωτηρίαν
1640 1415 1738 1451 κα-

161 1490 418 1559 ταπράττει
442 1489 547 1541 τοῦ
575 1490 795 1558 κόσμου
815 1505 830 1517 °
850 1491 1021 1559 μόνης
1041 1490 1098 1542 δὲ
1127 1488 1222 1543 τοῦ
1250 1489 1392 1542 Πνεὺ
1401 1506 1570 1559 ματος
1589 1487 1739 1553 ἐξου-

166 1583 366 1653 σίας,τῷ
394 1586 649 1653 ὁμοφυεί
680 1586 1089 1656 συμπαρούσης
1122 1586 1218 1638 καὶ
1243 1585 1739 1655 άνακηρυττούσης

166 1676 518 1746 τῷτεράγματι
567 1677 639 1729 τὸ
687 1678 917 1747 γνήσιον
954 1678 1056 1747 τῆς
1106 1678 1380 1748 υίότητος.
1427 1676 1733 1746 Ἐτέρωθεν

236 1769 373 1821 πάλιν
400 1772 514 1831 τοῖς
581 1769 779 1822 πάντα
817 1769 1143 1839 πράττουσι,
1189 1769 1330 1839 πρὸς
1377 1767 1438 1820 τὸ
1477 1770 1738 1838 ἀρέσκειν

1834 589 1937 643 quo
1965 572 2255 627 delectatus
2281 590 2419 627 sum.
2452 574 2587 640 Quis
2616 583 2737 640 est,
2783 576 2877 645 qui
2910 576 2967 630 in
2999 592 3139 647 aqua
3169 577 3416 648 baptiza—

1835 672 1944 727 tur,
1978 678 2145 732 super
2166 679 2275 733 quo
2306 664 2480 733 aperti
2513 676 2644 718 sunt
2698 666 2845 731 coeli,
2878 668 2931 721 in
2962 683 3124 736 quem
3179 668 3419 738 Spiritus

1835 771 2012 818 meus,
2040 757 2227 811 habitu
2263 757 2532 812 columbae
2559 758 2904 813 descendens
2930 775 2997 814 ex
3021 761 3195 823 caelis,
3251 768 3421 814 testa-

1838 859 1924 903 tur
1946 850 2281 919 baptizatum
2311 851 2462 904 hunc
2482 866 2605 905 esse
2636 851 2876 906 Filium?
2906 851 3100 908 Omnia
3129 869 3248 907 mea
3269 862 3419 919 sunt,

1837 941 1963 1010 quia
1995 942 2177 995 omnia
2208 942 2427 996 condidi
2455 959 2468 994 :
2500 941 2666 997 Filius
2699 959 2918 1013 quoque
2952 960 3108 998 meus
3132 952 3216 999 est
3239 984 3253 1008 ,
3299 944 3416 1014 qui,

1840 1034 2170 1088 voluntatem
2204 1051 2380 1089 meam
2401 1035 2712 1105 perticiens,
2741 1037 2948 1089 mundo
2975 1037 3209 1091 salutem
3239 1035 3423 1091 conci-

1838 1128 1955 1191 liat,
1993 1129 2120 1181 dum
2157 1130 2373 1183 interim
2427 1130 2601 1184 virtus
2635 1129 2871 1199 Spiritus
2903 1130 3008 1183 mei
3042 1170 3057 1195 ,
3119 1146 3243 1199 qua:
3290 1130 3417 1199 ipsi,

1838 1220 2004 1274 unius
2042 1230 2097 1275 et
2127 1221 2369 1289 ejusdem
2401 1232 2609 1276 natura:
2632 1239 2847 1278 mecum
2875 1223 3153 1293 participi,
3174 1239 3418 1293 praesens

1838 1321 1941 1375 est,
1970 1328 2133 1381 opere
2164 1313 2281 1382 ipso
2312 1316 2487 1383 palam
2514 1314 2659 1379 facit,
2694 1331 2818 1370 eum
2851 1331 3038 1369 verum
3063 1330 3183 1369 esse
3200 1315 3419 1370 Filium.

1839 1405 1982 1459 Alibi
2017 1405 2215 1458 iterum
2252 1421 2364 1471 eos,
2392 1408 2484 1476 qui
2522 1408 2704 1462 omnia
2735 1408 2857 1461 ideo
2882 1408 3155 1461 faciebant
3196 1416 3255 1461 ut
3298 1408 3423 1477 pla-

1839 1507 2027 1552 cerent
2056 1498 2371 1553 hominibus
2392 1542 2406 1565 ,
2470 1498 2785 1562 Mercedem,
2818 1500 3037 1570 inquit,
3077 1517 3180 1553 non
3216 1500 3421 1553 habetis

1840 1590 1981 1655 apud
2025 1586 2242 1641 Patrem
2298 1599 2530 1643 vestrum
2587 1590 2639 1643 in
2670 1590 2817 1643 aulis
2849 1591 2912 1642 ".
2971 1590 3105 1643 ltem
3150 1608 3164 1643 :
3210 1590 3422 1654 Quanto

1840 1682 2011 1750 magis
2044 1681 2208 1735 Pater
2237 1694 2404 1735 tester
2432 1684 2487 1735 in
2518 1683 2658 1736 cwlis
2704 1683 2851 1735 dabit
2883 1682 3074 1736 bonum
3125 1681 3420 1751 petentibus

1840 1775 1905 1826 ab
1936 1774 2047 1841 ipso
2082 1775 2148 1827 ²⁰.
2188 1775 2353 1829 Item:
2393 1776 2533 1830 Unus
2575 1786 2648 1828 est
2684 1775 2843 1829 Pater
2900 1786 3065 1829 vester
3092 1777 3145 1828 in
3178 1774 3318 1829 uelis
3348 1776 3419 1826 ¹¹.

173 1862 451 1931 ἀνθρώποις,
514 1862 840 1932 ἐπιτιμῶν,
869 1862 1124 1927 Μισθὸν,
1170 1862 1362 1931 φησὶν,
1406 1862 1519 1914 οὐκ
1569 1861 1739 1930 ἔχετε

1844 1864 1911 1919 Et
1933 1866 2062 1935 quid
2090 1866 2280 1935 optimi
2312 1868 2492 1921 Patris
2520 1867 2759 1936 Optimus
2794 1866 2961 1921 Filius
2992 1867 3190 1922 caelum
3224 1908 3239 1931 ,
3286 1866 3422 1921 alie-

187 1955 317 2021 ςιορὰ
342 1952 405 2017 τῷ
430 1954 626 2021 Πατρὶ
675 1953 853 2022 ὑμῶν
888 1954 968 2018 τῷ
996 1954 1066 2005 ἐν
1104 1952 1231 2018 τοῖς
1274 1953 1557 2021 οὐρανοῖς
1582 1968 1596 1981 ·
1628 1953 1739 2006 Καὶ

189 2046 326 2109 πόσῳ
346 2044 573 2111 μᾶλλον
604 2048 639 2098 ὀ
686 2044 895 2111 Πατὴρ
922 2041 1089 2112 ὑμῶν
1114 2044 1148 2097 ὁ
1188 2044 1261 2096 ἐν
1296 2044 1424 2110 τοῖς
1460 2043 1741 2112 οὐρανοῖς

184 2138 327 2189 δώσει
347 2138 527 2205 ἀγαθὰ
543 2136 681 2202 τοῖς
707 2136 992 2190 αἰτοῦσιν
1020 2135 1242 2198 αὐτώ-ς
1268 2136 1408 2190 Καί·
1434 2131 1537 2201 Εἷς
1569 2136 1745 2189 ἐστιν

180 2230 207 2282 ὀ
234 2228 411 2297 Πατὴρ
432 2227 605 2298 ὑμῶν
635 2232 670 2282 ό
709 2229 785 2280 ἐν
846 2227 972 2291 τοῖς
1011 2227 1314 2295 οὐρανοῖς.
1347 2228 1411 2279 Τί
1446 2226 1502 2280 δὲ
1538 2228 1629 2280 καὶ
1651 2228 1745 2282 ἁν-

182 2320 381 2373 έὸλεπεν
410 2321 439 2373 6
457 2319 661 2387 ἀγαθὸς
693 2319 827 2382 Υἱὸς
860 2321 955 2373 τοῦ
984 2320 1191 2389 ἀγαθοῦ
1224 2321 1438 2394 Πατρὺς
1463 2320 1741 2387 ἀλλότριον

190 2414 380 2482 ποίημα
404 2412 490 2465 τὸν
510 2413 761 2483 οὓρανὸν,
793 2414 890 2465 καὶ
918 2414 1044 2475 τοὺς
1076 2412 1375 2476 δακτύλους
1408 2414 1489 2475 είς
1532 2412 1602 2464 τὰ
1626 2406 1743 2464 ὦτα

192 2502 413 2571 ἐμϐαλὼν
449 2503 542 2557 τοῦ
572 2504 770 2573 κωφοῦ
817 2506 1024 2573 ἥπτετο
1065 2505 1163 2574 τῆς
1207 2503 1481 2574 γλώσσης,
1520 2502 1741 2566 πτύσας

184 2597 259 2645 καὶ
282 2597 364 2664 τῆς
387 2594 702 2663 καρώσεως
738 2597 944 2648 ἀπέλυε
978 2596 1071 2649 τὸν
1118 2596 1338 2665 κωφόν;
1376 2596 1539 2649 Ἄλλο
1578 2595 1743 2648 πάλιν

176 2686 367 2754 πλάσμα
390 2687 656 2756 πονηρὸν,
690 2687 770 2748 ῶς
805 2689 854 2740 οί
893 2688 1295 2758 θεομαχοῦντές
1324 2705 1511 2757 φασιν.
1557 2687 1622 2740 Τί
1657 2687 1738 2753 δὲ,

177 2777 387 2844 λέγοντος
418 2778 596 2831 αὐτοῦ
622 2794 639 2809 ·
697 2778 916 2847 Πάτερ,
966 2780 1240 2845 δόξασόν
1291 2795 1408 2833 σου
1442 2779 1551 2832 τὸν
1582 2779 1739 2843 Υίὸν,

176 2872 228 2921 ἐκ
244 2871 319 2923 τοῦ
344 2872 578 2941 οὐρανοῦ
611 2866 754 2942 ἧκεν
779 2874 813 2942 ὴ
845 2873 998 2943 φωνὴ
1014 2873 1271 2941 λέγουσα,
1306 2873 1415 2925 Καὶ
1451 2872 1738 2936 ἐδόξασα,

178 2963 255 3014 καὶ
286 2962 445 3016 πάλιν
480 2962 776 3027 defricto;
822 2963 979 3034 ’ζίδει
1028 2963 1129 3033 μὲν
1164 2963 1275 3032 γὰρ
1321 2962 1485 3024 αὐτὸς
1531 2961 1614 3015 ὅτι
1648 2964 1745 3017 καὶ

183 3054 362 3120 iisin:
381 3056 466 3109 καὶ
515 3054 773 3119 δοξάσει.
799 3055 911 3108 Καὶ
942 3055 1005 3107 οὐ
1034 3054 1123 3108 διὰ
1155 3055 1317 3107 τοῦτο
1339 3053 1458 3123 ᾔτει
1494 3053 1588 3106 τὸν
1617 3053 1740 3105 Πα-

1842 1976 1969 2013 nam
2025 1970 2357 2023 creaturam,
2400 1961 2660 2030 respexit,
2693 1961 2985 2031 digitisque
3018 1962 3072 2013 in
3123 1976 3284 2014 aures
3316 1960 3424 2014 im-

1841 2052 2044 2115 missis,
2077 2051 2211 2105 muti
2243 2052 2419 2122 tetigit
2447 2052 2708 2121 linguam,
2760 2062 3030 2122 sputoque
3063 2054 3266 2107 emisso
3299 2069 3423 2106 Inu-

1842 2156 1955 2201 tum
1983 2146 2123 2198 malo
2154 2160 2255 2198 suo
2277 2145 2563 2199 liberavit?
2588 2145 2735 2199 Nova
2768 2144 2856 2197 hic
2880 2154 2964 2199 est
2984 2155 3233 2199 creatura
3258 2145 3420 2207 mala,

1842 2248 1903 2291 ut
1937 2236 2048 2290 Deo
2080 2238 2434 2291 adversantes
2455 2237 2775 2304 loquuntur.
2802 2236 2905 2301 Qui
2937 2252 3066 2289 vero
3097 2237 3213 2305 ipso
3233 2236 3423 2291 dicen-

1840 2329 1917 2382 ti:
1949 2328 2133 2393 Pater,
2166 2327 2403 2397 glori/ica
2433 2327 2627 2380 Filium
2654 2338 2825 2387 tuum,
2850 2343 2914 2380 ex
2953 2328 3089 2380 uelo
3114 2326 3265 2380 venit
3315 2341 3423 2380 vox

1841 2422 2029 2475 dicens
2056 2438 2069 2473 :
2105 2418 2169 2473 Et
2190 2419 2501 2488 gloriﬁcavi,
2530 2429 2579 2471 et
2608 2420 2799 2472 iterum
2820 2418 3124 2488 gloriﬁcabo
3148 2418 3215 2472 ³³.
3240 2415 3423 2471 Nove-

1844 2520 1925 2565 rat
1962 2511 2108 2564 enim
2140 2521 2194 2563 et
2236 2509 2371 2577 ipse,
2406 2509 2549 2578 quod
2576 2519 2632 2562 et
2660 2507 3080 2579 glorilicaverit,
3136 2516 3192 2562 et
3223 2508 3426 2579 gloriﬁ-

1842 2611 2067 2655 caturus
2090 2601 2179 2654 sit.
2204 2600 2389 2669 Neque
2422 2610 2708 2669 propterea
2742 2600 3006 2653 exorabat
3033 2598 3273 2654 Patrem.
3301 2600 3425 2670 Ipse

1844 2693 1992 2747 enim
2016 2692 2221 2754 omnia,
2265 2707 2388 2761 quae
2420 2690 2595 2745 Patris
2650 2700 2810 2755 sunt,
2868 2690 3079 2745 habens
3106 2731 3120 2755 ,
3174 2699 3230 2744 et
3276 2692 3425 2745 solus

1844 2786 2024 2841 sciens
2063 2785 2300 2848 Patrem,
2340 2799 2519 2853 neque
2548 2784 2654 2838 hoe
2684 2782 2989 2854 ignorabat.
3018 2781 3087 2837 Ut
3108 2798 3241 2836 vero
3281 2797 3426 2851 pra:-

1844 2894 1973 2932 sens
2000 2878 2338 2933 audientium
2362 2876 2520 2931 turba
2561 2884 2910 2945 perSpectum
2946 2875 3204 2936 haberet,
3238 2874 3439 2929 disce;

1841 2979 2034 3041 retque
2080 2986 2140 3024 se
2183 2979 2237 3023 et
2276 2969 2590 3040 passionem
2624 2967 2797 3021 instar
2848 2966 3084 3020 hominis
3127 2965 3425 3032 declinare,

1844 3072 1900 3118 ει
1937 3073 2118 3117 tamen
2167 3070 2464 3132 expetere,
2516 3073 2711 3114 omnes
2762 3058 2920 3113 docet
2974 3074 3034 3113 se
3076 3066 3272 3128 sponte
3328 3073 3427 3111 sua

185 3146 487 3213 τέραίῦτὺς
510 3147 641 3218 γὰρ
673 3145 817 3217 ἔχων
849 3147 1028 3199 πάντα
1061 3145 1157 3199 τοῦ
1188 3146 1426 3215 Πατρὸς,
1450 3145 1546 3198 καὶ⁵
1577 3146 1740 3213 μόνος

1845 3155 1993 3209 illam
2024 3153 2230 3208 subire.
2282 3150 2420 3205 Hinc
2472 3159 2529 3205 et
2581 3150 2692 3204 ait:
2748 3147 2870 3203 Non
2906 3156 3121 3217 propter
3161 3162 3285 3208 me,
3336 3146 3431 3199 sed

176 3237 392 3300 εέᾶὼςτᾶν
410 3237 684 3309 Πατέρα,
717 3237 1020 3291 οὐδὲτοῦτο
1040 3237 1229 3308 ὴγνόει
1246 3255 1260 3269 ·
1300 3236 1415 3291 ἀλλ’
1449 3238 1535 3290 ἵνα
1563 3238 1658 3291 καὶ
1686 3237 1746 3290 1:6

171 3331 311 3399 παρὸν
334 3331 440 3383 τῶν
468 3330 862 3402 ἀκροωμένων
895 3330 1103 3400 πλῆθος
1148 3328 1337 3399 σαφῶς
1367 3328 1602 3399 ἐπιγνῷ,
1643 3330 1744 3383 καὶ

178 3423 315 3494 μᾶθη,
337 3427 415 3479 ὅτι
442 3426 552 3479 καὶ
582 3427 946 3496 παραιτεῖται
990 3422 1053 3477 τὸ
1102 3422 1276 3487 πάθος
1308 3422 1384 3487 ὡς
1431 3422 1742 3492 ἄνθρωπος,

180 3519 256 3570 ul
290 3518 532 3589 ἐπιζητεῖ
562 3517 754 3583 τοῦτο,
802 3517 1013 3581 πάντας
1041 3516 1315 3570 διδάσκων
1341 3515 1416 3579 ὼς
1450 3515 1594 3568 ἑκὼν
1614 3516 1750 3570 αὐτὸ

175 3610 458 3681 ὑπέρχεται,
519 3610 627 3664 Διὸ
668 3610 764 3663 καὶ
813 3609 1035 3678 ἔλεγεν
1073 3611 1155 3663 Οὺ
1194 3608 1271 3662 δι’
1296 3608 1402 3677 ἐμὲ
1428 3607 1676 3678 γέγονεν
1702 3609 1741 3676 ἦ

158 3704 319 3771 φωνὴ.
344 3706 526 3760 ἀλλὰ
548 3704 634 3757 δι’
662 3702 846 3772 ὑμᾶς.
891 3703 1035 3771 Ἐγὼ
1070 3702 1171 3771 μὲν
1206 3702 1316 3771 γὰρ
1362 3701 1512 3771 ᾔδειν
1540 3699 1610 3755 τὰ
1642 3699 1738 3753 τοῦ

154 3795 339 3866 Πατρὸς
366 3797 587 3860 πάντα,
626 3795 723 3848 καὶ
759 3796 911 3849 οὐδὲν
948 3794 1213 3865 ἠγνόουν·
1248 3792 1369 3846 οὐδὲ
1416 3791 1484 3844 δι’
1514 3791 1616 3858 ἐμὲ
1643 3790 1744 3860 τὴν

156 3888 313 3959 φωνὴν
339 3889 490 3960 πρὸς
516 3887 691 3942 αὐτὸν
714 3888 926 3956 ἀφῆκα,
964 3886 1087 3939 οὐδὲ
1120 3885 1186 3939 δι’
1213 3885 1313 3954 ἐμὲ
1342 3884 1553 3951 ταύτην
1579 3884 1744 3947 αὐτὸς

152 3986 495 4049 assem“,
533 3985 682 4039 ἀλλὰ
702 3987 769 4037 δι’
801 3986 981 4054 ὑμᾶς’
1018 3985 1109 4037 ἵνα
1132 3982 1311 4051 γνῶτε
1336 3984 1416 4036 ὅτι
1457 3983 1743 4052 συντρέχει

148 4078 198 4129 τὸ
219 4078 436 4149 manu.
487 4078 551 4130 τὸ
582 4076 717 4147 ἐμὸν
738 4076 817 4145 τῷ
846 4074 1115 4146 θελήματι
1142 4074 1238 4128 τοῦ
1276 4074 1511 4145 Πατρὸς.
1542 4074 1637 4126 καὶ
1666 4074 1728 4126 τὸ

148 4173 299 4236 πάθος
326 4174 505 4239 δόξαν
553 4170 837 4239 ὀνομάζω.
885 4170 1059 4241 Ὑπὲρ
1115 4171 1222 4241 γὰρ
1273 4169 1429 4239 ὑμῶν
1481 4168 1743 4222 ἁπάντων

1770 3197 1813 3255 C

1844 3256 2058 3317 propter
2095 3262 2184 3300 vos
2206 3261 2305 3298 vox
2342 3244 2448 3296 ista
2510 3244 2654 3313 facta
2678 3253 2753 3295 est
2779 3242 2846 3294 ’³.
2876 3239 2991 3312 Ego
3046 3239 3191 3293 enim
3249 3236 3430 3292 Patris

1844 3335 2070 3391 contsilia
2100 3334 2283 3388 omnia
2338 3347 2621 3394 noveram,
2654 3346 2838 3401 neque
2884 3329 3181 3400 quidquam
3232 3341 3427 3381 eorum

1844 3429 2185 3500 ignorabam.
2242 3424 2432 3495 Neque
2466 3433 2694 3493 propter
2747 3438 2833 3477 me
2884 3438 3073 3476 vocem
3115 3420 3182 3475 ad
3248 3419 3429 3490 ipsum

1844 3518 2021 3583 emisi,
2051 3533 2231 3587 neque
2261 3527 2486 3587 propter
2514 3531 2603 3570 me
2633 3515 2720 3569 ille
2775 3531 2894 3569 eam
2927 3513 3234 3585 obsignavit
3267 3554 3281 3578 ,
3333 3513 3432 3568 sed

1845 3621 2069 3683 prapter
2102 3626 2223 3669 vos.
2258 3617 2319 3662 ut
2346 3607 2537 3663 sciatis
2576 3606 2913 3661 voluntatem
2946 3621 3123 3661 meam
3153 3621 3276 3661 cum
3331 3621 3437 3660 vo-

1849 3705 2058 3760 luntate
2092 3701 2268 3756 Patris
2287 3699 2625 3769 conspirare,
2658 3712 2856 3766 meque
2882 3696 3294 3767 perpessionem
3318 3698 3438 3768 glo-

1848 3796 1983 3850 riam
2011 3794 2305 3865 appellare.
2334 3793 2439 3846 Pro
2478 3790 2630 3845 vobis
2659 3790 2805 3844 enim
2838 3789 3097 3842 omnibus
3130 3788 3236 3843 hoc
3266 3787 3324 3841 in
3343 3802 3433 3842 me

1850 3888 2074 3956 recipio.
2102 3886 2217 3940 Hoc
2254 3884 2360 3939 line
2395 3893 2451 3939 ct
2479 3882 2722 3953 precatio
2754 3881 2891 3947 hac,
2922 3890 2977 3935 et
3004 3881 3179 3935 Patris
3201 3895 3266 3935 ex
3291 3880 3436 3936 caelo

1848 3999 1955 4037 vox
1986 3980 2154 4049 petita
2198 3976 2565 4033 conﬁrmavit.
2604 3975 2783 4045 Atque
2824 3975 2944 4029 haec
2973 3972 3194 4044 quidem
3238 3971 3307 4026 de
3349 3971 3438 4027 bis

1844 4069 2137 4125 sulliciant.

1816 4163 2297 4233 ἀνακαταδέχομαι
2354 4158 2555 4212 τοῦτο’
2613 4157 2704 4211 διὰ
2765 4154 2925 4209 τοῦτο
2999 4157 3092 4210 καὶ
3134 4158 3166 4226 ἡ
3212 4154 3434 4224 αἴτησις

146 4266 451 4337 amantia,
482 4264 585 4317 καὶ
611 4265 721 4334 ne:
737 4263 983 4334 οὐρανῶν
1009 4263 1250 4333 πατρική
1266 4261 1418 4332 φωνὴ
1439 4260 1740 4314 ἐϐεϐαίωσε
1776 4260 1846 4314 τὰ
1868 4255 2193 4326 αἰτηθέντα.
2246 4252 2410 4306 Ἀλλὰ
2424 4251 2565 4313 τέως
2592 4250 2691 4319 μὲν
2712 4247 2951 4301 τοσαῦτα
2979 4247 3111 4318 περὶ
3133 4247 3361 4299 τούτων.

202 4359 269 4411 Ζ’.
308 4360 375 4411 Εἰ
405 4356 475 4409 δέ
508 4373 577 4423 γε
602 4355 662 4407 τὸ
702 4355 810 4425 πῦρ
853 4354 1066 4424 ποίημα
1113 4353 1210 4407 τοῦ
1256 4353 1530 4423 Πονηροῦ,
1567 4353 1683 4416 πῶς
1715 4355 1742 4406 6

1921 4349 2035 4404 VII.
2064 4347 2220 4414 Quod
2268 4346 2313 4401 si
2342 4360 2474 4399 vero
2508 4343 2653 4413 ignis
2699 4341 2820 4395 Mali
2851 4355 2994 4409 opus
3023 4350 3125 4406 est,
3159 4338 3443 4409 quomodo

146 4450 332 4516 ἀγαθὸς
362 4449 536 4513 Θεὸς,
569 4450 601 4499 ὁ
634 4446 729 4499 τοῦ
760 4445 969 4514 ἀγαθοῦ
1000 4446 1149 4511 Υἱὸς,
1182 4448 1309 4509 τοὺς
1337 4463 1742 4515 μυσταγωγοῦ-

152 4543 333 4607 μένους
370 4540 538 4609 αὐτῷ
570 4538 633 4591 ἐν
664 4538 944 4607 Πνεῦματι
971 4539 1112 4609 ἁγίῳ
1138 4537 1395 4608 βαπτίζει
1436 4542 1531 4592 καὶ
1583 4541 1742 4612 πυρὶ,

149 4634 197 4683 τὶ
224 4634 473 4702 πλάςμα
506 4632 801 4683 συνάπτων
822 4630 917 4683 τοῦ
951 4630 1180 4701 Ἑχθροῦ
1202 4631 1281 4701 τῷ
1303 4632 1444 4702 ἁγίῳ
1468 4632 1750 4700 Πνεῦματι

148 4729 231 4778 καὶ
271 4726 347 4779 δι’
389 4725 805 4794 ἀντικειμένων
861 4725 1109 4791 ἁγιάζων
1162 4726 1264 4778 τὸν
1315 4726 1749 4796 βαπτιζόμενον;

152 4819 300 4881 licio;
358 4820 485 4887 γὰρ
518 4817 587 4870 ἄν
618 4834 702 4879 τις
745 4816 905 4869 τοῦτο
954 4817 1327 4887 παραδέξηται
1374 4818 1536 4883 νοῦς;
1597 4821 1752 4879 ποῖος

155 4910 271 4962 rise:
314 4911 377 4961 τὸ
410 4908 710 4975 δύσφημον
745 4906 1041 4976 λογισμόςς
1097 4906 1182 4968 τίς
1228 4907 1285 4959 δὲ
1339 4909 1400 4960 οὐ
1447 4908 1748 4977 καταγνοίη

146 5000 236 5067 τῆς
259 5000 605 5062 δυσσεϐείας
639 4999 699 5051 τὸ
730 4998 1002 5069 μέγεθος;
1032 4999 1159 5061 Πῶς
1194 4999 1251 5053 δὲ
1281 5000 1446 5054 πάλιν
1476 5002 1505 5054 6
1544 5000 1751 5068 ἀγαθὸς

151 5092 279 5156 Θεὸς
311 5095 478 5146 ποιεῖ
506 5093 639 5154 τοὺς
672 5090 943 5159 ἀγγέλους
982 5091 1151 5144 αὐτοῦ
1181 5093 1470 5161 πνεύματα
1495 5091 1593 5144 καὶ
1623 5090 1753 5153 τοὺς

148 5183 515 5255 λειτουργοὺς
559 5181 731 5235 αὑτοῦ
783 5180 959 5251 πυρὸς
1006 5183 1214 5251 φλόγα,
1280 5185 1395 5245 τοῖς
1446 5181 1754 5251 ἀλλοτρίοις

151 5276 329 5345 ἔργοις
354 5274 610 5346 ποιητὴν
659 5274 983 5344 ἐπιγράφων
1040 5274 1266 5328 ἑαυτόν·
1310 5274 1420 5345 Τὴν
1452 5272 1562 5345 γὰρ
1617 5290 1755 5347 προ-

222 5434 265 5465 ¹’
290 5430 499 5485 Matth.
519 5445 601 5494 Vt,
631 5428 719 5483 19.

162 5505 209 5537 ³⁸
236 5502 404 5558 llebr.
430 5516 479 5564 ι,
511 5498 568 5554 7.

816 5428 865 5460 ’θ
885 5427 1077 5484 Matth.
1101 5445 1197 5494 vn,
1239 5428 1323 5483 ll.

1854 4446 2034 4500 bonus
2068 4443 2229 4504 Deus,
2255 4439 2384 4494 boni
2417 4437 2606 4501 Filius,
2635 4451 2751 4499 eos,
2787 4436 2876 4505 qui
2909 4434 2978 4488 ad
3030 4434 3209 4503 ipsum
3266 4432 3443 4486 addu-

1857 4546 2058 4593 cuntur
2076 4534 2319 4603 baptizat
2342 4531 2395 4584 in
2429 4529 2636 4599 Spiritu
2664 4537 2855 4583 sancto
2886 4535 2943 4580 et
2963 4526 3087 4596 igne
3117 4525 3184 4591 “,
3219 4532 3442 4578 creatu-

1854 4643 1969 4681 ram
2001 4625 2121 4679 Mali
2154 4621 2382 4693 Spiritui
2413 4626 2605 4675 sancto
2631 4618 2891 4687 jungens.
2940 4625 3104 4683 atque
3151 4613 3289 4666 adeo
3340 4626 3443 4681 per

1854 4716 2127 4774 contraria
2155 4713 2486 4782 baptizatum
2526 4706 2913 4763 sanctiﬁcans?
2949 4704 3080 4770 Quae
3105 4703 3251 4758 enim
3284 4717 3441 4757 meus

1855 4812 1973 4866 haec
2007 4808 2231 4877 capiat?
2256 4820 2378 4874 quae
2409 4802 2549 4856 ratio
2577 4800 2762 4869 inepta
2796 4799 2913 4851 haac
2938 4796 3119 4850 (erat?
3158 4794 3281 4863 quis
3309 4809 3446 4849 vero

1856 4900 2153 4970 impietatis
2173 4894 2603 4967 magnitudinem
2622 4906 2731 4945 non
2749 4889 3098 4943 abominetur
3119 4887 3447 4957 ?quomodo

1856 4995 2039 5062 itaque
2076 4992 2222 5046 Deus
2254 4990 2427 5043 bonus
2455 4985 2690 5056 Angelos
2710 4997 2839 5036 suos
2868 4980 2999 5034 facit
3055 4980 3303 5050 spiritus,
3333 4979 3444 5033 mi-

1857 5088 2063 5141 nistros
2097 5099 2226 5139 suos
2250 5082 2393 5152 ignis
2427 5080 2699 5133 “animam
2729 5076 2778 5106 ³⁸
2801 5116 2816 5139 ,
2874 5073 3179 5128 alienorum
3212 5087 3445 5143 cperunt

1861 5194 1919 5233 se
1944 5179 2123 5248 ipsum
2154 5174 2448 5241 vcnditans
2479 5170 2844 5226 conditorem.
2885 5165 3271 5237 Propheticam
3295 5165 3447 5220 enim

1862 5273 2008 5327 illam
2038 5286 2230 5325 vocem
2286 5277 2543 5336 tanquam
2591 5263 2832 5320 divinam
2866 5270 2922 5317 et
2948 5259 3196 5315 veritatis
3243 5274 3452 5329 praeco—

1436 5429 1478 5459 ²¹
1510 5427 1702 5482 Matth.
1734 5443 1742 5480 :

1849 5442 1885 5492 ι,
1912 5426 1966 5481 9.
2050 5428 2095 5458 ’³
2118 5424 2277 5480 Joan.
2310 5438 2412 5489 xu,
2434 5421 2525 5477 28.
2599 5422 2644 5455 ³³
2675 5419 2808 5476 ibid.
2837 5421 2928 5478 '50.
3005 5424 3052 5455 ’δ
3082 5420 3215 5477 Luc.
3247 5436 3332 5485 ιιι,
3357 5418 3447 5473 16.

1282 5589 1517 5645 VARle
1550 5588 1942 5646 LEC'l‘lONES
1993 5589 2081 5644 ET
2111 5587 2347 5645 ΝΟΤΛΕ.

169 5777 305 5841 τιιιὸς
341 5779 680 5845 frequenter
700 5768 1278 5845 observes_._§or_npara
1307 5766 1595 5845 Claudium
1633 5763 1754 5845 Sal:

174 5834 419 5917 masium,
455 5834 538 5903 De
596 5858 766 5909 cruce,
825 5858 880 5912 p.
938 5839 1063 5895 268.
1105 5834 1322 5895 llenric.
1356 5836 1649 5905 Valesium,
1692 5834 1757 5890 ad

1848 5764 2167 5827 Eusebium,
2198 5782 2255 5836 p.
2287 5764 2391 5830 '52;
2421 5773 2478 5820 et
2528 5764 2732 5823 Anton.
2764 5762 3143 5828 Muratorium,
3176 5758 3246 5816 ad
3283 5756 3449 5813 Anac-

1851 5839 1976 5890 dota
2008 5836 2215 5906 erca,
2236 5852 2294 5908 p.
2322 5836 2461 5911 Met
2494 5836 2581 5891 i5.
