3986 6496
530 401 616 466 95

1651 398 1926 459 ῬΗΟΤΙΙ
1961 392 2470 458 PATRIARCI-LE
2525 389 2632 451 CP.

3710 382 3800 452 9‘6-

528 512 709 576 nium,
736 509 940 567 Paulus
964 511 1235 582 obsignat.
1262 508 1544 576 Quomodo
1567 523 1696 562 vero
1724 507 1956 576 paleam,
1985 519 2106 574 quae
2133 557 2136 563 .

2236 503 2445 572 ιητικὴν
2479 499 2688 570 ταύτην
2741 499 2928 569 φωνὴν
2987 498 3064 561 ὡς
3112 501 3176 552 ἐκ
3231 487 3365 552 Θεοῦ
3436 500 3528 552 καὶ
3581 498 3736 552 θείαν
3765 487 3820 553 ὁ)

531 613 886 676 peccatorum
940 602 1532 673 levilatem,designat,
1581 610 1844 655 creatum
1903 598 2023 651 Mali
2059 598 2114 650 in

533 697 863 767 supplicium
897 696 1079 757 tradit,
1131 693 1568 764 quandoquidem
1624 707 1743 744 eam
1788 691 1913 760 igne
1961 690 2116 742 inex-

535 784 836 855 stinguibili
879 781 1301 840 comburendam
1343 795 1464 834 esse
1505 778 1721 832 nuntiat
1749 777 1833 828 "‘2
1873 776 1936 828 Et
1978 788 2116 842 quo-

535 875 700 928 modo
737 873 971 927 domitor
1026 872 1198 926 hostis
1237 870 1405 932 venit,
1465 877 1522 923 ut
1568 867 1746 937 ignem
1803 866 2008 934 jaceret
2061 863 2116 916 in

540 976 738 1020 terram
761 965 828 1030 ",
861 964 1030 1017 hostis
1091 978 1229 1031 opus
1283 962 1361 1016 sic
1397 960 1734 1028 ampliﬁcatis
1762 966 1818 1010 et
1862 955 2118 1026 augens?

538 1054 814 1124 quomodo
887 1054 1014 1107 item
1073 1052 1569 1120 diabolouparatus
1647 1056 1733 1101 est
1797 1045 1936 1116 ignis
1963 1045 2034 1108 ’⁷,
2070 1044 2116 1098 si

541 1146 659 1216 ipse
714 1154 799 1199 est
851 1145 972 1213 ejus
1030 1142 1313 1199 conditor?
1343 1157 1522 1211 neque
1549 1140 1694 1194 enim
1728 1138 1843 1207 ipse
1887 1136 1986 1193 sibi
2019 1151 2115 1206 pa-

542 1238 688 1292 rabit
711 1237 1057 1307 supplicium.
1101 1234 1348 1288 Vicissim
1375 1249 1526 1296 vero,
1558 1233 1604 1285 si
1629 1231 1800 1284 hostis
1827 1229 2028 1300 ignem,
2061 1237 2118 1283 ut

542 1331 780 1393 videtur,
817 1346 925 1384 non
959 1328 1190 1399 paravit,
1221 1342 1331 1381 non
1375 1323 1581 1395 paravit
1602 1323 1768 1376 etiam
1799 1321 2119 1389 quidquam,

543 1437 645 1490 per
667 1421 810 1488 quod
835 1420 1083 1473 homines
1123 1419 1241 1472 sine
1267 1414 1649 1470 emendatione
1689 1419 1981 1480 peccantes
2015 1425 2124 1478 pu-

546 1510 668 1564 nire
701 1511 891 1580 possit,
922 1526 1097 1579 neque
1133 1510 1310 1578 ipsum
1342 1506 1515 1567 illum,
1542 1503 1633 1572 qui
1667 1501 1874 1556 zizania
1901 1500 2122 1570 sparsit,

549 1616 650 1671 per
680 1616 842 1670 quem
873 1601 1080 1670 justam
1107 1608 1288 1653 sumat
1323 1597 1610 1652 ultionem.
1649 1593 1716 1648 Et
1765 1594 1890 1665 quis
1937 1593 2124 1648 omnia

551 1691 820 1764 ejusmodi
846 1690 1226 1763 enumerarit?

625 1895 764 1951 Vill.
799 1895 1068 1962 Quoniam
1117 1910 1250 1950 vero
1302 1891 1568 1949 maledica
1615 1900 1672 1946 et
1726 1889 1896 1959 impia
1942 1888 2126 1957 lingua

557 1989 841 2046 terrestria
871 1989 936 2042 ad
964 1989 1164 2042 malum
1199 1985 1533 2056 principium
1556 1983 1719 2038 audet
1741 1985 1967 2046 referre,
1997 1993 2134 2049 quo-

556 2081 718 2136 modo
760 2096 822 2135 ea
856 2096 952 2134 sua
985 2080 1119 2134 dicit
1177 2077 1490 2132 communis
1521 2085 1711 2129 noster
1763 2072 2026 2126 Dominus
2077 2079 2132 2124 et

561 2172 856 2227 Servator?
875 2171 938 2226 In
963 2174 1178 2240 propria
1206 2171 1345 2223 enim
1381 2168 1541 2232 venit,
1578 2166 1778 2235 inquit,
1809 2165 1898 2218 sed
1923 2164 2006 2217 sui
2029 2179 2134 2216 non

554 2273 854 2333 receperunt
878 2281 995 2316 eum
1021 2263 1087 2314 ’⁸.
1124 2260 1282 2327 Quod
1316 2261 1360 2315 si
1382 2259 1622 2316 dixerint
1649 2266 1938 2329 apostala,
1999 2271 2143 2327 pro--

554 2355 673 2425 prie
712 2354 801 2408 hic
832 2353 939 2409 dici
974 2368 1259 2407 sermones
1292 2351 1644 2421 prophetieos
1673 2391 1687 2416 ,
1739 2350 1796 2404 in
1847 2350 1949 2404 hos
1999 2362 2146 2404 vero'

554 2447 774 2502 venisse
805 2445 1108 2507 Christum,
1147 2444 1295 2514 ipsos
1345 2459 1476 2498 vero
1521 2458 1648 2497 eum
1677 2459 1787 2497 non
1832 2441 2130 2514 recepisse,

553 2535 700 2601 vide,
728 2549 935 2605 quaeso.
966 2533 1230 2602 insignem
1257 2547 1446 2586 eorum
1467 2532 1734 2586 insaniam
1763 2542 1820 2586 et
1841 2531 2134 2602 impuden-

555 2624 708 2678 tiam.
744 2623 984 2678 Primum
1013 2621 1181 2687 enim,
1223 2623 1502 2692 quomodo
1536 2623 1887 2692 propheticos
1917 2638 2133 2678 sermo-

556 2731 656 2771 nes
678 2717 927 2786 proprios
941 2715 1139 2771 Christi
1160 2730 1284 2770 esse
1304 2714 1486 2778 aiunt,
1512 2731 1637 2770 cum
1664 2717 1811 2786 ipsos
1838 2717 2134 2786 prophetas

557 2814 614 2860 et
651 2805 1066 2884 in‘spiratiOnem
1097 2820 1289 2860 eorum
1329 2805 1395 2858 ad
1430 2805 1633 2858 malum
1666 2805 1950 2858 referant?
1972 2805 2135 2858 Dein-

557 2900 648 2958 de,
675 2899 949 2967 quomodo
995 2899 1050 2951 in
1082 2897 1433 2967 pr0pheticos
1460 2912 1746 2951 sermones
1773 2897 1926 2951 venit
1974 2895 2136 2951 Chri-

559 2991 718 3046 stus?
749 2989 928 3045 Primo
957 2991 1102 3045 enim
1130 3031 1146 3054 ,
1178 2991 1323 3060 quod
1351 3001 1408 3046 et
1451 2991 1554 3061 ipsi
1601 2991 1780 3051 aiunt,
1821 2989 1890 3044 ad
1923 2989 2153 3044 alienos.

573 3082 745 3144 venit,
777 3082 1080 3152 prophetici
1111 3083 1257 3138 enim
1295 3097 1576 3136 sermones
1621 3081 1785 3135 alieni
1815 3081 1949 3149 quid
1980 3090 2130 3142 sunt,

2217 594 2426 656 Παῦλος
2453 592 2675 661 καὶτῆς
2711 591 2969 660 ἀληθείας
3012 592 3469 659 ἐπισφραγίζεται
3503 594 3791 664 κήρυγμα.

2216 685 2330 738 Καὶ
2365 685 2429 736 τὸ
2470 684 2672 753 ἄχυρον
2725 683 2783 735 δὲ
2832 683 2862 735 ὃ
2908 683 3018 736 τῶν
3083 682 3430 752 ἁμαρτωλῶν
3481 685 3677 754 μηνύει
3734 684 3797 733 τὸ

2217 775 2510 846 ἄχρηστον,
2568 775 2686 837 πῶς
2749 775 2912 828 πάλιν
2967 773 3047 844 τῷ
3095 775 3377 846 πλάσματι
3421 775 3797 846 παραδίδωσιν

2218 871 2297 930 εἰς
2342 868 2566 920 κόλασιν
2614 867 2708 919 τοῦ
2735 865 2960 936 Ἐχθροῦ
2990 885 3005 932 ;
3033 868 3168 937 πυρὶ
3199 869 3309 938 γὰρ
3353 866 3604 936 ἀσϐέστῳ
3659 869 3798 936 φησὶ

2221 957 2633 1012 κατακαίεσθαι.
2672 959 2781 1010 Καὶ
2835 957 2950 1021 πῶς
2998 953 3134 1027 ἦλθε
3173 958 3284 1027 πῦρ
3335 957 3516 1028 βαλεῖν
3563 959 3660 1010 ἐπὶ
3696 959 3799 1027 τὴν

2219 1050 2324 1119 γῆν
2355 1051 2382 1101 6
2409 1047 2742 1118 καθαιρέτης
2782 1047 2878 1100 τοῦ
2920 1047 3174 1117 Ἐχθροῦ,
3207 1048 3270 1100 τὸ
3303 1049 3460 1120 ἔργον
3510 1047 3804 1102 πλατύνων

2224 1141 2320 1192 καὶ
2338 1137 2517 1205 αὔξων
2549 1138 2646 1191 τοῦ
2669 1138 2898 1208 Ἐχθροῦ
2924 1155 2940 1203 ;
2981 1140 3098 1202 πῶς
3129 1140 3186 1192 δὲ
3219 1142 3314 1193 καὶ
3361 1140 3692 1210 ἡτοίμασται
3726 1140 3804 1210 τῷ

2221 1231 2452 1298 διαϐόλῳ
2479 1230 2540 1282 τὸ
2579 1229 2711 1300 πῦρ,
2743 1231 2790 1282 εἰ
2824 1231 3030 1293 ἐκεῖνός
3068 1235 3218 1284 ἐστιν
3250 1233 3279 1283 6
3304 1231 3496 1283 τούτου
3529 1233 3802 1300 δημιουρ-

2224 1322 2360 1389 γός;
2395 1323 2469 1374 Ού
2521 1323 2629 1390 γὰρ
2654 1319 2816 1384 αὐτὸς
2842 1320 3026 1390 ἑαυτῷ
3067 1321 3166 1391 τὴν
3218 1323 3461 1394 τιμωρὸν
3509 1323 3806 1391 ὑφίστησιν

2223 1414 2380 1482 δίκην
2416 1413 2550 1482 (99).
2591 1411 2930 1475 ’Ἄλλως-δὲ,
2988 1414 3050 1464 εἰ·
3079 1414 3154 1483 μὴ
3206 1415 3266 1465 τὸ
3293 1416 3427 1485 πῦρ,
3477 1415 3552 1478 ὡς
3601 1414 3805 1479 ἔοικεν,

2227 1507 2528 1574 ὑπέστησεν
2552 1506 2580 1557 6
2605 1505 2852 1575 Ἐχθρὸς,
2886 1505 3012 1558 οὔτε
3042 1508 3111 1558 δι’
3140 1500 3199 1561 οῦ
3227 1507 3355 1571 τοὺς
3389 1509 3804 1579 ἀνεπιστρόφως

2229 1598 2642 1667 ἁμαρτάνοντας
2682 1597 2925 1662 κολάσει,
2961 1595 3087 1650 οὔτε
3139 1599 3303 1651 αὑτὸν
3336 1601 3543 1671 σπορὲα
3573 1600 3689 1652 τῶν
3723 1601 3806 1664 ξι·

2229 1689 2448 1754 ζανίων,
2490 1689 2554 1742 δι’
2585 1682 2647 1743 οὗ
2674 1689 2772 1759 τὴν
2826 1689 3039 1743 δικαίαν
3082 1691 3437 1760 εἰσπράξεται
3473 1693 3654 1762 δίκην.
3695 1692 3806 1746 Καὶ

2231 1781 2375 1834 πόσα
2396 1781 2464 1846 ἄν
2485 1798 2568 1843 τις
2584 1780 3040 1851 ἀπαριθμήσαιτο
3081 1783 3308 1836 τοιαῦτα
3327 1802 3342 1850 ;

2306 1888 2390 1944 H'.
2439 1891 2580 1943 Ἀλλ’
2611 1892 2768 1960 εῐπερ
2812 1889 2887 1955 ὡς
2918 1893 2952 1962 ἡ
3005 1892 3324 1964 βλάσφημος
3381 1895 3477 1947 καὶ
3537 1895 3805 1967 δυσσεϐὴς

2235 1981 2560 2052 θρασύνεται
2605 1983 2846 2049 γλῶσσα,
2881 1984 2949 2034 τὰ
2984 1984 3202 2050 ἐπίγεια
3260 1986 3356 2036 τοῦ
3391 1985 3665 2055 Πονηροῦ,
3694 1988 3804 2048 πῶς

2233 2075 2382 2140 λέγει
2415 2073 2555 2126 αὐτὰ
2583 2073 2686 2126 ἴδια
2713 2076 2739 2126 6
2763 2074 2942 2137 κοινὸς
2968 2077 2999 2144 ἡ
3009 2075 3124 2143 μῶν
3141 2076 3420 2144 Δεσπότης
3451 2078 3546 2129 καὶ
3573 2079 3797 2151 Σωτήρ;

2233 2172 2338 2233 Εἰς
2371 2169 2443 2221 τὰ
2484 2169 2606 2222 ἴδια
2632 2169 2742 2238 γὰρ
2770 2165 2938 2238 ἦλθε,
2966 2172 3120 2239 φησὶ,
3150 2171 3248 2223 καὶ
3277 2173 3331 2224 οι
3356 2171 3494 2225 ἴδιοι
3518 2174 3704 2226 αὑτὸν
3728 2176 3794 2227 οὐ

2234 2259 2604 2328 παρέλαϐον.
2657 2261 2715 2312 El
2741 2261 2796 2312 δὲ
2815 2260 3022 2328 λέγοιεν
3047 2263 3096 2314 οἱ
3120 2263 3442 2324 ἀποστάται,
3464 2262 3575 2316 ἴδια
3605 2266 3696 2334 μὲν
3716 2261 3790 2317 εἶ-

2233 2363 2321 2404 ναι
2346 2354 2471 2413 τοὺς
2502 2353 2873 2422 προφητικοῦς
2893 2353 3080 2420 λόγους
3104 2355 3199 2423 (l),
3230 2355 3403 2407 ὲλθεῖν
3429 2355 3485 2407 δὲ
3504 2358 3581 2419 εἰς
3612 2359 3790 2419 αὐτοὺς

2233 2441 2324 2494 τὸν
2351 2443 2603 2509 Χριστὸν,
2635 2443 2878 2506 ἐκείνους
2923 2443 2978 2495 δὲ
3017 2444 3204 2497 τοῦτον
3241 2445 3316 2514 μὴ
3359 2446 3795 2516 παραδέξασθαι

2234 2534 2336 2604 δρα
2379 2534 2476 2603 τὴν
2510 2534 2956 2604 ὑπερὸάλλουσαν
3007 2535 3194 2587 αὐτῶν
3251 2537 3438 2590 ἄνοιαν
3502 2540 3594 2590 καὶ
3645 2541 3801 2590 ἀναι-

2237 2624 2510 2694 σχυντίαν.
2543 2624 2767 2695 Πρῶτον
2799 2624 2898 2693 μὲν
2933 2624 3049 2688 πῶς
3085 2625 3304 2692 λέγουσι
3349 2627 3475 2688 τοὺς
3540 2644 3800 2697 προφητι-

2234 2713 2364 2775 κοὺς
2387 2711 2576 2777 λόγους
2629 2711 2794 2774 ἰδίους
2829 2708 2969 2764 εἶναι
3013 2711 3109 2764 τοῦ
3146 2712 3410 2783 Χριστοῦ,
3449 2713 3645 2776 αὐτοὺς
3677 2713 3800 2774 τοὺς

2235 2803 2522 2873 προφήτας
2548 2801 2800 2870 λέγοντες
2851 2802 3077 2872 πλάσμα
3105 2820 3163 2855 τε
3204 2799 3344 2856 εἶναι
3380 2803 3474 2857 καὶ
3522 2805 3830 2857 ἐπίπνοιαν·

2234 2893 2484 2962 δέχεσθαι
2514 2894 2609 2947 τοῦ
2640 2895 2922 2965 Πονηροῦς
2983 2895 3249 2967 Δεύτερον
3277 2896 3358 2961 δὲ,
3405 2897 3520 2959 πῶς
3568 2900 3648 2960 εἰς
3681 2898 3806 2960 τοὺς

2240 2989 2611 3057 προφητικοὺς
2641 2987 2834 3054 λόγους
2867 2984 3034 3059 ἦλθεν
3073 2989 3115 3041 ὁ”
3145 2989 3419 3060 Χριστός;
3453 2990 3671 3060 Πρῶτον
3711 2991 3806 3058 μὲν

2236 3078 2348 3146 γὰρ
2385 3078 2464 3139 είς
2495 3077 2812 3148 ἀλλοτρίους
2855 3073 3012 3148 ἦλθε,
3049 3078 3191 3130 κατὰ
3233 3078 3326 3131 τὸν
3371 3080 3594 3132 ἐκείνων
3623 3079 3806 3148 λόγον·

559 3184 816 3243 tanquam
844 3175 913 3227 ab
935 3173 1116 3227 alieno
1142 3173 1396 3242 inspirati
1417 3213 1432 3237 ,
1465 3189 1567 3228 nec
1596 3172 1664 3226 ad
1699 3174 1902 3227 bonum
1960 3175 2128 3227 Deum

2237 3168 2518 3239 ἀλλότριον
2593 3169 2701 3237 γὰρ
2742 3169 2792 3221 οἱ
2839 3171 3170 3240 προφητικοὶ
3217 3169 3385 3238 λόγοι,
3417 3167 3492 3233 ὼς
3537 3171 3597 3235 ἐξ
3652 3171 3811 3223 ἁλλοο

559 3265 858 3336 pertinent.
907 3264 1134 3329 Deinde,
1164 3265 1438 3334 quomodo
1490 3265 1719 3318 omnino
1769 3265 1977 3334 proprii
2009 3280 2134 3319 esse

557 3367 793 3428 possunt
820 3357 1020 3414 Christi
1050 3373 1332 3413 sermones
1360 3357 1687 3428 prophetici,
1711 3358 1802 3427 qui
1833 3373 1943 3410 non
1976 3372 2133 3411 recc-

558 3455 763 3518 perunt
808 3450 976 3504 eum?
1029 3448 1236 3504 Dicitur
1265 3450 1449 3504 enim:
1502 3450 1563 3504 In
1608 3467 1706 3504 sua
1740 3450 1900 3512 venit,
1931 3449 2022 3502 sed
2053 3449 2137 3502 sui

559 3555 680 3593 eum
711 3556 814 3593 non
842 3550 1166 3610 receperunt.
1192 3539 1384 3605 Porro,
1423 3541 1624 3611 quibus
1655 3548 1981 3610 potestatem
2005 3538 2139 3594 fecit

559 3631 834 3698 Christus,
864 3641 926 3687 ut
953 3633 1045 3686 lilii
1079 3633 1174 3688 Dei
1201 3633 1396 3688 tierent
1420 3633 1444 3687 ?
1467 3648 1600 3687 num
1628 3631 1982 3686 sermonibus
2006 3646 2139 3700 pro-

559 3721 839 3792 pheticis?
867 3722 1106 3778 lloccine
1127 3739 1241 3778 non
1272 3732 1358 3778 est
1392 3721 1630 3793 nugari?
1667 3721 1962 3775 Sermones
1993 3720 2140 3775 enim

561 3814 607 3868 si
640 3831 708 3870 ex
737 3815 846 3871 Deo
888 3826 1039 3880 sunt,
1075 3832 1141 3872 eo
1183 3817 1301 3888 ipso
1331 3815 1539 3886 proprii
1586 3824 1714 3870 sunt
1748 3823 1804 3870 et
1854 3813 2141 3868 domestici

562 3904 688 3974 Dei;
731 3907 778 3961 si
812 3923 944 3962 vero
987 3906 1136 3972 mali,
1166 3907 1444 3977 quomodo
1517 3905 1612 3960 ﬁlii
1662 3905 1758 3960 Dei
1793 3904 2144 3960 ellicientur?

564 3994 728 4064 Tum,
750 4000 928 4069 qualis
958 4016 1140 4056 sermo
1182 3999 1538 4070 propheticus
1567 4014 1634 4054 ex
1689 3997 2050 4068 sanguiuibus
2086 4005 2162 4050 et-

561 4090 843 4145 voluntate
871 4091 973 4146 viri
999 4100 1054 4146 et
1081 4108 1146 4146 ex
1184 4093 1469 4147 voluntate
1499 4092 1680 4146 carnis
1721 4099 1988 4162 pronatus
2015 4097 2101 4144 est
2122 4089 2169 4142 ?-

562 4180 728 4238 Addit
750 4183 904 4238 enim
934 4199 948 4238 :
987 4183 1088 4248 Qui
1127 4201 1231 4239 non
1263 4201 1326 4238 ea:
1353 4185 1719 4256 sanguinibus,
1754 4201 1848 4238 nec
1877 4200 1940 4238 ex
1961 4182 2147 4237 volun-

568 4281 680 4326 tate
709 4275 834 4339 viri,
862 4291 954 4329 nec
979 4289 1042 4328 ea:
1076 4274 1342 4328 voluntate
1389 4275 1586 4340 carnis,
1616 4273 1708 4326 sed
1768 4288 1832 4327 ea:
1879 4271 1991 4326 Deo
2031 4271 2145 4325 nati

2234 3260 2388 3330 τρίου
2418 3261 2810 3331 ἐμπνεόμενοι,
2861 3262 2958 3315 καὶ
2988 3263 3089 3315 οὐκ
3144 3264 3207 3316 ἐκ
3250 3263 3342 3316 τοῦ
3373 3262 3594 3327 ἀγαθοῦ
3650 3264 3807 3317 Θεοῦ.

2202 3396 2206 3402 .
2239 3354 2469 3406 Ἔπειτα
2495 3353 2552 3406 δὲ
2586 3353 2705 3416 πῶς
2733 3354 2986 3408 δύνανται
3016 3357 3155 3418 ὅλως
3186 3355 3308 3408 ἴδιοι
3330 3350 3466 3408 εἶναι
3507 3358 3555 3408 οἱ
3593 3373 3813 3426 προφη-

2233 3447 2378 3499 τικοὶ
2391 3446 2540 3513 λόγοι
2571 3445 2667 3499 τοῦ
2691 3445 2947 3516 Χριστοῦ,
2981 3447 3178 3510 οἵτινες
3195 3448 3294 3500 οὐκ
3322 3447 3570 3513 ἐδέξαντο
3599 3448 3762 3500 αὐτόν
3786 3464 3802 3513 ;

2237 3534 2400 3605 Λέγει
2425 3534 2554 3608 γὰρ,
2599 3531 2707 3603 Εἰς
2729 3539 2802 3592 τὰ
2829 3531 2954 3594 ἴδια
3001 3535 3173 3609 ἦλθε,
3219 3539 3320 3592 καί
3357 3541 3410 3592 οἱ
3449 3538 3588 3592 ιδιοι
3634 3540 3811 3593 αὐτὸν

2237 3632 2310 3684 οὐ
2338 3629 2698 3699 παρέλαϐον.
2743 3623 2884 3683 ’Ἔτι
2939 3630 2996 3683 δὲ
3047 3631 3198 3694 τίνας
3255 3631 3459 3685 ἔδωκεν
3505 3633 3543 3684 ὁ·
3583 3631 3800 3702 Χριστὸς

2238 3723 2488 3788 ἐξουσίαν
2518 3725 2685 3776 τέκνα
2712 3722 2850 3776 Θεοῦ
2884 3725 3176 3792 γενέσθαις
3228 3721 3338 3795 ἄρα
3389 3725 3517 3788 τοὺς
3544 3739 3792 3793 προφητι-
3819 3795 3822 3798 _

2241 3816 2372 3876 κοὺς
2392 3815 2755 3882 λόγουςςΚαὶ
2795 3815 2914 3879 πῶς
2959 3817 3021 3869 οῦ
3062 3816 3272 3886 μακρὸς
3319 3816 3486 3884 λῆρος
3515 3815 3704 3879 τοῦτο;
3739 3815 3798 3866 Ui

2240 3907 2390 3975 λόγοι
2419 3908 2551 3977 γάρ,
2589 3909 2640 3959 ει
2686 3907 2784 3978 μὲν
2825 3909 2890 3961 ὲκ
2920 3908 3055 3961 Θεοῦ
3083 3911 3245 3972 εἰσιν,
3275 3910 3501 3963 αὐτόθεν
3547 3908 3725 3978 ἔχουσι
3755 3907 3812 3958 τὸ

2245 3997 2386 4052 εἷναι
2422 4001 2616 4053 οἰκεῖοι
2657 3998 2792 4052 Θεοῦ
2816 4017 2828 4030 ·
2857 4001 2906 4053 εί
2955 4000 3014 4053 δὲ
3056 4003 3306 4072 πονηροὶ,
3354 4001 3472 4064 πῶς
3519 4000 3585 4053 ἂν
3617 4017 3813 4052 τεκνω-

2245 4092 2392 4144 θεῖεν
2419 4090 2580 4160 Θεῷ;
2615 4092 2736 4144 Ἔτι
2779 4090 2858 4156 δὲ,
2906 4095 3061 4155 ποῖος
3111 4094 3212 4164 μὲν
3261 4093 3422 4160 λόγος
3477 4091 3815 4165 προφητικδς

2245 4183 2307 4248 ἐξ
2344 4183 2596 4253 αἱμάτων
2627 4185 2726 4237 καὶ
2747 4185 2810 4237 ὲκ
2833 4179 3140 4254 θελήματος
3173 4187 3384 4258 ἀνδρὸς,
3421 4187 3518 4238 καὶ
3561 4187 3624 4237 ὲκ
3665 4184 3820 4251 θελή-

2251 4294 2419 4346 ματος
2453 4276 2656 4347 σαρκὸς
2687 4277 2988 4348 ἐγεννήθης
3034 4279 3260 4347 Ἐπάγει
3296 4280 3403 4348 γάρ
3430 4295 3443 4310 ·
3480 4279 3548 4331 Οἳ
3582 4279 3700 4332 οὐκ
3757 4276 3852 4339 ἑξῖ

564 4377 686 4419 sunt
713 4367 782 4419 η.
813 4365 914 4431 Qui
947 4367 1111 4436 igitur
1146 4377 1278 4422 sunt
1301 4367 1377 4420 illi
1407 4380 1692 4421 sermones
1717 4405 1731 4425 ,
1764 4379 1830 4419 ex
1860 4363 2136 4434 sanguini-

2246 4366 2530 4435 αἱμάτων,
2561 4369 2706 4422 οὐδὲ
2740 4368 2810 4421 ἐκ
2857 4371 3192 4438 θελήματος
3250 4371 3491 4438 ἀνδρὸς,
3565 4370 3715 4423 οὐδὲ
3760 4369 3822 4421 ἐκ

565 4457 669 4512 bus
702 4459 975 4528 prognati,
1013 4467 1066 4513 et
1089 4461 1181 4529 qui
1209 4460 1363 4512 non?
1399 4457 1592 4518 Nullus
1617 4457 1763 4512 enim
1792 4471 1996 4520 sermo,
2029 4455 2136 4510 sive

2249 4458 2584 4528 θελήματος
2601 4458 2851 4527 σαρκὸς.
2877 4460 3015 4514 ἀλλ’
3071 4461 3140 4514 ἐκ
3194 4461 3343 4515 Θεοῦ
3379 4460 3857 4530 ἐγεννήθησαν

565 4549 765 4616 bonus,
792 4550 908 4605 sive
934 4551 1132 4616 malus,
1159 4551 1275 4606 sive
1305 4565 1493 4615 verus,
1527 4549 1645 4604 sive
1664 4548 1832 4603 falsus
1851 4549 1942 4614 sit,
1972 4547 2089 4602 sive
2117 4561 2136 4600 ε

2254 4545 2532 4612 Τίνεςτοῦν
2558 4552 2608 4603 οἱ
2642 4551 2702 4617 ἐξ
2755 4553 3007 4622 αἱμάτων
3061 4554 3452 4621 γεγεννημένοι
3504 4552 3653 4619 λόγοι
3686 4569 3700 4617 ;
3740 4548 3854 4602 xal‘

564 4642 731 4703 bono,
772 4644 886 4698 sive
916 4660 945 4698 ιι
978 4644 1119 4697 malo
1145 4643 1255 4698 Deo
1287 4643 1692 4712 proﬁciscatur,
1741 4653 1890 4696 certe
1921 4655 1987 4695 ex
2019 4655 2136 4694 san-

2245 4639 2388 4703 τίνες
2421 4641 2484 4692 ὀἱ
2533 4641 2647 4711 μή;
2679 4642 2868 4705 Οὐδεὶς
2899 4643 3006 4713 γὰρ
3041 4642 3218 4710 λόγος,
3255 4641 3379 4694 οὔτε
3417 4642 3646 4710 ἀγαθὸς,
3709 4641 3828 4693 οὕτε
3855 4643 3860 4650 “

564 4735 840 4803 guinibus,
863 4734 1112 4804 quamvis
1139 4735 1512 4804 maximopere
1561 4733 1845 4789 insaniant
1869 4732 2141 4801 ejusmodi

564 4841 654 4880 res
678 4827 1040 4896 proferentes,
1063 4836 1228 4882 natus
1251 4827 1486 4895 dicetur.
1517 4825 1708 4896 ltaque
1732 4825 1787 4879 in
1824 4825 1909 4880 his
1929 4823 2146 4896 Domini

565 4919 746 4973 verbis
764 4920 1072 4988 prophetici
1091 4935 1377 4976 sermones
1400 4919 1612 4974 nullum
1628 4919 1807 4973 locum
1833 4918 2142 4972 inveniunt.
2164 4951 2167 4958 ι

570 5007 676 5062 Sed
700 5010 920 5078 propria
948 5011 1019 5065 ibi
1039 5012 1287 5081 :appellat
1317 5011 1582 5066 mundum
1605 5009 1796 5076 ,.sicut
1824 5019 1880 5064 et
1919 5008 2046 5063 alibi
2077 5009 2146 5063 ad

568 5095 866 5168 discipulos
897 5115 1024 5155 suos
1041 5102 1158 5158 ait:
1192 5103 1325 5156 Ecce
1357 5103 1498 5156 venit
1525 5103 1677 5166 hora,
1711 5110 1759 5154 et
1771 5101 1892 5170 jam
1913 5100 2053 5153 venit
2073 5107 2130 5150 ut
2163 5141 2168 5146 .

569 5189 938 5259 disperguntur
965 5191 1159 5276 singuli
1184 5193 1243 5248 in
1284 5210 1384 5247 sua
1423 5193 1497 5248 ³ο.
1527 5193 1660 5258 Quae
1712 5192 1879 5262 igitur
1930 5190 2006 5245 ibi
2052 5204 2149 5244 sua

666 5317 711 5348 ⁸⁵
739 5316 873 5372 Luc.
942 5333 1002 5372 ιιι
1030 5359 1045 5384 ,
1078 5319 1162 5373 17.
1209 5331 1215 5338 ’

1271 5321 1316 5353 ’⁸
1336 5320 1471 5375 Luc.
1497 5337 1620 5387 Axn,
1675 5321 1765 5377 49.

568 5401 679 5452 xvr,
712 5388 804 5442 52.
1033 5382 1038 5384 ⁷
1495 5382 1509 5406 ⁴

642 5635 754 5708 (99)
781 5636 984 5708 Δίκην.
1003 5636 1081 5691 lta
1103 5653 1322 5708 quoque
1343 5649 1756 5708 argumentatur
1777 5639 1956 5702 Titns,
1989 5640 2084 5693 lib.
2106 5653 2146 5702 ι,

573 5707 714 5778 apud
752 5707 822 5778 cl.
884 5706 1133 5778 Basnag.’
1166 5706 1338 5777 pf85
1368 5727 1381 5762 :
1412 5706 1582 5763 "lanii
1620 5712 1683 5761 τὸ
1727 5711 1838 5778 πῦρ
1895 5711 2057 5764 ἑαυτὸ
2085 5711 2146 5762 οὐ

576 5776 741 5848 καίει·
778 5776 964 5848 ἕτερον
989 5776 1220 5848 γὰρκαὶ
1255 5780 1353 5848 οὐχ
1392 5780 1552 5832 ἑαυτῆ
1574 5776 1863 5834 ἀναλώσει.

653 5842 1471 5921 (1)Προέρητὶκὸὺς’λόγους.
1531 5849 1671 5905 Hinc
1723 5860 1871 5905 recte
1929 5852 2152 5923 colligas

1879 5321 1922 5352 "
1957 5320 2166 5375 Matth.’
2209 5339 2334 5387 xxv,
2366 5322 2478 5376 ιι.

2246 4731 2505 4801 πονηρὸς,
2536 4730 2650 4784 ἀλλ’
2673 4729 2797 4784 οὔτε
2822 4731 3052 4802 ἀληθὴς,
3091 4730 3214 4784 οῠτε
3257 4731 3477 4801 ψευδὴς,
3511 4731 3613 4783 κᾶν
3639 4734 3712 4784 ἐκ
3741 4730 3860 4782 τοῦῖ

2244 4822 2452 4889 ἀγαθοῦ
2483 4823 2618 4876 Θεοῦ
2651 4825 2922 4895 πρόεισιν,
2947 4823 3050 4876 κᾶν
3097 4826 3162 4876 ἐκ
3196 4823 3291 4875 τοῦ
3319 4822 3579 4894 πονηροῦ,
3631 4826 3702 4876 ού
3740 4840 3831 4891 με-

2245 4913 2369 4988 νοῦν
2399 4914 2460 4980 ἐξ
2486 4916 2757 4984 αἱμάτων,
2821 4917 2870 4969 εἰ
2923 4917 3018 4969 καὶ
3069 4917 3233 4970 πλέον
3293 4917 3531 4984 μανῶσιν
3567 4917 3617 4969 οἱ
3655 4918 3864 4969 ταῦτα·

2245 5007 2520 5076 λέγοντες,
2551 5011 2632 5072 ιού
2679 5011 3028 5080 γεγέννηται.
3079 5011 3244 5064 Ὥστε
3275 5010 3462 5081 χώραν
3520 5015 3577 5063 ὲν
3622 5011 3863 5070 τούτοις’

2245 5103 2360 5164 τοῖς
2385 5103 2746 5165 Δεσποτικοῖς
2791 5104 3034 5171 ῥήμασιν
3086 5103 3340 5172 οὐδεμίαν
3393 5105 3442 5155 ‘ol
3488 5101 3832 5172 προφητικοὶ

2244 5192 2394 5262 λόγοι
2422 5193 2816 5264 λαμϐάνουσιν.
2875 5193 3016 5247 Ἀλλ’
3070 5194 3176 5248 ἴδια
3213 5195 3323 5266 μὲν
3369 5195 3527 5248 καλεῖ
3577 5194 3670 5246 τὸν
3734 5194 3826 5247 κό-

2591 5291 2843 5378 “toan.
2897 5341 2935 5390 ι,
2973 5324 3059 5378 ιι.
3176 5325 3222 5356 ιο
3251 5324 3381 5378 ibid.
3426 5326 3513 5380 50.
3592 5323 3636 5354 ³η
3670 5301 3864 5377 ιοειιι.’

1633 5497 1878 5561 vuum
1933 5457 2315 5559 LECTtONEs
2353 5503 2442 5558 ET
2473 5483 2725 5562 ΝΟΤᾸΞ.

2246 5638 2501 5696 homines
2523 5615 2822 5697 infrunilos
2849 5641 2917 5694 τά
2949 5641 3058 5696 [δια
3102 5643 3157 5696 in
3179 5651 3288 5696 tam
3331 5641 3570 5696 alienum
3603 5656 3830 5694 scnsnm

2245 5710 2583 5834 geltttt‘quere
2615 5714 2829 5780 solitos,
2858 5728 3023 5782 quem
3051 5713 3143 5768 vix
3164 5713 3487 5768 somniando
3515 5712 3640 5781 quis
3697 5728 3829 5781 pro—

2284 5797 2361 5834 art
2399 5822 2410 5833 .

2284 5788 2410 5836 ιιι-ιι.
3849 5788 3866 5798 ‘
