3986 6488
537 370 611 437 99
1684 363 1952 428 ΡΗΟΤΙΙ
1987 361 2147 425 ΡΑΤ]

2253 359 2500 423 ιΒίΣΗΙΕ
2537 362 2647 425 CP.
3714 350 3816 420 100

543 487 799 554 veniunt,
836 502 949 544 non
980 485 1172 552 alium,
1209 498 1375 556 quam
1410 485 1592 556 ipsum
1622 480 1950 546 illuminare,
1987 493 2124 535 con-

2253 475 2289 529 τὸ
2321 476 2439 545 φῶς
2485 476 2661 545 αὐτῆς
2706 473 2911 547 μᾶλλον
2945 470 3259 542 ἀναλάμπει
3309 469 3424 532 τοῖς
3467 466 3815 538 ἐπιζητοῦσιν

540 581 744 647 ﬁrmat,
774 579 1050 650 quomodo
1093 594 1204 635 non
1240 577 1671 634 contremiscunt
1706 573 1980 638 homines,
2025 571 2126 626 de-

2253 568 2424 633 ιύτόνς
2447 567 2571 623 Τῶν
2595 563 2691 623 οὖν
2721 566 2888 639 ίερῶν
2920 565 3182 639 ῥημάτων
3214 561 3312 617 καὶ
3340 560 3461 615 ἴδια
3493 559 3593 615 τοῦ
3636 561 3816 633 Σωτῆ-

544 673 804 730 lectionis
851 688 983 728 vera
1042 671 1351 744 progenies,
1408 679 1466 725 et
1518 668 1647 724 mali
1697 665 1953 736 principii
2008 663 2128 730 ﬁlii,

2253 677 2327 724 mc
2365 661 2583 715 τουτονὶ
2630 660 2725 714 τὸν
2781 658 3062 731 ὁρώμενον
3105 656 3317 727 κόσμον
3354 654 3692 724 καλούντων,
3725 656 3815 709 καὶ

539 767 764 837 quando
793 766 958 822 alium
1009 766 1230 836 quidem
1273 763 1464 820 mundi
1510 760 1741 818 visibilis
1791 758 2132 815 conditorem

2253 756 2297 808 it‘
2351 754 2518 808 αὑτοῦ
2569 754 2952 826 κηρυττόντων
3002 748 3171 804 αὑτὸν
3218 747 3511 817 γενέσθαι,
3560 746 3659 800 καὶ
3697 746 3816 811 τοὺς

540 859 750 924 ferunt,
785 859 952 914 alium
983 874 1116 913 vero
1136 873 1285 919 eum,
1316 855 1409 926 qui
1441 853 1753 910 venientem
1783 851 1838 905 in
1868 848 2137 905 mundum

2253 847 2566 920 ιρχομένους
2614 847 2700 911 είς
2736 845 2832 900 τὸν
2875 844 3084 914 κόσμον
3129 843 3234 896 οὐκ
3281 840 3462 905 ἀλλον,
3511 838 3633 893 ἀλλ’
3664 839 3817 894 αὖτδν

538 952 830 1017 illuminet,
860 966 1138 1023 quemque
1168 948 1492 1006 substantiae
1516 942 1878 1015 intelligibilis
1912 952 2126 998 tantum

2253 936 2375 994 εἶναι
2406 940 2498 993 τὸν
2523 937 2855 1009 φωτίζονταο
2889 937 3009 1001 πῶς
3034 936 3100 989 οὐ
3132 934 3437 1006 πεφρίκασι
3459 932 3532 987 τὰ
3557 932 3661 1000 τῆς
3689 934 3816 987 ἀπο.

537 1045 789 1116 opiﬁcem
827 1043 1057 1115 proﬁten
1066 1051 1154 1097 tur
1177 1044 1201 1097 Y

2253 1034 2470 1097 στασίας
2510 1035 2588 1097 ὡς
2649 1032 2866 1102 ἀληθῶς
2917 1029 3248 1100 πλάσματα,
3305 1026 3400 1082 καὶ
3443 1025 3539 1079 τοῦ
3581 1025 3817 1096 Πονηροῦ

536 1136 741 1202 τέκνα,
773 1139 934 1195 ἄλλον
966 1143 1065 1213 μὲν
1093 1142 1407 1210 εἰσάγοντες
1427 1137 1759 1214 δημιουργὸν
1805 1135 1902 1191 τοῦ
1939 1132 2220 1206 ὁρωμένου
2252 1133 2485 1204 κόσμου,
2523 1132 2714 1203 ἕτερον
2745 1131 2805 1185 δὲ
2866 1129 2959 1182 τὸν
3027 1126 3339 1198 φωτίζοντα
3395 1124 3490 1179 τδν
3531 1123 3819 1196 ἐρχόμενον

539 1233 622 1297 είς
649 1232 745 1286 τὸν
775 1232 1000 1303 κόσμον,
1056 1235 1283 1306 κόσμον,
1326 1235 1387 1288 ὃν
1435 1235 1536 1304 τῆς
1589 1233 1788 1304 νοητῆς
1839 1231 1999 1301 μόνον
2058 1226 2394 1298 δημιουργὸν
2420 1226 2847 1281 καταλείπουσιν
2874 1221 3272 1284 ὑποστάσεωςς
3696 1292 3703 1299 ⁸

612 1323 706 1379 IX.
728 1326 1196 1383 Etabsurditatem
1215 1329 1294 1383 rei
1310 1329 1761 1398 aliundequoque
1783 1325 2132 1381 manifestam

2306 1321 2385 1378 8'.
2405 1321 2517 1375 Kal.
2537 1318 2835 1390 ἀλλαχόθεν
2849 1318 2916 1372 ἀν
2931 1333 3019 1380 τις
3045 1317 3108 1368 τὺ
3131 1316 3334 1370 ἄτοπον
3350 1310 3610 1378 ἐπιδείξω
3629 1310 3821 1366 ἀνακα¹¹

543 1413 728 1470 facere
751 1415 902 1471 licet.
932 1416 989 1472 Si
1018 1418 1164 1472 enim
1196 1419 1474 1474 terrestria
1512 1417 1636 1473 Mali
1676 1426 1825 1482 sunt,
1861 1416 2135 1487 quomodo

2253 1414 2593 1485 ιυπτόμενον.
2619 1412 2685 1467 Ei
2704 1412 2813 1482 γὰρ
2845 1410 2916 1464 τά
2935 1409 3161 1479 ἐπίγειά
3175 1408 3291 1461 ἐστι
3305 1404 3402 1459 τοῦ
3418 1402 3689 1475 Πονηροῦ,
3713 1400 3819 1467 πῶς

541 1508 823 1572 sustinuit,
856 1510 1108 1581 frugibus
1152 1512 1254 1577 uti,
1287 1527 1424 1581 quas
1448 1521 1701 1567 creatura
1723 1511 1846 1566 Mali
1883 1509 2130 1581 protulit,

2253 1505 2502 1575 ηνέσχετο
2527 1503 2619 1557 διὰ
2644 1503 2755 1556 τῶν
2782 1500 3037 1572 καρπῶν,
3065 1498 3161 1560 οὓς
3203 1498 3374 1568 ἔφυσε
3403 1496 3466 1550 τὺ
3499 1495 3711 1566 ποίημα
3733 1494 3815 1549 τοῦ

544 1599 621 1655 ita
649 1610 712 1655 ut
734 1616 887 1657 nunc
935 1619 1005 1657 ex
1045 1603 1290 1674 quinque
1337 1604 1592 1675 panibus,
1616 1620 1767 1659 nunc
1811 1619 1878 1659 ex
1899 1611 2133 1674 septem,

2239 1596 2516 1669 Πονηροῦ,
2544 1595 2709 1650 τοῦτο
2733 1595 2833 1667 μὲν
2860 1594 2959 1648 καὶ
2986 1595 3053 1647 ἐκ
3078 1591 3243 1646 πέντε
3273 1592 3477 1659 ἀρτων,
3503 1587 3663 1642 τοῦτο
3681 1587 3736 1641 δὲ
3764 1587 3818 1652 ἐξ

542 1692 748 1747 multas
768 1694 1038 1765 myriadas
1052 1696 1695 1751 saturaret?Multoenim
1719 1696 1891 1752 satius
1916 1694 2136 1765 Deoque

2253 1689 2417 1755 ίπτά,
2474 1687 2678 1752 πολλάς
2725 1686 2998 1757 μυριάδας
3044 1684 3358 1757 χορτάσαις
3392 1683 3554 1753 Πόσῳ
3613 1680 3717 1753 γάρ
3756 1675 3817 1751 ἦν

543 1787 969 1842 convenientius
1011 1796 1130 1843 erat
1157 1787 1463 1859 disciplinae
1506 1803 1621 1843 suae
1650 1788 1903 1843 alumnos
1920 1802 2033 1841 non
2066 1802 2134 1842 ex

543 1876 815 1935 fructibus
835 1879 1050 1947 alienis,
1073 1879 1169 1935 sed
1198 1880 1268 1936 de
1289 1880 1406 1937 suis
1421 1881 1588 1937 rebus
1604 1894 1851 1951 pascere.
1871 1878 1984 1935 lmo
1996 1895 2136 1949 quo-

544 1969 712 2026 modo
736 1971 790 2025 in
824 1971 1141 2027 universum
1158 1972 1282 2027 cibo
1304 1982 1403 2028 aut
1431 1983 1563 2043 potu
1591 1972 1710 2042 ipse
1740 1986 1873 2026 usus
1887 1978 1990 2035 est,
2015 1979 2138 2024 tan-

543 2077 711 2133 quam
751 2062 1023 2120 l’ructibus
1058 2078 1288 2135 operum
1338 2063 1590 2136 principii
1632 2063 1759 2118 mali
1789 2063 1814 2117 τ
1850 2063 2137 2136 Quomodo

544 2154 747 2211 iterum
781 2171 930 2212 caeco
954 2158 1144 2213 oculos
1176 2157 1453 2214 fabricans
1489 2172 1603 2214 non
1641 2173 1707 2214 ex
1738 2159 1841 2213 alia
1881 2133 2134 2221 materia,

543 2260 707 2317 quam
738 2260 802 2301 es
839 2257 983 2303 terra
1013 2256 1073 2303 et
1106 2263 1267 2319 aqua,
1295 2264 1418 2319 qum
1447 2249 1768 2313 erantMali,
1819 2248 1996 2305 visum
2043 2261 2135 2303 reo

543 2338 749 2407 stituit,
777 2353 974 2411 operas
987 2355 1112 2396 cum
1131 2341 1290 2397 hoste
1322 2342 1575 2413 partitus,
1599 2354 1765 2414 atque
1805 2342 1881 2397 illi
1911 2340 2136 2413 quidem

544 2432 761 2504 potiora
786 2434 1136 2503 permittens,
1161 2433 1279 2505 ipse
1301 2450 1434 2490 vero
1454 2444 1666 2506 partem
1690 2450 1848 2491 suam
1878 2450 1947 2490 ex
1958 2434 2139 2490 aliena

545 2521 799 2589 materia,
816 2530 1073 2593 tanquam
1089 2522 1182 2593 qui
1212 2523 1433 2594 propria
1454 2523 1529 2579 sit
1546 2522 1865 2587 destitutus,
1882 2530 1941 2577 et
1961 2520 2139 2576 aliena

545 2614 866 2670 accessione
883 2613 1132 2684 explens.
1147 2612 1324 2685 Hujus
1343 2623 1516 2677 certe,
1536 2613 1581 2668 si
1612 2612 1818 2668 nullius
1841 2620 2133 2683 praterea,

546 2708 759 2780 pudere
774 2707 1014 2765 debebat
1024 2708 1278 2763 homines
1300 2707 1721 2778 perditissimos,
1748 2717 1811 2761 ut
1826 2704 2143 2761 considera-

550 2807 678 2855 rent
696 2797 976 2870 quod,qui
1004 2798 1193 2855 oculos
1217 2797 1473 2854 formavit
1503 2812 1569 2853 ex
1604 2796 1742 2863 luto,
1775 2796 2035 2867 ipsevere
2055 2801 2144 2849 est

550 2892 626 2954 is,
667 2891 761 2962 qui
793 2892 863 2946 ab
903 2891 1062 2946 initio
1111 2891 1392 2947 hominem
1421 2905 1490 2946 ex
1533 2891 1649 2946 luto
1676 2888 1944 2945 condidit.
1970 2887 2143 2959 Cujus

520 2965 702 3039 'enim
732 2982 976 3038 materia:
1012 2998 1143 3053 pars
1163 2990 1268 3045 est,
1302 2983 1550 3053 ejusdem
1578 2996 1799 3053 quoque
1827 2988 1916 3036 est
1932 2987 2139 3035 totum:

2240 1784 2466 1853 ἄμεινον
2503 1782 2600 1836 καὶ⁵
2629 1780 3101 1850 θεοπρεπέστερον
3143 1777 3220 1850 μὴ
3256 1777 3316 1843 ἐξ
3348 1773 3652 1846 ἀλλοτρίων
3690 1789 3816 1845 καρ-

2241 1873 2382 1936 πῶν,
2412 1874 2532 1927 ἀλλ’
2572 1871 2633 1938 ἐξ
2657 1872 2877 1926 οἰκείων
2908 1869 3419 1942 δημιουργημάτων
3464 1867 3685 1939 τρέφειν
3704 1867 3815 1929 τοὺς

2245 1967 2811 2041 μυσταγωγουμένους
2839 1964 2990 2035 αὑτῷ
3024 1968 3039 2021 l
3074 1965 3295 2021 Μᾶλλον
3317 1962 3376 2018 δὶ
3402 1961 3528 2027 πῶς
3549 1961 3680 2026 ὅλως
3704 1975 3813 2033 τρο-

2242 2065 2351 2135 φὴν
2372 2063 2408 2136 ἢ
2442 2064 2607 2117 ποτὸν
2633 2059 2797 2124 αὐτὸς
2827 2056 3271 2131 προσηνέγκατο,
3303 2053 3342 2110 ἃ.
3387 2053 3609 2126 καρπὸς
3635 2049 3699 2125 ἦν
3724 2053 3813 2107 τῶν

2243 2156 2424 2228 εργιοιν
2459 2155 2556 2209 τοῦ
2591 2152 2876 2226 Πονηροῦς
2932 2152 3057 2216 Πῶς
3086 2150 3144 2206 δὲ
3191 2151 3357 2206 πάλιν
3385 2147 3696 2218 ὀφθαλμοὺς
3726 2145 3808 2216 δη-

2245 2247 2528 2321 μιουργῶν
2559 2245 2640 2318 τῷ
2691 2244 2880 2317 τυφλῷ
2900 2245 3003 2299 οὐκ
3035 2243 3094 2311 ἐξ
3122 2241 3291 2313 ἄλλης
3323 2239 3459 2312 ὕλης
3485 2237 3606 2293 ἀλλ’
3634 2238 3691 2294 ἐκ
3714 2237 3805 2308 γῆς

2242 2338 2344 2395 καὶ
2374 2339 2568 2402 ὕδατος
2584 2379 2602 2405 ,
2631 2337 2779 2409 άπερ
2801 2333 2871 2408 ἦν
2892 2335 2989 2391 τοῦ
3027 2333 3301 2407 Πονηροῦ,
3342 2335 3447 2403 τὴν
3472 2330 3600 2402 ὄψιν
3622 2329 3802 2413 ἐκαινο-

2244 2430 2414 2499 ποίει,
2445 2431 2734 2502 μονονουχὶ
2767 2429 3244 2501 συμμεριζόμενος
3271 2427 3351 2499 τῷ
3370 2423 3611 2497 Ἐχθρῷ,
3639 2420 3810 2493 καὶτῷ

2249 2524 2354 2596 μὶν
2386 2523 2545 2592 ἀφεὶς
2573 2521 2636 2578 τὸ
2665 2522 2831 2577 πλέον
2853 2524 3029 2576 ποιεῖν
3049 2536 3064 2551 ο
3097 2520 3269 2584 αὐτὸς
3289 2519 3353 2575 δὲ
3373 2518 3439 2573 τὺ
3470 2518 3630 2589 μέρος
3656 2515 3713 2579 ἐξ
3731 2515 3815 2568 ἀλ-

2246 2615 2471 2688 λοτρίας
2506 2613 2642 2686 ὕλης
2686 2612 2878 2686 ὥσπερ
2921 2613 3150 2685 ἀπορῶν
3204 2612 3376 2675 ιδίας,
3429 2606 3812 2680 τοόἂλὶοτρίον

2248 2707 2570 2778 πλάσματος
2588 2707 2814 2780 ἀναπλη
2824 2706 2931 2778 ρῶν
2956 2723 2972 2773 ;
3033 2704 3230 2761 Καίτοι
3262 2704 3313 2757 εί
3344 2703 3423 2775 μη
3445 2718 3503 2755 τι
3535 2700 3684 2765 ἀλλο,
3710 2697 3815 2753 ἀλλ’

2250 2800 2386 2855 αὐτό
2416 2816 2482 2869 γε
2510 2798 2672 2855 τοῦτο
2713 2800 2843 2864 τοὺς
2884 2798 3108 2862 ἀθλίους
3159 2797 3268 2851 εδει
3321 2793 3703 2867 δυσωπηθῆναι
3731 2792 3819 2847 καὶ

2251 2893 2612 2966 κατανοῆσαι,
2668 2894 2753 2948 ἃιι
2790 2891 2964 2957 ὅντως
3002 2894 3033 2946 ό
3061 2890 3277 2951 πλάσας
3312 2888 3405 2943 τον
3448 2887 3719 2959 ὀφθαλμὸν
3757 2886 3820 2940 ἐκ

2252 2984 2460 3058 πηλοῦ,
2508 2986 2672 3051 αὑτός
2700 2987 2850 3040 ἐστιν
2875 2986 2904 3039 ό
2937 2984 3035 3039 καὶ
3082 2983 3205 3038 κατ’
3256 2982 3434 3054 ἀρχὰς
3486 2981 3689 3045 πλάσας
3736 2977 3821 3033 etv

550 3081 610 3129 et
637 3089 802 3144 quem
829 3072 1173 3129 conditorem
1198 3073 1391 3129 habuit
1411 3074 1752 3138 universum,
1779 3086 1905 3127 eum
1926 3078 1986 3125 et
2015 3082 2143 3139 pars

2253 3077 2541 3150 ἄνθρωπον
2567 3079 2633 3133 ἐκ
2674 3076 2874 3148 πηλοῦ.
2911 3075 3047 3140 Οῑας
3074 3077 3182 3147 γὰρ
3230 3073 3366 3147 ὕλης
3392 3074 3512 3129 ἐστὶ
3552 3075 3609 3128 τὸ
3640 3072 3820 3145 μέρος,

553 3166 764 3222 habuit.
794 3166 947 3222 Adde
987 3167 1109 3222 his:
1136 3167 1183 3221 si
1212 3182 1415 3238 corpus
1440 3183 1471 3221 a
1505 3165 1648 3221 Malo
1678 3163 1989 3236 profectum
2033 3169 2143 3224 est,

553 3259 832 3330 quomodo
869 3258 1019 3315 ﬂevit
1066 3259 1205 3332 ipse,
1247 3276 1375 3314 cum
1430 3260 1484 3315 id
1515 3259 1570 3314 in
1595 3258 1804 3314 Lazaro
1831 3257 2061 3327 periret,
2091 3262 2149 3309 et

552 3350 832 3423 quomodo
891 3365 1033 3421 opus
1079 3350 1204 3405 Mali
1263 3350 1534 3405 abolitum
1581 3349 1698 3419 ipse
1748 3348 2041 3403 restituere
2091 3355 2149 3400 et

553 3443 612 3499 in
667 3444 835 3500 vitam
867 3441 1175 3508 vindicare,
1204 3458 1270 3498 ac
1308 3442 1576 3497 Lazarum
1608 3442 1942 3497 resuscitare
1976 3443 2147 3498 susti-

552 3536 719 3592 nuit?
754 3536 935 3606 ipsum
964 3549 1188 3605 quoque
1209 3536 1431 3590 Patrem
1453 3549 1521 3589 eo
1539 3543 1788 3604 tempore
1817 3534 2145 3604 implorans,

554 3637 619 3684 ut
647 3636 955 3684 creaturam
983 3627 1108 3682 Mali
1124 3626 1343 3699 optimc
1383 3627 1652 3698 perditam
1684 3627 1803 3696 ipse
1830 3626 2029 3681 iterum
2062 3641 2144 3680 re-

561 3720 755 3779 ﬁceret
780 3731 840 3777 et
876 3721 932 3776 in
977 3722 1145 3777 vitam
1191 3721 1516 3776 revocaret?
1545 3720 1661 3775 lmo
1711 3720 1757 3773 si
1788 3734 1993 3789 corpus
2022 3717 2150 3772 mali

554 3821 644 3871 est
672 3812 953 3884 principii,
993 3812 1273 3884 quomodo
1321 3812 1493 3867 {ilium
1523 3811 1704 3867 viduae
1741 3818 2022 3865 mortuum
2060 3824 2151 3863 re—

555 3906 889 3963 suscitavit?
915 3904 1192 3975 quomodo
1231 3913 1313 3958 tot
1337 3903 1488 3958 mille
1515 3902 1621 3957 alia
1642 3900 1926 3963 miracula,
1950 3899 2152 3969 quibus

558 3997 850 4053 hominum
888 3996 1097 4067 proluit
1140 3996 1488 4066 corporibus.
1544 3988 1934 4064 perpetravit?
1968 4005 2153 4046 nonne

559 4088 799 4159 denique
845 4088 1190 4143 centurionis
1236 4103 1396 4158 puer,
1421 4086 1574 4141 Petri
1607 4100 1822 4150 socrus,
1857 4084 2056 4139 mulier
2084 4097 2153 4138 ex

559 4178 756 4235 morbo
771 4179 1033 4250 depressa
1052 4179 1097 4211 "
1123 4178 1328 4233 femina
1352 4176 1638 4247 sanguinis
1659 4176 1807 4232 (luxu
1835 4191 1935 4247 per
1952 4176 2154 4231 multos

560 4287 738 4328 annos
772 4271 1080 4336 debilitata,
1110 4270 1374 4340 omnique
1423 4270 1618 4324 salutis
1664 4283 1761 4339 spe
1803 4268 2037 4339 privata,
2075 4267 2157 4323 le-

559 4364 732 4437 prosi,
784 4363 1087 4435 paralytici,
1136 4362 1340 4428 claudi,
1390 4360 1568 4426 surdi,
1631 4369 1796 4431 atque
1849 4362 1996 4416 mille
2050 4360 2155 4414 alia

2248 3169 2351 3237 τῆς
2379 3170 2551 3240 αὐτῆς
2581 3169 2678 3222 καὶ
2704 3169 2768 3222 τὸ
2797 3168 2918 3222 ὅλον
2937 3184 2952 3198 °
2982 3170 3077 3221 καὶ
3099 3166 3160 3220 ὃν
3192 3167 3317 3237 ἔσχε
3347 3167 3406 3219 τὸ
3432 3167 3553 3219 ὅλον
3579 3165 3825 3234 δημιουρ-

2247 3262 2368 3331 γὺν,
2405 3262 2498 3314 τὸν
2542 3261 2709 3315 αὐτὸν
2746 3262 2843 3315 καὶ
2886 3262 2949 3314 τὸ
2986 3260 3174 3331 μέρος.
3213 3259 3421 3322 Ἄλλως
3466 3274 3527 3311 τε
3569 3256 3657 3322 δὲ,
3691 3258 3737 3308 εί
3768 3254 3825 3307 τὸ

2251 3355 2419 3425 σῶμά
2457 3357 2608 3409 ἐστιν
2644 3358 2710 3409 ὲκ
2738 3354 2833 3408 τοῦ
2865 3353 3135 3427 Ποιθηροῦ,
3182 3354 3301 3417 πῶς
3327 3351 3552 3406 ἔκλαυσε
3589 3349 3824 3418 διαφθει-

2253 3448 2487 3520 ρομένου
2516 3446 2685 3502 αὐτοῦ
2723 3447 2818 3502 ἐπὶ
2843 3446 2938 3500 τοῦ
2968 3446 3265 3518 Λαζάρους
3302 3446 3398 3497 καὶ
3435 3443 3555 3507 πῶς
3585 3443 3823 3513 ὑπέμεινε

2248 3540 2607 3610 διαλυόμενον
2645 3539 2708 3591 τὸ
2741 3538 2904 3610 ἔργον
2932 3536 3028 3591 τοῦ
3067 3533 3318 3607 Πονηροῦ
3360 3534 3521 3597 αὐτὸς
3557 3533 3708 3587 πάλιν
3739 3549 3820 3583 συ-

2253 3632 2480 3703 σφίγξαι
2509 3632 2607 3686 καὶ
2652 3631 3020 3701 ζωοποιῆσαι,
3056 3630 3152 3683 καὶ
3185 3629 3279 3683 τὸν
3320 3627 3579 3698 Λάζαρον
3609 3625 3811 3692 ἀναστῆ-

2256 3740 2347 3776 σαι
2369 3762 2386 3789 ,
2438 3722 2535 3775 καὶ
2561 3724 2684 3776 τότε
2722 3723 2817 3777 τὸν
2854 3723 2985 3776 ἴδιον
3024 3719 3457 3792 ἐπικαλούμενος
3487 3718 3711 3787 Πατέρα,
3732 3718 3810 3768 ἵνα

2252 3817 2316 3870 τὸ
2335 3815 2565 3886 πλάσμα
2591 3812 2687 3868 τοῦ
2720 3812 2968 3885 Πονηροῦ
2996 3813 3178 3877 καλῶς
3205 3811 3651 3882 διαφθειρόμενον
3677 3808 3814 3870 αὐτὸς

2255 3908 2423 3962 πάλιν
2449 3905 2710 3980 ἀνασώσῃ
2734 3908 2829 3960 καὶ
2859 3904 3055 3977 ζωὼσῃ
3077 3922 3092 3970 ;
3122 3906 3232 3959 Kal.
3257 3905 3307 3958 εἰ
3332 3904 3394 3958 τδ
3421 3903 3589 3974 σῶμά
3613 3904 3717 3955 ἐστι
3741 3898 3823 3952 τοῦ

2255 3999 2528 4072 Πονηροῦ,
2551 3999 2671 4063 πῶς
2693 4001 2786 4053 τον
2811 3999 2912 4068 τῆς
2929 3999 3103 4070 χήρας
3125 3998 3242 4052 υίὸν
3263 3995 3543 4050 τεθνεῶτα
3562 3995 3827 4062 ἀνέστησες

2257 4092 2378 4157 πῶς
2415 4092 2516 4157 τὰς
2565 4090 2733 4154 ἄλλας
2783 4090 2985 4162 μυρίας
3050 4089 3415 4160 θεοσημείας,
3444 4088 3604 4150 ὅσαις
3640 4085 3703 4139 τὰ
3734 4082 3831 4137 τῶν

2256 4186 2563 4257 ἀνθρώπων
2591 4183 2921 4256 εὐεργέτησε
2974 4181 3241 4253 σώματα,
3290 4180 3655 4250 διεπράξατο;
3695 4177 3751 4232 '0
3782 4174 3835 4229 δὲ

2255 4279 2351 4332 τοῦ
2388 4268 2795 4350 ἑκατοντάρχου
2847 4277 3014 4340 παῖς,
3047 4277 3082 4345 ὴ
3114 4273 3171 4327 δὲ
3206 4272 3302 4327 τοῦ
3337 4273 3552 4344 Πέτρου
3584 4270 3836 4341 πενθερὰ,

2259 4373 2294 4443 ή
2336 4370 2729 4440 συγκύπτουσα
2768 4369 2846 4440 τῷ
2888 4367 3054 4423 πάθει
3091 4369 3252 4437 γυνὴ,
3301 4370 3336 4438 ἡ
3384 4367 3464 4438 τῷ
3515 4365 3840 4437 πολυχρονίῳ

560 4454 934 4515 calamitatum
967 4466 1023 4511 et
1063 4457 1381 4511 morborum
1415 4456 1691 4525 exempla,
1731 4470 1761 4508 ε
1798 4456 2001 4524 quibus
2028 4469 2147 4509 cor-

2264 4462 2497 4535 ρεύματι
2527 4463 2952 4532 κατασυρομένη
2982 4461 3079 4515 τοῦ
3105 4461 3343 4531 αἵματος
3374 4458 3470 4513 καὶ
3531 4460 3714 4513 πᾶσαν
3744 4457 3841 4523 ἁψ-

563 4568 696 4623 pora
728 4550 992 4607 immunia
1021 4549 1296 4605 reddidit:
1327 4564 1536 4616 nonne,
1571 4549 1817 4619 inquam,
1838 4550 1942 4603 ista
1966 4547 2151 4603 omnia

563 4645 764 4700 idonea
822 4653 956 4698 sunt
1014 4643 1082 4697 ad
1127 4641 1543 4712 perfundendos
1594 4643 1797 4697 rubore
1853 4641 1998 4705 illos,
2059 4640 2154 4710 qui

563 4755 795 4807 corpora
844 4739 1130 4795 hominum
1191 4724 1681 4793 Mali/creaturam
1739 4736 1970 4792 dicunt?
2004 4735 2154 4803 Quo-

565 4834 730 4888 modo
757 4832 904 4887 enim
932 4847 1075 4903 opus
1097 4832 1275 4887 hostis
1298 4831 1577 4902 perditum
1605 4831 1786 4887 bonus
1810 4828 1954 4885 Deus
1988 4844 2157 4885 reno-

571 4935 742 4992 vavit,
786 4940 967 4996 neque
1012 4926 1190 4981 solum
1238 4938 1453 4991 eorum,
1485 4924 1578 4994 qui
1609 4922 1675 4979 ad
1701 4924 1880 4994 ipsum
1911 4937 1973 4978 se
2014 4921 2157 4978 reri-

2259 4557 2517 4629 ῃρημένη
2546 4556 2823 4626 σωτηρίας
2858 4555 3071 4619 ἐλπίδα,
3099 4555 3149 4607 οἱ
3173 4551 3402 4625 λεπροὶ,
3432 4552 3484 4605 οἱ
3518 4550 3844 4623 παράλυτοι,

2262 4649 2314 4702 οἱ
2343 4648 2540 4718 κωφοὶ,
2571 4650 2640 4701 τὰ
2675 4647 2848 4716 μυρία
2876 4646 2986 4699 τῶν
3031 4644 3223 4699 παθῶν
3263 4644 3359 4698 καὶ
3400 4644 3511 4697 τῶν
3536 4642 3848 4715 νοσημάτων

2261 4743 2418 4813 γένη,
2451 4735 2527 4794 ὧν
2552 4739 2809 4794 ἁπάντων
2845 4738 3089 4810 καθαρὸν
3115 4738 3318 4792 ἀπέλυε
3362 4737 3424 4791 τὺ
3453 4736 3637 4809 σῶμα.
3679 4733 3850 4789 Ταῦτα

2265 4835 2449 4889 πάντα
2475 4834 2577 4904 οὐχ
2607 4833 2769 4888 ἱκανά
2805 4830 3168 4902 καταισχῦναι
3196 4830 3323 4887 τοὺς
3362 4829 3625 4898 λέγοντας
3660 4827 3729 4881 τὰ
3752 4826 3852 4879 τῶν

2265 4922 2573 4996 ἀνθρώπων
2632 4922 2865 4993 σώματα
2906 4921 3204 4992 πλάσματα
3252 4920 3347 4974 τοῦ
3394 4918 3685 4990 Πονηροῦ;
3738 4916 3853 4979 Πῶς

569 5018 817 5091 piebant,
863 5018 1007 5072 mala
1058 5018 1466 5083 averruncavit,
1512 5018 1611 5072 sed
1670 5024 1729 5073 et
1780 5016 1898 5086 ipse
1952 5016 2020 5071 ad
2062 5030 2147 5071 eos

2261 5019 2375 5091 γὰρ
2406 5017 2468 5073 τὸ
2489 5016 2720 5087 πλάσμα
2739 5016 2835 5070 τοῦ
2857 5014 3088 5087 Ἐχθροῦ
3116 5017 3145 5068 ό
3165 5014 3371 5083 ἀγαθὸς
3394 5014 3528 5077 θεὸς
3554 5011 3857 5082 διαφθειρό-

573 5110 829 5165 accessit.
874 5108 1024 5163 Iesus
1063 5110 1201 5164 enim
1227 5109 1383 5167 urbes
1411 5125 1591 5163 omnes
1621 5120 1671 5163 et
1718 5109 1857 5163 vicos
1892 5108 2039 5173 obiit,
2069 5110 2165 5160 doc

2270 5124 2435 5179 μενον
2466 5106 2780 5171 ἀνεκαίνιζε
2806 5147 2822 5172 ,
2860 5109 2954 5160 καὶ
2977 5106 3041 5160 οὐ
3070 5105 3406 5177 προσιόντων
3437 5105 3601 5175 μόνον
3628 5105 3698 5159 τὰ
3715 5101 3856 5169 πάθη

579 5218 698 5257 cens
732 5203 792 5254 in
813 5201 1092 5273 synagogis
1127 5202 1386 5270 ipsorum,
1428 5210 1478 5256 et
1528 5201 1734 5255 morbos
1774 5198 1943 5254 omnis
1960 5198 2147 5271 generi:

2270 5198 2607 5271 ἀπήλαυνεν,
2652 5197 2792 5253 ἀλλά
2829 5202 2930 5253 καὶ
2973 5197 3138 5262 αὐτὸς
3172 5198 3404 5261 ἐκείνοις
3435 5196 3735 5266 ἐπιφοιτῶν
3767 5194 3857 5247 καὶ

580 5312 646 5350 ac
679 5294 1025 5365 inﬁrmitates
1083 5296 1369 5350 sanans".
1442 5293 1633 5365 Neque
1662 5296 1841 5349 solum
1894 5292 2147 5347 medelan

2268 5291 2742 5362 παραγινόμενοςς
2773 5289 3024 5360 Περιῆτε
3050 5291 3158 5360 γὰρ
3183 5294 3216 5347 ό
3252 5291 3494 5359 Ἰησοῦς
3522 5291 3631 5357 τὰς
3658 5292 3859 5354 πόλεις

581 5388 691 5444 illis
741 5387 946 5452 attulit,
996 5386 1305 5457 factamque
1348 5389 1519 5442 tacuit
1559 5387 1911 5450 medicinam,
1956 5386 2053 5440 sed
2086 5395 2147 5440 et

2263 5384 2472 5449 πάσας
2493 5384 2591 5438 καὶ
2622 5384 2725 5448 τὰς
2764 5385 2985 5454 κώμας,
3000 5383 3312 5439 διδάσκων
3335 5385 3408 5438 ἐν
3429 5385 3561 5450 ταῖς
3588 5398 3859 5452 συναγω-

584 5489 646 5535 ut
675 5486 973 5535 narrarent
1010 5476 1158 5543 aliis,
1194 5478 1484 5548 praecepit:
1528 5477 1726 5532 Euntes
1759 5477 1923 5542 enim,
1957 5475 2165 5545 inquit,

580 5573 880 5627 renuntiate
933 5568 1166 5624 Joanni:
1200 5568 1347 5625 ϐαιά
1385 5569 1585 5635 vident,
1633 5569 1812 5623 claudi
1861 5567 2164 5634 ambulant,

587 5665 761 5734 (prosi
803 5672 1127 5735 purgantur,
1179 5664 1321 5718 muti’
1347 5662 1598 5728 audiunt,
1641 5671 1691 5718 et
1744 5663 1941 5734 mortui
1986 5677 2167 5716 resur-

647 5846 696 5881 “
721 5846 855 5904 Luc.
895 5863 1012 5914 xm,
1045 5846 1133 5902 Η.
1211 5846 1257 5881 ³³
1276 5843 1471 5902 Matth.
1505 5858 1581 5911 IK,
1616 5839 1708 5897 35.

2266 5477 2401 5548 ναῖς
2420 5475 2641 5543 αὐτῶν,
2673 5476 2772 5531 καὶ
2804 5478 3149 5548 θεραπεύων
3171 5476 3382 5534 πᾶσαν
3411 5480 3605 5534 νόσον
3626 5476 3727 5533 καί
3756 5475 3863 5532 πᾶ-

2269 5586 2394 5624 σαν
2419 5569 2752 5638 μαλακίαν.
2809 5569 2921 5623 Καὶ
2959 5571 3062 5624 οὐκ
3096 5572 3432 5641 ἐθεράπευσε
3467 5571 3564 5641 μὲν
3603 5571 3855 5632 τούτους,

2278 5661 2438 5731 ἐσίγα
2461 5659 2519 5714 δὲ
2560 5660 2662 5730 τὴν
2693 5659 3014 5733 θεραπείαν,
3061 5661 3204 5716 ἀλλά
3228 5664 3323 5717 καὶ
3354 5664 3689 5735 προσέτασσε
3718 5660 3863 5729 διαγ-

2137 5894 2292 5937 Αεννπν
2320 5892 2325 5895 ’

1994 5936 1997 5941 .
2106 5929 2130 5944 ,ρ

2078 5945 2093 5955 ,ο
2098 5951 2104 5958 ,
