3986 6442
255 356 339 424 101
1322 346 1621 412 CONTRA
1662 345 2124 410 MANICHEOS
2154 344 2388 407 LIBER
2430 345 2479 406 ῐ.

3408 344 3515 411 102

251 467 554 541 τίλλεσθαι.
601 461 1010 531 Πορευθέντες
1049 460 1181 530 Ῡὰρ,
1211 460 1397 532 φησιν,
1424 462 1828 531 ἀπαγγείλατε

1946 469 2061 529 gunt
2100 460 2167 512 ³⁸.
2216 458 2508 529 Discipulis
2548 474 2679 514 vero
2716 459 2930 530 signum
2958 461 3218 530 potentia:
3249 474 3363 518 sua:
3395 466 3502 517 vir-

264 562 521 627 Ἰωάννῃ·
581 557 809 625 Tuscia!
845 553 1294 618 ἀναϐλέπουσι,
1345 554 1531 622 χωλοὶ
1580 567 1830 621 περιπα-

253 652 407 706 τοῦσι
431 688 446 713 ,
501 648 726 715 λεπροὶ
768 645 1211 715 καθαρίζονται,
1266 646 1454 713 κωφοὶ
1505 646 1829 707 ἀκούουσι,

254 744 341 799 καὶ
380 741 587 809 νεκροὶ
626 741 999 809 ἐγείρονταικ
1032 738 1143 792 Καὶ
1184 741 1295 800 τοῖς
1334 738 1605 808 μαθηταῖς
1634 737 1690 789 δὲ
1735 754 1834 805 ση-

255 839 392 907 μεῖον
430 833 533 900 τῆς
566 832 742 885 αὑτοῦ
786 832 1070 901 δυνάμεως
1100 830 1195 883 καὶ
1228 829 1413 900 ἰσχύος
1449 831 1545 883 καὶ
1578 831 1828 899 χάριτος,

250 930 309 981 τὸ
337 927 422 980 ἐπὶ
450 924 783 995 ἀρρώστους
833 925 1024 993 χεῖρας
1071 921 1340 973 ἐπιθεῖναι
1376 922 1472 973 καὶ
1520 920 1703 974 ἰᾶσθαι
1749 922 1831 974 δί-

256 1021 422 1073 δωσιν.
463 1015 661 1079 Οὕτως
701 1014 777 1077 ὡς
821 1014 1025 1067 οἰκείου
1076 1013 1393 1082 πλάσματος
1454 1013 1692 1065 ἐποιεῖτο
1736 1014 1834 1082 τὴν

253 1110 514 1179 πρόνοιαν,
562 1107 599 1157 ὃ
635 1108 731 1159 καὶ
765 1106 864 1175 τὴν
900 1105 1077 1175 ψυχὴν
1114 1105 1209 1157 καὶ
1235 1104 1297 1156 τὸ
1328 1103 1488 1173 σῶμα
1520 1121 1833 1173 παραγεγο-

251 1203 347 1265 νὼς
368 1202 533 1254 σῶσαι
563 1201 809 1270 Χριστὸς
836 1201 864 1252 6
891 1200 1024 1261 Θεὸς
1046 1202 1079 1269 ἡ
1090 1201 1226 1268 μῶν,
1250 1199 1345 1251 καὶ
1365 1199 1425 1250 ού
1455 1198 1647 1267 μέχρις
1672 1197 1834 1249 αὐτοῦ

252 1296 337 1365 τὴν
372 1293 705 1362 εὐεργεσίαν
746 1291 912 1344 αὑτοῦ
965 1294 1349 1361 περιγράφων,
1398 1289 1537 1342 ἀλλὰ
1585 1291 1676 1342 καὶ
1724 1291 1836 1351 τοῖς

256 1388 503 1457 μαθηταῖς
528 1385 611 1437 τὰ
640 1387 733 1437 ἶσα
761 1388 937 1436 ποιεῖν
959 1384 1134 1446 διδοὺς
1158 1383 1257 1452 τὴν
1280 1381 1549 1446 ἐξουσίαν.
1578 1382 1639 1434 Εἰ
1673 1381 1729 1433 δὲ
1760 1380 1836 1442 ὡς

258 1483 313 1534 si
336 1480 422 1532 τοῦ
453 1478 718 1547 Πονηροῦ
788 1478 1035 1547 στόματα
1083 1476 1378 1546 θεομαχεῖ,
1421 1476 1482 1528 τὸ
1531 1475 1692 1545 σῶμά
1721 1476 1835 1527 ἐστι

260 1572 336 1626 τοῦ
362 1570 609 1640 Πονηροῦ
630 1612 645 1634 ,
673 1570 794 1631 πῶς
820 1569 888 1621 δι’
924 1568 1089 1621 αὑτοῦ
1118 1568 1184 1619 τὰ
1226 1568 1463 1636 μέγιστα
1491 1566 1601 1619 τῶν
1637 1581 1837 1635 κατορ-

264 1663 500 1734 θωμάτων
596 1662 955 1731 πράττομεν,
1024 1658 1417 1730 σωφροσύνην,
1470 1657 1835 1728 ἐγκράτειαν,

267 1752 567 1824 ἀγρυπνίαν,
608 1752 826 1815 στάσιν,
874 1750 1010 1819 πρὸς
1047 1749 1116 1802 τά
1144 1748 1297 1801 δεινὰ
1342 1748 1661 1818 καρτερίαν,
1694 1764 1836 1817 μαρ-

274 1846 424 1914 cupio-4
450 1844 697 1906 πόνους,
736 1843 771 1897 ἃ
821 1843 1001 1895 πάντα
1041 1840 1289 1911 σώματος
1340 1840 1542 1909 μᾶλλον
1586 1838 1619 1908 ἢ
1658 1838 1835 1908 ψυχῆς

281 1936 399 1997 bne,
428 1939 497 1998 εἰς
552 1935 737 2001 δόξαν
792 1934 1125 2004 ἀναφέρεται
1177 1932 1273 1986 τοῦ
1325 1931 1566 1984 πλάστου
1615 1930 1711 1984 καὶ
1739 1930 1836 2000 δη-

289 2026 538 2098 μιουργοῦ;
577 2028 698 2081 Καὶ
731 2026 841 2096 γάρ
864 2025 1063 2096 ἡψυχὴ
1093 2024 1214 2078 καθ’
1247 2022 1446 2095 ἑαυτὴν
1475 2021 1600 2075 οὔτε
1631 2022 1836 2092 πρᾶξαι

283 2124 419 2176 ταῦτα
465 2124 600 2193 πρὸς
653 2122 882 2190 ἀγῶνας
930 2121 1073 2174 ἔλθοι
1108 2120 1208 2191 (4),
1242 2118 1368 2174 οὔτε
1406 2119 1586 2187 λόγον.
1628 2120 1711 2172 ὅτι
1761 2119 1834 2190 μὴ

282 2217 498 2287 ἔπραξεν,
520 2215 1001 2285 εἰσ-πραχθήσεται
1032 2213 1434 2284 πλημμελείας.
1476 2212 1601 2276 Πῶς
1649 2209 1744 2266 οὖν
1775 2214 1836 2265 τὸ

287 2306 566 2377 ποίηματώ
602 2304 860 2375 Πονηροῦ
893 2308 1121 2375 πράττει
1151 2303 1220 2356 τά
1253 2304 1434 2370 ἀγαθά
1454 2340 1469 2366 ,
1512 2304 1607 2356 καὶ
1639 2319 1831 2372 συνερ-

295 2402 373 2467 γεῖ
392 2402 451 2469 τῇ
470 2397 603 2469 ψυχῇ
626 2397 1015 2465 κατορθῶσαι,
1045 2397 1101 2461 ἂ,
1137 2396 1212 2465 μὴ
1241 2395 1530 2466 παρόντος,
1562 2394 1832 2464 οὐμενοῦν

300 2494 353 2544 οὗ
377 2492 581 2563 κρίνεται
610 2488 1059 2561 κατορθώματα;
1087 2487 1163 2540 Σὺ
1194 2486 1252 2540 δὲ
1286 2472 1503 2556 λογίζου
1535 2487 1629 2540 καὶ
1656 2485 1835 2539 τοῦτο’

289 2584 331 2634 εἱ
358 2582 407 2634 τὸ
425 2580 568 2651 σῶμα
593 2578 664 2650 ἦν
698 2580 799 2634 τοῦ
822 2578 1089 2651 Πονηροῦ,
1124 2578 1242 2642 πῶς
1268 2581 1297 2632 6
1326 2578 1536 2641 Παῦλος
1568 2578 1834 2643 ἐλυπεῖτο,

282 2673 517 2737 νοσοῦντος
573 2672 677 2726 τοῦ
772 2672 1204 2743 Ἐπαφροδίτου,
1300 2673 1394 2724 καὶ
1489 2670 1705 2737 ἔλεγεν,
1756 2671 1838 2722 ὅτι

281 2766 528 2833 Ἐλέησεν
572 2765 776 2820 αὐτὸν
804 2768 838 2819 ὁ
885 2766 1054 2831 Θεὸς.
1106 2769 1218 2820 οὐκ
1266 2763 1503 2818 ἐκεῖνον
1530 2762 1598 2815 δὲ
1624 2764 1835 2831 μόνον,

278 2857 410 2911 illi!
447 2858 539 2908 καὶ
580 2856 721 2924 ἐμὲ.
756 2856 857 2908 ἵνα
894 2856 982 2923 μὴ
1008 2858 1215 2925 λύπην
1242 2852 1343 2909 ἐπὶ
1373 2856 1539 2921 λύπῃ
1565 2852 1739 2922 σχὼ;
1776 2853 1841 2905 Τί

286 2948 370 3017 τὲιρ
396 2949 483 3000 εδει
514 2948 826 3001 λυπεῖσθαι
855 2948 947 3000 τὸν
976 2946 1211 3011 Παῦλον,
1244 2947 1461 3019 ὁρῶντα
1489 2946 1752 3015 λυόμενον
1780 2945 1842 2998 τὸ

293 3041 462 3107 πλάσμα
483 3039 588 3091 τοῦ
622 3037 911 3108 ιῐονηροῦ;
938 3038 1032 3089 καὶ
1072 3038 1119 3088 εἰ
1150 3037 1210 3089 τὸ
1245 3038 1473 3106 πλάσμα
1498 3033 1567 3108 ἦν
1600 3036 1693 3088 τοῦ
1728 3037 1841 3088 Πο-

1934 550 2069 604 tutis
2097 564 2162 604 ac
2195 551 2380 620 gratiae
2396 550 2639 620 largitur;
2670 558 2729 604 ut
2755 550 2972 621 aegrotis
2999 567 3194 606 manus
3226 553 3510 622 imponant

1933 647 2121 712 eisque
2147 644 2490 697 medeantur.
2513 643 2663 697 Adeo
2710 643 2984 709 Christus,
3012 644 3156 699 Deus
3186 652 3393 708 noster,
3416 648 3509 715 qui

1934 732 2002 787 ad
2047 734 2371 787 servandam
2432 735 2671 787 animam
2703 744 2759 789 et
2791 750 2992 804 corpus
3029 736 3199 801 venit,
3240 737 3511 805 corporis,

1935 832 2190 893 tanquam
2260 824 2462 893 proprii
2513 826 2715 894 operis,
2773 841 2959 879 curam
3014 827 3276 897 suscepit,
3335 843 3515 898 neque

1938 916 2361 970 beneﬁcentiam
2397 932 2548 971 suam
2602 918 2656 971 in
2699 934 2767 971 eo
2807 919 2971 987 jussit
3007 921 3375 987 acquiescere,
3417 920 3513 974 sed

1935 1018 2009 1070 et,
2052 1016 2110 1060 ut
2151 1009 2341 1063 eadem
2400 1010 2666 1073 facerent,
2708 1010 2987 1080 discipulis
3030 1012 3144 1066 suis
3186 1021 3514 1081 potestatem

1938 1099 2085 1153 fecit.
2122 1100 2177 1152 Si
2210 1116 2368 1165 vero,
2403 1102 2545 1171 quod
2572 1103 2696 1156 mali
2725 1104 2978 1174 principii
3003 1120 3094 1157 ora
3116 1114 3305 1159 contra
3339 1104 3515 1158 Deum

1937 1192 2286 1261 proﬁtentur,
2340 1209 2539 1263 corpus
2590 1212 2621 1249 a
2666 1198 2811 1249 malo
2863 1206 3041 1249 ortum
3092 1207 3195 1257 est,
3240 1199 3521 1267 quomodo

1937 1300 2036 1353 per
2077 1285 2206 1340 illud
2254 1287 2670 1355 praeclarissima
2699 1305 2927 1358 quaeque
2969 1289 3257 1353 emcimus,
3306 1298 3516 1361 tempe-

1938 1378 2190 1442 rantiam,
2221 1396 2275 1433 ν.
2307 1396 2387 1449 gr.
2424 1381 2839 1444 continentiam,
2866 1382 3221 1453 vigilantiam,
3252 1384 3517 1439 resisten-

1941 1468 2095 1534 tiam,
2123 1471 2440 1540 patientiam
2478 1472 2533 1525 in
2562 1473 2825 1539 adversis,
2852 1475 3097 1545 martyrii
3132 1476 3369 1535 labores.
3395 1492 3522 1546 qua:

1938 1561 2157 1629 quidem
2213 1563 2399 1616 omnia
2448 1564 2516 1617 ad
2564 1579 2783 1641 "corpus
2837 1566 3009 1635 magis
3058 1581 3220 1635 quam
3267 1567 3513 1620 animum

1939 1654 2275 1723 pertinentia
2343 1655 2396 1709 in
2464 1656 2784 1712 Conditoris
2839 1658 3222 1727 Creatorisque
3287 1660 3514 1730 gloriam

1942 1747 2194 1801 tendunt.
2220 1748 2413 1801 Anima
2439 1749 2610 1810 enim,
2647 1750 2747 1803 sibi
2772 1750 2977 1813 relicta,
3000 1766 3111 1805 non
3138 1753 3522 1823 ingrederetur

1944 1854 2181 1906 unquam
2213 1840 2451 1894 studium
2487 1842 2553 1894 ad
2585 1841 2851 1909 ejusmodi
2885 1844 3215 1910 praestanda,
3252 1859 3430 1914 neque
3470 1847 3516 1899 si

1938 1933 2238 1995 omitteret,
2276 1932 2345 1987 ad
2408 1933 2745 1988 reddendam
2789 1935 3057 1989 rationem
3087 1936 3267 1990 vocari
3309 1947 3515 2008 posset.

1938 2021 2223 2087 Quomodo
2245 2024 2431 2094 itaque
2465 2034 2714 2080 creatura
2745 2027 2866 2080 Mali
2887 2028 3101 2098 perﬁcit
3121 2030 3285 2095 bona,
3311 2039 3367 2086 et
3387 2046 3518 2087 suc-

1937 2115 2110 2167 currit
2146 2115 2345 2170 animae
2377 2117 2442 2171 ad
2471 2119 2729 2187 praeclara
2761 2119 2851 2172 illa
2882 2120 3236 2190 perﬁcienda,
3269 2138 3411 2193 quae,
3445 2140 3523 2178 eo

1938 2206 2185 2268 absente,
2239 2205 2504 2274 perﬁcere
2556 2223 2665 2261 non
2711 2209 3013 2277 judicatur.
3046 2209 3130 2266 Tu
3173 2227 3303 2267 vero
3341 2214 3513 2268 etiam

1939 2297 2042 2351 hoc
2068 2297 2227 2350 velim
2263 2299 2612 2355 consideres:
2650 2301 2692 2354 si
2725 2316 2925 2371 corpus
2953 2301 3075 2357 Mali
3113 2304 3215 2359 fuit
3237 2305 3515 2374 principii,

1938 2389 2212 2458 quomodo
2241 2388 2462 2454 Paulus,
2502 2401 2801 2463 aegrotante
2832 2395 3224 2465 Epaphrodito,
3268 2397 3524 2452 tristatus

1941 2479 2066 2542 fuit,
2100 2491 2154 2535 et
2178 2481 2313 2537 dixit
2344 2502 2357 2537 :
2392 2484 2530 2538 Deus
2581 2487 2825 2540 misertus
2857 2497 2929 2541 est
2958 2488 3123 2553 illius,
3156 2506 3248 2544 nec
3268 2490 3411 2544 illius
3439 2508 3521 2544 so-

1941 2572 2071 2637 lum,
2103 2575 2193 2627 sed
2237 2584 2285 2629 et
2343 2578 2467 2642 mei,
2508 2594 2571 2631 ne
2610 2580 2880 2634 tristitiam
2917 2598 3075 2651 super
3108 2584 3329 2637 tristitia
3360 2586 3524 2640 habe-

1943 2682 2051 2718 rem
2102 2668 2168 2721 ".
2217 2667 2360 2734 Quid
2410 2670 2555 2724 enim
2604 2682 2963 2728 necesseerat
3014 2674 3241 2731 Paulum
3287 2678 3517 2739 tristari.

1942 2757 2242 2825 videntem,
2282 2760 2425 2828 quod
2458 2771 2705 2816 creatura
2749 2762 2873 2817 Mali
2931 2766 3143 2836 perdita
3198 2768 3314 2824 sit:
3355 2778 3430 2830 et,
3471 2771 3521 2824 si

1944 2858 2194 2903 creatura
2244 2850 2439 2906 fuisset
2477 2853 2622 2915 Mali.
2664 2857 2938 2924 quomodo
2986 2858 3130 2912 idem
3166 2860 3252 2913 vir
3300 2860 3527 2915 divinus

1945 2941 2163 3011 senipsit
2183 2942 2475 2999 Timotheo
2503 2961 2515 2996 :
2552 2945 2667 3000 Vini
2684 2964 2875 3016 parum
2893 2950 3082 3004 adhibe
3109 2959 3168 3004 ob
3196 2954 3525 3006 stomachum

1946 3043 2116 3095 tuum,
2167 3045 2215 3087 et
2274 3036 2479 3089 morbos
2522 3038 2899 3109 frequentiores
2944 3041 3011 3095 ³⁸,
3070 3042 3320 3097 Divinum
3372 3046 3524 3098 enim

298 3130 429 3199 νηροῦ,
472 3130 603 3192 πῶς
648 3128 948 3181 ἐπέστελλε
1000 3126 1252 3197 Τιμοθέῳ
1283 3130 1311 3181 6
1362 3127 1523 3191 αὐτὸς
1551 3128 1841 3197 μετάρσιος

1950 3126 2103 3179 illum
2153 3128 2459 3192 doctorem,
2496 3131 2765 3200 siquidem
2796 3148 2924 3187 vere
2963 3135 3031 3189 de
3060 3136 3348 3190 Timotheo
3371 3139 3527 3192 solli-

285 3223 520 3293 ἄνθρωπος
544 3240 561 3254 ·
604 3223 767 3287 Οἷνῳ
790 3221 971 3288 ὀλίγῳ
995 3218 1118 3289 χρῶ
1138 3219 1233 3273 διὰ
1256 3220 1364 3272 τὸν
1389 3221 1581 3289 στόμα
1587 3220 1699 3287 χόν
1724 3231 1842 3271 σου

285 3315 358 3365 καὶ
394 3316 491 3381 τὰς
537 3312 800 3377 πυκνάς
856 3326 974 3365 σου
1008 3311 1369 3376 ἀσθενείας;
1404 3311 1551 3363 Ἔδει
1602 3310 1711 3379 γὰρ
1751 3308 1845 3361 τὸν

285 3408 487 3476 οὐράνιον
522 3409 753 3459 ἐκεῖνον
777 3405 1117 3467 διδάσκαλον,
1154 3405 1312 3476 εἴπερ
1357 3402 1639 3475 ἐφρόντιζε
1674 3404 1846 3473 Τιμο-

297 3502 401 3564 θέεο,
425 3503 553 3553 ἐπεὶ
586 3500 720 3554 καθ’
750 3501 895 3569 ὑμᾶς
918 3498 1144 3569 πλάσμα
1171 3494 1238 3568 ἦν
1266 3498 1327 3551 τὸ
1352 3497 1510 3567 σῶμα
1536 3496 1633 3549 τοῦ
1670 3496 1847 3566 Πονη-

284 3594 638 3664 ροῦ,γράφειν
667 3592 839 3662 αὐτῷ’
883 3590 1129 3662 μηδόλως
1154 3591 1395 3661 κέχρησο
1418 3589 1565 3658 οϊνῳ,
1598 3587 1685 3640 ἵνα
1715 3586 1848 3640 θᾶτ-

273 3702 345 3737 τον
364 3689 498 3757 ραγῇ
549 3686 625 3737 τὸ
661 3684 886 3752 πλάσμα
932 3683 1026 3735 τοῦ
1054 3682 1322 3752 Πονηροῦ,
1353 3683 1447 3735 καὶ
1478 3679 1850 3751 ὲλευθερωθῇς

268 3775 345 3828 τοῦ
377 3775 585 3847 βάρους
641 3772 833 3827 αὑτοῦ.
870 3773 979 3826 Καὶ
1019 3774 1068 3825 εἰ
1100 3773 1169 3825 τὰ
1205 3770 1435 3840 σώματά
1460 3772 1565 3823 εἱσι
1610 3770 1703 3823 τοῦ
1740 3770 1847 3821 Πο-

265 3868 430 3938 νηροῦ,
471 3867 615 3927 πῶς
650 3865 802 3933 λέγει
830 3866 858 3917 6
894 3863 1098 3933 Κύριος
1132 3863 1289 3934 ἡμῶν
1327 3861 1535 3933 Ἰησοῦς
1574 3862 1847 3931 Χριστὸς,

264 3961 393 4028 Οιέχὶ
422 3960 539 4013 δύο
568 3956 869 4024 στρουθία
897 3956 1199 4023 ἀσσαρίου
1229 3954 1532 4018 πωλεῖται,
1560 3955 1657 4007 καὶ
1681 3952 1750 4005 ἓν
1779 3952 1850 4017 ἐξ

259 4051 441 4105 αὐτῶν
477 4055 561 4105 οὺ
600 4048 874 4103 πεσεῖται
906 4047 1051 4101 ἄνευ
1088 4047 1195 4100 τοῦ
1221 4047 1453 4114 Πατρός
1480 4064 1600 4115 μου
1643 4044 1750 4097 τοῦ
1780 4044 1851 4097 ἐν

258 4146 556 4212 cipue-07¢.
598 4142 668 4194 Τί
722 4142 831 4210 γὰρ
864 4140 1016 4211 μέλει
1061 4138 1141 4209 τῷ
1182 4138 1372 4209 ἁγαθῷ
1410 4138 1528 4208 Θεῷ
1562 4138 1702 4206 ὑπὲρ
1741 4137 1851 4188 τῶν

256 4235 611 4304 πλασμάτων
640 4231 735 4285 τοῦ
775 4229 1045 4303 Πονηροῦ,
1079 4227 1161 4293 οἷς
1189 4228 1313 4282 οὔτε
1347 4229 1658 4300 περίκειται
1688 4224 1848 4295 ἆθλα,

255 4328 363 4381 οὔτε
396 4328 520 4399 ζωὴ
562 4326 826 4388 αἰώνιος,
866 4323 988 4376 οὔτε
1027 4325 1061 4395 ἡ
1116 4322 1363 4392 βασιλεία
1411 4321 1520 4374 τῶν
1569 4320 1848 4392 οὐρανῶν,

263 4421 397 4472 Ἀλλ’
420 4421 509 4473 ὃτι
529 4416 770 4486 κτίστης
796 4414 974 4469 αὐτῶν
998 4416 1089 4466 καὶ
1113 4415 1340 4484 Κύριος,
1360 4414 1451 4466 καὶ
1471 4411 1846 4481 ὲξουσιαστὴς,

1952 3214 2093 3267 citus
2140 3214 2263 3279 fuit,
2316 3218 2620 3273 secundum
2670 3236 2786 3280 vos,
2833 3223 2958 3291 quia
3003 3239 3204 3295 corpus
3245 3225 3367 3281 Mali
3407 3237 3529 3283 erat

1949 3318 2225 3371 creatura,
2278 3311 2520 3365 scribere
2581 3313 2859 3370 decebat:
2910 3320 3135 3371 omnino
3183 3336 3295 3375 non
3372 3332 3529 3379 utere

1948 3401 2099 3461 vino.
2155 3412 2213 3456 ut
2268 3418 2336 3457 eo
2390 3404 2555 3459 citius
2605 3406 2679 3471 id,
2729 3410 2874 3474 quod
2910 3409 3033 3464 Mali
3073 3422 3176 3478 est,
3223 3414 3526 3486 frangatur,

1949 3501 2119 3560 tuque
2168 3508 2338 3549 onere
2400 3495 2523 3563 ejus
2580 3498 2799 3552 leveris.
2853 3500 3009 3567 Quod
3070 3504 3116 3558 si
3163 3521 3394 3577 corpora
3458 3513 3527 3564 ad

1950 3584 2147 3638 Malum
2190 3588 2453 3657 originem
2494 3607 2648 3646 suam
2705 3594 2988 3660 referunt,
3047 3603 3319 3667 quomodo
3366 3601 3530 3659 Jesus

1950 3672 2221 3735 Christus.
2256 3674 2519 3733 Dominus
2548 3690 2754 3745 noster,
2792 3683 2868 3737 ait
2894 3701 2907 3737 :
2935 3685 3123 3741 Nonne
3160 3690 3265 3744 duo
3289 3708 3535 3760 passeres

1953 3779 2057 3815 uno
2081 3764 2289 3817 assario
2308 3767 2624 3831 vendantur,
2652 3785 2816 3838 neque
2847 3780 3023 3825 tamen
3054 3791 3188 3829 unus
3212 3794 3391 3831 eorum
3414 3783 3531 3834 sine

1952 3852 2119 3907 Patre
2144 3869 2332 3920 vestro,
2386 3859 2475 3926 qui
2504 3860 2559 3911 in
2594 3860 2733 3914 cwlis
2762 3872 2859 3925 est,
2910 3866 3051 3918 cadit
3075 3867 3141 3921 ³³.
3190 3867 3331 3933 Quid
3380 3874 3528 3926 enim

1952 3947 2097 4002 bono
2136 3947 2246 4003 Deo
2279 3966 2422 4005 cura:
2447 3960 2529 4005 est
2577 3953 2645 4007 de
2677 3957 2940 4011 creaturis
2990 3956 3136 4024 Mali,
3186 3962 3385 4030 quibus
3428 3976 3536 4020 nec

1951 4041 2196 4110 prmmia,
2249 4058 2352 4098 uec
2396 4044 2505 4097 vita
2556 4056 2781 4113 azterna,
2834 4066 2937 4105 nec
2985 4068 3210 4123 regnum
3269 4058 3533 4112 caelorum

1954 4131 2236 4200 proposita
2254 4134 2424 4187 sunt?
2452 4137 2521 4188 At
2544 4137 2798 4202 quoniam
2826 4137 3089 4194 Dominus
3107 4159 3295 4197 eorum
3320 4156 3375 4199 et
3396 4162 3533 4200 con-

1954 4223 2098 4276 ditor
2128 4234 2183 4278 et
2212 4226 2460 4294 superior
2493 4237 2596 4290 est,
2641 4227 2763 4283 ideo
2793 4246 2972 4300 neque
3010 4233 3099 4287 illa
3131 4236 3247 4289 sine
3273 4237 3391 4305 ipso
3424 4241 3535 4292 vita

1952 4316 2258 4383 privantur.
2338 4314 2623 4381 Quomodo
2687 4334 2820 4373 vero
2895 4320 3145 4378 Christus
3197 4325 3250 4378 in
3304 4342 3536 4397 corpore

1954 4406 2108 4461 Pauli
2158 4407 2574 4479 gloriﬁcabitur,
2625 4411 2894 4480 siquidem
2947 4430 3150 4485 corpus
3203 4434 3231 4470 a
3265 4418 3403 4473 Malo
3449 4433 3537 4475 est

252 4510 331 4563 διὰ
352 4511 522 4563 τοῦτο
554 4508 685 4561 οὐδὲ
735 4505 908 4558 ταῦτα
932 4506 1103 4576 χωρὶς
1122 4504 1288 4557 αὑτοῦ
1312 4505 1655 4573 στερίσκεται
1680 4504 1841 4573 ζωῆς.

1954 4496 2245 4552 formatum
2275 4499 2298 4552 ?
2342 4498 2457 4555 lmo
2502 4504 2776 4570 quomodo
2804 4506 3188 4575 mysteriorum
3220 4509 3533 4565 divinorum

251 4604 369 4667 Πῶς
415 4603 479 4656 δὲ
534 4599 643 4654 καὶ
698 4597 1168 4669 μεγαλυνθήσεται
1224 4596 1459 4667 Χριστὸς
1504 4599 1564 4650 ἐν
1617 4596 1695 4665 τῷ
1754 4594 1847 4647 τοῦ

252 4694 465 4747 Παύλου
513 4690 763 4761 σώματι,
797 4688 955 4759 εἴπερ
985 4687 1047 4739 τὸ
1086 4687 1247 4757 σῶμα
1284 4686 1515 4756 πλάσμα
1539 4685 1631 4739 τοῦ
1671 4688 1847 4755 Πονη-

249 4787 374 4855 ροῦς
408 4785 538 4838 Καὶ
582 4780 749 4835 πάλιν
779 4780 942 4844 αὐτὸς
972 4782 1000 4833 6
1037 4778 1135 4832 τοῦ
1165 4777 1303 4831 Θεοῦ
1354 4778 1671 4849 μυστηρίων
1714 4778 1851 4830 ὑπο·

250 4879 453 4947 ςήτης,
491 4876 666 4944 εἴπερ
692 4873 792 4926 οὐκ
811 4869 881 4943 ἦν
922 4872 983 4924 τὸ
1021 4871 1181 4941 σῶμα
1214 4870 1444 4940 πλάσμα
1469 4871 1564 4923 τοῦ
1594 4872 1688 4923 ἐπὶ
1713 4871 1852 4923 πάν·

1957 4607 2159 4662 praaco,
2210 4592 2254 4648 si
2308 4609 2509 4664 corpus
2559 4610 2666 4649 non
2712 4596 2817 4651 fuit
2863 4609 3111 4653 creatura
3158 4601 3277 4666 Dei,
3326 4604 3418 4671 qui
3453 4615 3538 4658 est

1956 4698 2122 4753 super
2149 4684 2355 4749 omnia,
2413 4700 2612 4752 corpus
2666 4694 2721 4741 et
2749 4687 3004 4757 spiritum
3053 4701 3110 4742 et
3143 4693 3381 4745 animam
3411 4708 3538 4762 pre-

1958 4786 2117 4831 catur
2152 4786 2319 4832 totam
2357 4779 2688 4842 conservari,
2750 4779 2913 4849 idque
2950 4781 3017 4835 ad
3066 4782 3279 4837 Domini
3329 4786 3539 4841 adven-

1959 4871 2112 4924 tum?
2139 4871 2229 4923 Ait
2249 4870 2397 4925 enim
2427 4890 2441 4925 :
2480 4870 2619 4925 Deus
2643 4888 2761 4926 vero
2792 4874 2940 4941 pacis
2967 4876 3261 4946 sancti/Scel
3285 4894 3376 4933 vos
3402 4880 3542 4934 inte-

320 4994 364 5023 ³⁸⁵
400 4992 615 5045 Matth.
647 5006 723 5056 ιι,
765 4989 818 5044 5.
896 4991 940 5021 ³⁷
972 4988 1212 5057 Philipp.
1238 4987 1411 5049 11,27.
1478 4985 1566 5039 "1
1591 4983 1735 5039 Tim.
1761 5002 1814 5045 v,

2015 4986 2061 5017 ³⁹
2094 4983 2286 5039 Matth.
2314 5001 2369 5050 x,
2395 4984 2486 5040 29.

1378 5118 1614 5173 VARUE
1673 5116 2059 5173 LECTIONES
2095 5116 2183 5170 ET
2214 5117 2447 5172 ΝΟΤᾹΞ.

319 5246 399 5314 μ)
466 5244 637 5312 Πρὸς
676 5241 912 5312 ἀγῶνας
943 5242 1168 5314 {.1005
1187 5238 1431 5314 _Phrasis
1495 5238 1849 5314 gymnastico,

251 5308 409 5384 cuius
452 5308 570 5368 vox
616 5308 793 5368 media
838 5312 1005 5365 variis
1036 5311 1428 5384 significatihus
1462 5308 1710 5384 subjecta
1737 5318 1847 5384 est.

252 5380 387 5455 quas
424 5386 757 5439 Eustathius
796 5380 1128 5455 summatim,
1154 5382 1232 5455 ad
1268 5381 1463 5455 Iliados
1514 5381 1570 5437 Σ,
1605 5396 1659 5447 p.
1685 5381 1712 5455 _1
1732 5380 1849 5455 [$8,

254 5450 323 5511 ita
351 5456 691 5525 complexus
714 5466 797 5509 est
818 5473 839 5532 _:
984 5454 1043 5532 δὲ.
1069 5453 1217 5532 ἁγίαν
1248 5450 1665 5532 πολυσήμαντος
1685 5450 1850 5532 λέξις,

254 5531 396 5581 κατὰ
423 5521 562 5588 τοῦς
602 5525 887 5588 παλαιούς.
924 5521 1095 5589 Ἀγὼν
1129 5524 1256 5590 γὰρ,
1293 5524 1479 5590 φησὶν,
1514 5521 1718 5589 ὅμιλος,
1753 5521 1851 5590 κύ-

258 5600 416 5660 719;,
461 5598 639 5666 μάχη,
693 5596 825 5663 ἔρις,
858 5588 1061 5663 ἀγορὰ,
1108 5588 1852 5670 συναγωγὴ,κειὶιέςίδειςξιςἶ

260 5659 371 5739 Ego
404 5659 505 5720 hic
536 5659 740 5739 locum,
775 5668 827 5719 in
850 5659 1258 5739 quo'certame-n
1286 5662 1601 5739 suscipitur,
1627 5659 1853 5739 indicari

261 5731 452 5805 putem
482 5754 584 5806 per
620 5731 881 5801 ἀγῶνας,’
901 5749 1090 5806 (ιιιειιιι-
1116 5732 1266 5806 vocis
1301 5734 1589 5806 notionem
1623 5731 1853 5806 (leniori:

259 5798 603 5865 stravit-10.
660 5798 857 5878 Georg.
917 5798 1182 5871 Graevius,
1234 5802 1287 5856 in
1330 5802 1474 5857 notis
1526 5801 1593 5855 ad
1628 5798 1852 5854 Hesiodi

1970 5239 2215 5314 :Acrtltiz.
2242 5256 2294 5314 ιτ.
2312 5239 2433 5293 512.
2454 5238 2677 5314 DcAaliis
2698 5239 3183 5314 signiﬁcationibus
3204 5243 3321 5314 lege
3340 5243 3539 5301 Ezech.

1961 5310 2385 5382 Spauhemium,
2425 5312 2491 5363 ad
2527 5308 2811 5382 orationes
2840 5309 3072 5376 Juliaui,
3106 5330 3157 5382 p.
3187 5308 3284 5377 H,‘
3310 5316 3399 5374 12;
3428 5315 3541 5370 Lu-

1960 5381 2135 5433 dovic.
2184 5381 2543 5441 tircsollium,
2588 5380 2640 5433 in
2680 5381 2905 5435 Theatra
2950 5380 3217 5436 rhetorum
3271 5394 3318 5436 et
3359 5387 3541 5441 sophi-

1959 5462 2185 5509 starum,
2221 5450 2313 5503 lil».
2362 5493 2376 5514 ,
2403 5468 2459 5505 ιιι
2485 5467 2514 5503 c
2570 5450 2668 5513 i7;
2699 5453 2971 5507 Gottfred.
3008 5452 3280 5507 Olearium
3323 5456 3388 5507 ad
3418 5450 3544 5509 Phi-

1961 5520 2168 5593 lostrati
2204 5522 2344 5593 Vitas
2377 5523 2754 5590 saphistarum,
2787 5523 2819 5574 Ι.
2853 5539 2985 5587 xx",
3019 5523 3046 5593 §
3080 5530 3123 5587 ι,
3154 5540 3211 5576 ιι.
3243 5525 3309 5587 Δς
3345 5534 3397 5579 et
3420 5525 3541 5581 Jac.

1963 5591 2196 5663 Tullium
2223 5593 2286 5644 ad
2322 5591 2627 5663 Longinum
2675 5593 2807 5660 περὶ
2854 5591 3075 5660 ὕψους,
3120 5603 3253 5647 sect.
3289 5596 3321 5647 9
3366 5602 3419 5647 et
3452 5598 3540 5661 Η,

1963 5677 2016 5714 ιι.
2045 5663 2096 5715 1.
2136 5662 2381 5736 |_’c_rtinet
2424 5662 2532 5736 huc
2556 5664 2775 5736 phrasis
2806 5663 2956 5736 am
2987 5665 3271 5736 πρόκειται
3293 5703 3306 5721 ,
3340 5665 3406 5717 dc
3434 5682 3542 5736 qua

1960 5732 2184 5802 exponit
2207 5732 2393 5788 Lamb.
2424 5733 2528 5788 Bos
2548 5735 2605 5789 in
2631 5733 2781 5788 Notis
2809 5733 2874 5787 ad
2911 5733 2975 5787 N.
3012 5734 3100 5800 ’1’.,
3130 5750 3184 5802 p.
3210 5734 3336 5789 254.
