3986 6428
527 339 626 405 107

1649 333 1913 410 ΡᾘΟΤΙΙ
1949 331 2456 394 PATRIARCHIE
2491 329 2605 390 (ΣΡ.

3673 325 3780 392 108

522 456 694 523 ipsum
753 463 928 504 omnes
969 447 1153 518 Angeli
1205 445 1304 501 Dei
1349 444 1417 499 '°.
1450 442 1519 499 Et
1555 461 1569 498 :
1625 443 1857 498 Tlironus
1904 454 2100 508 tuus,o

2215 440 2316 512 ἐγὼ
2338 440 2605 510 σήμερον
2629 438 2956 510 γεγέννηκά
2980 454 3075 495 σε.
3106 440 3218 494 Καὶ
3246 440 3430 496 πάλινο
3460 441 3611 512 Ἐγὼ
3637 441 3786 496 ἐσο-

520 544 681 606 Deus,
709 551 782 594 est
832 541 886 594 in
923 538 1174 594 saeculum
1210 537 1424 591 sceculi:
1455 546 1716 605 sceptrum
1741 535 1887 606 regni
1916 536 1993 588 tui
2024 535 2093 582 “.

520 635 691 686 Porro
747 630 1051 700 (attendite,
1112 629 1281 692 surdi,
1330 638 1386 682 et
1445 627 1643 691 videte,
1683 627 1809 681 caeci
1831 628 1910 695 ι).
1945 625 2100 680 addit

520 723 664 776 enim
703 737 716 770 :
751 719 822 772 Tu
840 735 958 772 vero
987 735 1018 770 a
1042 717 1321 786 principio,
1355 716 1601 778 Domine,
1626 715 2096 785 terramfundasti,

519 825 566 866 et
597 829 754 881 opera
776 826 1029 864 manuum
1069 819 1284 862 tuarum
1311 818 1430 861 sunt
1465 807 1603 862 caeli.
1641 807 1728 861 Illi
1753 807 2015 876 peribunt,
2042 817 2100 860 tu

520 921 638 958 vero
664 901 1014 973 permanebis.
1041 900 1106 953 Et
1128 917 1303 954 antnes
1352 901 1523 954 instar
1542 898 1797 953 involucri
1834 897 2099 952 convolves

521 1013 626 1060 eos,
691 1002 738 1046 et
796 993 1238 1045 immutabuntur.
1298 991 1371 1044 Tu
1418 1008 1538 1045 cera
1569 992 1707 1044 idem
1757 1005 1828 1052 es,
1893 997 1942 1043 et
1972 992 2101 1044 anni

520 1089 598 1141 tui
639 1102 742 1140 non
770 1085 1010 1154 deﬁcient
1039 1086 1107 1137 ".
1136 1083 1288 1149 Quod
1314 1083 1357 1138 si
1375 1083 1476 1137 ista
1511 1083 1565 1136 in
1593 1081 1800 1153 Spiritu
1830 1081 2102 1151 praedixit,

521 1181 613 1250 qui
650 1180 740 1234 Dei
767 1180 926 1234 Pater
957 1188 1058 1244 est,
1092 1176 1283 1243 David,
1313 1177 1622 1248 obsignavit
1658 1185 1843 1231 autem
1884 1174 2104 1230 arcanis

522 1272 690 1328 sacris
720 1272 962 1326 initiatus
992 1283 1047 1325 et
1085 1271 1305 1324 initians
1333 1269 1470 1324 alios
1498 1269 1716 1332 Paulus,
1752 1268 1898 1338 quod
1953 1267 2102 1322 scili-

521 1373 607 1418 cet
639 1361 850 1418 Veteris
892 1360 1224 1416 Testamenti
1273 1361 1414 1414 Deus
1474 1359 1616 1412 idem
1657 1366 1740 1413 est
1791 1367 1846 1412 et
1894 1355 2105 1411 Domini

522 1456 693 1511 nostri
722 1455 850 1510 Jesu
868 1453 1071 1508 Christi
1121 1452 1282 1516 filius,
1313 1452 1566 1519 idemque
1595 1449 1852 1503 thronum
1893 1449 1974 1502 sui
2010 1464 2108 1501 na-

525 1551 645 1596 tura
671 1542 763 1596 lilii
793 1541 848 1595 in
878 1541 1136 1596 saeculum
1171 1540 1353 1595 saeculi
1373 1540 1628 1607 iirmavit,
1659 1546 1716 1593 et
1743 1539 1988 1594 omnium
2005 1554 2107 1592 an-

525 1634 769 1704 gelorum
793 1633 1014 1687 ordines
1041 1632 1318 1702 progeniei
1343 1646 1456 1686 suae
1479 1631 1796 1686 adoratores
1820 1640 1877 1685 et
1927 1630 2108 1684 famu-

522 1725 606 1778 los
639 1723 947 1789 constituit,
994 1723 1103 1777 imo
1131 1725 1222 1792 qui
1262 1723 1428 1786 idem,
1459 1731 1516 1777 et
1565 1738 1675 1777 non
1711 1722 1870 1785 alius,
1911 1730 2106 1776 terram

2200 550 2307 602 μαι
2345 531 2505 597 αὐτῷ
2541 533 2628 597 είς
2655 529 2918 598 Πατέρα,
2958 532 3058 585 καὶ
3098 533 3280 598 αὐτὸς
3324 532 3498 586 ἔσται
3536 552 3641 602 μοι
3693 536 3788 598 εἰς

2216 623 2370 676 Υίόν.
2423 623 2532 676 Καὶ
2580 619 2761 674 πάλινο
2810 621 2918 674 Καὶ
2966 623 3570 690 προσκυνησάτωσαν
3621 623 3792 687 αὐτῷ

2205 713 2428 779 πάντες
2478 713 2719 783 ἄγγελοι
2768 712 2936 767 Θεοῦ.
2997 712 3106 766 Καί
3131 729 3146 743 ·
3187 713 3248 767 '0
3301 717 3514 782 θρόνος
3553 730 3700 782 σου,
3753 717 3794 769 ὁ

2210 805 2375 870 Θεὸς,
2403 807 2492 869 εὶς
2526 805 2632 856 τὸν
2663 802 2850 858 αἰῶνα
2879 802 2986 856 τοῦ
3017 803 3263 872 αἰῶνος·
3285 805 3510 874 ῥάϐδος
3533 805 3642 874 τῆς
3665 809 3795 870 βα-

2207 898 2444 961 σιλείας
2461 913 2596 950 σου.
2616 891 2747 949 Εἶτα
2763 895 3058 960 ἀκούσατε,
3083 897 3132 948 οἱ
3162 901 3358 965 κωφοὶ,
3385 899 3540 951 καὶοὶ
3569 899 3796 966 τυφλοὶ,

2209 990 2582 1058 ἀναδλέψατεῑ
2623 990 2817 1056 ὲπάγει
2837 989 2946 1058 γάρ
2973 1004 2983 1016 ’
3019 990 3128 1042 Καὶ
3159 990 3241 1042 σὺ
3272 989 3399 1042 κατ’
3430 990 3637 1059 ἀρχὰς,
3671 992 3802 1044 Κύ-

2202 1099 2315 1151 ριε,
2347 1081 2461 1148 τὴν
2488 1078 2605 1150 τῆν
2633 1081 3061 1148 ἐθεμελίωσας,
3094 1080 3194 1135 καὶ
3228 1081 3374 1149 ἔργα
3417 1081 3536 1134 τῶν
3575 1080 3805 1151 χειρῶν

2210 1174 2326 1229 σού
2357 1176 2516 1226 εἰσιν
2555 1175 2610 1226 ol
2646 1172 2910 1239 οὐρανοί.
2945 1171 3125 1226 Αὐτοὶ
3155 1172 3561 1238 ἀπολοῦνται,
3596 1174 3680 1227 σὺ
3723 1173 3807 1226 δὲ

2211 1263 2530 1334 διαμένεις.
2563 1260 2673 1316 Καὶ
2702 1261 2926 1326 πάντες
2949 1260 3029 1327 ὡς
3060 1261 3292 1330 ἱμάτιον
3327 1262 3805 1328 παλαιωθήσον-

2212 1373 2343 1421 ται,
2381 1355 2480 1409 καὶ
2511 1355 2654 1408 ὡσεὶ
2705 1353 3086 1420 περιϐόλαιον
3131 1353 3353 1419 ἑλίξεις
3395 1353 3639 1420 αὐτοὺς,
3691 1353 3806 1406 καὶ

2212 1447 2688 1515 ἀλλαγήσονται.
2730 1444 2813 1498 Σὺ
2843 1442 2911 1497 δὲ
2944 1447 2976 1497 ό
2999 1444 3181 1510 αὐτὸς
3205 1440 3277 1508 εἷ,
3309 1445 3404 1497 καὶ
3431 1446 3502 1499 τὰ
3530 1445 3633 1512 ἐτη
3674 1460 3804 1499 σου

2213 1543 2326 1596 οὐκ
2357 1540 2779 1606 ἐκλείψουσιν.
2814 1539 2872 1590 Εἰ
2920 1537 3094 1590 ταῦτα
3133 1541 3365 1608 προεῖπε
3402 1537 3499 1607 μὲν
3527 1539 3584 1590 ὲν
3624 1535 3805 1590 πνεύ-

2218 1651 2351 1705 ματι
2396 1635 2425 1686 6
2479 1632 2766 1702 θεοπάτωρ
2821 1631 3019 1694 Δαὸὶδ,
3073 1631 3449 1700 ὲπεσφράγισε
3493 1629 3550 1682 δὲ
3605 1632 3632 1682 6
3684 1630 3804 1682 τῶν

2216 1729 2470 1799 ἀρρήτων
2502 1725 2712 1794 μύστης
2737 1725 2832 1776 καὶ
2864 1723 3243 1794 μυσταγωγὸς,
3272 1721 3348 1785 ὡς
3374 1724 3402 1776 6
3430 1723 3528 1792 τῆς
3557 1722 3802 1784 παλαιᾶς

522 1814 798 1880 fundavit,
819 1824 875 1870 et
891 1816 1049 1884 cujus
1081 1830 1342 1869 manuum
1373 1830 1540 1886 opera
1569 1815 1690 1870 οωιί
1739 1824 1906 1880 sunt;
1930 1829 2109 1870 nonne

2215 1812 2543 1884 νομοθεσίας
2572 1812 2704 1874 Θεὸς
2733 1809 2893 1870 αὐτὸς
2923 1811 3021 1880 μέν
3050 1812 3197 1863 ἐστιν
3230 1811 3258 1862 6
3280 1808 3374 1862 τοῦ
3407 1810 3612 1879 Κυρίου
3637 1811 3803 1880 ἡμῶν

523 1922 744 1961 omnem
770 1908 1104 1977 impietatem
1135 1906 1187 1960 in
1226 1907 1348 1961 sinu
1387 1907 1726 1962 reconditam
1760 1907 1984 1971 habent,
2016 1906 2109 1976 qui

522 1997 688 2052 alium
722 1999 942 2068 quidem
983 1997 1201 2052 Patrem
1252 1997 1465 2052 Domini
1496 2001 1668 2053 nostri
1704 1997 1833 2053 Jesu
1885 1997 2110 2065 Christi,

522 2089 689 2144 alium
709 2105 840 2144 vero
871 2090 993 2144 cmli
1023 2099 1252 2144 etteme
1273 2089 1611 2144 conditorem
1643 2091 1873 2160 lingunt,
1909 2090 2113 2144 condi-

523 2178 628 2232 tori
659 2187 938 2233 creaturas
966 2194 1094 2232 suas
1122 2179 1458 2243 auferentes,
1501 2179 1833 2247 easdemque
1883 2178 2116 2234 zizanio-

522 2286 642 2325 rum
674 2272 838 2326 satori
882 2270 1262 2326 vindicantes?
1306 2269 1412 2324 Pro
1464 2285 1574 2341 quo
1627 2282 1776 2326 certe
1828 2271 2113 2326 interitum

523 2365 658 2436 ipsis
687 2365 976 2428 retribuet,
1009 2373 1069 2418 ut
1112 2364 1165 2418 in
1205 2379 1448 2433 poenam,
1480 2379 1603 2433 qua:
1650 2364 1728 2418 illi
1773 2374 1959 2435 parata
2005 2375 2111 2430 est,

522 2472 648 2511 cum
681 2455 798 2524 ipso
828 2455 1118 2508 ducantur.
1146 2453 1354 2506 Similia
1383 2453 1545 2507 dictis
1574 2453 1630 2506 in
1675 2454 1826 2508 Actis
1879 2454 2115 2508 ali'erens

526 2549 752 2603 divinus
785 2545 981 2610 Lucas,
1017 2544 1288 2614 (quamvis
1339 2545 1576 2598 maxima
1612 2545 1808 2598 horum
1843 2555 2117 2615 apostata-

524 2654 646 2693 rum
673 2653 798 2708 pars
829 2637 973 2691 dicta
1003 2636 1124 2704 ejus
1150 2651 1260 2689 non
1290 2634 1566 2704 recipiat),
1599 2637 1748 2692 Isaia:
1773 2637 1985 2692 scilicet
2028 2636 2116 2692 vel

525 2731 708 2802 potius
744 2729 1006 2799 Stephani
1065 2727 1248 2798 lingua
1303 2743 1456 2792 usus,
1517 2729 1731 2800 egregie
1770 2745 1870 2800 per
1896 2729 2115 2784 Judaeos

525 2839 621 2877 ora
647 2821 752 2876 illis
774 2821 1010 2876 obturat.
1043 2819 1094 2874 ls
1113 2819 1286 2884 enim,
1316 2833 1440 2872 cum
1485 2821 1696 2889 primus
1723 2836 1992 2880 coronam,
2032 2819 2116 2875 vi-

527 2914 750 2969 ctricem
777 2921 1132 2982 reportasset,
1162 2913 1220 2966 in
1249 2927 1347 2966 sua
1378 2911 1690 2966 Judaaorum
1717 2912 2112 2978 conlutatione,

527 3009 672 3064 inter
695 3014 889 3062 caetera
913 3013 1256 3076 argumenta,
1275 3003 1476 3075 quibus
1499 3005 1894 3074 impudentiam
1926 3019 2116 3058 eorum

526 3099 833 3165 confundit,
857 3099 1070 3152 Patrem
1106 3098 1318 3152 Domini
1347 3097 1516 3153 nostri
1545 3098 1675 3153 Jesu
1713 3097 1919 3152 Christi
1945 3098 2117 3151 intro-

2227 1905 2402 1978 Ἰησοῦ
2453 1903 2697 1976 Χριστοῦ
2749 1904 2939 1973 Πατήρ
2963 1919 2977 1932 ο
3009 1902 3172 1966 αὐτὸς
3212 1901 3270 1955 δέ
3319 1904 3467 1955 ἐστιν
3497 1904 3526 1955 6
3571 1903 3669 1955 καὶ
3708 1903 3804 1955 τὸν

2215 1998 2405 2070 θρόνον
2432 1996 2526 2050 τοῦ
2563 1996 2722 2065 φύσει
2755 1996 2944 2058 παιδὸς
2973 1996 3049 2063 (7)
3085 1996 3162 2058 εἰς
3193 1995 3284 2049 τὸν
3317 1993 3490 2050 αίῶνα
3516 1995 3611 2048 τοῦ
3650 1995 3801 2048 αἰῶ-

2213 2108 2342 2157 νος,
2398 2089 2807 2161 έδρασάμενος’
2864 2088 2959 2142 καὶ
3008 2087 3116 2140 τῶν
3165 2088 3414 2157 ἀγγέλων
3460 2088 3679 2141 πάντων
3727 2089 3796 2142 τά

2213 2183 2470 2253 τάγματα
2529 2180 2886 2253 προσκυνητὰ
2944 2183 3039 2234 καὶ
3093 2179 3258 2235 δοῦλα
3326 2180 3646 2250 πεποιηκὼς
3699 2183 3788 2236 τοῦ

2214 2276 2590 2344 γεννήματος·
2625 2275 2654 2328 6
2707 2275 2871 2338 αὐτὸς
2904 2274 2963 2328 δὲ
2999 2274 3092 2327 καὶ
3137 2275 3236 2327 οὐκ
3264 2273 3422 2338 ἄλλος
3468 2277 3570 2345 τήν
3597 2291 3652 2328 τε
3686 2275 3786 2344 γῆν

2217 2367 2582 2438 ὲθεμελίωσε,
2634 2367 2731 2420 καὶ
2781 2366 2920 2438 ἔργα
2965 2365 3073 2418 τῶν
3127 2367 3325 2437 χειρῶν
3371 2366 3537 2420 αὑτοῦ
3582 2369 3715 2419 εἰσιν
3742 2369 3788 2420 οι

2216 2460 2474 2530 ούρανοίο
2509 2459 2626 2522 πῶς
2673 2460 2734 2512 ού
2776 2460 2957 2512 πᾶσαν
3001 2457 3257 2512 ἀσέϐειαν
3311 2458 3794 2528 ἀποκρύπτουσιν,

2215 2555 2266 2607 οἱ
2299 2553 2456 2607 ἄλλον
2483 2553 2585 2623 μὲν
2617 2552 2710 2607 τὸν
2742 2552 2964 2622 Πατέρα
2999 2551 3249 2623 λέγοντες
3282 2551 3374 2605 τοῦ
3409 2552 3609 2623 Κυρίου
3639 2552 3796 2622 ἡμῶν

2231 2645 2408 2718 Ἰησοῦ
2447 2645 2710 2718 Χριστοῦ,
2763 2645 2922 2698 ἄλλον
2964 2645 3020 2698 δὲ
3052 2645 3142 2698 τὸν
3189 2645 3670 2715 δημιουργήσαντα
3700 2643 3793 2696 τὸν

2215 2737 2444 2809 οὐρανὸν
2477 2738 2572 2790 καὶ
2598 2735 2698 2806 τὴν
2730 2739 2856 2807 γῆν,
2896 2735 3257 2806 ἀφαιροῦντες
3291 2735 3391 2806 μὲν
3422 2735 3514 2788 τοῦ
3561 2735 3794 2789 Κτίστου

2215 2826 2286 2882 τὰ
2328 2827 2609 2898 κτίσματα
2634 2865 2650 2890 ,
2695 2827 2954 2897 νέμοντες
2997 2825 3054 2878 δὲ
3099 2823 3274 2880 ταῦτα
3331 2826 3410 2896 τῷ
3457 2829 3649 2896 σπορεί
3687 2825 3797 2878 τῶν

2217 2919 2497 2985 ζιζανίων,
2533 2919 2619 2988 ἐφ’
2645 2911 2690 2987 ᾧ
2721 2917 2820 2989 τὴν
2852 2917 3130 2972 ἀπώλειαν
3159 2918 3345 2982 αὐτοῖς
3377 2918 3793 2988 ἀνταμεῐψεται,

2217 3013 2314 3066 καὶ
2345 3011 2444 3083 τὴν
2471 3013 2885 3083 ἡτοιμασμένην
2927 3009 3075 3080 αὑτῷ
3110 3010 3383 3082 τιμωρίαν
3417 3011 3797 3080 συμμετάγον-

2216 3120 2328 3156 ται.
2369 3103 2452 3158 Τὰ
2507 3101 2596 3155 ἴσα
2626 3102 2682 3156 δὲ
2715 3103 2829 3165 τοῖς
2869 3101 3184 3173 εἰρημένοις
3227 3102 3330 3156 κάν
3362 3105 3482 3164 ταῖς
3525 3101 3800 3174 Πράξεσιν

527 3193 677 3248 ducit
698 3193 1024 3248 clamantem
1048 3201 1102 3245 et
1129 3190 1407 3246 dicentem
1441 3207 1456 3244 :
1484 3189 1682 3246 Caelum
1726 3191 1852 3243 milii
1895 3190 2109 3243 thronus

2215 3199 2242 3250 6
2275 3197 2416 3260 θεῖος
2449 3195 2686 3257 Λουκᾶς,
2724 3196 2773 3247 ει
2797 3194 2891 3246 καὶ
2923 3172 2986 3245 τὺ
3020 3192 3272 3245 πλεῖστον
3311 3192 3408 3262 τῆς
3453 3172 3798 3255 ἀποστασίας

527 3295 622 3349 est,
645 3298 692 3338 et
723 3295 866 3338 terra
885 3283 1170 3338 scabellum
1194 3284 1385 3351 pedum
1416 3299 1670 3338 meorum.
1703 3280 1876 3346 Quam
1899 3283 2110 3336 domum

527 3375 857 3444 wdiﬁcabitis
891 3374 1132 3440 mihi,ait
1169 3373 1427 3428 Dominus
1458 3375 1524 3429 ⁸³.
1567 3371 1634 3428 Et
1665 3390 1786 3444 quae
1823 3373 1877 3427 in
1927 3374 2109 3428 Evan-

527 3467 683 3538 geliis
714 3465 972 3521 Servator
996 3466 1134 3520 dixit
1161 3467 1228 3520 de
1249 3466 1427 3530 Patre,
1455 3466 1713 3520 thronum
1743 3466 1963 3536 quidem
1989 3466 2111 3536 ejus

528 3560 746 3622 ctelum,
782 3561 1083 3615 scabellum
1119 3574 1249 3614 vero
1280 3571 1505 3623 terram,
1541 3569 1598 3614 et
1620 3560 1811 3614 urbem
1833 3560 1953 3630 ejus
1981 3559 2110 3614 Hie-

529 3649 794 3718 rosolyma
844 3649 1298 3710 vocans.eadem
1360 3657 1594 3705 testatus
1648 3651 1858 3720 primus
1909 3661 2111 3723 martyr

528 3740 682 3794 lsaia:
711 3740 890 3794 verbis
939 3740 1158 3794 Patrem
1213 3741 1513 3796 introducit
1561 3742 1754 3796 eadem
1817 3741 2108 3796 dicentem.

527 3832 667 3886 Alibi
697 3847 916 3901 quoque
939 3831 1137 3886 iterum
1186 3833 1466 3896 Servatur,
1498 3832 1964 3903 vaniloquentiam
2018 3834 2110 3904 jn-

529 3923 766 3976 rantium
799 3923 1106 3993 reprimens
1146 3931 1201 3978 et
1223 3925 1488 3979 cohibens
1521 3923 1768 3978 eamdem
1808 3923 2111 3978 doctrinam

528 4013 742 4066 astruit.
769 4011 933 4066 Stulti
963 4015 1126 4076 enim,
1149 4015 1244 4078 ait,
1275 4024 1324 4068 et
1354 4016 1498 4080 eieci,
1527 4016 1642 4085 quis
1674 4015 1850 4084 major
1877 4023 1951 4068 est
1971 4014 1996 4067 ?
2015 4030 2111 4066 au-

2214 3287 2396 3342 αὐτῶν
2434 3287 2534 3347 τὰς
2575 3288 2786 3340 ἐκείνου
2813 3287 2995 3354 φωνὰς
3018 3285 3076 3338 οὐ
3111 3285 3390 3356 προσίεται
3412 3301 3426 3313 ο
3455 3285 3603 3354 ὅμως
3647 3285 3802 3337 ὲκεῖο

2214 3397 2304 3444 νος
2352 3382 2419 3450 τῇ
2466 3379 2694 3432 Ἡσαΐου
2735 3380 2917 3448 φωνῇ,
2953 3376 3151 3449 μᾶλλον
3184 3376 3242 3429 δὲ
3278 3379 3346 3448 τῇ
3376 3375 3468 3429 τοῦ
3518 3377 3798 3444 Στεφάνου

2215 3472 2556 3542 κεχρημένος
2592 3469 2836 3544 γλώσσῃ,
2863 3469 3135 3540 λαμπρῶς
3165 3469 3347 3522 αὐτῶν
3375 3468 3462 3521 διὰ
3493 3468 3659 3538 μέσου
3689 3468 3799 3520 τῶν

2229 3563 2502 3616 Ἰουδαίων
2532 3563 2838 3633 ἐμφράττει
2885 3561 2955 3614 τὰ
2989 3561 3234 3630 στόματα
3259 3578 3272 3590 ·
3319 3555 3472 3619 οὗτος
3502 3559 3613 3631 γὰρ
3651 3561 3679 3612 6
3704 3559 3795 3612 τὸν

2215 3653 2574 3725 ἀθλοφορικδν
2619 3653 2833 3724 πρῶτος
2864 3651 3276 3722 ἀναδησάμενος
3314 3651 3596 3719 στέφανον,
3629 3653 3687 3703 ὲν
3712 3649 3785 3718 τῷ

2216 3748 2353 3819 πρὸς
2402 3748 2530 3810 τοὺς
2573 3745 2862 3809 Ἰουδαίους
2901 3744 3132 3814 ἐλέγχῳ,
3177 3743 3360 3807 ἄλλοις
3412 3761 3473 3796 τε
3515 3742 3787 3812 ἐπιχειρή-

2220 3855 2354 3911 μασι
2388 3838 2448 3891 τὺ
2498 3837 2860 3906 ἀναίσχυντον
2917 3834 3100 3889 αὐτῶν
3155 3834 3536 3904 καταισχύνων
3588 3833 3792 3900 είσάγει

2217 3931 2314 3986 καὶ
2351 3929 2441 3983 τὸν
2475 3929 2698 4000 Πατέρα
2735 3927 2830 3980 τοῦ
2880 3927 3084 3998 Κυρίου
3135 3927 3291 3997 ἡμῶν
3335 3925 3513 3998 Ἰησοῦ
3558 3923 3796 3996 Χριστοῦ

2215 4021 2618 4092 διακεκραγότα
2638 4021 2739 4101 ’καὶ
2768 4021 3014 4090 λέγοντα*
3059 4021 3126 4073 '0
3149 4021 3405 4088 οὐρανός
3428 4036 3529 4088 μοι
3559 4021 3798 4087 θρόνος,

531 4121 737 4170 rumne,
771 4122 843 4158 an
871 4105 1144 4176 templum,
1163 4108 1300 4176 quod
1313 4107 1609 4177 sanctiﬁcat
1641 4123 1835 4162 aurum
1873 4107 1922 4140 “
1951 4107 1974 4162 ἲ
1999 4106 2109 4162 Ita-

2216 4116 2257 4185 ἠ
2277 4113 2347 4168 δὲ
2369 4113 2446 4184 τῆ
2477 4113 2812 4170 ὑποπόδιον
2837 4111 2958 4166 τῶν
2986 4110 3190 4167 ποδῶν
3221 4129 3340 4181 μου
3364 4127 3379 4140 ⁸
3421 4111 3598 4165 ποῖον
3631 4107 3803 4164 οἷκον

531 4211 639 4265 que
663 4197 920 4265 templum
965 4197 1168 4253 veteris
1211 4199 1560 4254 instrumenti
1597 4215 1708 4255 non
1757 4200 1933 4255 solum
1985 4213 2109 4254 san-

2217 4205 2648 4276 οίκοδομήσετέ
2670 4223 2794 4275 μοι,
2824 4204 2991 4275 λέγει
3019 4205 3236 4273 Κύριος
3257 4220 3277 4269 ;
3303 4206 3414 4259 Καὶ
3440 4204 3583 4274 ἅπερ
3615 4204 3673 4256 ὲν
3690 4206 3805 4266 τοῖς

531 4295 681 4341 ctum
701 4296 836 4351 erat,
866 4287 963 4344 sed
982 4297 1038 4342 et
1065 4289 1446 4344 sanctiﬁcandi
1475 4291 1528 4345 vi
1560 4291 1817 4360 pollebat.
1863 4290 2067 4346 lterum
2094 4308 2108 4345 :

2220 4299 2574 4370 Εὐαγγελίοις
2604 4301 2632 4352 6
2667 4299 2858 4368 Σωτὴρ
2897 4297 3004 4366 ἔφη
3037 4297 3166 4367 περὶ
3199 4295 3293 4350 τοῦ
3331 4297 3544 4367 Ila-:96;
3565 4337 3581 4361 ,
3610 4296 3804 4366 Θρόνον

535 4379 719 4434 Utrum
744 4380 916 4449 majus
967 4382 1082 4436 est?
1111 4383 1400 4449 donumnc,
1426 4399 1499 4437 an
1542 4385 1733 4452 altare,
1773 4389 2109 4459 sancti/icon:

2223 4391 2322 4463 μὲν
2371 4389 2554 4445 καλῶν
2601 4390 2693 4443 τὸν
2721 4387 2974 4459 οὐρανὸν,
3006 4386 3294 4440 ὑποπόδιον
3323 4386 3380 4440 δὲ
3408 4389 3508 4457 τὴν
3533 4387 3657 4456 γῆν,
3707 4386 3808 4439 καὶ

529 4471 770 4524 donum?
805 4471 911 4528 Ubi
958 4472 1164 4527 diserte
1207 4475 1468 4540 ostendit,
1526 4485 1584 4531 et
1641 4479 1813 4534 altare
1862 4489 2109 4536 sanctum

2222 4482 2376 4535 πόλιν
2428 4479 2595 4534 αὐτοῦ
2633 4481 2702 4534 τὰ
2758 4480 3136 4550 Ἰεροσόλυμα·
3171 4479 3343 4532 ταῦτα
3392 4478 3808 4550 συμμαρτυρῶν

529 4560 720 4626 fuisse,
755 4574 811 4618 et
837 4581 958 4634 quae
984 4565 1038 4619 in
1078 4581 1144 4620 eo
1175 4565 1571 4634 oﬂerehantur,
1621 4578 1807 4625 sancta
1848 4571 2109 4630 eﬂecisse.

2219 4574 2250 4626 6
2271 4574 2673 4645 πρωτομάρτυς
2706 4570 2784 4643 τῷ
2816 4571 3063 4644 Δεσπότῃ
3088 4571 3176 4624 διὰ
3206 4574 3305 4641 τῆς
3357 4569 3581 4623 Ἡσαΐου
3618 4569 3810 4638 φωνῆ;

531 4655 596 4708 Et
624 4666 747 4725 post
801 4673 975 4726 pauca
1021 4676 1035 4712 :
1073 4657 1142 4711 Et
1189 4659 1279 4729 qui
1325 4650 1516 4728 jurat,
1563 4661 1760 4731 inquit,
1801 4679 1896 4733 per
1937 4664 2109 4718 caelum

2219 4664 2310 4718 τὸν
2342 4665 2564 4736 Πατέρα
2594 4665 2835 4735 παράγει
2864 4661 3098 4730 λέγοντα
3130 4663 3200 4715 τά
3227 4661 3388 4716 αὑτά.
3428 4661 3518 4715 Ἐν
3543 4661 3725 4724 ἄλλοις
3745 4661 3813 4714 δὲ

532 4747 724 4815 (aperi,
766 4747 952 4815 homo,
974 4764 1164 4804 aurem
1195 4765 1359 4820 quam
1387 4751 1456 4806 ad
1499 4753 1829 4808 audiendum
1870 4754 2109 4810 formavi:

2220 4757 2385 4810 πάλιν
2427 4756 2456 4807 6
2497 4755 2689 4826 Σωτὴρ
2718 4756 2818 4823 τὴν
2855 4754 2966 4806 τῶν
3005 4754 3315 4823 ὀμνυόντων
3339 4753 3674 4822 στηλιτεύων
3709 4753 3815 4805 καὶ

534 4836 696 4903 Deus,
719 4841 1122 4896 transformavit
1157 4852 1341 4897 autem
1367 4843 1417 4897 is
1450 4845 1694 4913 quivere
1721 4847 1898 4902 malus
1921 4857 2027 4912 est,
2067 4861 2109 4902 Ill

2221 4847 2590 4917 ἐπιστομίζων
2649 4848 3063 4919 ματαιολογίαν,
3094 4847 3190 4918 τὴν
3233 4849 3404 4918 αὐτὴν
3439 4846 3700 4918 κρατύνει
3727 4845 3818 4898 δι-

534 4931 732 4984 surdus
758 4946 938 4996 esses;
958 4935 1107 5000 audi,
1139 4934 1381 5007 inquam)
1410 4934 1546 5000 :Qui
1560 4937 1736 5006 jurat,
1774 4939 1983 5009 inquit,
2024 4957 2109 5009 per

2220 4941 2537 4995 δασκαλίαν.
2572 4940 2766 5009 Μωροὶ
2795 4939 2926 5010 γὰρ,
2957 4939 3110 5008 φησι,
3143 4939 3252 4992 «καί
3286 4934 3536 5008 τυφλοὶ,
3560 4939 3653 5002 τίς
3672 4938 3817 5004 μεί-

535 5016 742 5083 αείιιηι,
771 5017 923 5087 jurat
945 5037 1037 5090 per
1054 5023 1299 5078 thronum
1329 5025 1427 5081 Dei
1450 5039 1498 5081 et
1531 5044 1625 5096 per
1663 5044 1782 5082 eum
1847 5031 1939 5100 qui
1971 5031 2109 5085 sedet

2221 5031 2333 5094 ζων
2369 5034 2584 5100 ἑστίν;
2619 5036 2651 5088 ό
2699 5031 2927 5103 χρυσός
2963 5031 3001 5100 ἢ
3039 5034 3071 5085 ό
3129 5032 3306 5097 ναὸς,
3341 5033 3373 5084 ό
3401 5028 3652 5099 ἁγιάζων
3699 5028 3818 5082 τὸν

606 5174 652 5206 ⁵⁸
673 5173 840 5231 Hebr.
873 5192 914 5246 ι,
943 5179 996 5233 7.
1070 5179 1116 5212 ³¹
1150 5181 1284 5238 ibid.
1318 5184 1373 5240 8.
1448 5183 1496 5216 "
1520 5183 1662 5240 Psal.
1703 5199 1776 5251 Ct,
1801 5186 1892 5254 26,
1921 5185 2029 5254 27;
2063 5185 2106 5240 H

2215 5225 2230 5241 .
2266 5204 2304 5256 ι,
2343 5187 2443 5254 10,
2484 5188 2572 5242 ii.
2648 5187 2696 5220 ⁵⁸
2721 5187 2843 5242 Act.
2882 5203 2980 5252 vn,
3009 5187 3101 5243 49.
3177 5187 3225 5219 ”
3271 5185 3467 5240 Matth.
3524 5201 3681 5250 χχιιι,
3710 5183 3817 5244 27.

1626 5360 1864 5418 VARUE
1896 5362 2289 5420 LECTIONES
2330 5363 2418 5419 ΕΤ
2459 5362 2694 5438 ᾹΟΤΕ.

603 5496 683 5584 (7)
717 5498 830 5553 Τοῦ
856 5499 1294 5584 φύσει-,παεξόᾳ
1318 5501 1377 5557 ld
1401 5504 1644 5584 esu-veri
1665 5505 1784 5574 filii,
1805 5523 1913 5561 non
1949 5507 2121 5584 adop-

533 5571 654 5633 tivi,
703 5585 810 5623 non
848 5571 1108 5640 putatitii.
1153 5572 1282 5627 Hac
1330 5574 1477 5628 enim
1502 5571 1915 5633 inter'caateras
1963 5571 2117 5631 notio

533 5641 701 5721 hujus
728 5641 874 5721 vocis
908 5650 993 5696 est
1022 5645 1164 5721 apud
1201 5643 1495 5721 scriptores
1523 5645 1948 5721 ecclesiasticos.
1980 5647 2115 5721 Vide

539 5712 785 5790 inprimis
809 5712 1024 5790 Dionys.
1053 5712 1561 5790 l’etavii‘Dogmata
1591 5717 1856 5790 theologi.,
1880 5728 2015 5790 tom.
2045 5719 2110 5778 ll,

542 5781 632 5835 lib.
662 5796 734 5847 tv,
767 5797 818 5836 c.
843 5784 897 5850 2,
931 5781 1056 5855 pag.
1081 5785 1212 5854 190;
1248 5781 1432 5842 Mosen
1459 5781 1834 5858 Amyralduin,
1868 5788 2003 5845 Diss.
2038 5803 2116 5856 γι,

2223 5507 2491 5578 Tlieolog.,
2529 5507 2597 5562 de
2621 5515 2847 5578 peccato
2877 5503 3264 5578 Originali,_p.
3295 5504 3422 5578 5_8|,
3463 5518 3614 5578 seqq.
3653 5509 3710 5578 et
3739 5517 3819 5578 ex

2220 5574 2562 5633 nostratibus
2613 5574 2932 5646 Cbristoph.
2973 5574 3597 5646 Franchii,l§.rercitatt.
3651 5574 3819 5646 ΑΨ-

2218 5647 2514 5702 Limborch.
2570 5665 2624 5717 p.
2654 5647 2760 5701 246
2807 5641 2922 5716 seq.
2954 5655 3008 5700 et
3037 5648 3208 5700 celeb.
3242 5645 3402 5717 Joan.
3444 5644 3652 5698 Albert.
3705 5641 3821 5717 Ij‘a-

2219 5718 2473 5788 bricium,
2502 5712 2810 5772 ad'Sextum
2832 5712 3183 5788 Enipiricum,
3205 5733 3260 5788 p.
3285 5716 3338 5772 9.
3371 5715 3461 5772 Sic
3489 5724 3700 5781 noster,
3723 5712 3819 5767 in-

2222 5787 2326 5856 fra,
2355 5790 2578 5860 γνήσιον
2607 5788 2723 5843 υἱὸν
2753 5787 3009 5858 appellat.
