3986 6438
258 359 347 420 109

1296 354 1590 416 CONTRA
1628 353 2087 414 MANICH/EOS
2128 352 2357 413 LIBER
2398 354 2477 413 II.

3382 352 3485 417 110

257 466 517 540 χρυσόν;
545 462 753 518 Οὐκοῦν
782 465 811 516 6
836 462 938 532 τῆς
965 462 1201 526 παλαιᾶς
1228 463 1355 527 ναὸς
1382 464 1444 516 οὐ
1474 466 1632 533 μόνον
1666 462 1817 531 ἅγιος

1941 478 2072 531 aper
2092 463 2262 530 ipsum
2279 462 2347 516 ⁸⁸.
2371 462 2557 530 Itaque
2583 470 2828 515 sanctum
2845 461 3064 531 quidem
3090 471 3175 516 est
3200 464 3482 531 templum,

254 560 329 633 ἦν,
366 558 503 612 ἀλλά
560 557 651 609 καὶ
709 554 959 623 ἀγιάζειν
989 550 1135 624 εἶχεν
1180 554 1352 624 ίσχύν.
1386 556 1496 607 Καὶ
1521 555 1680 608 πάλιν
1706 569 1719 581 ·
1751 555 1812 607 Τί

1941 562 2159 609 auctum
2194 569 2321 607 vero
2371 562 2426 607 et
2462 553 2653 617 altare,
2696 552 2945 621 idemque
2976 553 3160 606 divino
3224 553 3486 608 beneficio

252 651 467 722 μεῖζον;
518 648 589 701 τὸ
610 645 805 714 δῶρον
830 646 869 713 ἣ
900 647 965 698 τὸ
1005 644 1437 712 θυσιαστήριον
1465 646 1532 698 τὸ
1575 643 1811 712 ἁγιάζον

1941 648 2259 701 anctilicans
2303 665 2313 699 :
2361 646 2556 700 cmlum
2604 661 2730 699 vero
2777 654 2860 699 est
2895 646 3121 699 thronus
3150 646 3259 699 veri
3311 647 3401 700 Dei
3434 658 3489 701 et

256 746 311 797 τὸ
344 740 537 807 δῶρον
554 755 573 802 ;
620 738 807 806 σαφῶς
840 734 1121 790 κάνταῦθα
1148 736 1381 797 δεικνὺς,
1422 737 1504 789 ὅτι
1535 736 1593 788 τὸ
1623 737 1811 788 θυσια-

256 837 456 903 στήριον
490 830 650 898 ἅγιόν
696 847 756 883 τε
788 824 879 899 ἦν,
914 828 1008 881 καὶ
1034 828 1100 881 τὰ
1152 829 1210 880 ἐν
1248 827 1398 898 αὐτῷ
1450 827 1814 895 ἀνατιθέμενα

259 929 373 995 ἆγια
392 925 593 978 ἐποίει.
620 924 730 976 Καὶ
753 922 893 991 μετά
920 920 1144 990 βραχὲα’
1170 920 1279 972 Καὶ
1301 922 1334 973 ὁ
1352 920 1600 987 ὀμόσας,
1629 917 1811 986 φησὶν,

261 1021 322 1071 ἐν
356 1015 427 1079 τῷ
464 1013 704 1083 οὐρανῷ
757 1011 1077 1084 (διάνοιξον,
1118 1011 1397 1083 ἄνθρωπε,
1431 1012 1491 1064 τὸ
1523 1011 1647 1075 οῦς,
1680 1010 1815 1080 ὅπερ

260 1107 441 1159 ἔπλασε
475 1104 579 1169 μὲν
605 1104 633 1155 6
664 1104 793 1167 Θεὸς
815 1104 1057 1167 ἀκούειν,
1088 1103 1394 1173 μετέπλασε
1423 1101 1479 1154 δὲ
1503 1103 1577 1164 ὡς
1603 1101 1818 1169 ἀληθῶς

258 1202 282 1250 6
316 1194 552 1264 Πονηρὸς
584 1196 666 1255 εἰς
698 1192 903 1259 κωφόν.
960 1192 1106 1263 Πλὴν
1138 1190 1391 1259 ἄκουσον)
1414 1208 1427 1219 ·
1466 1192 1519 1243 Ὁ
1564 1190 1815 1258 ὀμόσας,

259 1292 405 1361 φησιν
427 1330 441 1351 ,
475 1290 550 1342 ἐν
602 1287 685 1351 τῷ
721 1284 976 1355 οὐρανῷ,
1018 1286 1221 1354 ὀμνύει
1259 1286 1329 1338 ὲν
1356 1282 1436 1350 τῷ
1476 1285 1667 1351 θρόνῳ
1711 1282 1817 1337 τοῦ

261 1382 413 1444 Θεοῦ,
457 1379 561 1432 καὶ
605 1379 676 1430 ἐν
710 1377 792 1442 τῷ
825 1378 1139 1445 καθημένῳ
1182 1374 1382 1428 ἐπάνω
1413 1373 1619 1427 αὐτοῦ.
1656 1373 1820 1425 ’Ὠστε

261 1476 397 1541 ᾶγιος
450 1472 556 1540 μὲν
606 1472 634 1522 6
693 1469 839 1533 ναὸς,
875 1467 1029 1536 ἅγιον
1084 1467 1137 1520 δὲ
1164 1468 1224 1519 τδ
1261 1466 1674 1536 θυσιαστήριον,
1725 1467 1822 1517 καὶ

262 1566 401 1634 χάριν
454 1562 582 1631 ἕχον
621 1559 775 1612 θείαν
834 1558 1157 1624 ἀγιοποιεῖν,
1215 1557 1308 1624 καῙι
1361 1555 1548 1624 θρόνος
1604 1556 1753 1607 ἐστὶν
1794 1554 1822 1605 6

263 1653 469 1725 οὐρανὸς
510 1649 902 1719 τοῦ-ἀληθινοῦ
934 1646 1068 1701 Θεοῦ
1117 1648 1211 1700 καὶ
1246 1647 1457 1716 Πατρὸς
1486 1645 1582 1699 τοῦ
1618 1643 1820 1714 Κυρίου

263 1744 399 1813 ἡμῶν
457 1741 644 1810 Ἰησοῦ
697 1736 936 1809 Χριστοῦ
969 1752 981 1766 ’
1030 1727 1091 1788 οῦ
1143 1737 1236 1788 καὶ
1270 1736 1302 1802 ἡ
1348 1734 1527 1795 κτίσις
1561 1732 1823 1802 σύμπασα

271 1835 453 1900 mirga.
485 1834 590 1884 καὶ
644 1830 826 1902 ἔργον.
887 1830 949 1881 Εἰ
982 1827 1039 1881 δὲ
1085 1826 1164 1896 τῷ
1222 1825 1339 1896 Θεῷ
1377 1826 1472 1878 καὶ
1504 1825 1679 1895 Πατρὶ
1724 1821 1819 1875 τοῦ
1852 1813 1892 1869 Β

276 1924 447 1992 Κυρίου
483 1921 651 1990 ἡμῶν
717 1918 895 1989 Ἰησοῦ
947 1917 1186 1987 Χριστοῦ
1226 1915 1616 1986 διακεγραγότι
1660 1913 1832 1967 ταῦτα

286 2013 733 2081 ἁπιξθὲγγονται,
777 2008 997 2081 Χριστῷ
1026 2008 1083 2062 δὲ
1112 2007 1191 2078 τῷ
1246 2006 1485 2077 ἀληθινῷ
1526 2005 1643 2075 Θεῷ
1677 2005 1833 2075 ἡμῶν

280 2104 720 2172 σννφθεγγομένῳ
748 2101 825 2171 τῷ
856 2099 1210 2170 γεγεννηκότι
1241 2099 1301 2151 οὐ
1352 2098 1648 2151 πείθονται.
1682 2096 1831 2151 Παῦ-

275 2199 351 2251 λον
468 2195 877 2267 μαρτυροῦντα,
908 2186 968 2246 οὗ
995 2190 1411 2260 ψευδεπὼνυμοι
1434 2187 1826 2258 παραγράφον-

276 2307 379 2353 ται,
414 2288 506 2341 καὶ
552 2288 641 2340 τὸν
693 2285 857 2338 Δαϐὶδ
894 2285 991 2352 μὲν
1032 2280 1348 2351 ὑπερορῶσι
1395 2278 1833 2350 προφητεύοντα,

290 2380 464 2450 Δουκᾷ
486 2379 545 2431 δὲ
568 2379 636 2448 τῷ
661 2377 878 2447 μαθητῇ
926 2375 1019 2426 καὶ
1049 2373 1410 2442 εὐαγγελιστῇ
1440 2370 1531 2424 τοῦ
1568 2370 1833 2441 σωτηρίου

291 2468 436 2536 λόγου
464 2470 521 2521 οὗ
566 2468 915 2538 προσέχουσι.
979 2466 1249 2532 Στέφανον
1294 2462 1348 2514 δὲ
1378 2462 1467 2515 τὸν
1499 2465 1556 2515 ἐν
1600 2462 1836 2532 μάρτυσι

274 2560 482 2630 ’πρῶτον
524 2560 736 2614 καὶτὸν
767 2558 1053 2631 προφήτην
1086 2554 1525 2624 συνεπαγόμενον
1570 2552 1837 2624 μυκτηρί-

1913 732 2088 788 Patris
2115 733 2325 787 Domini
2353 733 2521 787 nostri
2545 733 2672 787 Jesu
2703 732 2923 787 Christi.
2961 733 3127 801 Cujus
3158 744 3212 787 et
3240 744 3488 789 creatura

1914 826 2167 879 universa
2220 840 2357 893 opus
2399 835 2452 878 et
2504 825 2728 879 effectus
2770 835 2872 880 est.
2898 825 3049 891 Quod
3072 826 3117 879 si
3141 842 3268 880 vero
3305 827 3416 880 Deo
3438 836 3493 880 et

1917 916 2058 969 Patri
2090 916 2303 969 Domini
2355 916 2524 969 nostri
2569 915 2698 970 Jesu
2727 917 2949 982 Christi,
2988 918 3086 971 ista
3122 918 3341 987 quidem
3365 934 3493 987 pro-

1917 1009 2191 1073 clamauti,
2218 1008 2605 1078 obloquuntur,
2637 1011 2679 1063 si
2714 1009 2953 1069 Christo.
2993 1009 3102 1063 Deo
3130 1020 3315 1064 nostro
3340 1027 3491 1074 vero,

1917 1099 2104 1152 eadem
2131 1115 2252 1152 cum
2278 1098 2436 1153 Patre
2457 1100 2680 1165 dieeuti,
2712 1117 2821 1154 non
2855 1101 3086 1156 credunt
3110 1120 3124 1167 ;
3170 1104 3213 1157 si
3242 1104 3491 1166 Paulum,

1918 1204 1947 1242 a
1978 1205 2085 1257 quo
2114 1189 2249 1243 falso
2266 1191 2734 1262 cognominantur,
2766 1193 2953 1246 eadem
2980 1201 3288 1256 testantem,
3307 1203 3362 1247 et
3389 1194 3496 1246 Da-

1918 1278 2097 1332 videm
2135 1280 2547 1350 prophetantem
2606 1282 2798 1351 supine
2839 1284 3149 1354 negligunt;
3199 1285 3241 1337 si
3273 1285 3337 1337 ad
3392 1284 3499 1337 Lu-

1922 1386 2070 1438 cam,
2124 1371 2448 1441 discipulum
2501 1381 2557 1426 ct
2589 1388 2892 1441 praeconem
2942 1375 3197 1428 salutaris
3230 1374 3498 1430 doctrinae

1922 1479 2032 1517 non
2056 1464 2371 1527 attendunt;
2426 1464 2470 1518 si
2505 1463 2840 1534 Stephanum
2894 1466 3149 1535 denique,
3197 1476 3498 1537 martyrum

1920 1555 2155 1624 primum
2174 1564 2230 1608 et
2251 1555 2593 1624 prophetam,
2627 1557 2921 1611 adductum
2954 1558 3166 1611 adunco
3208 1573 3342 1611 naso
3372 1572 3501 1611 sus-

1922 1645 2205 1714 pendunt;
2262 1647 2615 1716 consequitur
2658 1663 2771 1709 eos,
2822 1648 2964 1717 quod
2996 1657 3050 1702 et
3080 1648 3325 1712 faciunt,
3358 1649 3501 1702 malo

1924 1734 2097 1789 solum
2128 1736 2398 1805 principio
2425 1738 2667 1799 obedire,
2694 1738 2782 1791 cui
2830 1748 2884 1792 et
2912 1740 3121 1794 animas
3150 1755 3276 1793 suas
3300 1748 3356 1794 et
3380 1756 3502 1793 eor-

1929 1842 2059 1896 pora
2080 1827 2439 1890 tradiderunt,
2475 1828 2591 1883 illas
2607 1829 2823 1896 quidem
2856 1829 3038 1899 impiis
3061 1831 3501 1901 cogitationibus,

1942 1917 2057 1970 haec
2095 1932 2226 1971 vero
2253 1917 2483 1972 sordidis
2527 1919 2833 1973 actionibus
2872 1920 3232 1993 indulgentes.
3280 1922 3506 1991 Egregie

1932 2022 2061 2061 vero
2087 2007 2140 2060 in
2167 2006 2288 2062 illos
2316 2009 2543 2077 quadrat
2584 2011 2955 2076 reprehensio,
2988 2028 3018 2064 a
3058 2011 3286 2066 Domino
3318 2013 3371 2066 in
3416 2013 3505 2065 iu-

1931 2106 2114 2167 gratos
2161 2098 2375 2154 Judaaos
2414 2100 2680 2168 conjecta,
2729 2116 2794 2157 eo
2849 2104 2989 2171 quod
3030 2103 3503 2168 Patremfamilias,

1930 2188 2199 2242 Beelzebul
2229 2201 2572 2245 vocaverant.
2610 2192 2883 2261 Apostata:
2919 2195 3067 2248 enim
3098 2195 3169 2247 illi
3206 2194 3508 2250 Patremfa-

1933 2277 2109 2331 milias
2137 2278 2301 2333 totius
2347 2280 2585 2334 universi
2620 2280 2904 2335 Beelzebul
2937 2294 3149 2347 vocant,
3182 2284 3268 2339 vel
3325 2286 3510 2355 potius

1932 2368 2186 2439 injuriam
2215 2371 2372 2424 aliam
2393 2387 2557 2441 super
2601 2373 2759 2427 aliam
2786 2376 3162 2441 accumulant;
3200 2377 3335 2432 adeo
3386 2394 3512 2433 ont-

1934 2477 2063 2516 nem
2095 2462 2431 2531 impietatem
2462 2479 2792 2533 omnemque
2825 2466 3168 2521 insolentiam
3199 2469 3361 2524 factio
3393 2470 3513 2525 haec

1937 2554 2105 2607 Deum
2143 2570 2461 2625 oppugnatis
2489 2555 2745 2611 leviorem
2776 2573 2872 2611 sua
2900 2557 3085 2613 efﬁcit.

276 2657 462 2720 ζουσιν,
491 2654 788 2708 ἀκόλουθόν
811 2654 959 2704 ἐστιν
984 2652 1187 2713 αὐτοῖς,
1214 2650 1243 2702 ὃ
1276 2650 1369 2702 καὶ
1400 2649 1722 2720 πράττουσι,
1749 2647 1826 2718 τῷ
1864 2648 2092 2721 Πονηρῷ
2136 2651 2283 2722 μόνῳ
2312 2651 2654 2723 πειθαρχεῖν,
2691 2650 2733 2721 ᾧ
2774 2656 2869 2707 καὶ
2901 2655 3000 2719 τὰς
3059 2656 3237 2727 ψυχὰς
3304 2658 3515 2729 ἐνεχει-

276 2769 440 2823 ρισαν,
493 2753 593 2803 καὶ
642 2751 714 2804 τὰ
757 2750 1006 2820 σώματα,
1044 2748 1143 2809 τὰς
1203 2747 1301 2816 μὲν
1342 2750 1408 2816 τῇ
1459 2746 1685 2817 ἀσεϐείᾳ
1735 2745 1828 2799 τοῦ
1871 2750 2241 2819 φρονήματος,
2268 2750 2337 2803 τὰ
2386 2751 2443 2804 δὲ
2480 2751 2569 2805 διὰ
2608 2750 2702 2804 τοῦ
2749 2752 3014 2824 βορϐόρου
3056 2753 3164 2806 τῶν
3236 2757 3511 2826 πράξεωνο

286 2844 563 2914 Ἀρμόσειε
614 2841 661 2895 δ’
711 2842 777 2895 ἀν
806 2841 990 2913 αὐτοῖς
1042 2833 1100 2892 εῦ
1133 2838 1279 2908 μάλα
1352 2836 1447 2889 καὶ
1496 2836 1524 2886 6
1573 2835 1718 2888 κατά
1790 2835 1898 2888 τῶν
1936 2838 2248 2907 ἀχαρίστων
2326 2840 2593 2895 Ἰουδαίων
2649 2842 2978 2904 Δεσποτικὸς
3036 2842 3375 2915 ὀνειδισμὸς,
3434 2850 3517 2904 δτι

274 2939 349 2990 τον
385 2934 785 3005 οἰκοδεσπότην
832 2932 1164 2997 Βεελζεϐοὺλ
1211 2931 1575 2986 ἀπεκάλεσαν.
1634 2933 1840 2994 Ὄντως
1879 2933 1986 3004 γὰρ
2047 2934 2080 3005 ἡ
2146 2934 2452 2988 ἀποστασία
2478 2936 2567 2989 τὸν
2595 2936 2690 2989 τοῦ
2725 2939 2925 3001 παντὸς
2947 2940 3332 3013 οἰκοδεσπότην
3362 2943 3522 2997 Βεελ-

281 3029 445 3092 ζεϐοἰιλ
519 3028 893 3097 ὀνομάζουσι’
943 3025 1144 3096 μᾶλλον
1193 3024 1250 3077 δὲ
1302 3023 1567 3093 ἑκατέραν
1612 3021 1770 3093 ὕϐριν
1811 3022 1878 3075 δι’
1954 3024 2223 3096 ἑκατέρας
2276 3027 2620 3096 εἰσάγουσινο
2685 3026 2828 3080 οὕτω
2881 3032 3064 3084 πᾶσαν
3120 3032 3377 3087 ἀσέϐειαν
3424 3038 3518 3092 καὶ

285 3128 434 3177 πᾶσαν
458 3122 683 3192 τόλμαν
722 3122 757 3191 ἡ
808 3118 1148 3188 προκειμένη
1191 3117 1456 3187 θεομαχία
1504 3116 1841 3187 κουφοτέραν
1866 3118 2257 3187 ἀπεργάζεται.

333 3218 424 3272 ΙΒ.
473 3213 744 3276 Ἐντολάς
768 3214 826 3265 δὲ
858 3213 1020 3265 πάλιν
1058 3213 1086 3264 6
1112 3210 1305 3279 Σωτὴρ
1336 3212 1404 3262 τὰ
1434 3209 1706 3263 Μωσαῖκά
1730 3208 1840 3261 δια-

2016 3210 2130 3265 Xll.
2164 3213 2305 3268 Alibi
2364 3213 2619 3269 Servator
2672 3216 2902 3273 Mosaica
2962 3219 3211 3277 instituta
3250 3239 3523 3299 prteeepta

275 3310 513 3376 τάγματα
538 3305 750 3369 καλῶν,
772 3304 863 3355 καὶ
887 3301 1163 3371 πανταχοῦ
1190 3301 1367 3371 τιμῶν
1398 3300 1497 3368 τὴν
1526 3299 1846 3369 νομοθεσίαν

279 3404 359 3468 τὴν
390 3399 702 3469 πατρικὴν,
750 3397 813 3447 '0
850 3393 1015 3460 Θεὸς,
1052 3394 1236 3462 φησὶν,
1273 3392 1634 3445 ἐνετείλατο·
1701 3389 1847 3458 Τίμα

286 3494 367 3545 τὸν
389 3491 629 3558 πατέρα
650 3505 767 3542 σου
796 3487 894 3541 καὶ
920 3487 1036 3553 τὴν
1053 3486 1281 3555 μητέρα
1305 3502 1441 3538 σου.
1478 3485 1607 3539 Καί·
1651 3486 1712 3536 '0
1744 3499 1847 3536 κα-

285 3585 536 3651 κολογῶν
574 3581 801 3648 πατέρα
846 3580 884 3648 ἢ
922 3580 1169 3650 μητέρα,
1213 3577 1446 3642 θανάτῳ
1494 3575 1844 3630 τελευτάτω.

293 3674 467 3745 Ὑμεῖς
500 3672 862 3741 ἡκυρώσατε
881 3671 995 3738 τὴν
1011 3670 1273 3736 ἐντολὴν
1301 3667 1405 3721 τοῦ
1438 3667 1584 3721 Θεοῦ
1615 3667 1710 3719 διὰ
1734 3665 1849 3733 τὴν

268 3769 613 3835 παράδοσιν
663 3764 848 3833 ὑμῶν.
899 3764 1009 3816 Καὶ
1039 3759 1216 3815 ταῦτα
1264 3759 1433 3813 εἰπὼν
1476 3759 1729 3829 μάρτυρα
1757 3757 1848 3809 τὸν

274 3858 501 3913 Ἠσαίαν
560 3857 855 3921 ἐπάγεται,
902 3853 1114 3918 Καλῶς
1139 3892 1154 3914 ,
1180 3851 1391 3920 λέγων,
1438 3849 1848 3919 προεφήτευσε

262 3948 387 4014 περὶ
420 3946 605 4016 ὑμῶν
654 3945 911 4009 Ἡσαΐας,
950 3940 1183 4011 Ἐγγίζει
1206 3957 1309 4008 μοι
1334 3943 1366 3993 ό
1393 3938 1543 4003 λαὸς
1569 3934 1745 4003 οὗτος
1770 3936 1851 4001 τῷ

260 4039 520 4106 στόματι
556 4034 775 4100 αὐτῶν,
815 4034 914 4089 καὶ
958 4033 1082 4099 τοῖς
1121 4032 1358 4101 χείλεσί
1380 4047 1457 4099 με
1484 4028 1652 4099 τιμᾷ’
1699 4030 1738 4097 ἡ
1782 4029 1851 4081 δὲ

264 4129 481 4197 καρδία
514 4125 721 4181 αὐτῶν
746 4126 941 4193 πόῤῥω
971 4122 1181 4191 ἀπέχει
1203 4123 1305 4177 ἀπ’
1335 4122 1504 4188 ἐμοῦ.
1539 4121 1648 4173 Καὶ
1682 4121 1851 4189 πρόσ-

260 4239 346 4291 εχε
396 4220 641 4274 λοιπόν·
678 4217 887 4284 Μάτην
926 4217 993 4269 δὲ
1021 4215 1302 4269 σέϐονταί
1339 4232 1434 4284 με.
1476 4213 1658 4275 Διατί;
1695 4213 1851 4264 Διότι

259 4313 639 4366 διδάσκουσι
670 4308 1084 4374 διδασκαλίας,
1110 4305 1449 4373 ἐντάλματα
1486 4300 1811 4371 ἀνθρώπων
1833 4318 1846 4331 ·

254 4404 403 4459 ὥστε
429 4405 592 4472 ἆπερ
621 4401 717 4471 μὲν
740 4396 808 4471 ἧν
836 4398 1144 4469 ἐντάλματα
1167 4394 1491 4467 ἀνθρώπων,
1527 4395 1627 4448 οὐκ
1648 4394 1852 4464 ῆρεσκε

258 4497 441 4550 ταῦτα
491 4493 576 4563 τῷ
621 4493 883 4563 νομοθέτῃ
934 4491 1085 4561 Θεῷο
1119 4488 1258 4544 ἀλλὰ
1290 4489 1382 4542 καὶ
1425 4488 1580 4558 δίκης
1632 4487 1853 4556 ἐνόχους

1952 3302 2251 3372 appellans,
2277 3312 2328 3358 et
2363 3305 2533 3375 legem
2574 3321 2602 3359 a
2647 3305 2805 3361 Patre
2828 3308 2987 3363 latam
3021 3313 3261 3382 undique
3305 3317 3360 3370 in
3395 3334 3523 3389 pre-

1956 3396 2031 3449 tio
2059 3395 2267 3449 habens
2297 3413 2310 3448 :
2335 3396 2493 3461 Deus,
2514 3397 2711 3466 inquit,
2745 3402 2982 3470 praecipit
3020 3419 3038 3456 :
3072 3404 3280 3459 Honora
3312 3420 3522 3477 patrem

1955 3496 2123 3551 tuum,
2175 3496 2223 3540 et
2280 3498 2504 3541 matrem
2541 3500 2706 3544 tuam.
2756 3492 2822 3544 Et
2857 3494 3213 3551 :Maledicens
3258 3502 3399 3568 patri
3429 3512 3521 3555 ου’

1953 3578 2136 3641 matri,
2173 3589 2338 3631 morte
2362 3580 2639 3633 moriatur.
2667 3582 2760 3635 Vos
2786 3586 3093 3639 nmndatum
3114 3587 3212 3642 Dei
3231 3592 3524 3661 abrogastts

1953 3685 2047 3739 per
2070 3671 2405 3724 traditionem
2422 3682 2649 3725 vestram
2670 3674 2738 3725 ⁵⁸.
2766 3673 2942 3743 Atque
2966 3676 3082 3731 haae
3108 3679 3297 3735 dicens
3329 3682 3521 3737 Isaiam

1958 3770 2148 3814 testem
2212 3760 2389 3823 aﬂ‘ert,
2439 3761 2596 3822 Bene.
2648 3761 2924 3832 inquiens,
2977 3767 3221 3834 prwdixit
3275 3770 3338 3822 de
3383 3771 3525 3825 vobis

1955 3850 2128 3905 Isaias
2153 3867 2171 3905 :
2193 3852 2588 3921 Appropinquat
2635 3853 2706 3906 ad
2742 3871 2824 3908 me
2856 3856 3077 3923 populus
3106 3857 3189 3910 hic
3225 3875 3312 3912 ore
3341 3876 3453 3926 suo,
3476 3869 3527 3915 et

1958 3942 2112 3996 labiis
2134 3944 2242 3996 suis
2263 3943 2482 3996 honorat
2506 3959 2620 4008 me;
2639 3960 2727 3998 cor
2757 3962 2875 3999 vero
2893 3964 3069 4001 eorum
3090 3949 3238 4019 longe
3256 3968 3289 4003 a
3315 3969 3396 4005 me
3441 3970 3527 4006 re-

1957 4043 2154 4086 motum
2174 4042 2250 4086 est
2275 4034 2343 4084 '7.
2388 4036 2621 4089 Attende
2648 4051 2864 4106 quoque
2918 4039 2984 4092 ad
3015 4043 3296 4109 sequentia
3332 4060 3345 4095 :
3382 4042 3527 4099 Fru-

1956 4134 2065 4177 stra
2100 4140 2218 4177 vero
2274 4124 2451 4177 colunt
2482 4143 2583 4180 me.
2625 4126 2775 4180 Cur?
2813 4128 2949 4193 Quia
3000 4131 3181 4186 docent
3236 4136 3524 4203 doctrinas,

1956 4224 2214 4283 prwcepta
2237 4216 2507 4269 hominum
2542 4217 2609 4276 ⁸⁸.
2652 4218 2812 4284 adeo,
2864 4236 2985 4288 quae
3035 4232 3190 4277 erant
3243 4226 3528 4282 hominum

1962 4315 2254 4375 praecepta,
2294 4321 2357 4359 ea
2382 4306 2672 4377 legislatori
2709 4308 2821 4363 Deo
2863 4325 2970 4364 non
3006 4312 3311 4380 placebant.
3343 4314 3453 4371 lmo
3474 4326 3531 4371 et

1959 4396 2213 4461 doctores
2236 4411 2425 4450 eorum
2457 4412 2632 4467 ptume
2655 4399 2918 4453 obnoxios
2938 4400 3187 4457 faciebat.
3222 4403 3532 4460 Tradebant

1959 4504 2089 4543 vero
2122 4488 2239 4543 hmo
2268 4489 2526 4544 Seniores
2560 4487 2871 4545 Scribarum
2899 4501 2955 4545 et
2988 4491 3404 4558 Pharisaeorum,
3451 4497 3531 4550 la-

254 4589 387 4651 τοὺς
439 4585 751 4655 εἰσηγητὰς
788 4582 972 4635 αὐτῶν
1004 4583 1197 4634 ἐποίει.
1253 4581 1486 4648 Είσῆγον
1513 4578 1579 4631 δὲ’
1598 4577 1767 4631 ταῦτα
1804 4579 1840 4629 ol

1958 4579 2062 4634 hiis
2091 4580 2312 4646 quidem
2339 4596 2397 4635 se
2418 4579 2585 4635 Deum
2613 4581 2791 4635 colere
2822 4598 3010 4636 verum
3053 4583 3315 4648 dicentes,
3363 4587 3537 4647 corde

259 4678 655 4748 πρεσϐύτεροι
675 4674 782 4727 τῶν
808 4673 1190 4743 Γραμματέων
1212 4672 1307 4724 καὶ
1320 4670 1652 4741 Φαρισαίων,
1678 4668 1856 4721 σέϐειν

257 4771 360 4839 μὲν
378 4772 509 4831 τοῖς
524 4767 729 4836 χείλεσι
745 4765 997 4833 λέγοντες
1021 4765 1110 4817 τὸν
1124 4761 1379 4832 ἀληθινὸν
1396 4760 1548 4826 Θεὸν,
1566 4763 1630 4829 τῇ
1647 4759 1702 4812 δὲ
1724 4776 1859 4828 καρ-

252 4864 345 4914 δία
382 4861 595 4931 πὸρῤω
624 4858 963 4927 διεστηκότες
989 4854 1176 4910 αὑτοῦ.
1226 4855 1286 4909 ’0
1311 4849 1403 4907 οὖν
1432 4853 1683 4921 ἀληθινὸς
1721 4852 1858 4914 Παῖς

252 4954 356 5006 καὶ
372 4953 522 5013 Υἱὸς
538 4949 793 5021 ἀληθινοῦ
810 4949 943 5002 Θεοῦ
965 4950 1060 5002 καὶ
1084 4948 1317 5018 Πατρδς,
1336 4938 1397 4999 οῦ
1421 4946 1518 5014 τῆς
1539 4943 1859 5014 νομοθεσίας

253 5047 361 5110 τὰς
375 5044 603 5104 οἰκείας
618 5043 693 5113 (8)
714 5042 1031 5113 προέκρινον
1055 5039 1403 5099 διδασκαλίας
1414 5040 1460 5091 οἱ
1473 5035 1783 5106 ἀγνώμονες
1796 5035 1856 5087 ὲν

267 5136 540 5209 Ἰσραὴλ,
572 5131 723 5198 οὗτος
753 5138 781 5188 ὁ
821 5133 1008 5204 Σωτὴρ
1031 5133 1189 5203 ἡμῶν
1216 5132 1313 5201 τήν
1343 5147 1398 5183 τε
1440 5130 1677 5197 ματαίαν
1716 5125 1857 5179 κατά

254 5231 377 5281 τῶν
414 5227 686 5298 μαθητῶν
716 5225 919 5296 μέμψιν
950 5225 1058 5279 τῶν
1090 5222 1397 5294 ἀχαρίστων
1442 5219 1709 5274 Ἰουδαίων
1734 5219 1857 5270 tm-

256 5319 583 5390 στομίζων,
607 5319 700 5372 καὶ
723 5319 791 5371 τὰ
812 5315 1098 5389 βρώματα,
1116 5317 1191 5378 ὡς
1206 5314 1299 5367 τοῦ
1324 5312 1535 5383 [ἰατρὸς
1553 5310 1856 5379 ποιήματα,

254 5416 466 5482 πάσης
494 5415 740 5483 πονηρᾶς
763 5409 1086 5481 ὑπολήψεως
1116 5406 1448 5477 καθαρίζων,
1472 5403 1614 5458 καθὰ
1642 5402 1705 5471 δὴ
1736 5416 1859 5452 συν-

331 5534 389 5567 ⁸⁸
424 5531 624 5584 Matth.
654 5546 786 5597 ιλιι,
832 5529 925 5584 2!.

1956 4686 2085 4726 vero
2110 4671 2178 4725 ab
2216 4688 2281 4726 eo
2309 4673 2497 4742 procul
2531 4672 2742 4726 remoti.
2777 4671 2949 4727 Verus
2978 4673 3143 4743 igitur
3177 4675 3316 4729 [ilius
3355 4686 3409 4730 et
3433 4693 3532 4731 na-

1962 4773 2049 4817 tus
2105 4764 2199 4818 Dei
2237 4780 2301 4819 ac
2350 4764 2545 4828 Patris,
2594 4765 2750 4833 cujus
2798 4764 2901 4834 legi
2953 4780 3077 4819 suas
3135 4768 3532 4838 praeceptiones

1962 4853 2199 4923 imperiti
2283 4853 2540 4907 Israelita:
2605 4852 3003 4922 praeferebant,
3080 4854 3202 4920 ille,
3270 4857 3531 4927 inquam,

1959 4934 2236 4997 Servatur
2272 4952 2461 4997 noster
2517 4950 2572 4996 et
2627 4957 2818 4997 vanam
2895 4944 3380 5015 ingratissimorum
3432 4950 3535 5004 Ju-

1957 5037 2197 5089 da:orum
2239 5035 2294 5089 in
2318 5035 2610 5106 discipulos
2667 5048 2795 5088 suos
2843 5036 3367 5094 animadversionem
3438 5041 3536 5095 ob-

1958 5124 2169 5187 tundit,
2230 5132 2284 5179 et
2329 5125 2517 5189 cibos,
2560 5133 2814 5192 tanquam
2867 5123 3041 5180 Patris
3087 5137 3411 5191 creaturam,
3465 5128 3537 5181 ab

1956 5214 2107 5269 omni
2169 5229 2334 5284 prava
2394 5214 2703 5284 suspicione
2746 5216 2957 5283 liberat,
3000 5215 3142 5271 sicut
3193 5226 3250 5268 et
3302 5223 3535 5270 testatur

1960 5304 2303 5369 Evangelista
2338 5322 2352 5356 :
2386 5304 2505 5357 Non
2543 5306 2680 5376 quod
2710 5307 3022 5373 ingreditur,
3054 5305 3325 5374 inquiens,
3350 5304 3407 5357 in
3451 5319 3531 5369 os,

1958 5398 2199 5466 inquinat
2245 5397 2526 5464 hominem,
2581 5399 2672 5452 sed
2696 5399 2833 5468 quod
2881 5398 3142 5469 egreditur
3170 5413 3234 5451 ex
3266 5413 3371 5463 ore,
3396 5394 3532 5449 illud

1015 5528 1061 5561 "
1106 5526 1298 5582 Matth.
1334 5542 1424 5589 xv,
1456 5522 1545 5579 46.
1624 5524 1668 5555 ⁵⁷
1707 5520 1892 5576 Matth.
1925 5536 2056 5584 xm,
2088 5520 2138 5573 7.
2217 5518 2262 5549 ⁵⁸
2291 5516 2424 5573 ibid.
2454 5516 2508 5573 8.
2584 5520 2627 5551 ⁵⁹
2659 5517 2847 5573 Matth.
2876 5534 2965 5584 xv,
2995 5517 3081 5573 11.

1371 5624 1604 5713 varum
1644 5654 2029 5713 LECTIONES
2062 5653 2149 5708 ET
2184 5650 2414 5709 Nom.

346 5777 442 5848 (8)
493 5776 744 5840 οἰκείας.
787 5773 869 5831 ita
921 5774 1040 5846 lego
1074 5789 1173 5845 pro
1226 5772 1422 5836 οἰκίας,
1458 5771 1601 5841 quod
1643 5771 1695 5826 in
1733 5787 1835 5825 ms.
1878 5774 2072 5825 exstat.
