3986 6436
446 377 542 446 121

1561 368 1826 431 PHOTII
1865 365 2368 427 PATRIARCHIE
2404 366 2513 428 ΕΡ.

3599 358 3713 422 112

438 491 682 565 inquinat
706 491 969 547 hominem
987 488 1055 543 ³⁸.
1099 484 1242 542 Alibi
1273 499 1403 541 vero
1438 483 1636 538 iterum
1667 480 1864 552 paucis
1899 492 2051 537 ver-.

2156 475 2560 548 πιμαρτύρεται
2589 474 2686 528 καὶ
2716 477 2745 528 6
2767 472 3164 544 εὐαγγελιστής
3182 489 3195 503 ·
3219 473 3302 526 Οὐ
3330 469 3399 524 τό
3435 470 3720 540 εισερχόο

434 586 526 641 bis
551 583 895 638 concordiam
925 589 982 635 et
1008 578 1279 649 justitiam
1308 577 1450 631 inter
1497 573 1746 628 homines
1806 568 2019 624 stabili-

431 686 620 738 ‘turus,
640 675 742 727 ista
766 671 1009 743 praecipit
1037 688 1050 724 :
1076 668 1406 737 Quazcunque
1425 665 1695 720 volueritis
1731 671 1787 715 ut
1818 660 2021 732 faciant

436 766 583 820 nobis
623 765 873 827 homines,
926 762 1108 816 eadem
1148 769 1197 815 et
1241 774 1327 812 vos
1376 758 1535 829 facile
1568 755 1675 808 illis
1721 754 1789 807 ".
1869 751 2023 806 llanc

436 873 597 910 suam
675 852 1101 908 admonitionem
1149 858 1206 904 et
1249 849 1423 919 legem
1484 858 1543 901 ul.
1593 843 1922 914 inculpatam
1966 848 2024 895 et

436 946 633 1000 'utilem
661 942 1162 1007 commendaturus,
1192 940 1377 994 addito
1402 938 1581 1007 elogio
1618 936 1753 1006 legis
1796 942 1852 989 et
1895 947 2024 1004 pro-

447 1037 754 1105 phetarum,
773 1034 1059 1103 obsignat:
1083 1031 1167 1085 Ita
1189 1032 1349 1094 enim,
1375 1029 1649 1099 inquiens,
1671 1026 1825 1079 habet
1867 1024 1951 1078 lea:
1974 1032 2023 1078 et

448 1134 713 1199 propheta:
752 1126 818 1180 ⁶¹.
852 1125 955 1179 Sic'
986 1135 1042 1178 et
1096 1121 1353 1193 parabola
1396 1120 1505 1181 illa,
1550 1119 1604 1172 in
1663 1132 1768 1187 qua
1799 1131 2026 1186 regnum

449 1221 710 1276 caelorum
742 1217 998 1272 Servatur
1031 1222 1217 1269 noster
1241 1228 1365 1268 cum
1434 1210 1654 1266 homine
1713 1209 1920 1264 bonum
1970 1207 2025 1261 in

449 1328 637 1384 agrum
676 1325 860 1365 semen
907 1317 1193 1379 spargente
1219 1313 1519 1375 comparat,
1549 1319 1660 1358 non
1704 1302 1887 1356 minus
1922 1300 2028 1354 im-

453 1407 572 1477 pios
604 1403 851 1458 homines
887 1401 1097 1472 pudore
1155 1394 1663 1453 suﬂ‘undit.>Nonne
1700 1393 1847 1448 enim
1890 1404 2029 1461 prte-

453 1513 581 1554 sens
617 1494 873 1557 mundus,
897 1502 952 1547 et
990 1492 1081 1563 qui
1115 1491 1167 1545 in
1220 1490 1339 1560 ipso
1370 1498 1519 1552 sunt,
1542 1487 1608 1542 ad
1660 1499 1889 1557 regnum
1932 1480 2029 1537 Dei

453 1588 644 1645 referri
683 1587 905 1645 debent.
928 1584 1145 1654 quando
1193 1596 1379 1653 agrum
1416 1595 1575 1635 suum
1611 1578 1801 1633 iisdem
1849 1573 2032 1630 verbis

452 1690 611 1735 vocat
649 1693 758 1731 non
815 1675 1005 1741 semel,
1037 1673 1132 1729 sed
1187 1672 1314 1728 bis:
1367 1686 1555 1744 agrum
1587 1684 1720 1724 vero
1780 1667 1857 1722 ait
1908 1680 2032 1721 esse

455 1774 741 1837 mundum,
770 1771 1035 1827 mundum
1070 1776 1252 1823 autem
1280 1774 1343 1821 ut
1390 1781 1578 1837 agrum
1616 1763 1690 1818 ita
1722 1771 1778 1818 et
1802 1773 2031 1832 regnum

457 1880 636 1921 suum.
675 1860 991 1917 Parabolam
1032 1858 1179 1913 enim
1229 1855 1552 1927 explicans:
1603 1851 1793 1908 Serens
1847 1850 2038 1905 bonum

458 1975 652 2020 semen,
674 1955 869 2025 inquit,
892 1962 964 2007 est
988 1949 1160 2005 Filius
1201 1949 1445 2011 hominis,
1472 1962 1589 2016 aget
1626 1960 1747 1998 vero
1776 1951 1853 1997 est
1887 1954 2041 1995 mun-

459 2050 576 2103 dus.
626 2046 831 2101 Bonum
870 2059 989 2099 vero
1044 2057 1218 2097 semen
1268 2048 1393 2095 sunt
1450 2038 1551 2108 ﬁlii
1594 2036 1788 2108 regni:
1825 2032 2039 2087 zizania

461 2151 641 2194 autem
662 2138 762 2207 ﬁlii
798 2135 963 2200 mali;
987 2134 1147 2188 hostis
1169 2133 1409 2202 denique,
1432 2130 1528 2184 illa
1551 2144 1748 2192 serens,
1800 2124 2042 2179 diabolus

463 2238 538 2285 est
561 2231 627 2282 °'.
660 2227 926 2290 Audisne,
966 2221 1241 2294 quomodo
1296 2220 1563 2276 mundum
1612 2217 1833 2289 quidem
1857 2229 2040 2281 suum,

462 2334 520 2378 et
541 2337 656 2387 eos,
687 2321 779 2391 qui
815 2321 872 2373 in
919 2332 985 2372 eo
1008 2324 1157 2381 sunt,
1181 2330 1368 2370 semen
1401 2327 1560 2367 suum
1616 2310 1871 2381 appellet,
1908 2320 2047 2378 quos

465 2425 522 2471 et
553 2413 690 2468 lilios
711 2410 863 2483 regni
895 2418 1072 2474 vocat,
1097 2406 1267 2463 solam
1292 2404 1624 2460 zizaniorum
1654 2402 2047 2473 projectionem

467 2511 526 2563 in
578 2508 794 2561 hostem
846 2498 1134 2557 referens?
1177 2499 1284 2554 Sed
1317 2497 1532 2568 inquire
1597 2491 2046 2565 argumentando,

471 2615 603 2655 num
629 2596 775 2668 quod
806 2608 1066 2650 manuum
1090 2590 1401 2646 Conditoris
1418 2587 1709 2658 vestigium
1737 2593 1917 2640 tecum
1943 2582 2052 2638 cir-

471 2687 779 2746 cumferas?
807 2685 867 2740 1n
899 2682 1258 2754 sequentibus
1286 2679 1430 2734 enim
1451 2675 1753 2733 clarissime
1785 2671 2050 2729 mundum

471 2795 699 2853 regnum
768 2792 924 2834 suum
975 2772 1315 2843 pronuntiat.
1350 2767 1676 2837 Quomodo?
1711 2767 1769 2820 in
1809 2780 2054 2819 consum-

472 2873 730 2936 matione,
755 2867 1011 2938 inquiens
1058 2863 1123 2929 “,
1164 2861 1347 2917 mundi
1394 2859 1574 2930 hujus,
1601 2873 1713 2913 non
1758 2867 1940 2912 autem
1971 2857 2055 2909 lu-

476 2966 606 3029 turi,
629 2965 807 3019 mittet
830 2960 997 3015 Filius
1011 2957 1248 3013 hominis
1276 2955 1496 3027 angelos
1532 2966 1681 3016 suos,
1710 2960 1765 3006 et
1805 2949 2057 3020 colligent

477 3080 548 3120 ex
577 3075 745 3132 regno
794 3057 936 3128 eius,
960 3063 1093 3125 puta
1140 3049 1401 3123 presenti
1452 3046 1676 3112 mundo,
1711 3041 2053 3100 offendicula.

2064 1816 2113 1876 B

2117 585 2327 639 μενον,
2352 566 2541 639 φησὶν,
2572 570 2660 633 είς
2684 565 2753 620 τὸ
2781 567 2976 635 στόμα
3006 564 3205 619 κοινοῖ
3230 565 3338 617 τὸν
3367 556 3718 631 ᾶνθρωποὶρ,

2122 660 2284 716 ἀλλὰ
2314 659 2382 713 τὸ
2415 660 2895 728 ἐκπορευόμενον
2925 658 2992 711 ἐκ
3015 656 3123 710 τοῦ
3163 655 3485 724 στόματος,
3510 654 3723 708 ἐκεῖνο

2124 748 2319 804 κοινοῖ
2342 749 2449 803 τὸν
2473 748 2807 816 ἄνθρωπον.
2855 747 2943 800 Ἐν
2976 744 3160 810 ἄλλοις
3190 745 3248 798 δὲ
3282 745 3448 798 πάλιν
3477 743 3719 814 βραχέσι

2128 842 2338 914 ῥήμασι
2375 838 2473 910 τὴν
2506 839 2564 891 ὲν
2593 834 2902 907 ἀνθρώποις
2951 835 3179 905 εἰρήνην
3222 833 3319 886 καὶ
3360 833 3725 902 δικαιοσύνην

2125 934 2409 1004 κρατύνων
2443 933 2537 986 καὶ
2568 928 2880 1001 νομοθετῶν
2919 928 2987 982 δι’
3029 922 3106 981 ὧν
3135 926 3290 994 ἔλεγε
3310 944 3324 958 ·
3359 925 3562 979 Πάντα
3592 925 3730 977 ὅσα

2126 1027 2204 1082 ἂν
2252 1025 2463 1093 θέλητε
2506 1024 2607 1077 ἶνα
2659 1019 2916 1075 ποιῶσιν
2956 1018 3100 1089 ὑμῖν
3141 1020 3194 1072 οι
3224 1017 3561 1086 Δγθρωποι,
3609 1015 3731 1070 και

2125 1120 2299 1189 ὑμεῖς
2312 1116 2533 1172 ποιεῖτε
2554 1114 2777 1179 αὐτοῖς.
2799 1111 3018 1183 Ταύτης
3032 1109 3198 1165 αὑτοῦ
3216 1110 3315 1178 τῆς
3333 1110 3730 1181 παραινέσεως

2128 1216 2223 1268 καὶ
2251 1194 2578 1284 νομοθεσίας
2600 1212 2662 1263 τὸ
2685 1208 3055 1277 ἀνεπίληπτον
3080 1207 3175 1259 καὶ
3202 1204 3519 1259 λυσιτελοῦν
3563 1221 3693 1276 παρ
3709 1233 3730 1245 ο

2131 1305 2329 1372 ιστῶν,
2363 1304 2441 1375 τῷ
2480 1301 2754 1370 ἀξιώματι
2796 1298 2891 1352 τοῦ
2922 1298 3086 1367 νόμου
3121 1297 3217 1350 καὶ¹
3264 1296 3373 1350 τῶν
3416 1295 3731 1365 προφητῶν

2129 1398 2560 1469 ὲπισφραγίζεν
2600 1394 2764 1448 Οὕτω
2788 1389 2898 1460 γάρ
2935 1390 3090 1455 ἐστι,
3123 1388 3312 1459 φησὶν,
3346 1391 3378 1442 ό
3406 1389 3589 1455 νόμος
3614 1384 3734 1439 καὶ

2130 1493 2185 1545 οι
2210 1488 2530 1559 προφῆται.
2558 1487 2669 1540 Ναὶ
2701 1486 2765 1556 δὴ
2796 1485 2890 1538 καὶ
2917 1484 2951 1554 ἡ
3002 1479 3288 1552 παραϐολὴ
3306 1521 3322 1545 ,
3362 1478 3485 1532 καθ’
3518 1478 3585 1549 ἢν
3610 1477 3732 1548 τὴν

2130 1582 2240 1638 τῶν
2267 1579 2513 1654 οὐρανῶν
2541 1576 2820 1650 βασιλείαν
2847 1570 3141 1637 ἀπεικάζει
3168 1574 3195 1625 6
3220 1571 3411 1641 Σωτὴρ
3440 1569 3737 1639 ἀνθρώπῳ

2135 1674 2417 1744 σπείροντι
2461 1669 2623 1725 καλὸν
2667 1668 2893 1739 σπέρμα
2934 1666 2991 1718 ὲν
3031 1663 3109 1735 τῷ
3157 1660 3521 1733 ἀγρῷιαύτοῦ
3549 1698 3567 1726 ,
3613 1659 3733 1713 οὐκ

2138 1766 2359 1822 ἔλαττον
2381 1764 2733 1835 καταισχύνει
2756 1761 2856 1833 τὴν
2875 1759 3151 1814 ἀσέϐειαν.
3171 1757 3297 1819 Πῶς
3315 1756 3426 1826 γὰρ
3446 1756 3547 1808 οὐκ
3570 1753 3737 1806 ἐστιν

2142 1858 2171 1911 ὁ
2205 1854 2398 1927 παρὼν
2431 1855 2635 1926 κόσμος
2665 1855 2765 1924 τῆς
2793 1849 3073 1923 βασιλείας
3108 1846 3203 1901 τοῦ
3244 1846 3381 1900 θεοῦ
3401 1886 3417 1911 ,
3450 1844 3547 1898 καὶ
3579 1844 3632 1897 οἱ
3667 1846 3733 1897 ἐν

2142 1949 2313 2021 αὐτῷ,
2342 1948 2505 2003 ὁπότε
2534 1944 2699 2002 αὐτοῦ
2732 1944 2833 2015 μὲν
2857 1942 2949 1997 τὸν
2982 1940 3152 2011 ἀγρὸν
3185 1940 3379 2002 αὑταῖς
3410 1936 3560 2005 λέγει
3600 1953 3727 2006 φω-

2143 2042 2284 2107 ναῖς,
2311 2040 2411 2110 ούχ
2442 2038 2611 2105 ἅπαξ,
2638 2036 2775 2090 ἀλλά
2801 2034 2897 2087 καὶ
2927 2032 3028 2097 δὶς,
3055 2027 3196 2084 εἶναι
3217 2030 3274 2083 δὲ
3298 2030 3391 2083 τὸν
3424 2027 3596 2096 ἀγρὸν
3627 2028 3730 2079 τὸν

2144 2134 2374 2205 κόσμον,
2404 2131 2496 2185 τδν
2519 2131 2577 2183 δὲ
2600 2128 2805 2199 κόσμον
2825 2125 3015 2193 ὥσπερ
3037 2123 3206 2193 ἀγρδν
3230 2118 3421 2182 αὐτοῦ,
3448 2117 3595 2171 οὕτω
3617 2118 3715 2169 καὶ

2149 2225 2426 2297 βασιλείαν
2454 2221 2659 2289 αύτοῢ;
2701 2218 3087 2274 Ἀναπτύσσων
3114 2214 3224 2285 γὰρ
3245 2213 3346 2283 τὴν
3380 2208 3715 2281 παραϐολὴν,

2158 2317 2223 2371 '0
2269 2316 2537 2384 σπείρων
2572 2314 2643 2367 τὸ
2685 2312 2879 2367 καλὸν
2916 2311 3176 2377 σπέρμα,
3217 2304 3383 2374 φησὶν
3406 2343 3422 2369 ,
3477 2302 3642 2356 ἐστὶν
3683 2302 3721 2353 ὁ

2157 2408 2292 2474 Υἱὸς
2317 2407 2426 2461 τοῦ
2464 2404 2802 2475 ἀνθρώπου,
2834 2406 2867 2457 ό
2903 2401 2973 2456 δὲ
3005 2399 3185 2470 ἀγρός
3210 2397 3383 2451 ἐστιν
3414 2397 3448 2449 ὁ
3473 2394 3726 2462 κόσμος.

2156 2501 2226 2558 Τὸ
2249 2502 2318 2555 δὲ
2348 2500 2541 2555 καλὸν
2572 2496 2831 2567 σπέρμα,
2860 2489 3028 2550 οὗτοί
3058 2493 3217 2545 εἰσιν
3250 2491 3304 2543 οἱ
3332 2486 3451 2542 vlol
3484 2486 3593 2552 τῆς
3610 2485 3731 2548 ,βα-

2152 2595 2409 2660 σιλείας·
2440 2593 2513 2646 τὰ
2536 2591 2605 2645 δὲ
2635 2588 2851 2653 ᾆζάνιά
2869 2591 3028 2643 εἰσιν
3047 2589 3101 2640 ol
3128 2585 3245 2640 υἱοὶ
3276 2580 3383 2636 τοῦ
3409 2577 3683 2646 Πονηροῦ
3708 2593 3721 2605 ³

2153 2690 2186 2741 ό
2214 2685 2283 2739 δὲ
2317 2684 2535 2754 ἐχθρὸς
2566 2685 2599 2737 ό
2627 2682 2896 2749 σπείρων
2929 2676 3103 2741 αὐτὰ,
3141 2676 3315 2729 ἐστὶν
3346 2676 3380 2728 ὁ
3424 2670 3726 2734 διάϐολος.

2165 2775 2412 2840 Ἀκούεις
2448 2774 2564 2838 πῶς
2605 2773 2693 2827 τὸν
2740 2771 2944 2842 κόσμον
2994 2769 3092 2841 μὲν
3131 2766 3296 2822 αὐτοῦ
3327 2765 3512 2833 λέγει,
3544 2761 3637 2816 καὶ
3665 2760 3731 2813 τὸ

2157 2870 2381 2943 σπέρμα
2409 2865 2573 2921 αὑτοῦ
2600 2866 2727 2929 τοὺς
2751 2866 2808 2918 ὲν
2836 2862 3009 2933 αὐτῷ,
3028 2860 3121 2925 οὒς
3149 2861 3246 2914 καὶ
3276 2859 3427 2920 υἱοὺς
3455 2856 3554 2927 τῆς
3570 2854 3730 2925 βασι-

2156 2961 2307 3021 λείας
2328 2958 2501 3027 λέγει,
2533 2956 2703 3027 μόνην
2746 2955 2802 3008 δὲ
2847 2953 2945 3025 τὴν
2977 2952 3085 3008 τῶν
3134 2950 3388 3017 ζιζανίων
3422 2947 3734 3017 ὲπισποράιι

2157 3054 2237 3116 είς
2260 3048 2596 3122 τδνἚχθρδν
2625 3046 2967 3117 ἀποπέμπεις
3009 3043 3151 3098 Ἀλλ’
3171 3042 3464 3109 ἐπίστησον
3495 3039 3606 3100 τοῖς
3636 3037 3732 3090 λο-

476 3130 668 3226 Neque
694 3152 841 3208 enim
883 3151 934 3203 in
961 3147 1147 3202 futuro
1177 3154 1232 3199 et
1252 3150 1458 3198 aeterno
1507 3154 1675 3210 regno
1709 3137 1795 3191 vel
1851 3135 2051 3190 zizania

2158 3143 2380 3213 γισμοῖς
2424 3140 2562 3193 εἴτι
2594 3137 2846 3207 λείψανον
2869 3135 2970 3205 τῆς
3008 3134 3104 3189 τοῦ
3149 3133 3394 3187 Πλάστου
3438 3130 3623 3201 χειρὸς
3672 3132 3736 3181 ἐν

478 3225 758 3304 crescunt.
791 3240 878 3294 vel
905 3237 1039 3293 serit
1077 3249 1139 3290 ea
1178 3233 1371 3298 Malus,
1397 3231 1481 3286 vel
1511 3226 1838 3284 on‘endicula
1879 3225 2058 3280 locum

480 3336 702 3400 habent,
733 3338 793 3387 ut
836 3345 899 3386 ex
921 3344 987 3384 eo
1007 3326 1186 3396 angeli
1216 3322 1341 3378 Filii
1376 3322 1613 3377 hominis
1665 3318 1769 3374 ista
1808 3316 2061 3388 colligere

479 3432 741 3486 valeant:
771 3424 915 3479 sicut
963 3429 1018 3475 et
1058 3429 1182 3490 post
1230 3416 1426 3472 factam
1479 3414 1639 3468 istam
1680 3409 2060 3466 collectionem

483 3522 694 3578 zizania
718 3519 772 3572 in
808 3515 1085 3570 fornacem
1140 3508 1281 3582 ignis
1311 3505 1695 3576 conjicientur.
1736 3500 1890 3557 Tune
1929 3510 2063 3552 vero

482 3612 691 3684 etjusti
715 3611 770 3663 in
806 3619 972 3678 regno
1015 3603 1191 3659 Patris
1238 3599 1322 3655 sui
1370 3598 1631 3654 lucebunt
1680 3594 1854 3649 instar
1908 3588 2060 3645 solis.

485 3682 629 3775 Quid
654 3706 740 3761 bis
764 3699 981 3757 Domini
1005 3697 1230 3753 vocibus
1255 3695 1383 3749 hinc
1410 3691 1479 3747 ad
1511 3685 1924 3759 deprimendam
1969 3682 2066 3737 de-

486 3800 753 3854 iectorum
778 3793 1136 3863 impietatem,
1170 3787 1300 3841 hinc
1323 3783 1391 3838 ad
1415 3776 1816 3852 provehendam
1859 3782 1918 3829 et
1952 3786 2068 3826 am-

487 3885 835 3960 pliﬁcandam
874 3881 1131 3952 pietatem
1169 3874 1441 3931 illustrius
1473 3878 1567 3925 aut
1623 3866 1896 3923 eﬂicacius
1944 3878 2067 3919 esse

489 3956 711 4052 potest?
742 3979 829 4031 Ea:
854 3975 999 4030 enim
1023 3969 1312 4033 mundum,
1343 3977 1398 4021 et
1419 3979 1541 4034 quae
1567 3962 1624 4017 in
1652 3976 1718 4017 eo
1743 3967 1889 4023 sunt,
1906 3956 2069 4013 Chri-

494 4075 566 4131 sti
590 4082 646 4129 ct
681 4066 1025 4131 Servatoris;
1050 4065 1228 4135 ipsum
1256 4068 1437 4115 autem
1462 4056 1750 4112 Dominum
1778 4061 1834 4109 et
1864 4053 2068 4123 Regem

495 4162 760 4228 universi,
792 4169 853 4214 ut
882 4157 936 4211 in
978 4156 1163 4211 futuro
1216 4150 1366 4206 itain
1414 4146 1668 4219 praesenti
1720 4157 1891 4215 regno
1949 4155 2070 4197 esse

490 4254 811 4329 praedicant.
843 4247 985 4314 Quid
1014 4260 1146 4301 vero
1171 4242 1421 4297 homines
1450 4236 1623 4308 magis
1673 4249 1857 4301 sensu,
1907 4248 2070 4304 quam

492 4324 614 4420 ipsa
665 4342 983 4402 inanimata,
1039 4332 1285 4391 destituti
1334 4344 1454 4386 esse
1526 4327 1793 4400 cupiunt?
1827 4324 2073 4397 quando-

2160 3233 2339 3305 ἑαυτῷ
2381 3230 2726 3303 περιφέρεις.
2781 3228 2870 3282 Ἐν
2903 3228 3013 3297 γὰρ
3037 3227 3149 3288 τοῖς
3176 3224 3457 3295 ἑπομένοις
3487 3237 3732 3292 περιφα-

2159 3322 2266 3386 νῶς
2290 3320 2454 3374 αὐτοῦ
2487 3318 2764 3390 βασιλείαν
2793 3314 3160 3386 ἀνακηρύττει
3189 3312 3279 3367 τὸν
3305 3312 3520 3382 κόσμον.
3566 3308 3730 3372 [Ιῶςς

2173 3420 2278 3474 Ἐν
2301 3417 2378 3487 τῇ
2406 3415 2748 3481 συντελείᾳ,
2781 3412 2938 3483 φησι,
2968 3409 3075 3464 τοῦ
3107 3408 3323 3474 αἰῶνος
3354 3406 3591 3466 τούτου,
3614 3401 3739 3456 ἀλλ’

2161 3511 2286 3581 ούχὶ
2311 3509 2407 3563 τοῦ
2446 3508 2755 3580 μέλλοντος,
2789 3505 3083 3560 ἀποστελεῖ
3109 3502 3137 3555 6
3166 3501 3299 3565 Υίὺς
3323 3499 3420 3554 τοῦ
3447 3496 3736 3569 ἀνθρώπου

2162 3602 2292 3662 τοὺς
2320 3598 2587 3669 ἀγγέλους
2625 3595 2813 3661 αὐτοῦ,
2843 3596 2937 3649 καὶ
2965 3591 3311 3657 συλλέξουσιν
3351 3591 3418 3643 ὲκ
3447 3588 3545 3656 τῆς
3585 3587 3735 3656 βασι-

2162 3690 2316 3755 λείας
2343 3688 2530 3754 αὑτοῦ,
2562 3688 2805 3760 δηλονότι
2828 3686 2921 3740 τοῦ
2951 3684 3218 3756 παρόντος
3244 3681 3454 3751 κόσμου
3480 3684 3547 3733 τὰ
3570 3679 3726 3732 σκάν-

2165 3784 2320 3840 δαλα.
2351 3782 2427 3836 Οὐ
2475 3781 2583 3851 γὰρ
2613 3782 2672 3833 ὲν
2699 3783 2766 3851 τῇ
2808 3777 3078 3850 μελλούσῃ
3117 3775 3215 3829 καὶ
3239 3773 3610 3842 ἀτελευτήτῳ,
3636 3770 3730 3823 ού·-

2171 3871 2364 3944 μενοῢν
2406 3869 2531 3925 οὔτε
2570 3869 2787 3935 ζιζάνια
2827 3868 3046 3936 φύεται,
3077 3865 3200 3920 οὔτε
3228 3865 3407 3917 ταῦτα
3456 3861 3665 3931 σπείρει
3709 3863 3738 3912 6

2168 3958 2447 4030 Πονηρὸς,
2474 3956 2598 4012 οὕτε
2641 3956 2956 4010 συνίσταται
2989 3952 3257 4008 σκάνδαλα
3276 3992 3291 4016 ,
3319 3951 3408 4005 ἵνα
3439 3952 3503 4002 ἐκ
3538 3946 3747 4015 ταύτης

2169 4051 2218 4104 οἱ
2248 4047 2469 4118 ἄγγελοι
2490 4045 2584 4100 τοῦ
2620 4043 2742 4099 Γίοῧ
2779 4043 2874 4098 τοῦ
2909 4042 3198 4115 ἀνθρώπου
3224 4038 3550 4105 συλλέξωσιν
3579 4036 3741 4091 αὑτάο

2170 4139 2296 4195 ἐπεὶ
2330 4139 2423 4192 καὶ
2464 4138 2605 4209 μετά
2635 4135 2737 4207 τὴν
2764 4136 2829 4188 ὲκ
2857 4134 2966 4188 τῶν
3001 4132 3236 4186 ἐνταῦθα
3273 4130 3537 4198 συλλογὴν
3574 4125 3751 4180 ταῦτα

2174 4232 2274 4304 μὲν
2302 4233 2382 4295 είς
2409 4229 2511 4301 τὴν
2553 4230 2786 4300 κάμινον
2827 4227 2920 4281 τοῦ
2966 4225 3139 4296 πυρὸς
3171 4223 3476 4293 βάλλονται.
3511 4219 3643 4273 Τότε
3691 4218 3756 4271 δὲ

2172 4325 2269 4378 καὶ
2314 4324 2365 4376 οἱ
2398 4322 2598 4376 δίκαιοι
2647 4323 2705 4375 ὲν
2759 4321 2827 4391 τῇ
2875 4317 3124 4390 βασιλείᾳ
3164 4315 3259 4368 τοῦ
3304 4313 3516 4382 Πατρδς
3567 4309 3757 4364 αὐτῶν

491 4400 713 4512 ὧιὶἀειη
748 4434 829 4491 sol
867 4443 923 4487 et
951 4441 1091 4486 terra
1124 4436 1180 4483 et
1202 4435 1393 4497 petrae,
1422 4422 1477 4478 in
1504 4430 1769 4492 quantum
1808 4433 1934 4474 cum
1965 4416 2051 4471 Do

2174 4413 2551 4484 ὲκλάμπουσιν
2582 4412 2659 4476 ὡς
2697 4413 2726 4465 6
2754 4409 2927 4481 ἥλιος.
2964 4408 3031 4462 Τί
3061 4405 3265 4459 τούτων
3310 4404 3422 4457 τῶν
3454 4400 3754 4466 Κυριακῶν

495 4492 649 4583 mino
694 4523 997 4596 patiuntur,
1025 4492 1389 4589 principatum
1438 4511 1560 4582 ejus
1581 4508 1797 4580 publice
1825 4508 2049 4563 edicunt

2176 4505 2370 4577 φωνῶν
2413 4503 2796 4576 λαμπρότερον
2841 4501 2875 4574 ἢ
2923 4498 3295 4571 δυνατώτερον
3315 4540 3332 4563 ,
3365 4495 3614 4551 καθελεῖν
3648 4492 3757 4563 μὶν

492 4623 566 4675 At
620 4586 741 4674 illos
798 4630 870 4672 ne
905 4586 1041 4668 tum—
1067 4608 1287 4679 quidem
1347 4603 1537 4675 pudet,
1574 4618 1699 4657 cum
1758 4601 2051 4673 imprudenl

2171 4598 2273 4670 τὴν
2296 4597 2655 4662 ἀποστασίαν,
2687 4596 2902 4667 ὑψῶσαι
2940 4594 2997 4648 δὲ
3027 4594 3122 4647 καὶ
3159 4591 3427 4664 κρατῦναι
3463 4586 3562 4658 τὴν
3594 4587 3758 4639 εύσὲ-

499 4711 626 4766 tiam
662 4724 817 4765 suam
845 4706 914 4761 ab
952 4704 1018 4759 iis
1051 4676 1235 4758 vident
1265 4697 1604 4767 castigatam.
1647 4694 1694 4749 A
1737 4700 1884 4747 sexta
1916 4693 2051 4771 enim

2175 4692 2365 4754 6ειαν;
2400 4688 2467 4742 δι’
2502 4682 2578 4743 ὧν
2605 4688 2698 4741 τὸν
2731 4687 2936 4759 κόσμον
2974 4687 3071 4739 καὶ
3099 4685 3167 4739 τὰ
3200 4686 3257 4737 ὲν
3290 4680 3441 4750 αὐτῷ
3476 4676 3573 4732 τοῦ
3611 4677 3757 4748 Χριτ

500 4802 697 4871 inquit,
725 4802 856 4854 hora
902 4811 1067 4867 usque
1087 4792 1158 4846 ad
1186 4804 1382 4845 nonam
1426 4785 1652 4849 tenebrae
1680 4786 1834 4855 facile
1852 4769 2013 4847 sunt,"
2031 4797 2051 4835 e

2177 4780 2304 4833 στοῦ
2352 4780 2447 4834 καὶ
2486 4779 2736 4852 Σωτῆρος
2776 4777 2934 4848 ἡμῶν
2973 4773 3440 4845 ἀνακηρύττουσι’
3472 4769 3763 4837 Δεσπότην

503 4905 643 4947 terra
661 4901 918 4946 commota
943 4900 1038 4956 est,
1057 4897 1106 4943 et
1125 4896 1287 4957 petra:
1303 4885 1483 4941 scissa:
1495 4888 1617 4935 sunt
1649 4878 1716 4933 “.
1739 4877 1871 4943 Quae
1932 4874 2051 4930 enin

2178 4872 2236 4927 δὲ
2264 4872 2359 4927 καὶ
2393 4870 2633 4926 Βασιλέα
2685 4869 2778 4922 τοῦ
2832 4868 3035 4931 παντὸς
3070 4865 3259 4937 ὥσπερ
3308 4865 3407 4934 τῆς
3454 4859 3765 4933 μελλούσης

503 4986 644 5040 inter
667 4992 973 5038 creaturam
1000 4983 1198 5036 malam
1227 4988 1281 5035 et
1307 4976 1642 5034 Dominicam
1663 4967 2051 5041 perpessionen

2177 4964 2321 5019 οὕτω
2347 4962 2444 5017 καὶ
2473 4962 2571 5033 τῆς
2605 4959 2887 5033 παρούσης
2923 4959 3317 5031 ἀναγορεύουσι
3358 4953 3654 5026 βασιλείας.
3690 4950 3767 5003 Τί

507 5076 820 5133 communio
846 5083 938 5129 aut
965 5068 1669 5129 commiseratiointercedit
1686 5062 1858 5118 ?Nam
1885 5073 2081 5116 secun-

505 5171 634 5224 dum
668 5168 959 5238 impiorum
992 5166 1205 5219 illorum
1229 5165 1422 5235 placita
1454 5172 1656 5217 terram
1687 5153 1969 5226 superbire
1989 5151 2083 5206 de-

505 5261 662 5317 cebat
683 5271 739 5315 et
755 5256 1038 5329 splendido
1057 5256 1249 5311 habitu
1276 5255 1446 5319 indui,
1471 5247 1907 5323 quandoquidem
1930 5243 2082 5298 vide-

507 5357 599 5411 bat
621 5351 875 5422 eum,qui
903 5349 1173 5405 conditori
1201 5363 1300 5403 suo
1322 5345 1619 5418 perniciem
1641 5344 1903 5396 allaturus
1936 5345 2075 5401 erat,

509 5448 676 5502 tantis
710 5442 1044 5500 cruciatibus
1072 5440 1291 5510 exponi.
1322 5438 1604 5505 Quomodo
1649 5449 1780 5489 vero
1824 5440 1945 5502 post
1989 5446 2080 5485 re-

508 5537 931 5598 surrectionem,
970 5546 1094 5586 cum
1122 5528 1371 5584 nondum
1403 5527 1457 5581 in
1486 5525 1663 5580 Patris
1684 5525 1886 5588 sinum,
1918 5535 2082 5592 quem

505 5641 786 5697 nunquam
817 5624 1152 5687 deseruerat,
1187 5617 1455 5683 rcdiisset,
1484 5634 1515 5670 ιι
1536 5613 1695 5670 Patre
1728 5613 1935 5685 accepit
1981 5626 2086 5683 po-

2174 5056 2234 5111 δὲ
2286 5052 2652 5125 φιλονεικοῦσι
2679 5052 2790 5106 τῶν
2818 5051 3041 5123 ἀψύχων
3085 5047 3340 5121 γενέσθαι
3371 5042 3769 5112 ἀναισθητότε-

2183 5163 2302 5220 ροι;
2330 5145 2531 5200 ὁπόταν
2546 5145 2699 5216 ἣλιος
2729 5144 2850 5213 μὲν,
2881 5144 2977 5196 καὶ
3006 5143 3102 5211 γῆ,
3132 5141 3226 5195 καὶ
3249 5139 3470 5208 πέτραι,
3485 5134 3553 5189 δι’
3580 5128 3655 5188 ὧν
3682 5131 3774 5205 τῷ

2180 5237 2499 5308 Δεσποτικῴ
2532 5235 2870 5305 συνέπασχον
2899 5232 3084 5298 πάθει,
3112 5231 3209 5302 τὴν
3244 5229 3409 5283 αὐτοῦ
3442 5225 3770 5280 δεσποτείαν

2184 5328 2556 5401 κηρύττουσι,
2596 5321 2742 5381 οὗτοι
2793 5326 2849 5380 δὲ
2900 5325 3168 5381 κάκείνων
3220 5323 3319 5396 τὴν
3352 5321 3539 5375 ἄνοιαν
3582 5315 3773 5370 αὐτῶν

2187 5422 2520 5493 ἐλεγχόντων
2550 5420 2651 5474 οὐκ
2683 5419 3049 5491 αἰσχύνονται.
3094 5416 3239 5472 Ἀπὸ
3268 5416 3379 5485 τὰρ
3416 5412 3529 5483 τῆς
3559 5410 3772 5476 ἕκτης,

2188 5517 2374 5588 φησιν,
2414 5513 2571 5584 ὥρας
2592 5512 2706 5578 ἓως
2729 5510 2988 5580 ἐννάτης
3011 5511 3234 5577 σκότος
3271 5507 3538 5580 ἐγένετο,
3581 5502 3682 5558 καὶ
3724 5502 3773 5571 ἠ

2190 5608 2268 5682 τῆ
2300 5608 2574 5685 ἐσείσθη,
2615 5605 2714 5660 καὶ
2751 5608 2813 5660 al
2855 5604 3063 5673 πέτραι
3086 5603 3493 5674 ἐσχίσθησαν.
3522 5597 3619 5660 Τίς
3657 5596 3778 5666 γὰρ

581 5823 627 5856 ⁸⁸
653 5822 847 5880 Matth.
877 5835 975 5887 vn,
999 5819 1067 5875 12
1139 5819 1182 5853 ⁸³
1238 5815 1380 5874 Ibid.
1456 5815 1502 5849 “
1540 5810 1734 5871 Hatth.
1767 5807 1997 5878 xnt,58.

2153 5802 2346 5862 Matth.
2374 5820 2522 5874 xxxv,
2561 5805 2652 5861 31.
2728 5803 2772 5836 ⁸⁸
2802 5800 2992 5860 Matth.
3020 5799 3115 5868 27,
3155 5798 3246 5856 45.
