3986 6488
291 397 388 462 ii3

1361 405 1656 466 CONTRA
1695 406 2153 468 MANICHxEOS
2189 409 2416 470 LIBER
2457 410 2544 472 Ii.

3428 409 3538 475 114

291 510 548 568 κοινωνία
582 513 620 583 ἦ
654 513 968 582 συμπάθεια
999 513 1239 586 πονηροῦ
1285 515 1604 588 πλάσματος
1633 517 1728 571 καὶ
1773 519 1857 568 Δε-

1975 527 2222 573 testatem
2257 519 2311 572 in
2339 519 2533 573 coelum
2561 527 2613 572 et
2638 525 2858 582 terram,
2890 533 3145 588 quorum,
3176 519 3267 590 qui
3294 520 3539 584 dederat,

295 606 555 657 σποτικοῦ
591 607 828 670 πάθους;
875 607 1075 678 Ἐχρῆν
1114 607 1221 677 γὰρ
1253 608 1455 678 μᾶλλον
1498 610 1640 674 ὅσον,
1684 611 1775 662 ἐπὶ
1798 607 1876 679 τῷ

291 697 394 749 τῶν
423 696 654 748 ἀσεϐῶν
684 697 946 766 δόγματι,
987 698 1400 768 λαμπρύνεσθαί
1441 717 1498 754 τε
1543 701 1637 754 καὶ
1669 701 1875 771 κόσμον

291 787 729 856 τεεριῦἀλλεσθαι
769 788 997 858 μείζονά
1025 806 1086 842 τε
1127 792 1221 842 καὶ
1251 793 1751 860 περιφανέστερον,
1788 790 1873 860 ἐφ’

289 873 330 946 ᾧ
359 881 448 931 τὸν
494 881 754 932 καθελεῖν
793 883 1208 952 παραγεγονότα
1260 883 1351 935 τὸν
1399 883 1644 954 πλάστην
1694 883 1873 936 αὐτῶν

292 970 615 1039 τηλικοῦτον
671 972 843 1035 πάθος
906 972 1132 1024 ἔϐλεπον
1185 973 1572 1043 ὑφιστάμενον,
1633 974 1756 1037 Πῶς
1814 975 1872 1028 δὲ

297 1064 426 1132 μετὰ
460 1063 566 1133 τὴν
599 1063 900 1116 ἀνάστασιν
931 1064 1054 1132 μὲν,
1084 1064 1238 1118 οὔπω
1271 1065 1326 1118 δὲ
1357 1067 1492 1136 πρὸς
1526 1069 1651 1130 τοὺς
1677 1086 1874 1140 πατρι-

292 1158 416 1218 κοὺς
464 1155 494 1206 6
536 1155 813 1225 μηδέποτε
850 1155 1074 1220 τούτους
1119 1157 1291 1210 λιπὼν
1329 1159 1565 1213 ἀνελθὼν
1596 1160 1830 1224 κόλπους
1853 1201 1868 1227 ,

292 1249 436 1315 παρὰ
473 1246 577 1298 τοῦ
613 1247 824 1317 Πατρὸς
849 1247 951 1316 τὴν
993 1248 1238 1312 ἐξουσίαν
1270 1249 1536 1320 λαμϐάνει
1572 1251 1666 1304 τοῦ
1699 1270 1755 1305 τε
1783 1254 1872 1306 οὺς

293 1336 448 1406 ρανοῦ
471 1339 575 1389 καὶ
607 1338 706 1407 τῆς
727 1338 854 1406 γῆς,
882 1331 958 1391 ὧν
983 1340 1082 1392 οὐκ
1102 1334 1169 1409 ἦν
1196 1340 1399 1410 Κύριος
1423 1343 1451 1394 6
1479 1341 1683 1410 διδούς;
1712 1342 1871 1398 Οῦτω

291 1429 392 1496 γὰρ
441 1429 476 1495 ἡ
531 1428 808 1498 θεομάχος
867 1429 1090 1496 γλῶσσα
1137 1431 1428 1500 δυσφημεῖ.
1497 1433 1620 1484 Ἐπὶ
1657 1433 1869 1499 τούτοις

291 1517 341 1570 δὲ
372 1518 419 1569 εί
443 1517 616 1586 ἀγροὶ
649 1520 745 1571 καὶ
781 1520 954 1573 οἰκίαι
983 1523 1082 1591 τῆς
1109 1521 1291 1593 χειρός
1324 1525 1430 1576 είσι
1454 1522 1548 1575 τοῦ
1582 1525 1823 1594 Πονηροῦ
1849 1565 1866 1590 ,

294 1609 403 1670 πῶς
434 1611 463 1662 6
505 1611 724 1677 ἀγαθὸς
766 1610 898 1674 Θεὸς
936 1614 965 1664 6
1003 1613 1191 1682 Σωτὴρ
1237 1614 1392 1684 ἡμῶν
1428 1618 1542 1676 τοῖς
1571 1616 1868 1686 προθύμως

293 1702 721 1772 ἡκολουθηκόσιν
766 1704 916 1773 αὐτῷ
953 1705 1092 1774 μετὰ
1129 1705 1236 1758 τῶν
1269 1707 1507 1760 αίωνίων
1535 1709 1740 1778 ἀγροὺς
1774 1711 1866 1762 καὶ

293 1796 452 1856 οἰκίας
473 1796 886 1863 ἐπαγγέλλεται
918 1801 1241 1868 παρασχεῖν,
1269 1799 1304 1853 ὃ.
1328 1801 1509 1870 φαῦλά
1532 1803 1591 1854 τέ
1623 1804 1739 1855 ἐστι
1773 1803 1864 1856 καὶ

302 1885 486 1953 φαύλου
524 1888 782 1957 ποιητοῦ,
825 1891 916 1942 καὶ
944 1883 1018 1941 ὧν
1065 1888 1188 1943 οὔτε
1236 1891 1438 1962 Κύριος
1485 1893 1646 1956 αὐτὸς
1694 1893 1859 1962 ἔχειν,

306 1979 404 2033 οὔτε
436 1979 628 2041 ἄλλοις
656 1984 996 2050 παρασχείνς
1025 1983 1089 2035 Τί
1112 1982 1168 2034 δὲ
1197 1985 1289 2036 καὶ
1312 1986 1390 2046 εἰς
1417 1986 1607 2054 μισθὸν
1627 1985 1735 2038 ἔδει
1767 1987 1863 2053 φέ-

307 2086 401 2139 ρειν
426 2071 498 2122 τὰ
524 2070 624 2123 τοῦ
657 2070 784 2140 Ἐχθ
796 2069 885 2140 ροῦ
911 2073 1023 2134 τοῖς
1044 2073 1220 2126 πάντα
1249 2073 1493 2126 λιποῦσιν
1512 2075 1608 2126 καὶ
1637 2074 1862 2127 ἀκολου-

301 2163 514 2231 θήσασιν
552 2163 737 2233 αὐτῷ,
767 2166 861 2218 καὶ
895 2165 1436 2236 συμπεριλαμβάνειν
1474 2168 1656 2230 αὐτοῖς
1694 2169 1751 2220 ὲν
1783 2167 1860 2239 τῷ

297 2255 473 2324 δώρῳ,
524 2258 618 2308 καί
669 2255 768 2325 τὴν
823 2255 1041 2310 αἰώνιον
1093 2257 1237 2328 ζωὴν
1291 2258 1517 2326 ἀγαθοῖς
1567 2259 1860 2315 συνάπτειν

301 2346 479 2412 φαῦλα
496 2384 512 2411 ,
531 2346 626 2398 καὶ
649 2344 738 2398 διὰ
765 2346 862 2414 τῆς
889 2347 1208 2420 προσθήκης
1233 2349 1328 2402 τοῦ
1370 2350 1610 2420 χείρονος
1646 2351 1860 2422 ἐνυϐρί-

311 2438 422 2500 ζειν
448 2439 540 2490 καὶ
567 2437 596 2490 ὃ
617 2437 677 2491 ἂν
695 2432 764 2506 ἦν
791 2440 960 2507 χωρὶς
978 2439 1078 2507 τῆς
1107 2439 1421 2510 προσθήκης
1443 2442 1728 2495 κάλλιστον
1749 2443 1859 2498 τῶν

308 2527 515 2598 δώρωνς
544 2528 661 2591 Πῶς
695 2529 752 2581 δὲ
778 2527 939 2580 πάλιν
979 2531 1397 2599 ὲρωτησάμενος
1439 2533 1468 2584 ὁ
1505 2533 1695 2604 Σωτὴρ
1729 2537 1859 2605 περὶ

297 2621 398 2674 τῶν
447 2619 692 2689 νομικῶν
753 2619 980 2672 ἐντολῶν
1036 2619 1259 2691 πρώτην
1317 2623 1413 2692 μὲν
1471 2618 1612 2676 εἷναί
1656 2642 1853 2694 φησιν·

297 2716 524 2776 Ἄκουε,
577 2709 826 2778 Ἰσραήλ
853 2727 866 2739 ⁸
895 2712 1108 2779 Κύριος
1141 2716 1172 2766 ό
1200 2715 1344 2780 Θεός
1377 2731 1495 2768 σου
1525 2717 1743 2784 Κύριος
1771 2715 1859 2784 εἷς

289 2803 428 2855 ἐστι.
468 2801 588 2856 Καὶ
649 2801 986 2869 ἀγαπήσεις
1032 2803 1252 2870 Κύριον
1289 2804 1396 2857 τὸν
1438 2807 1587 2858 Θεόν
1625 2821 1742 2860 σου
1787 2808 1856 2873 ἐξ

291 2894 424 2959 ὅλης
467 2891 588 2960 τῆς
621 2891 872 2959 καρδίας
908 2908 1046 2954 σου,
1091 2891 1192 2945 καὶ
1231 2893 1301 2958 ἐξ
1329 2892 1478 2960 ὅλης
1511 2894 1620 2963 τῆς
1647 2895 1857 2965 ψυχῆς

292 3001 408 3047 σου,
451 2985 560 3038 καὶ
600 2984 670 3047 ἐξ
701 2983 852 3050 ὅλης
889 2981 998 3050 τῆς
1041 2983 1254 3051 ἰσχύος
1287 3001 1436 3048 σου,
1471 2986 1568 3039 καὶ
1605 2986 1674 3051 ἐξ
1709 2987 1858 3054 ὅλης

298 3076 380 3145 τῆς
395 3077 678 3142 διανοίας
698 3091 851 3137 σου;
881 3077 1150 3145 Δευτέραν
1177 3076 1252 3141 δὲ,
1285 3079 1350 3147 ἣν
1377 3077 1498 3131 οὐδὲ
1527 3081 1560 3149 ἡ
1591 3079 1858 3150 ἐρώτησις

1893 1848 1940 1907 Β

1977 627 2084 664 non
2108 610 2408 664 exsistebat
2457 609 2849 666 Dominus?lta
2881 611 3025 664 enim
3077 611 3254 681 lingua
3292 611 3400 666 Deo
3451 613 3558 666 ad-r-

1977 719 2132 758 versa
2188 703 2483 757 maledicit.
2523 703 2752 772 Insuper
2805 719 2935 758 vero
2985 703 3027 756 si
3059 705 3169 772 agri
3199 714 3254 758 et
3296 703 3488 758 domus
3516 723 3544 757 ιι

1977 811 2139 848 manu
2187 793 2309 847 Mali
2335 795 2774 864 proﬁciscuntur,
2838 796 3108 863 quomodo
3155 795 3334 849 bonus
3380 796 3544 857 Deus,

1978 886 2233 939 Servator
2257 893 2461 948 noster,
2491 885 2711 940 asscelis
2754 885 2868 940 suis
2925 896 3122 955 praeter
3146 896 3347 940 aaterna
3402 886 3544 940 bona

1973 985 2027 1029 et
2055 991 2212 1045 agros
2240 984 2296 1029 et
2322 977 2514 1030 domos
2537 976 2900 1030 exhibiturum
2935 992 2990 1030 se
3015 977 3318 1045 pollicetur,
3345 975 3544 1044 quippe

1973 1083 2091 1136 quae
2115 1075 2168 1119 et
2189 1067 2324 1120 mala
2351 1075 2498 1130 sunt,
2523 1077 2577 1120 et
2609 1066 2734 1120 mali
2767 1067 3082 1128 conditoris,
3113 1075 3166 1120 et
3196 1067 3246 1119 in
3278 1082 3398 1136 qua:
3426 1067 3545 1135 ipse

1973 1165 2295 1226 potestatem
2323 1172 2429 1209 non
2463 1157 2629 1211 habet
2681 1157 2765 1211 vel
2808 1157 3118 1226 possidendi
3158 1172 3240 1224 ea,
3290 1157 3374 1211 vel
3426 1157 3546 1211 aliis

1973 1248 2259 1303 exhibendi
2288 1249 2311 1300 ?
2340 1249 2622 1314 Quomodo
2656 1265 2784 1304 vero
2812 1249 2894 1304 fas
2923 1260 3060 1310 erat,
3087 1265 3172 1310 ea,
3206 1265 3326 1317 quae
3370 1248 3545 1302 hOstis

1972 1349 2117 1404 sunt,
2155 1342 2360 1410 prmmii
2389 1342 2507 1395 loco
2548 1342 2677 1394 dare
2708 1341 2776 1395 iis
2826 1341 2918 1410 qui
2977 1341 3159 1394 omnia
3184 1340 3544 1409 reliquerant,

1971 1442 2023 1485 et
2059 1433 2233 1500 ipsum
2260 1432 2427 1486 secuti
2464 1441 2638 1495 erant,
2672 1441 2728 1486 et
2753 1431 2896 1485 inter
2925 1431 3142 1500 prannia
3173 1430 3260 1484 illa
3282 1442 3541 1484 aeternam

1970 1538 2183 1592 quoque
2211 1523 2373 1576 vitam
2408 1538 2692 1591 reponere,
2719 1532 2880 1592 atque
2911 1524 3046 1577 adeo
3075 1523 3352 1577 malacum
3382 1523 3544 1576 bonis

1969 1615 2322 1686 conjungere,
2354 1624 2407 1669 et
2439 1616 2752 1670 accessione
2795 1615 2919 1670 mali
2961 1615 3265 1670 diminuere
3315 1616 3368 1668 id
3398 1617 3543 1685 quod

1969 1707 2086 1761 sine
2136 1708 2222 1761 illa
2268 1709 2579 1762 accessione
2621 1709 2886 1765 donorum
2943 1708 3186 1762 omnium
3229 1717 3347 1762 erat
3403 1724 3545 1777 prae-

1969 1797 2402 1850 stantissimum?
2425 1796 2707 1862 Quomodo
2731 1813 2903 1852 verus
2933 1800 3096 1852 etiam
3132 1797 3385 1852 Servator
3413 1814 3542 1852 nos-

1973 1893 2052 1938 ter
2080 1886 2146 1940 de
2171 1887 2451 1954 praeceptis
2475 1887 2734 1957 legalibus
2764 1888 3105 1958 interrogans
3146 1889 3379 1957 primum
3405 1889 3543 1941 dixit

1971 1991 2092 2030 esse
2114 1994 2127 2030 τ
2149 1975 2527 2041 AudiJsrael:
2560 1978 2808 2032 Dominus
2828 1979 2968 2032 Deus
2995 1991 3114 2032 tuus
3129 1979 3382 2032 Dominus
3407 1995 3542 2032 unus

1970 2077 2065 2121 est.
2098 2070 2167 2120 Et
2192 2067 2376 2138 diliges
2417 2069 2697 2122 Dominum
2725 2069 2889 2122 Deum
2943 2079 3088 2122 tuum
3126 2085 3189 2122 ea:
3236 2077 3341 2121 toto
3390 2068 3542 2120 corde

1969 2166 2056 2211 tuo
2077 2168 2124 2212 et
2169 2167 2278 2212 tota
2311 2161 2492 2212 anima
2528 2169 2642 2223 tua,
2672 2169 2721 2212 et
2757 2160 3080 2213 exe-mnibus
3111 2159 3307 2212 viribus
3335 2159 3459 2220 tuis,
3489 2167 3540 2211 et

1965 2267 2028 2304 ea:
2069 2251 2211 2303 omni
2254 2261 2423 2304 mente
2451 2260 2541 2303 tua
2565 2252 2633 2303 ⁸⁵.
2677 2251 2918 2303 Alterum
2944 2266 3092 2310 vero.
3114 2250 3257 2318 quod
3305 2253 3535 2318 quaestio

1965 2354 2033 2392 ne
2075 2340 2384 2407 requirebat
2409 2339 2624 2408 quidem
2649 2357 2662 2404 ;
2694 2339 2889 2409 Diliges
2911 2342 3205 2407 proximum
3228 2348 3374 2393 tuum
3403 2349 3459 2392 ut
3485 2347 3535 2393 te

1964 2431 2211 2500 ipsum“.
2239 2431 2425 2500 Neque
2448 2431 2502 2484 in
2525 2445 2591 2484 eo
2616 2431 2906 2500 acquievit,
2931 2431 3024 2485 sed
3047 2447 3169 2485 cum
3189 2431 3536 2500 interrogan-

1964 2531 2072 2576 tem
2099 2522 2197 2576 sibi
2225 2523 2655 2576 consentientem
2695 2531 2890 2576 nactus
2921 2532 3086 2586 esset,
3111 2538 3220 2576 non
3246 2521 3433 2592 procul
3468 2523 3536 2575 ab

1964 2628 2030 2666 eo
2059 2627 2178 2666 esse
2208 2612 2342 2665 dixit
2392 2613 2486 2667 Dei
2534 2628 2781 2683 regnum.
2819 2612 3101 2679 Quomodo
3161 2621 3342 2667 autem
3391 2613 3536 2683 leges

1962 2703 2228 2768 Mosaicae,
2264 2703 2307 2758 si
2334 2704 2550 2774 quidem
2579 2704 2813 2760 fuissent
2834 2705 3026 2768 hostis,
3053 2705 3288 2774 primum
3315 2705 3544 2774 quidem.

1961 2810 2131 2848 unum
2165 2795 2334 2849 Deum
2379 2803 2435 2850 et
2481 2795 2771 2850 Dominum
2826 2796 2966 2850 scire
2999 2811 3056 2850 se
3105 2805 3158 2850 et
3217 2811 3532 2866 agnoscere,

1959 2897 2122 2957 atque
2145 2889 2394 2943 eumde‘m
2419 2887 2593 2942 solum
2616 2905 2685 2942 ex
2708 2897 2820 2943 toto
2843 2887 3024 2954 corde,
3052 2895 3108 2942 et
3141 2888 3448 2958 proximum
3476 2896 3542 2941 ut

1959 2979 2235 3034 hominem
2256 2981 2428 3050 ipsum
2449 2981 2740 3035 amandum
2763 2995 2884 3034 esse
2904 2979 3332 3050 proﬁterentur?
3354 2978 3411 3033 Si
3434 2980 3535 3049 igi-

1960 3081 2049 3125 tur
2067 3088 2235 3126 unum
2266 3072 2434 3126 Deum
2467 3081 2522 3126 et
2581 3071 2869 3126 Dominum
2913 3072 3172 3140 praedicat
3209 3070 3406 3134 Moses,
3429 3086 3542 3124 nec

301 3171 490 3241 ἀπῄτει·
542 3169 912 3236 ’Δγαπήσεις
941 3169 1047 3220 τὸν
1073 3170 1340 3233 πλησίον
1368 3186 1487 3223 σου
1518 3170 1596 3236 ὡς
1615 3171 1854 3228 ἑαυτόν.

1961 3172 2158 3232 praeter
2185 3178 2308 3218 eum
2343 3163 2508 3217 alium
2535 3163 2640 3218 coli
2675 3164 2761 3218 vel
2804 3164 3020 3218 adorari
3065 3163 3200 3227 vult,
3234 3171 3356 3232 post
3400 3163 3532 3216 illud

293 3263 385 3315 Καὶ
409 3264 466 3316 οὐ
501 3262 678 3332 μέχρι
707 3261 898 3313 τούτου
923 3260 1073 3331 ἔστη,
1102 3261 1236 3313 ἀλλὰ
1265 3261 1469 3314 καὶτὸν
1500 3263 1859 3332 ἐπερωτῶντα

296 3355 576 3424 σύμψηφον
599 3354 776 3423 εὑρὼν
801 3353 861 3406 οὺ
907 3353 1124 3423 μακρὰν
1167 3355 1388 3407 ἀνεῖπεν
1412 3350 1550 3409 εἶναι
1581 3356 1678 3428 τὴν
1707 3357 1861 3427 βασι-

299 3447 416 3499 λείαν
453 3445 564 3499 τοῦ
599 3443 759 3498 Θεοῦ.
800 3444 924 3508 Πῶς
959 3443 1069 3516 γὰρ
1099 3445 1155 3497 αἱ
1189 3445 1482 3498 θίωσαῖκαὶ
1523 3447 1855 3516 νομοθεσίαι,

305 3537 426 3608 εἴπερ
460 3534 622 3609 ἦσαν
648 3537 742 3589 τοῦ
789 3536 1036 3607 Ἐχθροῦ,
1071 3537 1289 3607 πρῶτον
1335 3537 1433 3607 μὲν
1465 3538 1559 3592 ἕνα
1585 3539 1719 3592 Θεὸν
1765 3541 1859 3594 καὶ

298 3628 473 3698 Κύριον
507 3626 905 3698 νομοθετοῦσιν
937 3626 1136 3680 εἰδέναι
1168 3628 1262 3680 καὶ
1300 3630 1474 3680 νοεῖν·
1519 3625 1640 3683 εἶτα
1671 3631 1858 3686 τοῦτον

289 3719 430 3786 μόνον
457 3720 699 3788 ἀγαπᾷν
741 3718 798 3783 ἐξ
825 3717 954 3790 ι’ξλης
986 3717 1232 3788 καρδίας,
1272 3718 1484 3772 καὶτὸν
1524 3720 1749 3790 πλησίον
1782 3722 1858 3786 ὡς

284 3811 483 3876 éaaztiv;
518 3811 586 3862 Ei
615 3805 711 3863 οὖν
731 3809 825 3862 ἕνα
851 3809 982 3862 Θεὸν
1002 3810 1096 3861 καὶ
1116 3808 1319 3878 Κύριον
1346 3810 1857 3882 ἁνακηρύττειΜω-

283 3899 395 3965 σῆς,
430 3901 538 3951 καὶ
588 3900 742 3969 παρὰ
773 3897 961 3950 τοῦτον
989 3897 1147 3952 ἄλλον
1185 3900 1323 3970 μήτε
1361 3900 1680 3972 λατρεύειν,
1717 3906 1856 3976 μήτε

279 3993 634 4060 προσκυνεῖν,
668 3990 806 4059 μετὰ
831 3989 885 4042 δὲ
912 3990 1117 4061 ταύτην
1153 3991 1252 4062 τὴν
1281 3991 1502 4065 πρώτην
1531 3995 1604 4059 ὼς
1641 3997 1858 4068 ἀληθῶς

277 4078 532 4148 ἐντολὴν,
565 4079 664 4130 καὶ
699 4077 758 4130 τὸ
787 4078 1111 4149 φιλάλληλον
1149 4080 1245 4133 καὶ
1286 4081 1672 4152 φιλάνθρωπον
1716 4088 1856 4142 κατὰ

275 4168 358 4222 τὸν
394 4171 596 4239 ὅμοιον
636 4169 835 4240 τρόπον
875 4169 968 4223 τοῦ
1007 4173 1272 4242 σωτηρίου
1307 4176 1728 4246 προστάγματος
1767 4197 1855 4232 νο-

278 4261 524 4328 μοθετεῖ,
550 4261 654 4314 ποῦ
682 4263 715 4332 ἡ
757 4262 967 4333 πονηρὰ
994 4263 1092 4333 τῆς
1122 4264 1460 4330 ἀποστασίας
1492 4269 1670 4340 ἁρχή;
1716 4271 1855 4326 Ἀλλ’

271 4352 298 4403 ὀ
327 4351 426 4420 μὲν
468 4353 845 4422 Γραμματεὺς
878 4354 1078 4423 συνῆκε
1115 4355 1210 4408 τοῦ
1251 4357 1520 4411 Δεσπότου
1542 4399 1556 4421 ,
1586 4361 1684 4432 τὴν
1720 4364 1855 4417 Μω-

271 4441 472 4511 σαῖκὴν
523 4441 817 4508 κυροῦντος
845 4443 1048 4513 φωνὴν,
1080 4444 1162 4497 ὅτι
1191 4441 1272 4509 εἷς
1300 4449 1446 4502 ἐστιν
1484 4452 1511 4502 6
1549 4450 1707 4516 Θεὸς,
1757 4455 1852 4508 καὶ

1962 3272 2094 3312 vero
2116 3258 2352 3327 primum
2373 3265 2708 3327 praeceptum
2732 3263 2981 3311 mutuum
3012 3256 3065 3309 in
3091 3256 3340 3310 homines
3381 3271 3532 3309 amo—

1962 3366 2074 3404 rem
2099 3357 2372 3420 praecepto
2389 3344 2692 3405 Servatoris
2727 3349 2898 3404 nostri
2937 3348 3325 3402 convenienter
3349 3355 3529 3415 urget.

1959 3441 2271 3509 ubi,qu2eso
2296 3449 2366 3505 te,
2387 3441 2586 3495 malum
2614 3449 2978 3511 apostatarum
3001 3439 3324 3509 principium
3350 3438 3528 3491 locum

1959 3535 2166 3592 habet?
2193 3536 2261 3588 At
2286 3535 2476 3591 Scriba
2494 3536 2711 3605 quidem
2738 3537 2828 3590 ille
2857 3536 3191 3606 intelligebat
3216 3533 3526 3594 Dominum,

1960 3629 2251 3684 Mosaicam
2291 3627 2464 3698 legem
2499 3629 2918 3698 approbantem,
2959 3628 3105 3698 quod
3152 3626 3362 3682 scilicet
3388 3641 3529 3679 unus

1960 3721 2030 3774 sit
2056 3721 2216 3782 Deus,
2250 3734 2351 3774 nec
2385 3719 2527 3772 ullus
2546 3727 2744 3788 praeter
2771 3733 2917 3771 eum.
2946 3716 3051 3782 Qui
3081 3733 3210 3771 vero
3241 3715 3446 3769 Scribis
3474 3723 3530 3767 et

1959 3813 2248 3868 Pharisaeis
2276 3811 2526 3867 meliores
2576 3825 2698 3864 esse
2747 3808 2882 3878 jussi
2931 3817 3078 3873 sunt,
3123 3823 3195 3862 ne
3243 3809 3525 3862 minimam

1958 3905 2174 3976 quidem
2195 3904 2412 3973 pietatis
2436 3913 2639 3972 partem
2654 3901 2755 3956 sibi
2777 3909 3013 3956 servant.
3035 3899 3210 3954 Lucas
3229 3914 3379 3959 vero,
3403 3915 3528 3951 ver-

1959 3997 2149 4050 borum
2171 3994 2381 4062 Domini
2401 3995 2650 4064 scriptor,
2683 3993 2953 4062 quomodo
2977 3991 3298 4047 Zachariam
3329 3999 3382 4043 et
3417 3989 3528 4043 Eli-

1958 4090 2260 4152 sabetham,
2307 4088 2360 4141 in
2421 4087 2590 4142 veteri
2647 4095 2974 4142 testamento
3017 4085 3281 4149 viventes,
3329 4083 3524 4153 iustos,

1957 4159 2161 4250 eosque
2182 4195 2362 4234 coram
2412 4179 2546 4244 Deo,
2573 4193 2684 4232 non
2725 4187 2934 4232 tantum
2986 4192 3169 4231 coram
3213 4174 3527 4230 hominibus

1956 4272 2145 4338 fuisse,
2164 4272 2289 4326 etin
2316 4273 2572 4326 omnibus
2592 4271 2685 4326 Dei
2707 4271 2995 4341 praeceptis
3016 4279 3071 4324 et
3099 4269 3316 4324 statutis
3353 4267 3526 4321 incul-

1954 4373 2077 4436 pate
2089 4373 2331 4420 versatos
2349 4365 2611 4419 testatur?
2626 4364 2908 4431 Quomodo
2920 4366 2995 4420 ait
3010 4364 3324 4418 Zachariam
3346 4377 3524 4415 sacer-

1958 4456 2105 4511 dotio
2118 4469 2299 4509 coram
2325 4455 2437 4508 Deo
2459 4454 2846 4524 perfunctum?
2869 4453 3140 4524 quomodo
3163 4450 3422 4520 templum
3445 4450 3523 4502 le-

267 4532 362 4582 οὐκ
393 4532 555 4584 ἔστιν
583 4532 739 4594 ἄλλος
762 4533 898 4603 πλὴν
926 4535 1110 4590 αὑτοῦ.
1156 4538 1220 4590 Οἱ
1243 4538 1299 4591 δὲ
1334 4539 1441 4592 τῶν
1476 4541 1851 4612 Γραμματέων

1961 4547 2094 4618 gate,
2127 4549 2181 4601 in
2209 4547 2353 4617 quod
2388 4546 2682 4609 introibat,
2743 4545 3006 4614 templum
3045 4543 3134 4596 Dei
3169 4541 3440 4612 appellat?
3467 4551 3522 4593 et

273 4624 366 4675 καὶ
393 4625 720 4693 Φαρισαίων
749 4626 909 4678 πλέον
933 4627 1077 4697 ἔχειν
1102 4631 1536 4700 προσταχθέντες
1554 4673 1568 4697 ,
1609 4635 1730 4689 οὐδὲ
1751 4637 1848 4709 τὴν

263 4714 514 4783 ἐσχάτην
543 4717 737 4786 μοῖραν
778 4718 876 4786 τῆς
912 4719 1197 4784 εὐσεϐείας
1235 4721 1498 4786 σώζουσιν
1527 4728 1584 4778 ὲν
1613 4727 1847 4792 ἑαυτοῖς.

262 4804 488 4866 Λουκᾶς
527 4803 582 4856 δὲ
610 4805 639 4857 6
666 4803 775 4858 τῶν
797 4807 1143 4862 Δεσποτικῶν
1177 4811 1433 4881 ῥημάτων
1474 4818 1846 4885 συγγραφεὺς,

260 4894 381 4956 πῶς
424 4895 526 4946 τὸν
558 4897 833 4966 Ζαχαρίαν
865 4899 960 4952 κα)⁵
997 4901 1096 4970 τὴν
1139 4901 1418 4957 Ἐλισάὸετ
1449 4906 1507 4958 ἐν
1537 4909 1602 4976 τῇ
1646 4909 1848 4981 παλαιᾷ

259 4987 568 5058 νομοθεσίᾳ
595 4987 866 5058 βιοῦντας,
894 4991 1156 5058 δικαίους,
1179 4995 1272 5047 καὶ
1299 4996 1423 5049 τότε
1449 4997 1676 5052 ἐνώπιον
1707 5018 1849 5071 μαρ-

257 5081 420 5148 τυρεῖ
453 5079 554 5132 τοῦ
583 5079 718 5134 Θεοῦ
746 5122 762 5146 ,
808 5084 924 5137 ἀλλ’
967 5086 1065 5138 οὐκ
1107 5087 1338 5141 ἐνώπιον
1385 5089 1720 5160 ἀνθρώπων,
1753 5095 1846 5147 καὶ

258 5170 675 5239 πορευομένους
707 5175 766 5226 ὲν
802 5174 1003 5238 πάσαις
1030 5179 1151 5241 ταῖς
1186 5179 1428 5243 ἐντολαῖς
1461 5180 1554 5235 τοῦ
1583 5181 1718 5236 Θεοῦ
1751 5184 1845 5237 καὶ

259 5260 636 5330 δικαιώμασιν
675 5266 1002 5336 ἀμέμπτως·
1037 5266 1155 5322 εἶτα
1196 5271 1290 5324 καὶ
1319 5271 1417 5344 τὴν
1451 5274 1727 5342 ἱερατείαν
1755 5277 1845 5330 τὸν

260 5354 547 5424 Ζαχαρίαν
582 5357 756 5412 τελεῖν
787 5357 1017 5412 ἐνώπιον
1044 5360 1139 5413 τοῦ
1181 5362 1337 5415 Θεοῦ·
1372 5363 1468 5418 καὶ
1500 5365 1592 5419 τὸν
1619 5367 1839 5437 νομικὸν

260 5444 412 5506 ναὸν,
443 5446 506 5497 ὲν
530 5439 574 5514 ᾧ
602 5447 796 5518 είσῄει,
833 5449 958 5502 ναὸν
983 5454 1382 5524 προσαγορεύει
1410 5454 1502 5508 τοῦ
1535 5455 1670 5510 Θεοῦ
1696 5474 1710 5524 ;
1751 5459 1840 5512 Ἑν

258 5535 416 5608 αὐτῷ
471 5554 532 5590 τε
575 5538 667 5591 τὸν
711 5539 943 5608 ἄγγελον
997 5542 1226 5612 ὀφθῆναι
1279 5545 1522 5616 Κυρίου,
1568 5549 1664 5602 καὶ
1716 5549 1837 5604 τότε

260 5623 431 5692 sive;
480 5627 584 5683 Τὸν
620 5631 1063 5703 ἀρχιστράτηγον
1101 5633 1372 5707 Γαϐριὴλ,
1400 5636 1458 5702 ὃς
1502 5640 1598 5693 καὶ
1632 5639 1730 5712 τὴν
1773 5642 1836 5696 ἐκ

340 5827 388 5859 ⁸³
424 5823 614 5883 Matth.
649 5830 851 5890 xn,‘:’.9.
931 5829 973 5861 ⁶⁶
1007 5829 1138 5886 ibid.
1171 5830 1264 5884 50.

1951 4639 2149 4708 in.ipso
2183 4638 2432 4709 angelum
2459 4637 2576 4703 Dei,
2618 4653 2853 4706 eumque
2882 4635 3195 4691 Gabrielem
3237 4634 3530 4703 copiarum

1949 4731 2163 4794 ducem,
2186 4731 2275 4799 qui
2306 4737 2362 4783 et
2405 4729 2745 4783 nativitatem
2781 4725 2993 4780 Domini
3045 4741 3109 4778 ex
3141 4723 3358 4793 Virgine
3387 4764 3402 4787 ,
3465 4731 3522 4775 et

1949 4821 2050 4891 ipsi
2080 4821 2156 4874 illi
2179 4820 2513 4875 intemerata:
2542 4817 2747 4890 Virgini
2777 4826 2832 4873 et
2875 4832 3000 4870 cum
3025 4831 3089 4871 ea
3131 4814 3334 4870 mundo
3368 4829 3526 4867 nun-

1950 4894 2126 4976 tiavit,
2159 4911 2361 4977 visum,
2389 4925 2689 4981 precesque
2719 4908 3021 4964 sacerdotis
3077 4907 3364 4962 exauditas
3395 4920 3516 4960 esse

1948 5003 1999 5056 in
2034 5001 2338 5071 Evangeliis
2372 4999 2622 5063 affirmat,
2647 5011 2989 5068 puerumque
3018 4997 3218 5052 ibidem
3251 5010 3522 5050 memora-

1949 5103 2060 5148 tum
2099 5108 2352 5164 magnum
2379 5107 2558 5146 coram
2593 5090 2821 5145 Domino
2852 5090 3120 5152 futurum,
3153 5088 3357 5158 Spiritu
3385 5088 3516 5142 item

1944 5191 2133 5238 sancto
2161 5183 2400 5254 plenum,
2441 5182 2732 5252 multisque
2780 5181 2958 5252 magni
3013 5181 3191 5251 gaudii
3246 5181 3515 5249 interpre-

1945 5285 2076 5341 tem,
2101 5291 2206 5331 nec
2235 5277 2420 5346 paucis
2447 5275 2814 5329 lsraelitarum
2837 5273 3213 5329 conversionis
3253 5273 3321 5327 ad
3345 5271 3514 5325 Deum

1947 5375 2250 5431 auctorem,
2282 5365 2596 5436 Spirituque
2633 5379 2696 5418 ac
2720 5364 2920 5418 virtute
2950 5361 3080 5416 Elite
3129 5366 3354 5415 usurum
3387 5374 3515 5428 pro-

1947 5458 2202 5512 nuntiat?
2225 5458 2410 5527 itaque
2433 5456 2784 5526 evangelista,
2815 5455 2902 5510 vel
2957 5453 3139 5524 potius
3167 5451 3312 5505 Deus
3344 5492 3359 5514 ,
3415 5449 3508 5517 qui

1947 5551 2064 5605 haec
2101 5564 2199 5620 per
2219 5548 2602 5618 archangelum
2634 5546 2874 5616 loquitur
2895 5589 2909 5612 ,
2972 5559 3083 5599 non
3113 5543 3375 5597 Joannem
3422 5555 3510 5593 so-

1945 5640 2077 5704 lum,
2108 5639 2198 5710 qui
2244 5639 2468 5711 gratiam
2515 5638 2973 5708 propullulantem
3006 5633 3220 5689 videbat
3255 5675 3269 5698 ,
3310 5629 3410 5686 sed
3453 5639 3511 5684 et
