3986 6424
529 367 628 433 115
715 327 721 333 ’

1654 389 1916 450 PHOTII
1955 367 2463 450 PATRIARCHA:
2499 390 2606 448 cr.

3670 386 3764 452 116

520 483 714 548 Eliam,
745 483 838 554 qui
862 485 956 541 diu
984 497 1111 544 ante
1141 493 1368 563 gratiam
1405 497 1634 562 exstitit,
1665 500 1874 555 animas
1899 515 1929 555 a
1960 516 2066 556 ven

2195 500 2466 568 Παρθένου
2497 499 2592 552 τοῦ
2623 500 2895 554 Δεσπότου
2937 501 3224 572 γέννησιν,
3265 499 3403 570 αὐτῇ
3432 516 3490 553 τε
3521 502 3586 571 τῇ
3630 502 3767 569 ἀκη-

515 573 630 628 Deo
658 591 899 642 aversas,
931 587 987 634 et
1014 591 1138 650 post
1161 583 1416 642 Satanam
1437 599 1760 653 scortantes,
1793 592 1860 646 ad
1895 606 2083 646 verum

516 665 687 719 Deum
717 669 1054 725 convertisse
1082 675 1418 742 testimonio,
1445 681 1594 735 omni
1616 683 1936 752 exceptione
1967 700 2086 738 ma-

510 755 638 824 jori,
675 760 978 816 conﬁrmat.
1016 762 1218 820 lterum
1247 785 1379 824 vero
1420 771 1709 828 Zacharias
1737 772 1947 844 Spiritu
1989 775 2084 829 Dei

515 853 779 920 repletur,
814 865 867 908 et
897 859 1191 926 prophetas
1217 864 1472 933 antiquos
1505 877 1813 922 sanctorum
1848 869 2087 939 appellat

514 944 766 998 chorum.
804 946 987 1001 Erexit
1023 952 1200 1016 enim,
1257 954 1434 1025 inquit
1484 960 1818 1028 prophetans
1878 971 1932 1016 et
1987 979 2086 1033 per

517 1034 778 1104 Spiritum
807 1048 1057 1095 sanctum
1081 1043 1310 1113 loquens
1334 1089 1348 1112 ,
1404 1067 1564 1103 cornu
1599 1049 1788 1105 salutis
1821 1055 1876 1106 in
1927 1054 2084 1108 domo

512 1126 755 1194 Davidis,
795 1131 896 1198 ﬁlii
946 1134 1030 1185 sui
1073 1135 1136 1189 ⁸⁷.
1175 1135 1240 1190 Ει
1282 1139 1425 1194 unde
1474 1141 1577 1196 hoc
1633 1144 2088 1202 demonstratur?

513 1218 662 1273 Sicut
696 1222 897 1279 locutus
933 1236 1027 1292 est,
1057 1229 1253 1298 inquit,
1295 1249 1386 1300 per
1419 1251 1475 1287 os
1508 1247 1810 1292 sanctorum
1833 1257 1864 1293 a
1893 1243 2084 1296 sa'culo

513 1313 883 1381 prophetarum
914 1335 1132 1373 suorum
1164 1319 1228 1374 ⁸⁸.
1265 1323 1684 1394 Prophetarum,
1731 1330 1924 1400 inquit,
1957 1351 2083 1387 suo-

514 1418 650 1466 rum,
679 1417 994 1485 nouantem
1026 1410 1215 1466 hostis.
1257 1414 1400 1480 Quid
1436 1427 1616 1474 autem
1655 1422 1930 1478 vaticinati
1957 1435 2084 1481 sunt

513 1493 588 1547 illi
612 1495 634 1548 ?
659 1495 823 1549 Deum
846 1501 1242 1556 recordaturum
1263 1512 1564 1564 testamenti
1587 1513 1672 1565 sui
1687 1516 1859 1568 sancti
1885 1517 1949 1580 ⁶⁹,
1973 1532 2082 1570 non

511 1599 660 1650 sane,
694 1586 857 1640 homo
889 1591 1273 1658 perditissime.
1308 1596 1500 1653 hostis.
1529 1601 1720 1658 Adhuc
1753 1621 1882 1660 vero
1910 1607 2082 1678 magis

511 1673 804 1745 impiorum
869 1694 966 1734 ora
1019 1682 1396 1743 refrenaturus
1443 1691 1816 1760 juramentum
1853 1739 1868 1763 ,
1936 1699 2084 1769 quod

510 1769 821 1826 Abrahatuo
867 1774 1008 1843 patri
1058 1788 1250 1835 nostro
1283 1781 1510 1851 juravit,
1555 1788 1794 1855 adducit,
1831 1789 1898 1844 Ut
1931 1793 2083 1847 daret

2195 594 2342 662 ρὰτῳ
2382 592 2574 664 Κόρῃ,
2619 593 2716 646 καὶ
2765 593 2830 647 δι’
2883 595 3054 664 αὐτῆς
3104 594 3182 664 τῷ
3235 593 3428 662 κόσμῳ
3483 592 3768 662 εὐηγγελί-

2195 697 2353 734 σατο·
2385 681 2478 734 καὶ
2499 683 2598 752 τήν
2630 699 2690 734 τε
2719 682 3026 753 προσευχὴν
3050 683 3144 736 τοῦ
3195 682 3386 752 ίερέως
3416 681 3766 751 είσηκοῦσθαι

2193 769 2282 822 διὰ
2309 768 2420 822 τῶν
2473 769 2808 839 εὐαγγελίων
2872 769 3193 835 ἐϐεϐαίωσε,
3248 772 3342 824 καὶ
3388 771 3481 822 τὸν
3538 771 3603 823 ἐκ
3657 770 3766 823 τῶν

2194 861 2544 930 Εὑαγγελίων
2577 863 2742 916 παῖδα
2781 862 2954 932 μέγαν
3005 861 3238 916 ἐνώπιον
3263 861 3481 914 ἔσεσθαι
3533 859 3766 930 Κυρίου,

2193 956 2287 1007 καὶ
2333 955 2764 1025 πεπληρωμένον
2816 955 3137 1024 Πνεύματος
3194 955 3372 1021 ἁγίου,
3412 956 3504 1006 καὶ
3563 953 3770 1018 πολλῆς

2194 1047 2408 1110 πολλοῖς
2436 1045 2809 1114 ἀγαλλιάσεως
2841 1046 3121 1116 πρόξενον,
3140 1047 3233 1098 καὶ
3253 1045 3363 1098 τῶν
3385 1045 3516 1098 υἱῶν
3548 1045 3770 1114 Ἰσραὴλ

2190 1139 2289 1190 οὐκ
2317 1138 2515 1206 ὀλίγοις
2563 1138 2896 1206 ἐπιστροφῆς
2926 1135 3098 1188 αἴτιον
3135 1135 3388 1204 γενέσθαι
3421 1135 3523 1233 τῆς
3551 1135 3644 1186 ἐπὶ
3673 1135 3768 1233 τὸν

2190 1230 2343 1292 Θεὸν,
2386 1229 2464 1300 τῷ
2485 1229 2758 1298 πνεύματι
2786 1229 2882 1280 καὶ
2909 1229 2975 1298 τῇ
3005 1227 3232 1296 δυνάμει
3281 1226 3616 1327 κεχρημένον
3663 1226 3763 1327 τοῦ

2203 1323 2404 1376 Ἡλίου.
2439 1323 2600 1374 Ὥστε
2657 1322 2686 1373 ὀ
2719 1318 3133 1388 εύαγγελιστὴς.
3197 1318 3397 1388 μᾶλλον
3446 1317 3501 1370 δὲ
3529 1319 3557 1369 ὁ
3586 1317 3764 1370 ταῦτα.

2189 1411 2276 1466 διὰ
2324 1411 2419 1465 τοῦ
2480 1410 2822 1481 ἀρχαγγέλου
2871 1409 3048 1478 λέγων
3096 1408 3251 1472 Θεὸς,
3299 1401 3455 1472 οὗτος
3502 1409 3620 1477 οὐχὶ
3671 1407 3763 1460 τὸν

2173 1503 2446 1572 ’Ἰωάννην
2504 1502 2682 1573 μόνον,
2727 1501 2786 1563 ὃς
2834 1499 2930 1571 τὴν
2963 1501 3123 1570 χάριν
3173 1496 3278 1552 εἶδε
3332 1499 3758 1570 βλαστάνουσαν.

2188 1597 2323 1651 ἀλλὰ
2345 1596 2438 1650 καὶ
2468 1595 2556 1648 τὸν
2593 1593 2800 1658 Ἠλίαν,
2831 1591 2890 1655 ὃς
2911 1590 3088 1658 πολλῷ
3117 1591 3438 1661 προϋπῆρχε
3466 1591 3564 1656 τῆς
3596 1591 3759 1660 χὰρι·

2190 1705 2303 1753 τος,
2327 1687 2425 1749 τὰς
2447 1683 2801 1754 πλανωμένας
2827 1682 3003 1752 ψυχὰς
3026 1682 3134 1735 ἀπὸ
3160 1682 3254 1734 τοῦ
3285 1680 3541 1750 ἀληθινοῦ
3591 1681 3756 1746 Θεοῦ,

2189 1777 2286 1831 καὶ
2309 1777 2485 1829 ὀπίσω
2534 1773 2644 1827 τῶν
2696 1773 2988 1843 δαιμονίων
3035 1771 3468 1839 ὲκπορνευούσας
3522 1773 3616 1826 ἐπὶ
3666 1775 3757 1825 τὸν

509 1860 658 1913 nobis
690 1874 1021 1933 potestatem,
1045 1887 1111 1924 ea:
1139 1889 1297 1927 manu
1324 1876 1659 1934 inimicorum
1688 1894 1987 1938 nostrorum
2021 1886 2058 1939 li

2186 1866 2438 1937 ἀληθινὸν
2470 1864 2796 1934 ἐπιπρέψαι
2823 1862 2976 1924 Θεὸν,
3007 1862 3442 1932 ἀπαρὰγραπτον
3470 1864 3569 1931 τὴν
3616 1881 3756 1933 μαρ-

510 1949 706 2005 beratis
734 1955 846 2009 sine
877 1959 1066 2014 timore
1101 1963 1156 2014 in
1176 1968 1460 2022 sanctitate
1497 1980 1546 2023 et
1581 1972 1794 2040 justitia
1825 1976 1929 2044 ipsi
1970 1994 2083 2031 ser-

508 2041 683 2094 uiendi
709 2043 774 2094 ⁷ο.
806 2043 1086 2116 Perpende
1127 2067 1248 2120 qua
1288 2054 1431 2109 dicta
1491 2067 1638 2112 sunt.
1681 2041 1916 2130 Spiritus
1952 2079 2080 2118 san-

507 2141 631 2184 ctus
659 2133 848 2204 implet
885 2136 1229 2208 Zachariam,
1262 2145 1456 2213 plenus
1489 2163 1554 2202 eo
1603 2151 1900 2220 prephetas
1934 2156 2079 2210 anti-

505 2236 644 2289 quos
693 2235 914 2282 sanctos
966 2227 1172 2300 Deique
1219 2237 1533 2293 sacerdotes
1596 2243 1878 2312 appellat,
1914 2245 2078 2304 Mosis

504 2311 632 2366 item
663 2323 1048 2374 testamentum
1077 2325 1337 2392 praedicat
1364 2343 1614 2388 sanctum
1641 2311 1683 2398 ,ί
1713 2336 1982 2408 nobisque
2013 2340 2079 2394 li-

502 2402 765 2460 bertatem
795 2413 1142 2478 praenuntiat,
1168 2425 1224 2470 et
1254 2433 1402 2486 eum,
1447 2422 1540 2491 qui
1569 2402 2075 2500 Abrahamo-jura-

501 2495 668 2558 verit,
699 2497 861 2567 hujus
915 2502 1180 2559 libertatis
1202 2507 1447 2564 datorem
1483 2513 1599 2568 fore
1629 2553 1646 2580 ,
1697 2532 1901 2588 eosque
1917 2495 1946 2586 ν,
1981 2524 2075 2592 qui

501 2587 708 2641 cultum
739 2589 838 2659 ipsi
871 2605 1130 2662 prmstent
1156 2637 1172 2660 ,
1225 2598 1280 2652 in
1316 2603 1602 2660 sanctitate
1655 2617 1712 2662 et
1755 2587 1965 2678 justitia
1997 2587 2074 2670 ἐἰ

501 2680 708 2733 servire
731 2696 1027 2740 asseverat.
1055 2688 1110 2741 Si
1148 2689 1264 2744 haec
1291 2694 1473 2748 omnia
1506 2694 1796 2755 Zacharias
1816 2745 1832 2768 ,
1867 2701 2073 2779 Spiritu

499 2779 691 2824 sancto
721 2774 982 2842 repletus,
1012 2779 1288 2849 edisserit,
1323 2799 1508 2841 nonne
1535 2789 1734 2857 spiritu
1764 2794 1904 2848 malo
1926 2774 2072 2866 pleni

493 2861 771 2930 judicandi
795 2879 942 2930 sunt,
971 2872 1064 2940 qui
1088 2876 1359 2930 contraria
1392 2877 1476 2932 his
1497 2881 1682 2937 omnia
1701 2861 2074 2944 contendant?

497 2952 639 3016 Quid
673 2973 801 3012 vero
837 2959 1021 3016 dicent
1048 2966 1370 3022 alnarulenti
1403 2969 1536 3040 legis
1565 2972 1812 3031 Mosaicae
1845 2994 2071 3036 accusa-

497 3052 664 3114 tores,
696 3050 780 3102 vel
805 3053 986 3120 potius
1010 3057 1344 3127 principatus
1379 3061 1470 3117 Dei
1502 3067 1816 3136 partitores,
1849 3075 2070 3140 quando

491 3136 681 3194 vident
703 3139 887 3196 Jesum
925 3144 981 3199 in
1017 3147 1323 3220 Evangeliis
1359 3153 1692 3228 Jerosolyma
1719 3136 2062 3231 perductum,

491 3229 672 3301 ibique
705 3233 937 3293 lll'osaica
969 3239 1218 3297 instituta
1244 3246 1650 3317 observantem,
1685 3229 1948 3313 sacrificia
1978 3275 2066 3314 se-

489 3324 726 3378 cundum
751 3339 1086 3400 praceptum
1117 3333 1250 3404 legis
1282 3337 1495 3395 Domini
1523 3343 1844 3401 oli'erentem
1865 3390 1880 3414 ,
1935 3351 2065 3406 bra-

485 3412 732 3486 chiisque
765 3418 899 3488 justi
933 3421 1222 3493 Symeonis
1255 3429 1426 3484 instar
1447 3433 1574 3488 doni
1597 3412 1934 3508 susceptum,
1970 3445 2062 3514 qui

487 3505 632 3560 inter
659 3520 855 3566 ca-tera
888 3515 1102 3582 pietatis
1135 3529 1190 3574 et
1212 3521 1438 3590 justitite
1462 3505 1779 3597 argumenta
1809 3505 2064 3606 perspi-

483 3595 648 3651 ritum
687 3612 937 3659 sanctum
979 3612 1262 3667 oraculum
1314 3625 1547 3685 nactus,
1605 3631 1661 3676 et
1713 3639 2060 3685 communem

484 3685 829 3750 Servatorem
861 3685 1100 3758 brachiis
1127 3707 1444 3777 complexus
1473 3721 1577 3775 est,
1607 3722 1662 3768 et
1687 3715 1965 3775 benedixit
1986 3723 2060 3789 ei,

480 3787 536 3832 et
570 3787 955 3850 praenuntiavit
983 3831 998 3854 ,
1025 3807 1151 3847 eum
1182 3795 1236 3850 in
1270 3805 1498 3856 salutem
1528 3803 1820 3864 advenisse
1876 3827 2059 3868 coram

479 3869 620 3925 facie
651 3877 892 3932 omnium
930 3885 1281 3952 populorum,
1305 3899 1360 3944 et
1383 3891 1557 3948 instar
1585 3895 1724 3953 lucis
1749 3901 1816 3955 ad
1849 3901 2058 3959 illumi-

480 3965 760 4022 nationem
797 3974 1062 4042 gentium,
1095 3993 1216 4048 qua:
1246 3984 1486 4050 posthaec
1506 3987 1561 4041 in
1585 4005 1710 4044 eum
1736 3992 1845 4047 sint
1876 3998 2057 4051 credi-

483 4064 641 4121 turae,
667 4059 885 4118 divinus
907 4081 1040 4121 vero
1081 4074 1416 4143 evangelista
1445 4094 1553 4134 non
1589 4082 1720 4137 satis
1763 4085 1949 4142 habuit
1977 4090 2053 4155 id,

481 4148 629 4216 quod
664 4160 793 4208 tunc
823 4166 1033 4226 gestum
1065 4173 1203 4227 erat,
1227 4176 1418 4224 contra
1450 4171 1649 4244 impios
1673 4176 1774 4234 hos
1803 4180 2057 4239 homines

480 4255 930 4314 commemorare,
954 4252 1048 4306 sed
1068 4253 1466 4325 impudentiam
1491 4279 1702 4333 eorum,
1727 4278 1786 4322 ut
1811 4270 2052 4341 videtur,

479 4331 805 4399 praevidens,
837 4337 1002 4393 etiam
1031 4342 1267 4412 Annam,
1296 4349 1456 4417 cujus
1494 4354 1669 4410 tribus
1687 4357 1912 4416 Aserem
1951 4364 2053 4419 ha-

476 4422 640 4478 bebat
663 4438 965 4495 auctorem,
1010 4448 1134 4489 cum
1187 4453 1319 4494 sene
1360 4443 1456 4499 illo
1485 4458 1835 4518 praesentem,
1870 4454 2052 4510 Domi-

2183 1957 2375 2026 τυρίαν
2404 1955 2724 2023 παρέχεται.
2754 1951 2924 2006 Πάλιν
2951 1951 3008 2005 δὲ
3041 1952 3069 2004 ὀ
3117 1952 3395 2022 Ζαχαρίας
3436 1952 3753 2023 Πνεύματος

2184 2047 2340 2114 ἁγίου
2370 2046 2578 2114 γίνεται
2606 2045 2840 2114 πλήρης,
2869 2044 2965 2098 καὶ
2996 2046 3124 2107 τοὺς
3157 2044 3251 2098 ἀπ’
3283 2043 3492 2097 αἰώνων
3541 2047 3749 2115 προφή-

2180 2155 2277 2200 τας
2307 2137 2465 2208 χορὸν
2498 2136 2668 2204 ἁγίων
2696 2135 2980 2206 κηρύσσει.
3015 2137 3246 2205 ’Ἡγειρε
3279 2136 3408 2204 γὰρ,
3434 2135 3570 2206 φησὶ
3618 2154 3744 2206 προ-

2179 2228 2431 2300 φητεύων
2459 2229 2554 2281 καί⁵
2593 2228 2682 2280 διὰ
2711 2227 2805 2280 τοῦ
2837 2225 3150 2330 Πνεύματος
3180 2226 3274 2330 τοῦ
3319 2228 3480 2330 ἁγίου
3511 2229 3737 2330 392176.-

2181 2334 2361 2388 μενος,
2385 2316 2558 2384 κέρας
2591 2317 2889 2384 σωτηρίας
2920 2316 3066 2385 ἡμῖν
3094 2316 3163 2368 ἐν
3213 2316 3356 2382 οἴκῳ
3416 2317 3594 2371 Δαϐίδ
3634 2319 3735 2374 τοῦ

2178 2410 2393 2476 παιδὸς
2419 2409 2627 2463 αὑτοῦ.
2661 2411 2770 2462 Καὶ
2793 2409 2956 2462 πόθεν
2981 2411 3015 2479 ἡ
3042 2409 3349 2476 ἀπόδειξις;
3383 2411 3589 2475 Καθὼς
3615 2411 3742 2464 ἐλάα

2176 2505 2352 2570 λησε,
2390 2502 2544 2571 φησὶ,
2569 2501 2666 2555 διὰ
2690 2502 2988 2570 στόματος
3005 2501 3124 2554 τῶν
3143 2503 3326 2572 ἁγίων
3346 2502 3466 2555 τῶν
3486 2504 3588 2557 ἀπ’
3607 2503 3742 2556 aith

2175 2609 2283 2658 νος
2298 2591 2618 2660 προφητῶν
2647 2592 2855 2656 αὐτοῦ,
2877 2593 3127 2663 ἀλλὀύχὶ
3151 2595 3243 2646 τοῦ
3281 2594 3529 2666 Ἐχθροῦ.
3556 2597 3660 2648 Καὶ
3685 2596 3738 2648 τί

2176 2683 2620 2757 προεφήτευσανς
2677 2682 3032 2752 Μνησθῆναι
3091 2685 3198 2738 τὸν
3255 2686 3406 2739 Θεὸν
3455 2685 3739 2752 διαθήκης

2173 2773 2346 2843 ἁγίας
2374 2773 2581 2836 αὑτοῦ,
2611 2774 2725 2828 ἀλλ’
2747 2775 2887 2844 οὐχὶ,
2911 2774 3324 2847 τρισάθλιε,τοῦ
3365 2777 3741 2847 Ἐχθροῦ.”Ετι

2171 2865 2228 2918 δὲ
2265 2865 2467 2931 μᾶλλον
2497 2865 2604 2918 τῶν
2627 2865 2841 2920 ἀσεϐῶν
2874 2867 3110 2936 χαλινῶν
3159 2868 3227 2920 τὰ
3265 2868 3530 2936 στόματα,
3557 2871 3738 2940 ὅρκον,

2173 2958 2232 3011 ὃν
2251 2955 2434 3027 ὤμοσε
2463 2957 2602 3027 πρὸς
2647 2957 2898 3028 Ἀϐραὰμ
2929 2958 3022 3012 τὸν
3063 2959 3274 3029 πατέρα
3308 2959 3485 3030 ἡμῶν,
3521 2962 3736 3030 ὲπάγει·

2182 3048 2293 3103 Τοῦ
2314 3048 2527 3102 δοῦναι
2549 3048 2696 3118 ἡμῖν
2723 3050 2962 3118 ἀφόϐως
2986 3050 3055 3104 ἐκ
3095 3051 3294 3118 χειρὸς
3358 3050 3477 3106 τῶν
3512 3053 3742 3120 ἐχθρῶν

2170 3140 2339 3212 ἡμῶν
2380 3140 2723 3210 ῥυσθέντας
2767 3144 3084 3209 λατρεύειν
3128 3145 3290 3210 αὐτῷ
3346 3147 3413 3201 ἐν
3469 3151 3737 3219 ὁσιότητι

2169 3233 2678 3302 καίδικαιοσύνῃ.
2719 3233 3043 3302 Συλλογίζου
3077 3236 3143 3289 τὰ
3186 3240 3465 3309 εἰρημένα.
3508 3243 3733 3313 Πνεῦμα

2167 3324 2324 3393 ᾶγιον
2351 3325 2548 3396 πληροῖ
2577 3326 2667 3378 τὸν
2701 3326 2996 3398 Ζαχαρίαν,
3041 3329 3135 3382 καί⁸
3169 3330 3472 3401 πληρωθεὶς
3523 3335 3734 3387 ἐκεῖθεν

2167 3415 2356 3482 ἁγίους
2393 3415 2521 3478 τοὺς
2552 3416 2646 3470 ἀπ’
2669 3417 2866 3480 αίῶνος
2898 3423 3182 3488 προφήτας
3225 3421 3320 3473 καὶ
3347 3420 3486 3474 Θεοῦ
3526 3424 3736 3494 θυηπό-

2163 3505 2291 3568 λους
2311 3506 2657 3575 ἀναγορεύει,
2692 3509 2787 3560 καὶ
2811 3507 2910 3576 τὴν
2961 3509 3279 3581 ἐλευθερίαν
3335 3513 3492 3583 ἡμῶν
3525 3532 3736 3586 προςη-

2163 3594 2331 3660 τεύει,
2366 3595 2573 3648 καὶτὸν
2595 3597 2870 3666 ὀμόσαντα
2889 3598 3026 3668 πρὸς
3059 3599 3152 3652 τὸν
3194 3600 3466 3671 Ἀϐραὰμ,
3527 3606 3728 3658 ἐκεῖνον

2162 3687 2261 3756 τῆς
2299 3686 2614 3758 ἐλευθερίας
2661 3686 2802 3742 εἶναι
2849 3689 3051 3760 δοτῆρα
3095 3691 3402 3763 κηρύσσει·
3457 3697 3552 3748 καὶ
3605 3697 3720 3758 τοὺς

2163 3777 2546 3848 προσάγοντας
2571 3779 2720 3848 αὐτῷ
2755 3780 2854 3848 τὴν
2883 3779 3134 3849 λατρείαν
3161 3784 3219 3836 ὲν
3247 3784 3487 3852 ὁσιότητι
3515 3786 3602 3839 καὶ
3643 3787 3718 3840 δι-

2162 3869 2428 3941 καιοσύνῃ
2450 3869 2754 3940 λατρεύειν.
2786 3872 2848 3924 Εἰ
2874 3871 3048 3926 ταῦτα
3075 3873 3336 3944 πλησθεὶς
3370 3879 3399 3930 ὀ
3460 3878 3728 3949 Ζαχαρίας

2162 3962 2484 4033 Πνεύματος
2529 3962 2686 4032 ἁγίου
2728 3965 2937 4034 διῆλθε,
2998 3965 3116 4030 πῶς
3176 3967 3298 4036 ούχὶ
3333 3968 3430 4022 τοῦ
3487 3970 3727 4041 πονηροῦ

2159 4054 2494 4126 πλησθέντες
2518 4055 2827 4126 πνεύματος
2849 4058 2900 4109 οἱ
2937 4056 3196 4111 τάναντία
3248 4058 3461 4122 τούτοις
3495 4059 3731 4128 ἀπελέγ·

2157 4163 2344 4216 χονται
2367 4146 2672 4216 φωνοῦντες
2695 4163 2710 4209 ;
2744 4147 2809 4202 Τί
2833 4148 2880 4201 δ’
2904 4147 2970 4202 ἂν
3002 4151 3160 4218 φαῖεν
3187 4149 3240 4202 oi
3266 4151 3450 4221 πικροὶ
3466 4149 3566 4219 τῆς
3594 4151 3728 4203 Μω-

2159 4239 2354 4309 σαῖκῆς
2375 4241 2674 4312 κατήγοροι
2704 4239 2987 4310 διαθήκης,
3021 4241 3222 4311 μᾶλλον
3249 4241 3304 4294 δὲ
3334 4243 3431 4310 τῆς
3458 4241 3554 4294 τοῦ
3589 4241 3731 4294 Θεοῦ

2158 4330 2434 4402 βασιλείας
2459 4332 2734 4402 μερισταὶ,
2770 4333 2897 4386 ὅταν
2949 4334 3118 4404 ὁρῶσι
3145 4333 3233 4387 διὰ
3260 4333 3356 4387 τοῦ
3393 4334 3731 4402 Εὑαγγελίου

2155 4423 2493 4493 ἀναγόμενον
2517 4424 2616 4493 μὲν
2647 4425 2729 4487 είς
2752 4424 2822 4477 τὰ
2858 4424 3204 4496 Ἰεροσόλυμα
3240 4427 3333 4480 τὸν
3375 4427 3601 4494 Ἰησοῦν,
3637 4445 3733 4481 τε·

475 4530 722 4587 numque
744 4522 1136 4593 celebrantem,
1169 4539 1226 4584 et
1254 4531 1320 4586 de
1347 4539 1625 4591 communi
1670 4539 1901 4600 Domino
1953 4563 2047 4602 ea-

2170 4513 2350 4568 ιοῦντα
2378 4515 2436 4568 δὲ
2463 4515 2534 4568 τὰ
2565 4516 2860 4580 Μωσαῖκὰ,
2887 4517 2981 4570 καὶ
3007 4517 3241 4588 φέροντα
3269 4515 3457 4570 θυσίαν
3482 4519 3625 4572 κατὰ
3668 4521 3733 4571 τὸ

474 4609 596 4662 dem
628 4625 693 4665 ac
729 4612 926 4668 similia
959 4615 1332 4686 proferentem
1365 4625 1420 4678 in
1449 4642 1600 4683 sacra
1630 4630 1855 4688 historia
1883 4638 2047 4693 sistit.

474 4697 631 4761 Quod
658 4718 788 4758 vero
807 4715 997 4773 postea
1027 4713 1294 4784 contigit,
1347 4716 1577 4774 multum
1635 4725 1863 4781 omnino
1911 4729 2049 4785 valet

472 4787 542 4874 ad
590 4794 969 4860 reprimendus
994 4809 1048 4856 et
1073 4803 1413 4874 dejiciendos
1447 4825 1541 4866 eos
1573 4814 1667 4882 qui
1700 4820 2050 4886 supercilium

476 4871 738 4936 adversus
761 4883 1000 4943 divinam
1023 4891 1249 4962 gloriam
1275 4897 1531 4954 efferunt.
1560 4902 1698 4959 Cum
1723 4907 1867 4962 enim
1891 4910 2052 4967 .lesus

476 4981 585 5022 una
617 4984 740 5026 cum
771 4971 991 5047 Virgine
1031 4981 1199 5040 Matre
1233 5003 1360 5056 sua,
1399 4993 1546 5060 quod
1593 4994 1662 5048 ad
1709 5012 1954 5066 carnem,
1991 5012 2045 5057 et

474 5069 630 5129 patre
651 5078 751 5118 suo
801 5069 1057 5136 putatitio
1093 5074 1470 5152 Hierosolyma
1524 5085 1803 5154 profectus
1857 5103 2046 5158 esset,

467 5154 706 5220 peractis
745 5156 842 5223 ibi,
875 5177 996 5231 quae
1042 5181 1196 5222 sacer
1227 5171 1410 5229 Codex
1470 5180 1797 5247 praescribit,
1852 5187 2044 5252 sacris,

466 5241 717 5314 ipsisque
747 5260 934 5318 postea
961 5255 1183 5312 domum
1220 5241 1642 5336 revertentibus,
1675 5282 1731 5327 et
1757 5274 1824 5329 ob
1847 5278 2048 5332 absen-

466 5342 578 5388 tem
638 5352 870 5406 puerum
921 5352 1035 5398 tum
1081 5347 1250 5405 Matre
1301 5361 1605 5413 secundum
1636 5376 1880 5429 carnem,
1921 5377 2038 5422 tum

465 5425 630 5480 Patre
651 5431 910 5497 putatitio
935 5437 1184 5495 sollicitis
1210 5481 1226 5506 ,
1277 5455 1333 5498 et
1353 5484 1368 5509 ,
1418 5463 1586 5516 quem
1626 5425 2034 5522 desiderabant,

463 5523 858 5594 quaerentibus,
895 5527 963 5592 is,
995 5532 1087 5600 qui
1122 5535 1365 5590 omnium
1393 5540 1612 5608 quidem
1642 5546 1912 5612 conditor,
1941 5550 2038 5604 sed

465 5609 536 5665 ob
558 5627 801 5670 amorem
818 5617 874 5672 in
897 5621 1154 5679 homines
1176 5623 1414 5698 Virginis
1432 5641 1550 5686 erat
1574 5633 1715 5690 lilius
1735 5653 1750 5690 :
1768 5635 1906 5701 Quid
1929 5656 2033 5706 me,

2153 4607 2444 4677 εἰρημένον
2471 4609 2528 4660 ἐν
2562 4607 2710 4679 νόμῳ
2736 4608 2962 4678 Κυρίου,
2991 4610 3256 4677 ἀγκάλαις
3297 4609 3355 4662 δὲ
3382 4611 3734 4681 δωροφορού-

2157 4714 2316 4766 μενον
2337 4696 2430 4749 τοῦ
2454 4696 2664 4750 δικαίου
2696 4697 2945 4768 Συμεὼν,
2978 4699 3036 4762 ὃς
3068 4701 3208 4769 μετά
3238 4702 3335 4769 τῆς
3371 4700 3539 4770 ἄλλης
3570 4702 3735 4753 εύσε-

2153 4788 2306 4849 ϐείας
2329 4789 2424 4841 καὶ
2453 4788 2822 4860 δικαιοσύνης,
2874 4791 3003 4861 περὶ
3049 4791 3143 4844 τοῦ
3195 4793 3349 4861 ἁγίου
3405 4793 3736 4862 Πνεύματος

2151 4880 2539 4952 χρηματισμὸν
2565 4881 2744 4935 λαϐὼν
2767 4883 2883 4954 ἁμα
2903 4901 2961 4937 τε
2986 4883 3371 4954 ὲνηγκαλίζετο
3397 4887 3490 4938 τὸν
3541 4887 3736 4940 κοινὸν

2149 4972 2450 5044 λυτρωτὴν,
2483 4973 2700 5042 ηὐλόγει
2726 4991 2787 5027 τε
2843 4974 3004 5029 αὑτὸν
3032 4975 3124 5029 καὶ
3154 4976 3420 5044 θεολογῶν
3475 4979 3735 5048 προεφή-

2147 5082 2274 5118 τευε
2332 5066 2605 5136 σωτηρίαν
2635 5067 3039 5138 παραγενέσθαι
3089 5067 3232 5120 κατὰ
3271 5073 3558 5138 πρόσωπον
3593 5070 3734 5122 πὰνο

2145 5174 2253 5209 των
2272 5158 2384 5211 τῶν
2406 5157 2570 5224 λαῶν,
2603 5160 2697 5212 καὶ
2720 5158 2836 5228 φῶς
2879 5160 2958 5221 είς
2993 5159 3336 5228 ἀποκάλυψιν
3395 5160 3566 5212 ἐθνῶν
3612 5160 3732 5212 τῶν

2148 5251 2287 5319 μετὰ
2311 5247 2484 5302 ταῦτα
2532 5249 2975 5302 πεπιστευκότων
3012 5253 3092 5312 είς
3140 5250 3335 5315 αύτόν;
3371 5248 3430 5303 Ὀ
3473 5249 3530 5302 δὲ
3579 5249 3731 5312 θεῖος

2145 5341 2536 5415 εὐαγγελιστὴς
2582 5341 2687 5394 οὐκ
2715 5340 2957 5412 ἠρκέσθη
2988 5341 3050 5394 τὸ
3105 5342 3225 5394 τότε
3275 5341 3436 5411 μόνον
3488 5357 3731 5412 γεγενη-

2150 5437 2312 5506 μένον
2353 5435 2495 5488 κατὰ
2527 5434 2635 5489 τῶν
2661 5434 2875 5490 ἀσεϐῶν
2913 5437 3120 5499 είπείν,
3157 5434 3295 5500 ἀλλ’,
3343 5435 3418 5497 ὡς
3457 5434 3625 5496 ἔοικε,
3659 5436 3728 5486 τὸ

2143 5530 2498 5600 ἀναίσχυντον
2524 5529 2704 5584 αὐτῶν
2729 5530 3016 5602 προειδὼς,
3046 5530 3141 5585 καὶ
3170 5532 3271 5601 τὴν
3322 5531 3542 5592 Ἅνναν,
3572 5524 3643 5600 ἦς
3685 5530 3726 5631 1‘;

2143 5622 2286 5696 φυλὴ
2319 5625 2408 5679 τὸν
2447 5622 2613 5696 ’Δσὴρ
2640 5624 2880 5695 ἀρχηγὸν
2931 5617 3068 5696 εἶχε,
3127 5621 3526 5695 συμπαροῦσὰν
3549 5636 3612 5674 τε
3638 5620 3724 5691 τῷ

464 5797 508 5832 ⁸⁷
541 5798 674 5857 Luc.
711 5821 750 5874 ι,
779 5805 867 5864 69.
949 5810 991 5844 ⁵⁸
1026 5810 1160 5870 ibid.
1193 5814 1281 5871 70.
1362 5819 1404 5852 ⁶⁹
1427 5818 1561 5876 ibid.
1604 5821 1690 5880 7‘2.
1764 5824 1806 5856 7°
1829 5823 1964 5881 ibid.
1999 5826 2087 5894 74,
2120 5827 2210 5881 75.
