3986 6474
452 378 554 445 119

1568 375 1833 438 PHOTII
1870 372 2379 435 ΡΑΤΒΙΑΗΟΗΑΞ
2419 375 2530 439 CP.

3600 380 3717 449 m
3780 349 3787 355 .

446 492 614 547 alium
658 487 744 543 vel
776 493 1151 543 accusatorem
1189 481 1272 537 vel
1308 480 1595 545 victorem,
1625 496 1788 553 quam
1835 478 2020 533 Mosen

2146 494 2329 548 τμασιν
2374 480 2478 533 οὐκ
2513 477 2675 533 ἄλλον
2726 479 3036 553 κατήγορον
3089 481 3186 536 καὶ
3225 482 3518 555 θρίαμϐον,
3566 485 3719 545 ἀύὰ

448 580 628 637 atfert.
656 580 739 634 Ne
768 578 1070 634 eaistimetis
1095 575 1256 639 enim,
1282 573 1480 643 inquit,
1502 574 1641 644 quod
1658 588 1751 644 ego
1769 588 1858 626 vos
1879 571 2022 641 apud

447 673 668 729 Patrem
691 680 1034 725 accusaturus
1060 685 1177 723 sum
1205 668 1272 722 ⁷⁸.
1302 664 1420 721 Non
1454 680 1588 720 sane
1610 705 1623 729 ,
1652 663 1745 719 sed
1776 673 1862 719 est
1880 704 1895 728 ,
1930 663 2024 735 qui

448 782 547 822 vos
587 772 840 828 accusat,
879 761 1056 816 Moses
1102 759 1335 823 scilicet,
1385 757 1531 828 apud
1570 756 1810 812 Patrem.
1852 755 2024 824 llujus

452 859 599 913 enim
647 857 793 927 leges
824 855 941 925 ipse
979 852 1081 909 sibi
1135 853 1375 907 creditas
1416 865 1523 905 una
1567 864 1693 903 cum
1733 847 2023 919 prophetia

450 951 519 1006 de
546 948 765 1004 Christo
799 955 1012 1011 nactus,
1038 952 1324 1000 accusator
1348 941 1572 997 omnino
1603 940 1708 995 ﬁde
1747 939 1944 1011 dignus
1972 945 2026 993 et

453 1038 611 1095 testis
648 1036 797 1093 omni
842 1034 1163 1105 exceptione
1204 1033 1382 1102 major
1415 1030 1522 1086 erit
1571 1039 1760 1085 contra
1792 1044 1889 1084 eos
1932 1026 2025 1097 qui

449 1130 598 1201 leges
618 1129 738 1199 ejus
767 1138 824 1183 et
846 1128 1028 1184 colere
1065 1133 1122 1182 et
1167 1140 1354 1181 amare
1384 1124 1617 1179 multum
1646 1122 1867 1192 quidem
1908 1120 2026 1192 glo-

448 1222 684 1287 rientur,
724 1220 866 1281 nihil
911 1234 1042 1273 vero
1071 1232 1263 1273 eorum
1310 1215 1581 1286 recipiant
1624 1228 1747 1284 quae
1787 1212 1856 1267 ab
1907 1211 2028 1281 ipso

452 1316 522 1371 de
550 1313 825 1371 communi
852 1322 1040 1368 nostro
1078 1309 1310 1365 Domino
1344 1318 1401 1364 et
1437 1307 1729 1364 Servatore
1768 1305 2029 1377 praedicta

451 1417 610 1469 sunt,
640 1407 785 1478 quod
816 1415 994 1460 tamen
1016 1413 1072 1460 et
1104 1415 1300 1475 caput,
1336 1412 1392 1457 et
1426 1418 1567 1473 apex
1603 1410 1658 1455 et
1692 1398 1911 1454 initium
1940 1408 2028 1453 to—

453 1501 562 1555 tius
590 1497 943 1571 lcgislationis
964 1497 1083 1568 ejus
1120 1504 1274 1561 erat;
1323 1494 1435 1549 imo
1463 1507 1564 1548 nec
1589 1492 1933 1563 correptione
1958 1490 2029 1545 ob

453 1592 816 1648 temeritatem
846 1604 1036 1645 eorum
1080 1596 1136 1641 et
1165 1602 1402 1659 pugnam
1433 1585 1695 1640 adversus
1738 1598 1864 1638 eum
1885 1622 1901 1649 ,
1936 1581 2028 1652 qui

454 1683 856 1758 praenuntiatus
897 1682 966 1736 ab
1008 1696 1074 1736 eo
1112 1689 1216 1745 est,
1264 1678 1461 1733 factam
1509 1675 1835 1731 afﬁciantur.
1877 1673 2030 1729 Post-

2126 570 2218 623 τὸν
2242 569 2447 641 Μωσῆν
2483 571 2714 641 εἰσάγει.
2755 570 2852 638 Μὴ
2900 573 3011 643 γὰρ
3072 572 3323 638 δοκεῖτε,
3374 579 3560 650 φησὶν,
3615 579 3722 635 ὅτι

2127 662 2243 734 ἐγὼ
2272 662 2664 732 κατηγορήσω
2718 663 2885 733 ὑμῶν
2913 666 3063 734 πρὸς
3108 667 3218 719 τὸν
3257 669 3492 738 Πατέρα
3513 687 3528 701 ο
3554 672 3714 742 οὐχὶ,

2129 756 2268 815 ἀλλά
2291 756 2376 819 τίς
2406 758 2555 809 ἐστιν
2580 757 2607 808 6
2630 756 2954 827 κατηγορῶν
2990 757 3167 828 ὑμῶν,
3205 760 3409 831 Μωσῆς
3438 761 3722 834 δηλονότι,

2129 852 2281 917 πρὸς
2303 847 2411 901 τὸν
2437 846 2686 915 Πατέραο
2718 840 2779 900 οῦ
2809 848 2934 912 τοὺς
2951 849 3152 918 νόμους
3175 849 3342 914 αὐτὸς
3370 854 3720 918 πιστευθεὶς,

2131 939 2227 993 καὶ
2255 938 2355 1009 τὴν
2388 938 2518 1010 περὶ
2573 937 2812 1011 Χριστοῦ
2868 941 3230 1011 προφητείαν,
3273 942 3591 1010 ἀξιόπιστος
3639 948 3726 999 ἄν

2131 1032 2438 1105 κατήγορος
2495 1031 2605 1102 εἴη,
2661 1033 2756 1086 καὶ
2805 1033 3250 1105 ἀπαράγραπτος
3319 1037 3530 1109 μάρτυς
3593 1042 3725 1093 τῶν

2135 1123 2624 1197 μεγαλαυχούντων
2655 1125 2754 1195 μὲν
2799 1124 2966 1180 αὐτοῦ
2989 1128 3117 1190 τοὺς
3164 1128 3364 1198 νόμους
3398 1130 3497 1184 καὶ
3537 1134 3725 1205 τιμᾷν

2132 1219 2230 1276 καὶ
2256 1220 2522 1291 στέργειν.
2557 1217 2725 1290 μηδὲν
2753 1216 2811 1270 δὲ
2841 1217 2952 1272 τῶν
2982 1217 3077 1272 ὑπ’
3105 1221 3271 1276 αὐτοῦ
3299 1223 3430 1292 περὶ
3459 1224 3554 1278 τοῦ
3585 1243 3724 1279 κοι-

2132 1313 2226 1367 νοῦ
2286 1311 2562 1366 Δεσπότου
2617 1311 2713 1364 καὶ
2765 1310 3020 1382 Σωτῆρος
3087 1311 3249 1382 ἡμῶν
3303 1314 3723 1372 θεσπισθέντων

2136 1403 2539 1475 προσιεμένων,
2560 1400 2589 1455 6
2614 1402 2911 1470 κεφάλαιον
2937 1398 3006 1475 ἦν
3029 1404 3124 1457 καὶ
3143 1405 3372 1475 κρηπὶς,
3391 1407 3489 1460 καὶ
3519 1409 3727 1478 προοί-

2138 1512 2261 1567 μιον
2313 1495 2413 1565 τῆς
2449 1494 2579 1563 ὅλης
2610 1492 2776 1548 αὑτοῦ
2803 1493 3148 1564 νομοθεσίας,
3181 1494 3318 1549 ἀλλά
3355 1496 3490 1569 μηδὲ
3524 1500 3729 1552 συναί-

2137 1587 2330 1660 σθησιν
2361 1586 2663 1656 ἀναστολῆς
2692 1584 2968 1640 λαϐόντων
3014 1585 3115 1657 τῆς
3159 1586 3239 1652 εἰς
3268 1587 3361 1641 τὸν
3394 1604 3728 1661 προφητευ-

2136 1680 2299 1736 θὲντα
2329 1679 2618 1752 παροινίας
2646 1696 2708 1732 τε
2740 1678 2838 1732 καὶ
2868 1678 3193 1750 θεομαχίας.
3222 1680 3326 1734 Διά
3356 1680 3568 1736 πολλῶν
3602 1685 3729 1737 τοί-

455 1790 617 1846 quam
651 1774 816 1845 igitur
841 1773 1026 1827 multis
1052 1771 1268 1826 Domini
1313 1770 1534 1833 verbis,
1562 1769 1674 1824 imo
1708 1785 1816 1824 non
1846 1766 2031 1822 verbis

2146 1788 2231 1825 νυν
2257 1767 2608 1845 Δεσποτικῶν
2650 1767 2870 1837 φωνῶν,
2905 1769 3004 1823 καὶ
3030 1769 3092 1823 οὐ
3125 1769 3321 1840 φωνῶν
3357 1771 3538 1841 μόνον,
3573 1772 3726 1828 ἀλλά

457 1867 668 1927 solum,
696 1864 789 1919 sed
837 1874 892 1919 et
934 1862 1089 1919 factis
1139 1862 1545 1932 apostolorum,
1590 1875 1832 1915 errorem
1882 1859 2031 1912 illum

2146 1864 2233 1920 καὶ
2254 1862 2533 1936 πράξεων,
2552 1861 2643 1916 ναὶ
2663 1860 2730 1933 δὴ
2756 1861 2851 1915 καὶ
2876 1860 2968 1916 διὰ
2989 1861 3100 1915 τῶν
3122 1862 3509 1917 ἀποπολικῶν
3537 1863 3727 1935 ἔργων

458 1960 798 2014 contulatum
827 1956 1099 2021 dedimus,
1132 1954 1224 2024 qui
1267 1953 1635 2024 principatum
1665 1951 1817 2023 regni
1849 1950 1943 2005 Dei
1979 1950 2034 2004 in

458 2050 595 2104 duas
621 2046 922 2103 contrarias
969 2055 1151 2116 partes
1192 2042 1428 2109 scindit,
1473 2058 1637 2113 quam
1678 2042 1895 2097 tandem
1938 2055 2036 2094 ve-

455 2143 602 2198 niam
646 2155 868 2211 sperare
899 2146 1132 2209 possunt
1169 2137 1244 2192 illi
1291 2137 1388 2207 qui
1451 2145 1578 2206 post
1617 2144 1695 2189 tot
1739 2134 2037 2203 impietatis

455 2233 858 2290 confutationcs
882 2230 1064 2285 adhuc
1085 2229 1213 2284 mali
1232 2228 1485 2299 principii
1511 2226 1778 2281 voluntati
1805 2226 1891 2287 iis,
1916 2240 2038 2294 quae

455 2324 677 2397 sapiunt
718 2333 774 2380 et
810 2323 1021 2387 vivunt,
1046 2321 1461 2383 obsecundant,
1495 2330 1551 2375 et
1586 2317 2040 2373 Patremt‘amilias

461 2416 701 2472 universi
749 2414 1037 2470 Beelzebul
1075 2422 1304 2473 vocant,
1356 2410 1645 2467 Beelzean
1690 2425 1823 2466 vero
1867 2408 2038 2464 Deum

458 2507 764 2572 occultum,
802 2515 858 2562 et
878 2504 1243 2571 inetl'abilem,
1276 2512 1332 2559 et
1358 2503 1592 2567 Bonum,
1615 2511 1670 2557 et
1703 2500 1943 2565 Patrem,
1980 2509 2041 2554 ut

458 2599 689 2657 foediora
721 2615 830 2653 non
853 2598 1030 2653 dicam
1052 2636 1068 2661 ,
1096 2596 1435 2661 renuntiant,
1471 2610 1576 2650 nec
1611 2594 1896 2649 victoriam
1932 2590 2041 2647 Do-

459 2693 596 2750 mini
639 2708 668 2746 a
714 2690 1174 2746 calumniantibus
1202 2688 1404 2744 Judaeis
1446 2676 1670 2742 relatam
1708 2693 1932 2756 stupent
1978 2699 2044 2740 ac

459 2794 807 2851 reverentur,
839 2798 1002 2854 quam
1030 2798 1127 2853 per
1168 2782 1385 2837 illorum
1430 2781 1574 2835 latus
1617 2796 1729 2834 non
1761 2781 1963 2844 minus,
1995 2777 2041 2832 si

461 2892 573 2935 non
606 2876 776 2947 magis
809 2883 866 2930 et
897 2874 1189 2939 illustrius,
1240 2889 1271 2929 a
1306 2872 1561 2945 praesenti
1604 2869 1912 2927 defectione
1950 2883 2042 2923 re-

460 2969 718 3041 portavit.
763 2966 1103 3037 lmpietatem
1137 2966 1306 3028 enim,
1341 2980 1504 3036 quam
1536 2964 1756 3034 utrique
1796 2977 2044 3018 commu-

462 3076 592 3117 nem
632 3059 862 3121 habent,
895 3056 1106 3112 etiamsi
1147 3071 1323 3111 novus
1368 3055 1458 3109 ille
1497 3061 1745 3125 apostata
1783 3052 2043 3108 audacius

463 3168 525 3209 se
564 3153 666 3207 hac
712 3152 763 3206 in
807 3159 960 3222 parte
1001 3150 1203 3217 jactat,
1250 3148 1533 3219 objectans
1576 3146 1794 3229 dicebat
1826 3163 1840 3200 :
1873 3144 2041 3200 Omne

462 3262 682 3315 regnum
713 3245 764 3298 in
796 3254 976 3314 partes
1007 3243 1227 3297 scissum
1248 3283 1263 3307 ,
1296 3259 1397 3297 non
1420 3242 1661 3297 consistet
1680 3240 1745 3296 ⁷⁸.
1772 3240 2040 3308 Quoniam

463 3339 611 3394 enim
644 3337 876 3407 improbi
907 3346 964 3392 et
995 3336 1202 3406 stupidi
1227 3334 1425 3401 Judzei,
1448 3336 1700 3390 videntes
1729 3335 2043 3390 Creatorem

464 3440 520 3486 et
547 3430 758 3486 animas
773 3438 829 3485 et
859 3444 1090 3500 corpora
1139 3429 1345 3484 morbis
1376 3428 1722 3494 liberantem,
1758 3426 2048 3485 Beelzebul

463 3523 728 3580 miracula
781 3524 896 3579 haec
937 3522 1439 3593 transcripserunt,
1489 3521 1562 3576 ita
1618 3530 1674 3576 et
1718 3520 2046 3585 defectionis

464 3614 630 3682 hujus
668 3625 1102 3686 propugnatores
1130 3630 1293 3684 opera
1323 3629 1586 3669 manuum
1627 3613 1748 3684 ejus
1788 3614 1844 3667 in
1891 3628 2051 3668 eum-

463 3709 589 3764 dem
643 3708 999 3763 transferunt.
1033 3706 1329 3777 Propterea
1372 3721 1438 3760 ex
1466 3705 1662 3760 merito
1706 3705 1897 3760 eadem
1938 3704 2049 3760 Do-

465 3799 602 3863 mini
633 3814 766 3855 voce
793 3799 1075 3870 utriusque
1098 3798 1269 3869 partis
1299 3813 1537 3870 pugnam
1566 3797 1679 3852 Deo
1720 3798 2049 3852 intentatam

466 3891 800 3948 confuderis.
845 3892 1002 3957 Quod
1040 3891 1086 3947 si
1129 3891 1275 3946 enim
1313 3890 1605 3945 iu‘divisum
1648 3888 2050 3958 Omnipotcntis

467 3984 762 4056 imperium
821 3984 1116 4045 dividatur,
1158 3981 1397 4038 divisum
1437 3995 1718 4051 nunquam
1761 3979 2049 4034 consistet.

468 4076 576 4132 Sed
608 4077 780 4146 prima
820 4075 909 4130 illa
960 4074 1160 4129 divisio
1198 4074 1343 4128 viam
1394 4079 1637 4136 sternet,
1686 4078 1749 4126 ut
1780 4071 1840 4126 in
1895 4070 2046 4125 mille

470 4167 701 4225 distrahi
732 4176 916 4238 queat,
939 4183 1041 4222 nec
1063 4182 1300 4237 unquam
1323 4174 1530 4221 certam
1553 4164 1741 4220 sedem
1760 4164 2052 4233 locumque

471 4262 733 4330 consequi
782 4259 973 4331 possit.
1031 4258 1499 4327 Quemadmodum
1569 4258 1754 4329 itaque
1822 4264 2053 4326 uterque

475 4353 908 4425 deprehenditur
938 4362 1128 4407 contra
1174 4350 1345 4407 Deum
1379 4365 1657 4422 pugnare,
1696 4347 1920 4405 Judaaus
1949 4346 2055 4401 sci-

470 4445 603 4503 licet
645 4454 702 4500 et
727 4452 999 4516 apostata,
1041 4443 1130 4498 ille
1169 4442 1390 4515 quidem
1430 4441 1728 4508 miracula,
1788 4441 1878 4496 hic
1918 4454 2052 4495 vero

2135 1976 2195 2012 τε
2225 1959 2319 2014 καὶ
2344 1957 2610 2030 ῥημάτων
2637 1955 2740 2026 τῆς
2771 1955 2983 2027 πλάνης
3013 1955 3384 2027 ὴλεγχμένης,
3424 1958 3460 2027 ἡ
3493 1957 3554 2010 τὸ
3575 1959 3725 2029 κρά..

2134 2067 2228 2115 τος
2254 2052 2353 2121 τῆς
2399 2047 2495 2101 τοῦ
2522 2045 2658 2101 Θεοῦ
2691 2046 2972 2118 βασιλείας
2998 2049 3079 2112 είς
3116 2047 3292 2119 ἀρχὰς
3327 2049 3727 2120 ἀντικειμένας

2138 2141 2335 2214 σχίζει,
2376 2142 2502 2196 τίνα
2532 2140 2723 2195 λοιπὸν
2752 2141 3088 2212 συγγνώμην
3120 2140 3336 2212 ἔχουσιν
3364 2143 3416 2197 oi
3458 2143 3599 2213 μετά
3621 2161 3718 2198 το-

2140 2234 2364 2299 σούτους
2387 2235 2485 2306 τῆς
2507 2233 2765 2298 ἀσεϐείας
2785 2235 3043 2304 ἐλέγχους
3090 2233 3171 2288 ἔτι
3202 2234 3283 2306 τῷ
3316 2234 3412 2289 τοῦ
3445 2237 3711 2307 Πονηροῦ,

2140 2326 2211 2381 δι’
2237 2320 2313 2381 ὧν
2345 2343 2405 2380 τε
2429 2325 2690 2397 φρονοῦσι
2709 2327 2805 2381 καὶ
2829 2325 2896 2380 δι’
2925 2319 3001 2380 ὧν
3036 2325 3238 2396 βιοῦσι,
3270 2327 3712 2398 καθυπηρετοῦνο

2137 2435 2230 2483 τες
2256 2418 2559 2489 θελήματι·
2589 2417 2796 2473 καὶτὸν
2823 2417 2923 2488 μὲν
2957 2417 3365 2489 Οἰκοδεσπότην
3389 2419 3486 2473 τοῦ
3514 2421 3720 2483 παντὸς

2140 2510 2467 2576 Βεελζεϐοὺλ
2488 2509 2801 2574 καλοῦντες,
2843 2510 2937 2565 τὸν
2972 2509 3029 2564 δὲ
3056 2510 3387 2576 Βεελζεὸοὺλ
3421 2511 3554 2565 Θεὸν
3581 2511 3721 2582 κρύ-

2141 2621 2264 2676 φιον
2293 2605 2388 2658 καὶ
2442 2603 2704 2676 ἀρῤητον,
2764 2604 2863 2657 καὶ
2914 2602 3142 2672 ἀγαθὸν,
3176 2605 3275 2657 καὶ
3313 2604 3549 2675 πατέρα,
3594 2604 3721 2657 ἀλλ’

2139 2698 2241 2750 οὐκ
2271 2695 2339 2750 ἂν
2376 2694 2592 2765 εἴποιμι
2631 2695 2693 2749 τὸ
2742 2694 3075 2765 ἀθειότερον,
3121 2694 3559 2764 ἀποφαίνοντες·
3617 2699 3721 2750 καὶ

2144 2789 2282 2860 μηδὲ
2308 2787 2402 2841 τὸν
2444 2788 2581 2858 πρὸς
2634 2787 2762 2850 τοὺς
2814 2785 3233 2858 δυσφημοῦντας
3285 2787 3394 2840 τῶν
3444 2786 3727 2842 Ἰουδαίων

2139 2879 2468 2934 Δεσποτικδν
2484 2877 2849 2950 ὲκτεθηπότες
2868 2878 2962 2933 καὶ
2991 2879 3473 2950 καταπτήσσοντες
3508 2878 3716 2951 θρίαμ-

2150 2974 2265 3037 6ον,
2295 2972 2356 3025 δν
2382 2971 2451 3024 δι’
2482 2970 2708 3025 ἐκείνων
2733 2970 2887 3024 οὐδὲν
2923 2970 3172 3036 ἔλαττον,
3203 2973 3252 3024 εί
3277 2971 3374 3024 καὶ
3410 2972 3486 3043 μὴ
3515 2972 3724 3041 μᾶλλον

2141 3065 2287 3121 κατά
2333 3066 2434 3134 τῆς
2494 3064 2590 3118 νῦν
2641 3063 2999 3126 ἀποστασίας.
3051 3061 3251 3118 Κοινδν
3284 3061 3395 3134 γὰρ
3452 3064 3637 3127 αὐτοῖς
3662 3071 3731 3117 τὸ

2145 3157 2459 3228 θεομαχεῖν,
2513 3155 2562 3208 εί
2594 3155 2689 3209 καὶ
2729 3152 3129 3225 νεανικώτερον
3172 3154 3202 3206 6
3240 3153 3555 3224 ἀποστάτης
3581 3154 3728 3224 θρα-

2147 3249 2370 3304 σύνεται
2394 3247 2697 3319 προτείνων
2724 3245 2899 3314 ἔλεγε·
2932 3243 3110 3301 Πᾶσα
3131 3245 3420 3310 ,βασιλεία
3453 3245 3545 3314 ἐφ’
3572 3246 3727 3301 ἐαυ-

2143 3342 2261 3411 τὴν
2294 3339 2670 3412 μεριζομένη,
2709 3342 2781 3395 οὐ
2816 3338 3297 3405 συσταθήσεται.
3339 3338 3489 3392 Ἐπεὶ
3519 3338 3629 3408 γὰρ
3671 3339 3730 3393 οι

2144 3431 2256 3486 τῶν
2325 3429 2598 3484 Ἰουδαίων
2651 3428 2973 3499 ἀγνώμονες
3020 3427 3115 3482 τὸν
3169 3427 3431 3497 Πλάστην
3488 3427 3735 3499 ὁρῶντες

2147 3523 2532 3579 ἀπελαύνοντα
2586 3522 2681 3578 καὶ
2743 3521 2938 3593 ψυχῶν
2976 3522 3073 3576 καὶ
3127 3521 3402 3592 σωμάτων
3456 3521 3523 3574 τὰ
3553 3521 3734 3591 πάθη,

2146 3617 2239 3671 τὸν
2270 3615 2603 3680 Βεελξεϐοὺλ
2662 3615 2785 3679 ταῖς
2829 3614 3182 3685 θεοσημείαις
3236 3614 3601 3685 ἐπεφήμιζον,
3631 3617 3727 3668 καὶ

2146 3710 2199 3763 οἱ
2231 3711 2329 3780 τῆς
2351 3705 2693 3771 ἀποστασίας
2730 3706 3043 3777 ὑπέρμαχοι
3073 3707 3146 3761 τά
3180 3705 3320 3779 ἔργα
3357 3706 3471 3760 τῶν
3529 3704 3725 3776 χειρῶν

2148 3801 2317 3855 αὐτοῦ
2350 3802 2430 3866 είς
2458 3800 2549 3854 τὸν
2575 3800 2739 3854 αὐτὸν
2795 3801 3154 3870 ἀναφέρουσι.
3183 3801 3283 3855 Διά
3313 3801 3475 3856 τοῦτο
3502 3801 3725 3863 δικαίως

2149 3894 2217 3962 τῇ
2246 3891 2385 3962 αὐτῇ
2422 3893 2729 3962 Δεσποτικῇ
2792 3893 2944 3961 φωνῇ
2978 3890 3073 3945 καὶ
3109 3890 3170 3944 τδ
3223 3889 3495 3962 θεομάχον
3526 3892 3738 3960 ἀμφοῖν

2152 3983 2507 4056 στηλιτεύοιτ’
2548 3983 2639 4037 ἄν.
2691 3984 2802 4038 Καὶ
2846 3984 2957 4054 γάρ
2988 3983 3151 4055 εἴπερ
3179 3984 3223 4054 η’
3270 3982 3371 4054 μία
3403 3983 3500 4036 τοῦ
3526 4000 3701 4036 παντο

2151 4076 2423 4147 κράτορος
2457 4075 2602 4147 ἀρχὴ
2627 4075 2985 4147 διατέτμηται
3007 4115 3024 4140 ,
3077 4077 3180 4130 οὐκ
3220 4076 3289 4131 ἂν
3321 4074 3552 4146 συσταίη
3585 4092 3739 4145 τμη-

2149 4168 2330 4223 θεῖσα.
2381 4167 2521 4222 Ἀλλ’
2550 4171 2585 4241 ἡ
2645 4166 2838 4240 πρώτη
2883 4170 3030 4241 τομὴ
3073 4169 3194 4233 ὁδὸς
3245 4167 3576 4225 καθέσταται
3628 4167 3741 4225 τοῦ

2153 4265 2247 4319 καὶ
2270 4266 2351 4330 είς
2392 4264 2564 4337 μυρία
2594 4264 2963 4336 διαιρεθῆναι,
3000 4266 3096 4320 καὶ
3127 4266 3403 4337 μηδεμίαν
3439 4264 3602 4335 ἕδραν
3637 4266 3743 4318 καὶ

2155 4356 2347 4411 στάσιν
2388 4357 2587 4427 μηκέτι
2614 4356 2879 4412 δύνασθαι
2934 4357 3143 4413 λαϐεῖν.
3179 4358 3390 4427 ’Ὠσπερ
3420 4356 3514 4411 οὖν
3543 4356 3747 4409 ἑκάτε-

2157 4466 2253 4522 ρος
2285 4449 2569 4504 ἁλίσκεται
2619 4440 2927 4520 θεομαχῶν,
2988 4449 3084 4504 καὶ
3149 4453 3180 4504 6
3240 4449 3494 4514 Ἰουδαῖος
3548 4451 3647 4503 καὶ
3712 4451 3747 4503 ὁ

471 4549 751 4596 creaturas
772 4538 868 4593 Dei
901 4536 1045 4593 hosti
1073 4536 1419 4601 adscribens,
1459 4535 1534 4590 ita
1554 4542 1747 4590 contra
1788 4545 2042 4605 utrosque

2158 4542 2498 4612 ἀποστάτης,
2525 4543 2554 4595 6
2589 4540 2689 4612 μὲν
2717 4539 2819 4603 τὰς
2847 4539 3197 4611 θεοσημείας,
3219 4542 3250 4594 6
3273 4540 3334 4595 δὲ
3359 4540 3430 4595 τά
3465 4541 3745 4610 δημιουρ-

469 4635 618 4692 valet
641 4633 956 4692 communis
975 4640 1031 4690 et
1057 4630 1392 4689 invincibilis
1414 4629 1635 4687 Domini
1661 4630 1910 4701 rejectio.

547 4899 691 4954 XIV.
726 4900 834 4956 Sed
872 4916 982 4971 quo
1003 4898 1299 4963 devenitis,
1348 4899 1633 4954 hominesl
1683 4913 1784 4953 cur
1823 4896 2057 4952 Domino

480 4991 691 5057 relicto,
725 5008 1050 5047 conservum
1080 5005 1326 5047 vestrum
1350 5029 1367 5057 ,
1398 4990 1484 5045 vel
1527 4989 1712 5060 potius
1752 5003 1970 5043 servum
2004 4995 2060 5042 et

481 5095 805 5159 apostatam,
835 5096 891 5141 et
908 5086 1183 5141 universae
1198 5094 1401 5142 nostra:
1419 5094 1628 5141 natura;
1658 5083 1785 5138 inde
1807 5083 1877 5138 ab
1908 5081 2064 5137 initio

481 5179 854 5236 insidiatorem
914 5178 1256 5233 conditorem
1322 5177 1478 5232 vobis
1538 5173 1912 5231 constituitis?
1965 5187 2066 5227 cur

465 5270 730 5327 Creatori
760 5270 1140 5326 renuntiantes
1167 5269 1219 5324 ei
1247 5284 1349 5325 vos
1379 5268 1616 5332 traditis,
1644 5266 1734 5337 qui
1777 5264 2064 5321 interitum

481 5370 732 5418 nostrum
772 5359 985 5432 qumrit,
1020 5369 1077 5415 et
1116 5374 1229 5413 non
1265 5359 1462 5413 animae
1503 5358 1702 5425 solum,
1735 5357 1831 5412 sed
1851 5366 1906 5412 et
1937 5371 2064 5411 cor-

481 5457 605 5530 pori
658 5454 962 5527 perniciem
1015 5452 1213 5509 all'erre
1268 5452 1537 5533 conatur?
1587 5468 1687 5508 cur
1751 5451 1819 5508 ad
1882 5451 2062 5508 lucem

483 5548 788 5606 cascmitis?
816 5562 916 5603 cur
936 5562 1067 5602 vero
1098 5546 1351 5603 tenebras
1370 5560 1497 5600 cum
1528 5545 1648 5600 luce
1672 5543 2065 5615 permutastis?

485 5639 751 5717 Ivigilate
783 5656 848 5696 ex
906 5640 1156 5711 crapula,
1204 5639 1412 5710 surgite
1467 5653 1536 5694 ex
1584 5638 1774 5695 lethali
1844 5654 2062 5712 sopore,

558 5846 606 5879 "
644 5843 804 5902 Joan.
835 5862 889 5917 ν,
925 5844 1016 5902 65.
1094 5845 1138 5879 ⁷⁸
1176 5843 1396 5915 Matth,
1432 5860 1532 5913 xu,
1561 5843 1654 5900 25.

2151 4631 2382 4702 γήματα
2440 4631 2534 4684 τοῦ
2575 4629 2712 4685 Θεοῦ
2761 4630 2939 4693 διδοὺς
2992 4630 3074 4700 τῷ
3128 4630 3363 4702 Ἑχθρῷ,
3414 4629 3556 4684 οὕτω
3612 4630 3751 4684 κατ’

2150 4724 2360 4794 ἀμφοιν
2416 4720 2576 4793 κοινὴ
2627 4723 2724 4776 καὶ
2762 4721 3005 4792 ἄφυκτος
3052 4723 3089 4793 ἡ
3118 4721 3398 4791 ἀπόφασις
3434 4724 3488 4793 ,η
3528 4726 3752 4774 Δεσπορ

2153 4817 2307 4887 τική.

2225 4911 2328 4966 IA’.
2401 4907 2544 4964 Ἀλλ’
2603 4901 2649 4963 ὦ
2710 4910 2804 4962 ποτ
2861 4909 3119 4981 φέρεσθε,
3175 4907 3488 4979 ἀνθρωποιί
3538 4906 3592 4960 τε
3644 4906 3756 4961 τὸν

2157 5000 2439 5072 Δεσπότην
2478 4999 2710 5071 ἀφέντες
2744 5000 2838 5054 τὸν
2864 5000 3176 5071 ὁμόδουλον,
3218 5000 3421 5071 μᾶλλον
3462 5000 3521 5054 δὲ
3549 4996 3757 5053 δοῦλον

2159 5092 2257 5148 καὶ
2284 5090 2624 5160 ἀποστάτην,
2667 5089 2762 5143 καὶ
2796 5089 2900 5159 τῆς
2945 5088 3074 5161 ὅλης
3105 5087 3263 5161 ἡμῶν
3287 5086 3384 5143 ἀπ’
3406 5088 3585 5157 ἀρχῆς
3619 5085 3757 5138 επί-

2160 5182 2354 5240 δουλον
2375 5180 2594 5252 φύσεως
2638 5178 2972 5252 δημιουργὸν
3005 5181 3216 5242 ἑαυτοῖς
3285 5178 3659 5250 ὲπιγράφετεις
3691 5177 3757 5231 τί

2160 5276 2251 5330 τὸν
2282 5274 2539 5344 Πλάστην
2590 5270 2914 5334 ἀθετοῦντες
2957 5269 3037 5342 τῷ
3063 5271 3165 5341 τὴν
3225 5268 3435 5341 φθορὰν
3454 5268 3613 5340 ἡμῶν
3635 5266 3747 5340 ζη-

2163 5367 2348 5425 τοῦντι
2396 5367 2492 5421 καὶ
2547 5363 2926 5430 σπουδάζοντι,
2969 5363 3031 5416 οὐ
3091 5362 3190 5434 τὴν
3220 5365 3319 5433 τῆς
3347 5361 3527 5433 ψυχῆς
3561 5360 3753 5431 μόνον,

2167 5461 2307 5519 ἀλλά
2370 5461 2467 5515 καὶ
2521 5459 2617 5514 τοῦ
2681 5455 2934 5528 σώματος
2989 5457 3217 5520 ἑαυτοὺς
3273 5454 3640 5526 ὲγχειρίζετες
3692 5452 3757 5506 τί

2169 5552 2311 5625 πρὸς
2338 5551 2402 5606 τὸ
2431 5552 2546 5622 φῶς
2584 5549 2934 5620 ὲτυφλώθητε
2963 5566 2979 5615 ;
3015 5549 3070 5602 τί
3099 5549 3157 5601 δὲ
3183 5548 3246 5601 τὸ
3277 5546 3469 5610 σκότος
3509 5545 3605 5599 τοῦ
3637 5562 3755 5614 φω-

2169 5645 2263 5711 τὸς
2290 5643 2629 5716 ἠλλάξασθες
2665 5642 2969 5716 Ἐκνήψατε
2993 5640 3093 5714 τῆς
3125 5639 3298 5713 μέθης
3317 5657 3331 5671 ·
3357 5639 3627 5709 ἀνάστητε
3648 5635 3751 5691 τοῦ
