3986 6414
224 373 307 436 121
1262 386 1561 448 CONTRA
1605 386 2063 449 MANICH/EOS
2101 390 2334 449 LIBER
2366 391 2481 453 IIl.

3420 384 3523 447 122

218 487 582 559 ψυχοφθόρου
661 495 836 564 κάρον
865 513 880 528 ο
916 496 1221 553 ἀναλάϐετε
1250 501 1354 571 τῆς
1400 503 1676 564 ἀπωλείας
1703 503 1833 556 ἑαυ-

1949 504 2135 573 3ripite
2188 520 2285 560 vos
2338 503 2653 575 perditioni.
2721 502 3006 570 Quomodo
3060 517 3190 556 vero
3249 500 3363 554 ﬁeri
3419 501 3523 555 hoc

218 578 353 642 τούς.
401 581 533 635 Καὶ
569 585 709 649 πῶς
739 586 806 642 ἂν
836 588 1052 656 γένοιτο
1083 590 1279 659 coiit-0;
1320 596 1369 647 εί
1396 594 1506 647 τῶν
1560 594 1839 665 πράξεων,

220 679 272 728 ἐν
294 669 384 737 αἷς
426 676 567 746 ἔχει
598 682 675 733 τὸ
703 684 908 753 κράτος
936 686 965 737 6
1008 686 1255 757 Ἐχθρὸς,
1291 689 1649 760 ἀποστροφὴν
1681 691 1842 758 μελε-

220 768 461 834 τῆσοιτε,
507 772 806 844 πρότερον
853 779 1130 845 πορνείαν,
1166 779 1234 831 δι’
1283 775 1351 850 ἧς
1410 780 1691 851 φθείρεται
1743 783 1843 851 μὲν

218 859 275 910 τὸ
320 859 524 929 σῶμα,
580 864 883 936 φθείρεται
924 869 982 922 δὲ
1024 869 1124 940 τὴν
1152 869 1546 943 χαλεπωτέραν
1571 874 1841 945 φθοράνὴ

218 950 388 1019 ψυχὴ,
421 952 492 1003 τὸ
524 954 947 1012 αὑτοδέσποτον
969 960 1187 1015 διδοῦσα
1224 962 1504 1017 δουλεύειν
1531 966 1645 1026 τοῖς
1678 963 1845 1016 πάθε-

223 1057 344 1093 σινο
378 1043 659 1111 ἀδικίαν,
729 1044 798 1119 ἧς
849 1052 1261 1122 ἐπικρατούσης
1307 1053 1435 1107 οὔτε
1487 1055 1657 1119 οἰκία,
1715 1054 1842 1109 οὔτε

223 1133 399 1195 vim,
475 1134 630 1190 οὔτε
694 1138 809 1209 βίος
868 1142 1008 1205 ὅλως
1063 1144 1406 1215 ἀνθρώπινος
1469 1146 1842 1210 διασώζεται·

227 1225 557 1293 ἐπιορκίαν,
607 1229 716 1301 τὴν
746 1231 1074 1303 βυθίηζουσαν
1097 1236 1195 1307 τὴν
1223 1236 1404 1307 ψυχὴν
1451 1242 1533 1303 εἰς
1555 1240 1845 1307 καταφώ*

229 1330 381 1379 νησιν
418 1316 532 1370 τοῦ
585 1319 735 1375 Θεοῦ
763 1339 778 1353 ο
812 1326 1189 1395 μισαδελφίαν,
1220 1329 1286 1381 δι’
1334 1325 1403 1402 ἦς
1426 1333 1455 1384 6
1486 1331 1665 1394 κοινὸς
1688 1331 1846 1402 ὑδρί-

233 1403 380 1468 ζεται
437 1408 761 1481 πλάστης·
809 1414 839 1466 6
883 1415 993 1486 γὰρ
1038 1417 1099 1470 τὸ
1142 1418 1367 1488 πλάσμα
1396 1421 1579 1493 μισῶν,
1610 1422 1840 1493 δωρεὰν,

235 1497 327 1566 τὴν
393 1500 485 1561 εἰς
538 1502 651 1555 τὸν
701 1504 957 1577 Πλάστην
1006 1508 1310 1574 διαϐιϐάζει
1382 1490 1701 1582 παροινίαν,
1735 1517 1849 1569 Μι-

241 1590 441 1658 σήσατε
490 1591 893 1664 ψευδολογίαν,
952 1601 1249 1668 συνιέντες,
1277 1604 1353 1667 ὡς
1395 1606 1424 1657 ὁ
1480 1606 1575 1659 τοῦ
1618 1606 1846 1676 ψεύδους

242 1682 423 1751 πατὴρ
501 1687 537 1737 6
620 1687 874 1754 διάϐολός
941 1692 1082 1747 ἐστι.
1156 1696 1490 1767 Μυσάχθητε
1577 1714 1848 1767 συκοφαν-

246 1776 392 1835 τίαν,
464 1777 615 1849 ἥτις
678 1783 789 1833 τῶν
857 1784 1198 1840 ἀνελπίστων
1274 1790 1459 1843 κακῶν
1520 1791 1692 1844 πολλά
1752 1792 1844 1844 καὶ

258 1866 474 1935 ὁρᾶσθαι
509 1872 949 1940 κατεπράξατο·
985 1874 1189 1949 φύγετε
1236 1876 1335 1946 τὴν
1360 1880 1675 1948 μιαιφονίαν
1704 1897 1717 1909 ·
1747 1881 1843 1933 ἀπ’

268 1956 417 2025 ἀρχῆς
451 1959 581 2028 γὰρ
617 1962 646 2013 6
688 1961 919 2032 Ἐχθρὸς
949 1965 1396 2036 ἀνθρωποκτόνος
1417 1966 1507 2041 ἦν’
1533 1972 1629 2041 τὴν
1651 1970 1848 2041 φιλαρ-

266 2046 469 2115 γυρίαν,
490 2050 545 2101 εἰ
577 2052 717 2119 μήτε
744 2051 891 2117 ἄλλο,
927 2054 1018 2106 τὸν
1061 2056 1263 2111 Ἰούδαν
1287 2058 1630 2121 ἐννοοῦντες·
1660 2060 1847 2131 βδελύ-

260 2136 417 2200 ξασθε
471 2140 692 2211 κλοπὴν
752 2145 845 2196 καὶ
894 2144 1079 2209 δόλους
1128 2149 1269 2202 κατά
1290 2149 1388 2202 τοῦ
1439 2150 1690 2221 πλησίον,
1752 2150 1847 2204 καὶ

255 2227 458 2297 γάμων
483 2230 789 2301 ἀλλοτρίων
817 2234 1137 2306 διαφθορὰς,
1179 2240 1277 2293 καὶ
1307 2242 1545 2310 τρυφὴν,
1581 2241 1680 2295 καὶ
1719 2243 1848 2296 ἀκο-

254 2316 485 2381 λασίαν,
514 2322 616 2373 καὶ
643 2323 812 2393 μέθην
842 2326 941 2394 τῆς
971 2327 1250 2392 πολιτείας
1283 2330 1439 2399 ὑμῶν
1462 2331 1807 2403 ἐκκαθάρατε
1829 2349 1841 2365 ·

268 2407 493 2471 τούτοις
512 2410 621 2480 γὰρ
641 2413 1069 2484 συνεισέρχεται,
1093 2419 1307 2483 τούτοις
1336 2421 1564 2492 ἥδεταιὸ
1599 2422 1841 2493 Ἐχθρὸς.

283 2501 375 2554 Ἐν
403 2504 611 2568 τούτοις
651 2507 923 2577 λαμϐάνει
956 2510 1054 2582 τὴν
1094 2514 1249 2584 ἰσχὺν
1292 2515 1705 2570 καταδουλῶσαι
1742 2518 1845 2589 μὲν

258 2590 322 2642 τὸ
374 2595 640 2663 φρόνημα
690 2598 866 2667 ὑμῶν,
909 2602 1003 2654 καὶ
1046 2601 1337 2674 διαστῆσαι
1365 2606 1459 2659 τοῦ
1498 2607 1842 2680 δημιουργή-

256 2699 454 2747 σαντος
494 2686 668 2751 Θεοῦ,
708 2693 896 2745 πεῖσαι
944 2693 1000 2747 δὲ
1050 2695 1377 2765 πλάσματα,
1429 2700 1524 2751 καὶ
1564 2697 1707 2753 εἶναι
1748 2701 1847 2753 καὶ

255 2772 630 2844 ὀνομάζεσθαι
690 2780 856 2833 αὑτοῦ
887 2798 901 2811 ·
938 2781 1004 2835 ἂν
1040 2783 1151 2836 τῶν
1211 2784 1388 2855 ἔργων
1438 2785 1604 2839 αὑτοῦ
1643 2786 1753 2840 τῶν
1785 2804 1847 2839 τε

256 2869 564 2937 εἰρημένων
612 2871 712 2923 καὶ
773 2872 883 2925 τῶν
934 2874 1333 2945 παραπλησίων
1395 2877 1695 2946 ἀποστῆτε,
1750 2879 1847 2932 καὶ

257 2961 406 3023 uini»;
437 2961 756 3028 ἀφίσταται
802 2964 895 3033 ἀφ’
925 2965 1100 3034 ὑμῶν,
1143 2967 1243 3020 οὐκ
1278 2966 1415 3036 ἔχων
1466 2965 1548 3031 οἷς
1586 2969 1844 3043 ἐδρασθῇ,

264 3060 341 3111 καὶ
384 3054 468 3121 οἷς
505 3061 981 3131 ὲπαναπαύσηται
1032 3065 1091 3117 ὲν
1122 3066 1273 3134 ὑμῖν.
1321 3068 1432 3120 Καὶ
1468 3069 1590 3121 τότε
1643 3070 1771 3140 ὑμῖν
1808 3072 1843 3142 ή

1945 598 2160 666 potest?
2189 598 2233 652 si
2280 599 2347 653 ab
2397 598 2701 653 actionibus
2732 598 2857 661 illis,
2902 597 2957 649 in
3002 593 3202 665 quibus
3244 594 3418 646 hostis
3443 594 3523 646 vis

1947 690 2117 758 posita
2152 699 2253 754 est,
2296 699 2542 745 avertere
2570 706 2666 745 vos
2689 690 2949 744 laboretis
2982 709 2994 743 :
3034 698 3089 742 et
3114 688 3349 756 primum
3392 702 3523 754 qm-

1945 782 2067 836 dem
2113 797 2143 835 a
2200 782 2569 849 scortatione,
2619 797 2716 852 per
2776 797 2937 850 quam
2986 780 3233 850 perditur
3289 793 3520 845 corpus,

1944 875 2225 944 multoque
2271 875 2439 945 magis
2498 876 2680 929 anima
2704 917 2718 939 ,
2768 890 2798 928 a
2838 889 2941 943 qua
2975 874 3278 926 libertatem
3313 868 3525 923 habetis

1944 966 2259 1038 indulgendi
2290 966 2615 1025 aﬂectibus;
2661 975 2776 1019 tum
2799 964 2866 1017 ab
2896 963 3181 1033 injustitia,
3212 976 3318 1029 qua
3348 957 3524 1012 domi—

1944 1067 2111 1112 nante
2136 1073 2240 1111 nec
2289 1057 2517 1120 domus,
2560 1069 2665 1109 nec
2703 1053 2932 1117 civitas,
2994 1066 3098 1105 nec
3133 1050 3242 1104 vita
3285 1046 3525 1101 hominis

1946 1151 2171 1205 omnino
2209 1158 2600 1213 conservatur;
2648 1162 2679 1201 a
2722 1146 2983 1216 periurio,
3011 1141 3155 1213 quod
3195 1140 3430 1193 animam
3468 1138 3523 1190 in

1946 1240 2407 1309 contemptionem
2472 1238 2566 1291 Dei
2632 1236 2972 1306 praecipitem
3030 1231 3187 1303 agit:
3248 1230 3316 1283 ab
3398 1227 3524 1281 odio

1947 1331 2203 1401 proximi,
2230 1346 2327 1400 per
2353 1329 2499 1398 quod
2550 1326 2855 1382 communis
2877 1324 3101 1379 Creator
3134 1320 3330 1390 injuria
3354 1317 3527 1371 allici-

1948 1432 2079 1477 tur:
2115 1421 2208 1491 qui
2248 1422 2393 1476 enim
2424 1428 2729 1475 creaturam
2786 1417 2906 1471 sine
2955 1430 3119 1470 causa
3160 1412 3311 1475 odit,
3345 1411 3524 1477 impo‘

1948 1514 2172 1568 tentiam
2209 1528 2360 1567 suam
2394 1513 2448 1566 in
2478 1512 2661 1581 ipsum
2691 1509 3030 1565 conditorem
3072 1502 3355 1562 transfert.
3384 1499 3525 1554 Odio

1947 1619 2113 1673 porro
2162 1604 2402 1658 habeatis
2457 1601 2841 1661 mendacium,
2893 1599 3196 1669 cogitantes
3253 1592 3522 1649 mendacii

1948 1705 2155 1765 patrem
2183 1710 2304 1751 esse
2335 1694 2610 1749 diabolum
2642 1709 2658 1759 ;
2696 1690 3026 1746 aversemini
3068 1686 3489 1743 fraudulentiam
3509 1721 3524 1747 ,

1949 1800 2070 1853 qua:
2121 1784 2263 1838 mala
2307 1784 2470 1837 etiam
2512 1797 2626 1835 non
2676 1788 2893 1850 sperata
2950 1777 3299 1840 conciliavit;
3356 1773 3522 1843 fugite

1950 1876 2352 1931 homicidium:
2418 1874 2594 1929 hostis
2679 1871 2822 1926 enim
2886 1871 2956 1925 ab
3024 1869 3181 1923 initio
3252 1865 3525 1920 homicida

1948 1979 2105 2032 erat;
2176 1968 2456 2023 avaritiam
2505 1967 2658 2027 item,
2713 1962 2939 2027 Judam,
3006 1960 3112 2014 nisi
3182 1958 3326 2012 aliud
3366 1956 3527 2025 quid-

1946 2077 2157 2131 quam,
2250 2060 2659 2130 recogitantes;
2743 2052 3101 2112 exsecremini
3184 2050 3388 2104 furtum
3470 2054 3526 2101 et

1948 2152 2100 2207 dolos
2129 2160 2319 2206 contra
2365 2152 2700 2218 proximum,
2751 2148 2992 2215 itemque
3048 2142 3414 2203 adulterium,
3466 2147 3523 2191 et

1946 2244 2135 2298 luxum
2168 2243 2237 2308 jet
2275 2240 2760 2302 incontinentiam,
2808 2247 2863 2292 et
2906 2234 3277 2291 temulentiam
3321 2246 3351 2284 a
3395 2230 3522 2283 vitze

1946 2344 2144 2390 vestrae
2174 2332 2477 2388 rationibus
2508 2331 2741 2384 alienam
2786 2327 3054 2383 habeatis.
3090 2325 3185 2378 His
3213 2322 3357 2376 enim
3388 2335 3525 2372 con-

1948 2427 2174 2490 suescit,
2209 2426 2293 2480 his
2319 2425 2622 2479 delectatur
2683 2421 2885 2485 hostis;
2951 2419 3007 2473 in
3065 2418 3150 2471 his
3210 2414 3523 2469 facultatem

1947 2519 2144 2588 accipit
2168 2526 2379 2572 mentes
2404 2525 2611 2571 vestras
2640 2515 2743 2570 sibi
2776 2512 3125 2583 subjiciendi,
3156 2522 3211 2564 et
3239 2504 3525 2562 avertendi

1947 2628 1979 2668 a
2028 2612 2141 2667 Deo
2197 2610 2516 2675 conditore,
2570 2608 3047 2678 persuadendique
3104 2600 3409 2664 creaturis,
3466 2606 3525 2650 ut

1949 2720 2061 2760 suae
2103 2714 2161 2760 et
2198 2703 2307 2756 sint
2363 2710 2418 2756 et
2461 2701 2810 2771 appellentur
2845 2718 2858 2753 :
2890 2700 2935 2754 si
2966 2711 3100 2751 vero
3149 2695 3218 2749 ab
3265 2691 3529 2760 operibus

1948 2797 2067 2865 ejus
2118 2804 2232 2848 tum
2281 2792 2727 2848 commemoratis
2795 2799 2910 2844 tum
2981 2787 3203 2840 illorum
3262 2780 3529 2835 similibus

1949 2883 2293 2946 abstineatis,
2346 2882 2509 2937 etiam
2552 2882 2670 2949 ipse
2727 2874 3031 2933 abstinebit
3082 2888 3111 2926 a
3168 2869 3358 2932 vobis,
3417 2880 3529 2917 non

1950 2979 2159 3034 habens
2187 2976 2510 3047 quidquam,
2545 2974 2598 3027 in
2630 2987 2739 3041 quo
2791 2970 3061 3025 innitatur
3091 2976 3148 3019 et
3195 2960 3526 3031 acquieseat.

1949 3072 2251 3126 Tuncvero
2285 3068 2468 3123 divina
2496 3064 2667 3137 gratia
2711 3062 2976 3132 aﬂ'ulgens
3034 3052 3361 3111 illuminabit
3408 3064 3526 3110 vos,

266 3150 365 3203 θεία
380 3152 554 3221 χάρις
585 3151 948 3221 ὲπιλάμψασα
978 3155 1267 3223 ἐναυγάσει
1286 3156 1533 3228 πλάστην
1550 3139 1845 3228 ὲπιγιγνώζ

1950 3171 2009 3217 ιιι
2048 3162 2385 3217 conditorem
2431 3166 2488 3212 et
2520 3156 2771 3227 Opiﬁcem
2816 3149 3147 3222 agnoscatis,
3188 3159 3299 3199 non
3344 3139 3529 3194 inimi-

260 3260 397 3295 σχειν
443 3245 555 3297 καὶ
612 3244 971 3314 δημιουργὸν,
1021 3246 1083 3298 ού
1144 3242 1237 3298 τδν
1295 3250 1586 3303 ἐπίϐουλον
1627 3251 1841 3322 ἐχθρὸν,

260 3337 385 3388 ἀλλά
412 3338 511 3389 τὸν
538 3336 753 3404 ἀγαθὸν
790 3338 885 3390 καὶ
925 3337 1311 3408 φιλάνθρωπον
1354 3339 1506 3405 Θεὸν,
1542 3344 1599 3393 ὲν
1625 3335 1670 3411 ᾧ
1698 3344 1845 3396 ἐκτί-

270 3426 357 3493 σθη
382 3428 452 3480 τὰ
482 3427 671 3498 ὁρατά
700 3428 793 3480 καὶ
815 3427 884 3479 τὰ
906 3426 1134 3497 ἀόρατα,
1159 3428 1354 3498 ἀρχαὶ,
1381 3432 1476 3483 καὶ
1519 3431 1722 3501 θρόνοι,
1749 3434 1843 3486 καὶ

269 3518 513 3583 ἐξουσίαι,
548 3520 649 3572 καὶ
667 3519 949 3588 δυνάμεις,
979 3519 1072 3571 καὶ
1091 3522 1119 3573 6
1136 3522 1325 3589 παρὼν
1355 3521 1576 3592 σύμπας
1597 3525 1845 3595 καὶόρώ-

262 3630 409 3681 μενος
437 3613 684 3681 κόσμος.
710 3611 820 3664 Καὶ
851 3611 961 3680 γὰρ
987 3610 1055 3664 δι’
1086 3612 1252 3665 αὐτοῦ
1285 3614 1463 3667 πάντα
1501 3616 1717 3683 γέγονε,
1744 3618 1845 3672 κᾶν

254 3708 284 3775 ἡ
318 3704 669 3765 ἀποστασία,
692 3703 1188 3773 προκαταλαϐοὖσα
1216 3705 1316 3774 τῆς
1337 3706 1515 3777 ψυχῆς
1550 3708 1620 3760 τά
1657 3708 1845 3780 ὄμμα-

251 3813 334 3859 τα,
364 3796 463 3847 τὸν
496 3793 842 3864 δημιουργὸν
895 3793 1115 3863 βλέπειν
1162 3796 1223 3847 ού
1263 3795 1497 3851 δίδωσιν.
1534 3799 1678 3862 Ἕως
1704 3800 1748 3852 δ’
1778 3800 1845 3854 ἂν

250 3895 356 3952 τοῖς
382 3889 483 3942 τοῦ
522 3888 772 3958 Πονηρού
805 3888 1229 3960 καθυπηρετῆτε
1262 3891 1583 3961 θελήμασιν,
1634 3896 1728 3948 καὶ
1754 3895 1832 3966 τῷ

252 3982 510 4052 μρϐόρῳ
551 3980 663 4032 τῶν
710 3979 952 4050 αἰσχρῶν
984 3980 1188 4051 ἡδονῶν
1236 3982 1716 4055 συναναφύρησθε,
1750 3986 1845 4040 καὶ

252 4077 372 4128 ἀντὶ
400 4074 521 4126 τῶν
570 4073 857 4143 σωτηρίων
898 4074 1076 4126 πόνων
1123 4076 1189 4143 τῇ
1220 4072 1556 4147 ψυχοφθόρῳ
1589 4078 1844 4153 ῥᾳστώνῃ

251 4167 801 4239 συναναστρέφησθε,
848 4168 1115 4238 οὐμενοῦν
1156 4171 1259 4223 οὐκ
1284 4170 1350 4223 ἂν
1386 4170 1515 4240 ὑμῖν
1539 4174 1571 4239 ὴ
1603 4170 1725 4225 θεία
1748 4173 1845 4227 καὶ

247 4262 513 4332 οὐράνιος
564 4258 882 4330 ὲναστράψῃ
947 4259 1107 4328 αἴγλη
1163 4260 1284 4314 οὐδὲ
1355 4263 1694 4333 ὲκστήσηται
1746 4265 1841 4318 τοῦ

250 4354 500 4423 κράτους
551 4350 663 4405 τῶν
727 4350 913 4421 ψυχῶν
966 4352 1121 4421 ὑμῶν
1170 4353 1266 4405 καὶ
1329 4353 1440 4406 τῶν
1492 4354 1769 4426 λογισμῶν
1815 4360 1845 4413 6

262 4446 527 4516 Ἐχθρὸς,
559 4446 676 4506 τοῖς
711 4442 894 4514 ἔργοις
926 4443 1066 4513 ἔχων
1093 4444 1549 4515 δεδουλωμένους.
1584 4448 1730 4519 Πλὴν
1758 4448 1839 4503 ἔτι
1888 4472 1891 4475 λ

1950 3271 2073 3310 cum
2103 3254 2253 3307 illum
2286 3251 2690 3312 insidiatorem,
2727 3246 2823 3301 sed
2853 3245 3058 3299 bonum
3085 3240 3233 3293 illum
3266 3247 3321 3290 et
3352 3232 3531 3288 homi-

1949 3362 2079 3400 num
2111 3343 2350 3400 amicum
2379 3342 2575 3404 Deum,
2605 3354 2701 3409 per
2742 3352 2904 3406 quem
2953 3340 3134 3387 creata
3167 3336 3295 3383 sunt
3322 3324 3526 3385 omnia,

1951 3437 2182 3493 visibilia
2246 3444 2302 3489 et
2345 3432 2663 3493 invisibilia,
2718 3429 3084 3500 magistratus,
3132 3432 3187 3477 et
3216 3418 3419 3480 throni,
3474 3424 3531 3469 et

1951 3536 2268 3599 poteSIates,
2315 3532 2371 3579 et
2415 3523 2671 3587 virtutes,
2711 3530 3026 3589 etpraesens
3072 3512 3253 3568 omnis
3294 3524 3356 3562 ac
3395 3506 3528 3559 visi-

1936 3620 2072 3676 bilis
2102 3617 2356 3672 mundus.
2395 3613 2495 3667 Per
2526 3613 2705 3683 ipsum
2755 3611 2904 3665 enim
2945 3605 3128 3663 omnia
3183 3604 3320 3657 facta
3375 3605 3528 3657 sunt,

1949 3710 2199 3780 quamvis
2243 3706 2481 3762 deiectio
2536 3705 2652 3769 illa,
2704 3700 2907 3757 mentis
2960 3698 3148 3753 oculos
3210 3692 3527 3749 fascinans,

1950 3801 2288 3856 conditorem
2324 3798 2509 3852 videre
2549 3810 2661 3848 non
2691 3790 2952 3862 patiatur.
2992 3784 3181 3852 Quoad
3215 3782 3361 3836 enim
3403 3777 3528 3832 Mali

1952 3893 2217 3949 voluntati
2265 3887 2670 3950 obseeundatis,
2722 3893 2777 3940 et
2832 3881 3086 3937 sordibus
3139 3875 3377 3946 turpium
3430 3886 3529 3924 vo-

1950 3985 2218 4053 luptatum
2261 3979 2633 4043 maculamini,
2679 3986 2735 4032 et
2754 3991 2853 4046 pro
2891 3970 3220 4028 salutaribus
3247 3963 3533 4021 laboribus

1949 4076 2171 4132 delicias
2221 4073 2417 4127 anima:
2459 4071 2650 4125 noxias
2696 4062 3003 4129 sectamini,
3053 4071 3334 4127 nunquam
3380 4064 3533 4108 certe

1950 4169 2168 4225 divinus
2221 4175 2275 4219 et
2330 4163 2570 4220 caelestis
2645 4157 2903 4229 splendor
2967 4169 3066 4210 vos
3133 4146 3532 4208 illustraverit,

1950 4272 2129 4327 neque
2180 4260 2505 4324 potestatem
2558 4251 2615 4305 in
2667 4249 2878 4303 animas
2932 4253 2988 4300 et
3048 4249 3261 4296 mentes
3318 4245 3535 4291 vestras

1950 4348 2194 4405 amiserit
2218 4347 2408 4407 hostis,
2440 4359 2577 4414 quas
2601 4343 2807 4397 scilicet
2830 4354 2928 4409 per
2968 4337 3213 4391 actiones
3254 4330 3355 4385 sibi
3398 4328 3530 4382 sub-

1946 4443 2119 4513 iectas
2173 4440 2357 4494 habet.
2395 4437 2619 4491 Interim
2667 4448 3052 4509 neqtyaquam,
3099 4428 3407 4501 posthabita
3441 4425 3530 4477 in-

250 4544 376 4602 ταῖς
417 4541 515 4593 διὰ
560 4536 656 4589 τοῦ
688 4537 846 4604 ἁγίου
899 4536 1216 4605 Πνεύματος
1266 4538 1599 4609 μαρτυρίαις
1630 4518 1844 4611 ὁδηγεῖν

1949 4533 2173 4597 dustria,
2223 4529 2551 4586 testimoniis
2598 4527 2837 4598 Spiritus
2886 4524 3059 4581 sancti
3098 4537 3193 4577 vos
3236 4520 3301 4574 ad
3348 4518 3530 4571 lucem

257 4633 412 4702 ὑμᾶς
439 4628 585 4700 πρὸς
624 4626 684 4680 τὸ
723 4625 838 4694 φῶς
890 4626 990 4693 τῆς
1029 4626 1311 4690 εὐσεϐείας
1359 4628 1454 4679 καὶ
1480 4628 1580 4698 τὴν
1602 4631 1845 4684 ἀποστα-

252 4726 382 4777 σίαν
423 4722 699 4790 ἐλέγχειν,
733 4719 996 4789 οὐμενοῦν
1049 4719 1149 4772 οὐκ
1183 4718 1250 4773 ἂν
1279 4719 1371 4772 τὸν
1420 4718 1580 4773 ὄκνον
1606 4723 1704 4791 τῆς
1727 4725 1849 4776 ἐπι-

256 4816 488 4887 μελείας
520 4813 910 4882 προελοίμεθσ.

896 4919 1113 4973 ΛΟΓΟΣ
1151 4919 1225 4973 Γ’.

325 5040 409 5092 Δ’.
469 5036 583 5091 Καί
637 5052 727 5106 μοι
782 5033 882 5097 τὰς
928 5034 1097 5097 ἀκοὰς
1138 5032 1505 5100 ἀδεκάστους,
1534 5034 1631 5087 καὶ
1658 5034 1843 5106 τμηδὲν

255 5128 459 5199 λῆμμα
492 5126 537 5195 (1
555 5128 603 5194 1)
630 5125 724 5178 τοῦ
752 5122 996 5194 Πονηροῢ
1024 5125 1294 5194 φερούσας
1317 5123 1687 5177 ἀναπετάσατε
1710 5165 1725 5189 ,
1748 5128 1843 5179 καὶ

259 5218 715 5276 συνδιασκοπεῖτέ
773 5234 863 5287 μοι
904 5215 1015 5269 τῶν
1060 5216 1161 5285 τὴν
1209 5214 1454 5269 Παλαιὰν
1499 5215 1841 5285 Νομοθεσίαν

1946 4626 2167 4698 pietatis
2232 4623 2466 4688 ducere,
2537 4630 2595 4676 et
2668 4618 3033 4675 defectionem
3109 4611 3395 4669 confutare
3446 4607 3533 4677 pi-

1946 4717 2248 4789 grabimur.

2557 4919 2792 4979 SERMO
2830 4918 2917 4974 Ill.

2019 5043 2063 5096 Ι.
2101 5040 2321 5111 Aperite
2373 5036 2530 5100 mihi,
2574 5052 2608 5091 o
2656 5035 2787 5099 mei,
2849 5049 3012 5089 aures
3062 5040 3279 5095 castas,
3321 5040 3375 5086 et
3406 5046 3531 5101 quae

1952 5135 2161 5189 nullum
2195 5132 2320 5186 Mali
2359 5130 2551 5201 dogma
2581 5128 2783 5194 ferunt,
2820 5142 3149 5196 mecumque
3184 5126 3529 5181 considerate

1950 5224 2175 5295 injurias
2203 5223 2259 5276 in
2295 5221 2463 5276 Deum
2505 5220 2806 5276 sententias
2848 5235 3039 5274 eorum
3068 5218 3158 5289 qui
3198 5216 3363 5271 Vetus
3390 5214 3527 5271 Tes-

1369 5349 1600 5406 νΑιιιΑε
1633 5353 2019 5415 LECTIONES
2056 5356 2145 5411 ET
2186 5355 2419 5412 ΝΟΤιΕ.

331 5472 451 5543 (Η)
490 5471 727 5541 Λῆμμα.
792 5470 902 5525 Vox
935 5468 1548 5543 dialecticisfamiliaris
1578 5481 1693 5543 est,
1737 5491 1843 5543 qua

261 5540 674 5614 prapositiones
703 5541 1009 5612 argumenti
1039 5556 1071 5614 a
1098 5540 1450 5595 conclusione
1481 5540 1843 5612 distinguunt.

264 5612 451 5669 Latini
505 5612 693 5667 itidem
742 5628 838 5681 per
878 5612 1227 5681 sumptionem
1256 5619 1514 5681 vertunt,
1568 5626 1847 5681 praeeunte

262 5686 555 5745 Cicerone,
580 5683 675 5737 lib.
709 5677 768 5746 η’,
796 5682 867 5735 De
887 5677 1210 5735 divinatione
1242 5694 1258 5731 :
1282 5677 1382 5734 Sed
1399 5677 1580 5734 demus
1598 5684 1689 5735 tibi
1715 5685 1848 5740 duas

264 5757 399 5809 istas
416 5756 761 5822 sumptiones,
786 5762 834 5806 et
854 5768 969 5823 quia
988 5751 1251 5823 λήμματα
1274 5751 1541 5823 appellant
1563 5752 1845 5812 dialectici.

262 5826 469 5882 Confer
523 5821 814 5895 Diogenem
868 5821 1155 5880 ’Laertium
1208 5821 1283 5877 De
1339 5821 1456 5875 vitis
1516 5823 1847 5895 philosopho-

1945 5494 2083 5543 rum,
2116 5477 2209 5531 lib.
2265 5491 2324 5540 ιι,
2363 5474 2390 5546 ς
2438 5474 2562 5536 107,
2590 5485 2644 5530 et
2690 5474 2827 5546 adde
2869 5473 3171 5546 Ezechielis
3209 5472 3525 5546 Spaphemii

1944 5547 2111 5603 Notas
2135 5547 2202 5601 ad
2233 5542 2617 5615 Aristophanis
2652 5545 2846 5611 Nubes,
2886 5562 2937 5604 ν.
2971 5545 3096 5598 456.
3125 5545 3278 5612 Apud
3311 5542 3524 5615 Stoicos

1946 5618 2087 5673 idem
2119 5626 2205 5671 est
2252 5613 2445 5686 λῆμμα
2468 5617 2611 5685 quod
2652 5617 2784 5671 alias
2826 5616 3027 5672 dicitur
3051 5616 3339 5686 πρότασις.
3387 5613 3527 5686 Lege

1947 5688 2125 5758 Aigid.
2160 5683 2579 5758 MenagiUm{ad
2614 5686 2792 5758 Laert.
2818 5703 2914 5758 vn,
2939 5686 3023 5738 75.
3050 5684 3160 5752 Ego
3190 5683 3245 5735 in
3275 5683 3528 5758 versione

1948 5752 2068 5812 voci
2122 5752 2442 5827 ampliorem
2486 5756 2693 5827 subjeei
2741 5757 3059 5827 notionem,
3107 5768 3272 5818 quam
3318 5752 3526 5810 scilicet

1949 5823 2231 5900 scriptoris
2262 5842 2417 5884 mens
2442 5823 2709 5898 subjicere
2738 5826 2839 5898 ipsi
2870 5823 3174 5880 videbatur.
