3986 6466
497 379 597 445 123
1615 389 1878 453 ΡΗΟΤΙῙ
1915 391 2422 457 ΡΑΤΒῘΑΒΕΗΕ
2459 391 2568 454 CP.
3641 391 3766 456 124

493 508 792 554 tamentam
822 498 1243 558 calumniantur.
1272 501 1428 569 Quod
1451 503 1498 560 si
1527 506 1673 561 enim
1703 507 1833 563 illud
1857 523 1885 562 a
1925 507 2062 564 Malo

2180 507 2552 578 ινυσριζόντων
2581 503 2679 559 τοῦ
2727 507 3074 577 φρονήματος
3117 504 3179 561 τὺ
3218 503 3463 559 ἀντίθεον
3496 505 3634 575 (ﬁl.
3687 506 3769 560 Et

491 601 596 654 est,
627 593 900 662 quomodo
920 593 1064 648 illius
1096 595 1338 650 codicem
1366 599 1431 661 is,
1457 597 1546 667 qui
1569 599 1635 653 ad
1665 598 2059 655 destruendum

2180 599 2277 669 (dp
2301 601 2448 652 ἐστιν
2484 598 2622 668 αὕτη
2655 596 2749 652 τοῦ
2784 597 3053 668 Πονηροῦ,
3089 595 3209 661 πῶς
3253 599 3514 668 ἠνέσχετο
3556 599 3764 653 λαϐεῖν

494 684 693 737 Malum
722 685 889 744 venit.
937 686 1179 756 recipere
1208 687 1487 754 sustinuit,
1521 697 1577 744 et
1611 690 1796 744 multis
1828 691 2058 745 audien-

2180 693 2223 745 τὸ
2263 691 2465 761 βισλίον
2492 689 2718 760 ταύτης,
2755 691 2784 742 6
2811 689 2902 742 τὸν
2932 690 3173 759 Πονηρδν
3210 689 3460 743 καθελεῖν
3493 708 3763 760 παραγε-

496 776 638 830 tibus
664 777 840 847 legere
867 792 930 830 ea
959 793 1080 846 qua:
1109 778 1176 831 de
1205 793 1262 832 sc
1291 779 1650 848 praenuntiata
1679 790 1856 844 erant,
1879 796 2059 850 neque

2180 784 2333 855 τονώς
2353 803 2368 850 ς
2392 785 2486 838 καὶ
2510 785 2590 845 είς
2616 782 2825 836 πολλῶν
2876 783 3184 850 ἀναγνῶναι
3204 782 3396 845 ἀκοὰς,
3418 782 3484 835 δι’
3504 776 3579 834 ὧν
3609 799 3767 853 προο

495 868 670 938 legere
700 869 894 931 solum,
948 871 1042 924 sed
1077 880 1134 924 et
1158 872 1366 931 testari,
1389 887 1454 926 ac
1488 873 1668 926 dicere
1699 891 1710 924 :
1756 871 1881 926 Ηιινσ
1924 889 2062 926 nunc

2180 875 2499 947 εκηρύττετο
2536 875 2604 928 τὰ
2643 875 2770 945 περὶ
2800 873 3016 938 ἑαυτοῦ,
3047 875 3142 927 καὶ
3171 875 3269 927 οὑκ
3306 873 3616 940 ἀναγνῶναι
3654 873 3772 943 μὸ-

496 957 708 1025 intpleta
739 968 858 1012 sunt
902 959 956 1012 in
995 961 1211 1013 auribus
1263 962 1443 1015 vestris
1470 963 1537 1024 '";
1569 977 1633 1015 ac
1664 972 1923 1032 praterea
1960 981 2062 1016 an-

2180 984 2274 1028 tov,
2307 965 2442 1018 ἀλλά
2475 963 2568 1017 καὶ
2596 963 3071 1033 διαμαρτύρασθαι
3098 1004 3114 1026 ,
3147 964 3230 1016 ὅτι
3259 963 3448 1016 Ταῦτα
3492 963 3612 1016 νῦν
3654 976 3774 1015 πε-

497 1067 619 1103 num
680 1051 853 1115 illum,
908 1050 1000 1120 qui
1059 1060 1137 1105 est
1192 1051 1450 1121 periodus
1507 1061 1863 1122 temporum,
1922 1054 2066 1110 sicut

2180 1057 2469 1126 τλήρωται
2497 1057 2566 1108 ἐν
2603 1055 2729 1120 τοῖς
2757 1055 2910 1108 ὠσὶν
2948 1054 3116 1121 ὑμῶν
3140 1071 3155 1085 ο
3187 1055 3284 1107 κα)⁵
3317 1056 3421 1107 τὸν
3449 1054 3770 1117 ἐνιαυτὸν,

498 1153 708 1210 tempus
742 1153 821 1196 est
858 1158 1111 1196 mensura
1157 1153 1335 1197 motus
1369 1145 1660 1209 sensibilis,
1712 1155 1767 1198 ut
1795 1157 2064 1215 acceptum

2180 1153 2222 1214 5ς
2259 1153 2373 1203 ἐστι.
2405 1148 2652 1220 περίοδος
2688 1148 2894 1218 χρόνων
2925 1147 3074 1216 (15),
3125 1147 3155 1198 6
3199 1146 3256 1198 δὲ
3306 1147 3498 1216 χρόνος
3552 1148 3774 1214 μέτρον

501 1236 604 1288 Deo
639 1236 926 1304 praedicare
955 1235 1020 1288 ’³.
1049 1235 1332 1300 Quomodo
1357 1251 1489 1291 vero
1527 1237 1688 1291 etiam
1717 1237 1772 1290 in
1805 1239 2061 1306 parabola

2180 1245 2436 1313 κινήσεως
2483 1240 2791 1310 αἰσθητῆς,
2844 1240 3063 1294 τοῦτον
3107 1239 3480 1306 ἀνακηρύξαι
3533 1237 3775 1291 δεκτόν

497 1327 564 1381 de
605 1326 806 1379 Lazaro
847 1334 903 1378 et
930 1325 1097 1380 divite
1125 1325 1366 1395 optimus
1408 1336 1463 1380 et
1490 1327 1768 1380 hominum
1797 1328 2063 1382 amantis-

2180 1337 2401 1403 Kvpltp;
2432 1334 2556 1395 Πῶς
2585 1333 2641 1386 δὲ
2687 1331 2849 1386 πάλιν
2889 1333 2946 1384 ὲν
2985 1334 3054 1401 τῇ
3087 1330 3182 1384 τοῦ
3216 1331 3467 1400 Λαζάρου
3515 1333 3612 1383 καὶ
3661 1328 3772 1382 τοῦ

497 1421 665 1473 simus
693 1418 953 1472 Dominus
983 1427 1168 1474 noster
1200 1417 1383 1473 Mosen
1413 1432 1466 1473 et
1491 1420 1787 1489 prophetas
1811 1420 2066 1475 salutaris

2180 1430 2422 1483 πλουσίου
2453 1426 2735 1497 παρασολῇ
2765 1428 2793 1479 6
2818 1424 3203 1494 φιλάνθρωπος
3229 1424 3322 1476 καὶ
3352 1424 3557 1491 ἀγαθὸς
3591 1422 3772 1492 ἡμῶν

495 1510 869 1565 conversionis
941 1519 999 1564 et
1077 1511 1412 1580 ptenitentire
1476 1511 1762 1580 magistros
1792 1513 2068 1581 appellat?

2180 1523 2443 1591 Δεσπότης
2475 1520 2678 1575 Μωσέα
2710 1519 2805 1572 καὶ
2841 1518 2968 1580 τοὺς
3012 1518 3297 1588 προφήτας
3337 1517 3436 1586 τῆς
3482 1514 3772 1585 σωτηρίου

487 1603 694 1657 Habent
727 1605 884 1664 enim,
920 1602 1190 1672 inquiens,
1220 1600 1401 1656 Mosen
1439 1613 1486 1656 et
1507 1607 1786 1673 prophetas
1809 1625 1821 1659 :
1842 1607 2066 1660 audiant

2180 1613 2504 1683 ἐπιστροφῆς
2529 1612 2626 1666 καὶ
2657 1610 3023 1682 μεταμελείας
3064 1607 3420 1671 διδασκάλους
3447 1606 3769 1671 ἀποκαλεῖς

497 1694 620 1748 illos
656 1695 721 1748 ⁷⁸.
747 1692 1002 1764 Nunquid
1051 1694 1196 1748 enim
1224 1694 1270 1749 is
1301 1695 1392 1763 qui
1424 1696 1480 1750 in
1512 1710 1860 1750 communem
1893 1696 2069 1751 homi-

2180 1707 2424 1774 Ἔχουσι
2453 1705 2564 1774 γὰρ
2584 1745 2600 1770 ,
2632 1704 2786 1774 φησι,
2819 1703 3035 1758 Μωσέα
3083 1701 3184 1754 καὶ
3216 1701 3359 1766 τοὺς
3403 1699 3730 1769 προφήτας
3750 1715 3767 1728 ·

496 1805 628 1843 num
665 1788 892 1843 salutem
922 1797 1162 1841 nostram
1205 1798 1454 1840 naturam
1479 1790 1740 1858 suscepit,
1791 1789 2064 1845 doctrinae

2180 1797 2614 1853 ἀκουσάτωσαν
2655 1795 2872 1850 αὐτῶν.
2926 1790 3076 1865 'Apa
3106 1794 3216 1863 γὰρ
3252 1793 3281 1845 6
3326 1794 3420 1846 ἐπὶ
3469 1794 3625 1862 κοινῇ
3665 1791 3769 1844 τοῦ

497 1897 611 1936 sine
659 1881 922 1945 initiatos,
983 1889 1038 1934 et
1063 1881 1132 1934 ab
1158 1895 1345 1934 errore
1376 1880 1650 1943 liberatos,
1697 1881 1764 1936 ad
1797 1898 1983 1937 servos
2013 1892 2069 1938 et

2180 1892 2361 1958 γένους
2390 1889 2500 1959 (Μ)
2539 1889 2782 1960 σωτηρίᾳ
2808 1887 2909 1956 τὴν
2934 1885 3092 1958 ἡμῶν
3125 1886 3289 1955 φύσιν
3325 1885 3610 1940 ἀναλαϐὼν
3634 1885 3771 1949 τοὺς

495 1974 776 2028 ministros
811 1973 985 2028 hostis
1016 1973 1339 2036 amandarit,
1375 1983 1434 2026 ut
1459 1973 1649 2027 salutis
1681 1973 1813 2027 (iant
1841 1990 2068 2044 compo-

2180 1981 2740 2052 μυσταγωγουμένους
2793 1979 2925 2049 παρ’
2977 1979 3140 2032 αὑτοῦ
3170 2018 3186 2042 ,
3240 1979 3336 2030 καὶ
3391 1976 3492 2046 τῆς
3546 1976 3768 2043 πλάνης

496 2067 616 2120 tes?
641 2065 772 2130 Quis
792 2075 1038 2121 creatura
1070 2065 1163 2119 Dei
1196 2066 1488 2128 exsistens,
1523 2082 1649 2120 vere
1671 2074 1726 2120 et
1755 2067 1898 2122 serio
1922 2068 2069 2124 hunc

496 2167 659 2213 tanta:
711 2157 936 2212 insania:
978 2159 1200 2227 gradum
1235 2157 1488 2212 admittat
1528 2159 1552 2212 ?
1591 2158 1760 2211 Porro
1788 2158 1834 2212 si
1866 2161 2070 2215 veteris

494 2251 844 2304 instrumenti
902 2259 1090 2303 auctor
1135 2249 1312 2304 Malus
1357 2259 1460 2314 est,
1524 2250 1797 2319 quomodo
1823 2251 2069 2308 veritatis

494 2342 617 2397 fons
669 2340 913 2411 praecipit
967 2359 980 2396 :
1036 2339 1364 2394 Scrutamini
1410 2340 1719 2410 Scripturas
1754 2382 1771 2406 ,
1820 2343 1946 2412 quia
2014 2343 2068 2397 in

495 2434 601 2487 illis
627 2433 894 2486 invenietis
927 2433 1087 2485 vitam
1116 2443 1372 2486 aeternam
1399 2432 1482 2486 ⁸⁸2
1523 2431 1623 2487 Ubi
1653 2435 1799 2486 enim
1847 2442 1932 2488 est
1959 2434 2069 2488 vita

495 2537 718 2592 aeterna,
757 2527 811 2580 in
843 2526 1040 2596 quibus
1069 2525 1293 2579 aculeus
1323 2525 1532 2594 peccati
1565 2524 1916 2578 dominatur?
1962 2526 2066 2580 Ubi

495 2620 605 2675 vita
657 2630 896 2684 arterna,
945 2618 1000 2671 in
1049 2619 1249 2687 quibus
1292 2617 1565 2671 homicida
1619 2617 1763 2687 leges
1815 2617 1957 2684 fert,
2015 2628 2072 2673 et

497 2713 776 2785 praecipit?
800 2711 949 2766 Talia
978 2711 1184 2766 scilicet
1214 2709 1396 2781 lingua
1432 2709 1548 2764 Deo
1578 2710 1795 2765 inimica
1826 2711 2072 2780 proferre

499 2805 683 2858 audet.
739 2803 796 2857 Si
863 2812 1127 2873 praeterea
1194 2810 1353 2854 vetus
1405 2809 1793 2855 testamentum
1848 2821 1876 2855 ιι
1932 2801 2072 2855 Malo

500 2905 603 2959 est,
635 2896 906 2965 quomodo
951 2893 1160 2950 Veritas
1191 2892 1308 2962 ipsa
1336 2893 1454 2946 ait:
1507 2891 1568 2946 Si
1603 2895 1879 2947 crederetis
1915 2893 2068 2958 Mosi,

500 2987 779 3041 crederetis
814 2996 861 3040 et
885 2986 1014 3039 mihi
1046 3001 1060 3038 :
1110 2985 1173 3037 de
1205 3000 1286 3037 me
1327 2985 1468 3038 enim
1521 2984 1566 3037 is
1608 2985 1819 3053 scripsit
1845 2986 1912 3038 ⁸¹.
1949 2985 2072 3039 Non

503 3095 634 3134 sane
665 3078 741 3132 ait
770 3096 783 3132 :
821 3076 876 3131 Si
912 3077 965 3130 in
986 3074 1266 3129 nonnullis
1292 3073 1590 3129 crederetis
1620 3073 1772 3138 Mosi,
1803 3075 1900 3129 sed
1939 3076 2073 3130 sim-

499 3172 716 3242 pliciter
741 3169 916 3240 ipsum
961 3179 1021 3222 ut
1051 3167 1155 3222 fide
1185 3167 1421 3261 dignum-
1438 3166 1735 3261 renuntiat.
1789 3167 2072 3261 Quomodo
2099 3202 2141 3261 ο

499 3277 631 3316 vero
663 3262 856 3313 iterum
887 3257 1152 3312 adversus
1180 3270 1295 3318 eos,
1332 3253 1426 3323 qui
1463 3253 1610 3308 circa
1653 3252 2071 3308 dissolutionem

498 3347 736 3418 conjugii
781 3361 1078 3414 suspensos
1129 3359 1189 3398 se
1228 3343 1512 3414 gerebant,
1555 3351 1716 3412 atque
1749 3343 1801 3396 in
1834 3343 2074 3413 patroci~

500 3443 654 3498 nium
703 3438 1131 3510 perturbationis
1171 3453 1283 3491 suze
1324 3437 1392 3490 ad
1441 3435 1627 3490 Mosen
1679 3436 2070 3506 provocabant,

501 3543 753 3603 suscepta
801 3541 1022 3586 strenue
1069 3528 1420 3600 Legislatoris
1460 3543 1625 3583 causa
1672 3527 1796 3580 ait:
1823 3526 1986 3581 Moses
2010 3526 2072 3580 ob

501 3627 749 3680 duritiem
771 3624 939 3676 cordis
959 3622 1114 3676 vestri
1148 3620 1383 3689 permisit
1405 3619 1545 3672 vobis
1573 3619 1837 3671 dimittere
1865 3634 2072 3672 uxores.

501 3717 582 3770 Ab
614 3716 764 3769 initio
793 3731 914 3768 vero
942 3730 1040 3766 non
1075 3720 1191 3766 erat
1233 3711 1332 3762 ita.
1355 3710 1423 3762 δ’.
1465 3706 1623 3762 Unde
1653 3717 1838 3762 autem
1868 3707 1919 3761 id
1949 3722 2074 3776 pro-

501 3807 632 3863 bat?
681 3806 787 3872 Qui
820 3807 958 3860 enim
991 3806 1110 3876 fecit
1137 3820 1244 3866 eos,
1290 3801 1486 3871 inquit,
1516 3816 1714 3854 marem
1745 3809 1792 3853 et
1819 3801 2074 3869 feminam

503 3902 625 3973 fecit
652 3900 722 3956 ⁸³.
780 3899 966 3968 Itaque
995 3914 1080 3962 ea,
1132 3911 1254 3966 quae
1279 3894 1538 3950 Servator
1582 3893 1636 3947 in
1671 3891 1981 3964 Evangeliis
2007 3892 2074 3946 de

507 3991 767 4062 conjugio
795 3991 1005 4056 sanxit,
1049 3990 1117 4044 ab
1150 3989 1243 4043 illo
1272 3985 1540 4058 proﬁcisci
1587 3985 1663 4039 ait
1685 3985 1776 4054 qui
1808 3984 2075 4040 creaturis

504 4083 618 4136 suis
640 4089 697 4135 et
725 4081 986 4150 operibus
1008 4081 1154 4151 leges
1185 4079 1383 4145 ﬁxerit,
1416 4087 1469 4132 et
1499 4076 1683 4132 Mosen
1715 4085 1944 4131 testatur
1965 4090 2075 4130 non

504 4174 899 4243 contempsisse
941 4175 1086 4245 leges
1126 4175 1180 4228 in
1211 4175 1490 4229 creatione
1524 4174 1682 4238 latas,
1732 4172 1825 4227 sed
1854 4187 1923 4226 ex
1953 4187 2076 4226 cer-

503 4266 577 4322 tis
611 4267 1037 4320 circumstantiis
1079 4266 1146 4320 de
1185 4265 1475 4335 postulatis
1522 4264 1642 4334 ejus
1673 4263 1878 4333 aliquid
1909 4263 2076 4318 remi-

503 4361 660 4414 sisse.
702 4358 824 4430 Legi
859 4359 1004 4414 enim
1032 4358 1328 4414 creationis
1360 4359 1429 4412 ab
1455 4357 1611 4411 initio
1638 4357 1795 4411 factae
1821 4372 1964 4416 mea,
1992 4357 2078 4409 in-

501 4454 640 4524 quit,
676 4452 760 4507 lex
789 4453 1104 4518 concordat,
1132 4451 1332 4506 solutio
1359 4464 1492 4504 vero
1519 4447 1758 4518 conjugii
1788 4463 1818 4501 a
1849 4447 2076 4516 dispen-

501 4547 713 4602 satione
749 4555 803 4601 et
827 4546 1183 4616 dispositione
1218 4542 1380 4599 Hosis
1411 4543 1634 4613 pendet.
1685 4538 1768 4596 0b
1805 4539 2067 4595 duritiem

571 4663 617 4694 "’
640 4660 772 4715 Luc.
817 4677 888 4728 tv,
935 4661 1025 4716 21.
1104 4659 1150 4692 ⁷⁸
1195 4658 1327 4714 ibid.
1372 4659 1462 4713 19.
1537 4657 1582 4689 ⁷⁸
1612 4656 1743 4712 Luc.
1775 4654 2002 4721 “1,29.

501 4732 549 4766 ⁸³
577 4733 710 4789 ibid.
759 4733 812 4789 9.

2111 4655 2158 4688 ⁸⁰
2198 4655 2357 4711 Joan.
2406 4671 2457 4723 v,
2513 4654 2604 4710 59.

2174 2073 2684 2141 ἀπαλλαττομένους
2705 2114 2718 2136 ,
2756 2072 2836 2132 είς
2867 2072 2994 2134 τοὺς
3040 2070 3377 2141 θεράποντας
3422 2069 3516 2122 καὶ
3545 2069 3760 2138 ὑπηρέ-

2173 2182 2270 2228 τας
2290 2166 2574 2232 ἀνέπεμπε
2599 2161 2692 2214 τοῦ
2721 2161 2845 2231 Ἐχθ
2857 2161 2973 2232 ροῦ,
2994 2161 3086 2214 καὶ
3106 2163 3228 2212 τότε
3245 2160 3519 2230 σωτηρίας
3535 2163 3754 2228 τυχεῖν;

2174 2256 2285 2310 Καὶ
2319 2255 2402 2318 τίς
2427 2254 2492 2307 ἂν
2514 2254 2802 2323 ἀνάσχοιτο
2831 2253 3060 2324 πλάσμα
3085 2251 3221 2304 Θεοῦ
3252 2253 3516 2322 ὑπάρχων
3540 2251 3753 2322 ἀληθῶς

2173 2350 2272 2420 τῆς
2297 2346 2564 2418 τοσαύτης
2591 2347 2851 2409 ἀπονοίας
2879 2347 2978 2416 τὴν
3003 2344 3312 2416 ὑπερϐολήν
3338 2361 3352 2408 ;
3391 2345 3564 2398 Πάλιν
3597 2344 3676 2409 δὲ,
3704 2345 3752 2397 εί

2173 2447 2273 2515 τῆς
2303 2445 2544 2508 Παλαιᾶς
2587 2443 2866 2512 Διαθήκης
2908 2443 3210 2513 νομοθέτης
3253 2442 3281 2493 6
3311 2439 3594 2510 Πονηρὸς,
3639 2438 3758 2502 πῶς

2175 2538 2322 2606 λέγει
2357 2537 2454 2606 τῆς
2491 2533 2826 2602 ἀγαθότητος
2861 2535 2895 2604 ἡ
2927 2536 3101 2603 πηγήα
3157 2529 3467 2598 Ἐρευνᾶτε
3497 2529 3608 2599 (15)
3648 2527 3758 2593 τὰς

2175 2629 2450 2698 Γραςράς,
2483 2626 2572 2681 ὅτι
2604 2627 2675 2680 ἐν
2708 2625 2919 2690 αὑταῖς
2965 2625 3252 2692 εὑρήσετε
3293 2623 3448 2689 ζωὴν
3475 2619 3755 2680 αιώνιον;

2177 2719 2288 2776 Ποῦ
2317 2719 2480 2790 γάρὴ
2512 2717 2729 2782 αἰώνιος
2756 2716 2890 2788 ζωὴ,
2922 2719 2980 2769 ὲν
3011 2711 3091 2778 οἷς
3119 2717 3180 2768 τὸ
3210 2714 3434 2784 κέντρον
3457 2711 3556 2779 τῆς
3577 2713 3756 2782 ἀμαρ-

2176 2811 2295 2873 τίας
2322 2808 2698 2871 πολιτεύεταις
2730 2806 2836 2860 πού
2877 2809 2910 2877 ἡ
2955 2806 3175 2868 αίὼνιος
3206 2804 3354 2872 ζωὴ,
3390 2805 3447 2856 ὲν
3477 2796 3558 2865 οἷς
3596 2802 3625 2854 6
3658 2802 3758 2854 ἀν-

2178 2901 2554 2972 θρωποκτόνος
2591 2899 2906 2969 νομοθετεῖ,
2952 2897 3048 2950 καὶ
3088 2895 3562 2966 παρακελεύεταις
3601 2889 3759 2946 τοῦτο

2177 2993 2287 3064 γάρ
2319 2994 2351 3061 ἠ
2385 2990 2652 3060 θεομάχος
2691 2989 2910 3058 γλῶσσα
2941 2987 3296 3058 θρασύνεται.
3327 2987 3514 3056 Χωρὶς
3540 2984 3597 3038 δὲ
3648 2981 3758 3034 τῶν

2177 3082 2512 3154 εἰρημένων,
2551 3083 2600 3134 εί
2631 3079 2899 3148 ήῐιαλαιά
2927 3079 3022 3132 τοῦ
3056 3077 3322 3148 Πονηροῦ,
3349 3078 3466 3139 πῶς
3507 3076 3758 3146 Ἀλήθεια

2178 3175 2346 3242 λέγει’
2379 3176 2448 3228 Ei
2472 3173 2817 3227 ἐπιστεύετε
2845 3171 3066 3237 Μωσεῖ,
3105 3171 3449 3224 ἐπιστεύετε
3479 3168 3557 3221 ἂν
3585 3169 3722 3237 ἐμοι
3739 3185 3755 3199 ·

2173 3267 2305 3336 περὶ
2336 3265 2446 3337 γὰρ
2470 3264 2618 3335 ἐμοῦ
2645 3265 2877 3329 ἐκεῖνος
2909 3263 3206 3333 ἐγραψεν;
3239 3265 3352 3316 Οὑκ
3379 3257 3546 3314 εἶπεν·
3580 3261 3642 3313 Εἰ
3693 3261 3755 3314 ἔν

2172 3376 2313 3412 τισιν
2345 3357 2658 3411 ἐπιστεύετε
2687 3358 2907 3416 Μωσεῖ,
2942 3354 3054 3407 ἀλλ’
3089 3354 3277 3417 ἁπλῶς
3319 3352 3478 3407 αὑτοῦ
3505 3351 3566 3403 τὸ
3603 3351 3757 3417 ἀξιό-

2174 3468 2364 3504 πιστον
2393 3449 2717 3520 ἀνεκήρυξε.
2752 3448 2875 3508 Πῶς
2899 3447 2956 3500 δὲ
3010 3447 3173 3501 πάλιν
3205 3446 3342 3518 πρὸς
3375 3445 3499 3504 τοὺς
3532 3444 3758 3513 κεχηνό-

2173 3561 2273 3607 τας
2315 3543 2446 3613 περ).
2487 3543 2586 3613 τὴν
2615 3541 2860 3595 διάλυσιν
2899 3541 3009 3594 τῶν
3052 3543 3248 3610 γάμων
3287 3540 3382 3593 κα).
3426 3538 3518 3591 τὸν
3554 3539 3756 3606 Μωσῆν

2175 3637 2256 3697 είς
2280 3634 2604 3704 συνηγορίαν
2629 3633 2723 3687 τοῦ
2756 3633 2963 3696 πάθους
2992 3631 3464 3700 προϐαλλομένους
3492 3629 3752 3698 λαμπρῶς

2175 3723 2515 3793 ὑπερμαχῶν
2561 3723 2655 3775 τοῦ
2690 3722 2986 3790 νομοθέτου
3017 3721 3208 3790 φησιν.
3236 3721 3318 3774 ὅτι
3367 3717 3593 3785 Μωσῆς
3611 3717 3745 3784 πρὸς

2176 3814 2292 3882 τὴν
2333 3813 2821 3882 σκληροκαρδίαν
2857 3811 3024 3881 ὑμῶν
3062 3811 3392 3878 ἐπέτρεψεν
3437 3807 3584 3877 ὑμῖν
3610 3808 3747 3861 dao-

2175 3905 2362 3960 λῦσαι
2395 3904 2502 3970 τὰς
2546 3903 2856 3973 γυναῖκας.
2900 3904 3026 3956 Ἀπ’
3067 3901 3261 3970 ἀρχῆς
3294 3901 3363 3954 δὲ
3408 3901 3482 3954 οὺ
3515 3898 3754 3968 γέγονεν

2175 3998 2385 4063 οὕτως.
2422 3996 2532 4050 Καὶ
2565 3995 2731 4049 πόθεν
2765 3998 2866 4065 τὴν
2895 3992 3171 4058 ἀπόδειξιν
3214 3993 3480 4064 προάγει;
3542 3991 3607 4043 '0
3649 3989 3756 4060 γὰρ

2177 4090 2438 4156 ποιήσας
2453 4088 2694 4154 αὐτοὺς,
2720 4090 2905 4158 φησιν,
2933 4088 3122 4156 ἄρσεν
3167 4086 3265 4140 καί
3289 4085 3448 4152 θῆλυ
3469 4083 3758 4149 ἐποίησεν

2177 4183 2434 4248 αὐτούς·
2496 4180 2640 4235 ὥστε
2685 4181 2830 4251 άπερ
2877 4180 3191 4250 ἐνομοθέτει
3235 4179 3263 4232 ό
3301 4177 3496 4245 Σωτὴρ
3541 4177 3601 4228 ἑν
3646 4175 3759 4235 τοῖς

2177 4272 2533 4341 Εὑαγγελίοις
2563 4273 2694 4343 περὶ
2737 4273 2836 4340 τῆς
2870 4271 3165 4340 συζυγίας,
3201 4271 3266 4322 ὲκ
3296 4268 3389 4321 τοῦ
3428 4267 3658 4337 θεμένου
3703 4265 3758 4318 ὲν

2176 4367 2288 4426 τοῖς
2314 4362 2476 4417 αὑτοῦ
2499 4362 2782 4432 πλάσμασι
2811 4363 2905 4415 καὶ
2929 4361 3199 4429 ποιήμασι
3221 4358 3347 4420 τοὺς
3377 4355 3536 4424 φύσει
3558 4355 3760 4423 νόμους

2179 4454 2463 4525 προελθεῖν
2491 4454 2680 4524 ἐδήλου
2724 4453 2818 4506 καὶ
2861 4451 2952 4504 τὸν
2997 4451 3202 4520 Μωσῆν
3231 4450 3292 4502 οὑ
3338 4443 3759 4515 καταφρονητὴν

2173 4542 2283 4594 τῶν
2312 4542 2400 4594 διὰ.
2426 4541 2526 4612 τῆς
2554 4540 2808 4604 πλάσεως
2839 4541 3142 4610 δεδομένων
3186 4539 3386 4608 νόμων,
3421 4536 3536 4590 ἀλλ’
3568 4537 3633 4588 ὲκ
3668 4550 3761 4587 1:3-

2712 4654 2758 4688 “
2813 4654 2945 4709 ibid.
2983 4653 3075 4709 46.
3183 4653 3229 4686 ⁸⁸
3262 4651 3453 4707 Matth.
3516 4667 3627 4715 ιιι,
3705 4648 3757 4704 8.

1596 4838 1831 4896 VARIJE
1871 4839 2266 4896 LECTIONES
2308 4839 2394 4895 ET
2429 4838 2660 4898 NOTE.

576 4959 689 5029 (12)
721 4959 800 5013 Ex
827 4960 1016 5014 limine
1037 4930 1142 5013 hoc
1171 4955 1444 5029 sermonis
1473 4969 1658 5029 patere
1700 4957 1918 5011 videtur
1947 4972 2072 5010 eum

2180 4957 2278 5028 δρα
2285 4957 2496 5029 μό-ντος.

503 5045 603 5102 pro
631 5030 894 5102 concione
923 5030 1164 5102 habitum
1188 5029 1357 5102 fuisse
1381 5028 1447 5082 ad
1475 5028 1779 5102 audientes,
1805 5042 1943 5097 quos
1971 5029 2077 5102 sei-_

505 5097 632 5156 licet
661 5099 747 5152 hic
779 5099 842 5153 ad
878 5100 1234 5153 attentionem
1267 5100 1336 5153 iis
1376 5099 1558 5153 verbis
1593 5099 1811 5162 excitat,
1855 5113 1976 5166 qua:
2012 5097 2078 5151 ad

505 5173 744 5241 legentes
772 5185 880 5223 non
914 5185 1064 5238 aeque
1084 5170 1224 5241 bene
1248 5168 1645 5224 accommodari
1687 5179 1935 5241 possunt.
1967 5166 2080 5241 llu-

499 5239 598 5312 jus
629 5240 703 5293 rei
737 5241 956 5312 vestigia
985 5248 1046 5312 et
1085 5239 1221 5312 intra
1253 5251 1578 5312 occurrent,
1624 5239 2082 5312 quemadmodum

506 5309 560 5365 et
589 5311 642 5364 in
667 5312 772 5363 ﬁne
790 5311 952 5376 hujus
984 5309 1147 5362 libelli
1177 5311 1376 5363 diserte
1410 5311 1614 5363 mentio
1637 5311 1694 5362 tit
1717 5309 1816 5374 τῆς
1845 5309 2079 5377 ὁμιλίας.

507 5381 574 5435 Ει
599 5396 788 5450 parum
823 5381 996 5441 abest,
1027 5379 1156 5448 quin
1193 5379 1332 5432 idem
1355 5380 1421 5434 de
1445 5379 1909 5447 superiorilibello
1930 5393 2081 5450 asse-

506 5449 647 5508 ram.
671 5452 828 5517 cujus
863 5459 1105 5505 extrema
1131 5451 1314 5506 verba.
1345 5465 1466 5519 quae
1507 5451 1670 5503 etiam
1711 5449 2080 5503 continuatio-

507 5539 632 5576 nem
653 5522 814 5589 hujus
831 5519 1302 5574 commentationis
1328 5536 1547 5589 sperare
1571 5520 1784 5586 iubent,
1802 5519 2081 5574 concionis

508 5608 677 5646 sacrae
710 5591 954 5646 habitum
977 5591 1107 5645 satis
1133 5590 1406 5644 luculente
1440 5591 1655 5644 sistunt.

581 5660 1028 5734 (15)“Περᾉιο‹ξος-
1052 5661 1300 5734 χρόνων.
1356 5660 1574 5734 Plenius
1606 5670 1661 5734 et
1697 5659 1954 5734 disertius
1983 5674 2050 5734 an

509 5730 640 5784 nuin
678 5730 882 5787 deﬁnit
918 5731 1126 5794 Pollux,
1163 5732 1198 5785 Ι.
1242 5747 1367 5784 Ltv:
1415 5730 1709 5793 Ἐνιαυτός,
1745 5730 1883 5793 ἔτος,
1918 5730 2082 5783 δωδε-

509 5803 751 5886 κάμηνος
804 5802 993 5887 χρόνος
1043 5801 1236 5887 ﬁlioa-
1272 5800 1517 5886 περίοδος
1581 5799 1956 5887 περιελθόντος
2018 5798 2080 5864 ἐξ

508 5869 667 5936 ὡρῶν
691 5874 769 5935 εἰς
799 5869 946 5936 an;
983 5869 1074 5928 τοῦ
1117 5871 1239 5927 θεοῦ
1259 5913 1274 5940 ,
1306 5869 1503 5928 κύκλον
1534 5869 1628 5926 τοῦ
1656 5869 1882 5943 ἀστέρος
1920 5885 2076 5944 περι-

2256 5027 2367 5096 (14)
2408 5025 2620 5092 Γένος,
2658 5022 3415 5096 hominumiltauvertendum
3442 5037 3563 5078 esse
3595 5035 3760 5096 supra

2176 5091 2478 5235 ρτιέιιιὲιὲ)ἰιι
2499 5091 2640 5151 notis
2663 5095 2728 5150 ad
2758 5095 2852 5149 lib.
2879 5093 3110 5160 tPhotii,
3129 5110 3182 5164 p.
3205 5092 3306 5148 159
3327 5093 3517 5165 (supra
3540 5093 3649 5148 col.
3671 5091 3756 5157 85,

2177 5184 2251 5222 no
2281 5207 2294 5221 .
2427 5207 2440 5221 .

2177 5176 2294 5222 not.
2328 5176 2440 5222 δϋ).

2253 5239 2366 5303 (l5)
2403 5232 2740 5303 Ἕρευνᾶτε.
2764 5235 3068 5305 lmperandi
3093 5235 3275 5303 itaque
3305 5234 3530 5288 notione
3553 5232 3760 5302 accepit

2181 5309 2408 5363 verbum
2460 5309 2564 5363 hoc
2605 5306 2868 5370 Photius,
2907 5305 3364 5374 quemadmodum
3418 5315 3474 5358 et
3515 5314 3758 5358 veterum

2183 5377 2438 5434 Ecclesiae
2463 5378 2666 5432 Graeca:
2694 5378 2975 5430 doctorum
3009 5376 3251 5444 plerique
3280 5390 3492 5436 omnes,
3528 5387 3756 5444 quorum

2183 5450 2300 5503 loca
2335 5450 2608 5502 cumulate
2649 5447 2832 5500 attulit
2858 5446 2940 5501 Jo.
2985 5443 3207 5514 Caspar.
3253 5445 3513 5500 Suicerus
3544 5446 3596 5498 in
3631 5443 3756 5496 The-

2181 5536 2340 5582 sauro
2366 5519 2728 5578 ecclesiastico,
2749 5529 2878 5570 tom.
2905 5517 2946 5581 l,
2979 5533 3031 5585 p.
3061 5514 3217 5569 1210.
3254 5516 3330 5569 Ex
3367 5515 3756 5585 recentioribus

2183 5579 2442 5643 Erasmus
2477 5587 2787 5642 Schmidius
2813 5587 2864 5639 in
2896 5579 3444 5639 Animadversionibus
3484 5586 3552 5638 ad
3591 5583 3660 5638 Ν.
3699 5579 3750 5637 Τ.

2185 5675 2350 5728 super
2383 5662 2526 5713 hunc
2549 5659 2725 5712 locum
2752 5657 3026 5711 indicandi
3051 5657 3330 5710 notionem
3365 5655 3752 5728 prmia-rendam

2184 5725 2430 5784 studiose
2485 5729 2804 5791 contendit,
2861 5742 3062 5796 paucos
3091 5735 3288 5780 nactus
3339 5725 3749 5796 approbatores.

2185 5799 2324 5854 Vide
2368 5799 2672 5870 (ιιιιιξλοίίιιιΔ
2699 5798 2752 5870 in
2790 5794 2930 5870 hanc
2964 5813 3077 5870 rem
3123 5795 3316 5870 scripsi
3361 5794 3430 5853 ad
3475 5794 3753 5852 Casaubo-

2182 5871 2365 5936 niana,
2387 5866 2454 5941 'p.
2481 5868 2608 5926 297.
2639 5866 2747 5925 Sed
2776 5869 2844 5924 de
2871 5866 2973 5923 hoc
3000 5867 3118 5924 loco
3144 5866 3301 5922 alias.
