3986 6496
495 392 607 459 121
1596 388 1862 452 ruam
1886 384 2402 450 .PATRIARCHA:
2438 385 2550 449 cp.
3418 340 3429 345 ’
3642 370 3751 437 128
3840 397 3849 404 ε

492 508 660 565 factio
685 514 892 578 septem
919 503 1074 561 ﬁnxit
1100 504 1318 571 fratres,
1348 516 1652 572 eorumque
1686 498 1916 569 singulis
1939 513 2066 554 suc—
2091 516 2105 558 Α

2197 512 2349 550 κουε.
2394 494 2589 548 Ἦνίκα
2632 491 2743 564 γὰρ
2786 488 2848 545 τὸ
2874 487 3246 544 Σαδδουκαίων
3290 485 3517 542 ἄπιστόν
3538 506 3600 541 τε
3653 490 3751 545 καὶ

494 615 653 657 cessu
685 597 946 668 tempm-is
988 612 1149 651 unam
1180 596 1539 665 eamdemque
1586 607 1809 647 uxorem
1853 590 2065 656 tribuit,

2197 587 2466 658 περίεργον
2511 584 2651 638 ἐπτά
2699 582 2798 654 μὲν
2854 581 3116 636 ἔπλαττεν
3171 578 3450 647 ἀδελφοὺς,
3501 580 3634 650 μίαν
3688 579 3753 634 δὲ

496 700 662 761 atque
682 691 787 746 hoc
829 689 1087 760 ﬁgmento
1115 703 1217 743 suo
1262 700 1555 756 corporum
1607 682 2068 739 resurrectionem

2197 680 2271 733 ιαὶ
2289 679 2388 749 τὴν
2417 676 2588 750 αὐτὴν
2618 673 2768 746 παρά
2809 674 2975 745 μέρος
2997 669 3240 744 ἤρμοζον
3273 671 3455 735 αὐτοῖς
3484 673 3752 739 γυναῖκα,

497 790 746 838 avertere
773 789 964 835 conata
998 788 1100 843 est,
1127 778 1382 834 Servator
1413 778 1520 832 illis
1558 774 1852 830 insolubile
1875 814 1890 834 ,
1922 771 2071 842 quod

2197 771 2270 825 ιαὶ
2297 771 2395 840 τὴν
2419 769 2526 823 τῶν
2558 768 2827 836 σωμάτων
2876 766 3174 818 ἀνάστασιν
3212 764 3456 835 ἀναιρεῖν
3488 764 3566 833 τῷ
3610 763 3755 816 πλά-

500 876 554 929 in
583 882 896 929 commento
920 887 1020 926 suo
1057 887 1179 926 esse
1207 871 1570 941 opinabantur
1593 908 1608 931 ,
1641 865 2069 937 Opponentibus,

2197 879 2347 934 ιματι
2375 858 2801 933 διεμηχανῶντο,
2835 859 2864 911 6
2886 857 3079 927 Σωτὴρ
3103 856 3623 926 διαπυνθανομένοις
3648 857 3756 909 αὐ-

497 965 1001 1036 quaerentibusque,
1030 964 1316 1033 cujusnam
1342 978 1411 1017 ex
1456 971 1665 1031 septem
1714 958 1835 1014 istis
1884 956 2071 1013 futura

2197 957 2293 1019 τοῖς
2329 954 2392 1007 τὸ
2434 952 2523 1006 διά
2561 950 2658 1004 τοῦ
2699 948 3036 1019 πλάσματος,
3093 948 3168 1011 ὡς
3208 945 3475 1018 ἐνόμιζον,
3526 948 3756 1017 ἄπορον,

498 1055 569 1110 sit
593 1069 727 1108 uxor
760 1093 776 1119 ,
837 1052 1073 1123 primum
1122 1052 1342 1123 quidem
1396 1049 1749 1121 exprobravit
1813 1060 2071 1118 tanquam

2197 1046 2270 1100 ιαὶ
2301 1045 2445 1108 τίνος
2472 1042 2624 1096 ἔσται
2664 1040 2772 1095 τῶν
2798 1039 2936 1093 ἑπτά
2967 1038 3126 1108 γυνὴ.
3162 1036 3509 1103 ἀπαιτοῦσιν,
3538 1037 3759 1107 πρῶτον

458 1213 463 1220 _
498 1144 811 1213 Scripturas
837 1143 1210 1213 ignorantibus
1242 1140 1314 1196 ³⁸.
1344 1141 1413 1196 At
1440 1141 1713 1212 quomodo
1735 1139 2075 1195 animadver-

2197 1136 2284 1191 ιὲν
2309 1134 2638 1205 ἐπετίμησεν
2661 1132 2847 1194 αὐτοῖς
2881 1130 2984 1198 τῆς
3023 1128 3227 1199 πλάνης
3258 1130 3335 1193 ὡς
3375 1128 3472 1192 τὰς
3530 1128 3761 1198 Γραςιάς

499 1235 584 1289 sio
617 1234 670 1287 in
711 1248 806 1287 eos
865 1232 1009 1287 cadit
1066 1232 1158 1302 qui
1204 1232 1455 1303 ignorant
1494 1246 1615 1301 quae
1641 1230 1761 1284 Mali
1792 1229 1961 1284 sunt?
2005 1229 2076 1283 At

2197 1230 2279 1284 ιύκ
2306 1228 2491 1282 είδόσι.
2530 1226 2722 1280 Καίτοι
2751 1225 2836 1287 τίς
2886 1223 3201 1290 ἐπιτίμησις
3231 1224 3344 1284 τοίς
3398 1219 3654 1288 ἀγνοοῦσι
3692 1218 3763 1271 τὰ

498 1325 591 1380 ille
621 1340 688 1379 ex
722 1324 1063 1395 ignoratione
1106 1324 1511 1393 Scripturarum
1550 1323 1699 1378 aliud
1755 1322 1918 1393 idque
1948 1337 2076 1393 gra-

2197 1320 2273 1375 τοῦ
2328 1318 2616 1390 Πονηροῦ;
2652 1318 2717 1371 Ὃ
2764 1314 2822 1368 δὲ
2872 1314 3227 1386 προστίθησιν
3276 1315 3341 1366 ὲκ
3379 1313 3478 1384 τῆς
3528 1310 3760 1380 ἀγνοίας

505 1418 627 1472 vius
657 1417 792 1486 ipsis
824 1416 1074 1486 impingit
1112 1416 1389 1485 probrum,
1412 1414 1558 1485 quod
1591 1414 1798 1471 scilicet
1822 1429 1926 1469 nec
1973 1428 2075 1483 po-

2197 1414 2288 1467 τῶν
2329 1409 2557 1483 Γραφῶν
2593 1449 2609 1475 ,
2641 1407 2830 1477 ἕτερον
2889 1405 3072 1469 αὐτοῖς
3139 1402 3444 1472 ὀνειδισμὸν
3505 1400 3763 1471 χαλεπώ-

502 1510 727 1563 tentiam
759 1506 852 1561 Dei
877 1507 1082 1562 norint.
1117 1506 1255 1562 Hinc
1291 1507 1611 1578 mysterium
1657 1508 2076 1563 resurrectionis

2197 1522 2337 1576 τερον
2374 1544 2390 1568 ,
2456 1502 2590 1573 μηδὲ
2640 1500 2736 1571 τὴν
2805 1498 3033 1567 δύναμιν
3101 1497 3300 1558 αὐτοὺς
3374 1495 3577 1548 εἰδέναι
3654 1492 3754 1547 τοῦ

504 1598 705 1654 clarius
729 1599 1118 1669 expositurus:
1162 1598 1226 1653 In
1261 1602 1635 1655 resurrectione
1667 1601 1843 1666 enim,
1878 1601 2076 1670 inquit,

2197 1597 2339 1652 Θεοῦ.
2396 1592 2530 1650 Είτα
2582 1592 2904 1664 τρανότερον
2962 1591 3023 1644 τὸ
3087 1592 3187 1660 τῆς
3234 1588 3583 1651 ἀναστάσεως
3637 1589 3768 1642 ἀναο

514 1704 676 1759 neque
706 1703 894 1744 uxores
924 1692 1142 1756 ducunt,
1176 1707 1337 1761 neque
1369 1691 1663 1759 elocantur,
1698 1698 1788 1746 sed
1816 1701 1873 1746 ut
1902 1693 2078 1763 angeli

2197 1689 2439 1743 πτύσσων
2463 1686 2758 1758 μυστήριον
2776 1701 2791 1715 ⁸
2824 1683 2926 1738 Ἐν
2950 1681 3060 1751 γὰρ
3077 1679 3151 1749 τῇ
3177 1679 3533 1745 ἀναστάσει,
3567 1678 3761 1748 φησιν,

506 1778 607 1834 Dei
635 1780 691 1833 in
734 1780 859 1834 caelo
884 1790 1004 1834 sunt
1025 1781 1092 1835 ⁸⁸.
1134 1781 1247 1839 lmo
1273 1783 1686 1853 imprudentiam
1713 1783 1853 1839 hanc
1902 1784 2082 1840 adhuc

2197 1780 2324 1835 οὔτε
2351 1778 2668 1848 γαμοῦσιν,
2695 1775 2835 1829 οὔτε
2874 1771 3305 1842 ἑκταμιζονται,
3335 1770 3474 1826 ἀλλ’
3524 1770 3607 1835 ὡς
3656 1769 3765 1838 ἆγ-

508 1865 704 1921 fortius
735 1867 1119 1938 efﬁcaciusque
1150 1872 1535 1942 castigaturus,
1568 1880 1625 1926 et
1662 1872 1858 1941 partim
1891 1872 2078 1943 gratia:

2197 1874 2346 1941 Γελοι
2396 1869 2503 1923 τοῦ
2535 1866 2682 1922 Θεοῦ
2703 1866 2773 1919 ἐν
2803 1862 3037 1932 οὐρανῷ
3065 1866 3242 1917 εἰσιν.
3293 1863 3416 1917 Ἔτι
3440 1861 3494 1914 δὲ
3528 1861 3762 1931 σφοδρό-

509 1972 575 2011 ac
601 1957 737 2025 legis
768 1959 1092 2013 concordem
1124 1959 1463 2014 harmoniam
1505 1960 1855 2030 expositurus
1888 1960 2080 2015 iisdem

2197 1960 2340 2032 rep6v
2367 1976 2426 2013 τε
2453 1958 2549 2011 καὶ
2587 1956 2941 2029 ἰσχυρότερον
2984 1952 3276 2024 διελέγχων
3303 1951 3402 2024 τὴν
3429 1952 3640 2015 άνοιαν,
3664 1952 3763 2005 καὶ

505 2064 664 2116 vero,
706 2065 769 2104 ac
795 2050 984 2104 eadem
1011 2066 1175 2120 opera
1197 2052 1510 2106 recentibus
1546 2051 1874 2106 adversariis
1900 2050 2083 2122 plagas

2197 2048 2300 2119 ίιμα
2326 2048 2425 2117 μὲν
2458 2051 2561 2118 τῆς
2613 2048 2833 2118 χάριτος
2881 2046 2977 2101 καὶ
3018 2045 3112 2100 τοῦ
3175 2044 3340 2114 νόμου
3379 2043 3478 2115 τὴν
3528 2047 3762 2114 σύμφω-

510 2154 577 2192 ex
602 2140 720 2209 lege
760 2139 990 2195 Mosaica
1025 2140 1364 2196 indicturus:
1396 2145 1581 2196 Nonne
1617 2142 1846 2212 legistis,
1883 2141 2081 2211 inquit,

2197 2155 2273 2192 νον
2301 2138 2410 2208 (21)
2455 2135 2812 2206 ἀλληλουχίαν
2844 2133 3206 2206 τρανολογῶν,
3232 2133 3348 2204 ἅμα
3393 2132 3450 2185 δὲ
3499 2134 3595 2186 κσί
3623 2131 3759 2203 πλη-

507 2228 648 2298 quod
670 2245 702 2281 a
729 2228 834 2282 Deo
859 2231 1057 2283 dictum
1088 2239 1202 2285 est:
1233 2231 1345 2303 Ego
1386 2250 1504 2286 sum
1528 2231 1668 2286 Deus
1701 2231 2008 2296 Abrahami,
2035 2240 2082 2285 et

2197 2230 2288 2301 γὴν
2328 2229 2436 2299 (‘29.)
2467 2229 2651 2291 αὐτοῖς
2689 2226 2775 2281 διά
2806 2227 2904 2296 τῆς
2943 2223 3248 2296 Μωσαῖκῆς
3282 2223 3609 2295 νομοθεσίας
3655 2241 3753 2277 κα-

512 2318 650 2373 Deus
674 2319 873 2386 Isaaci,
903 2330 951 2374 et
974 2320 1112 2375 Deus
1146 2321 1331 2375 Jacobi
1363 2325 1429 2376 '°.
1462 2322 1582 2389 Quo
1621 2322 1738 2393 ipso
1767 2323 1969 2378 diserte
1991 2337 2086 2378 os-

2197 2322 2344 2386 Βιεὶς,
2384 2322 2478 2375 καὶ
2533 2320 2599 2372 δι’
2658 2318 2881 2373 ἐκείνων
2931 2320 3043 2382 τοῖς
3085 2317 3181 2372 νῦν
3227 2317 3602 2380 ἀποστάταις,
3635 2319 3751 2369 Οὐκ

509 2410 708 2474 tendit,
742 2412 887 2481 quod
913 2412 1186 2468 Abraham
1213 2423 1269 2468 et
1289 2414 1440 2469 Isaac
1460 2424 1517 2468 et
1539 2414 1706 2469 Jacob
1724 2424 1941 2470 aeternae
1958 2413 2085 2470 vita:

2197 2415 2502 2486 ἀνέγνωτε,
2546 2414 2700 2482 φησὶ,
2746 2410 2814 2466 τὸ
2847 2411 3036 2479 ῥηθὲν
3065 2409 3185 2466 ὑπὸ
3233 2410 3341 2465 τοῦ
3386 2409 3569 2464 Θεοῦ·
3615 2408 3759 2479 Ἐγώ

511 2502 757 2557 haeredes
788 2503 918 2568 sint,
964 2512 1019 2559 et
1047 2504 1191 2574 quod
1243 2506 1388 2560 Deus
1416 2513 1672 2571 internus,
1713 2521 1777 2560 ac
1809 2520 2086 2560 resurrec-

2197 2509 2303 2574 εἰμι
2324 2509 2356 2560 ὁ
2376 2506 2519 2571 Θεὸς
2551 2503 2826 2573 Ἀϐραὰμ,
2845 2502 2943 2556 καί
2968 2506 3000 2557 ό
3017 2502 3162 2568 Θεὸς
3191 2501 3411 2560 Ἰσαὰκ.
3430 2500 3529 2554 καί
3552 2502 3585 2554 ὁ
3614 2499 3761 2561 Θεὸς

510 2593 676 2648 tionis
712 2606 921 2658 auctor,
948 2603 1022 2659 et,
1054 2596 1144 2666 qui
1177 2597 1307 2651 hinc
1348 2597 1570 2667 pendet,
1609 2596 1820 2651 fructus
1863 2596 2085 2667 largitor

2201 2597 2439 2661 Ἰακώϐς
2501 2596 2714 2659 δεικνύς
2764 2614 2824 2650 τε
2915 2594 3161 2665 ἐναργῶς
3245 2593 3336 2647 διά
3402 2590 3605 2645 τούτων
3672 2591 3756 2644 ὅτι

511 2682 728 2736 illorum
781 2684 853 2737 sit
887 2683 1049 2738 Deus.
1110 2685 1377 2756 Adjungit
1433 2701 1564 2740 vero
1618 2686 1672 2739 in
1729 2687 2086 2756 sequentibus

2200 2688 2451 2758 Ἀϐραὰμ
2488 2688 2580 2741 καὶ
2615 2686 2801 2740 Ἰσαάκ
2831 2685 2928 2740 καὶ
2980 2684 3171 2739 Ἰακὼὸ
3202 2687 3301 2755 τῆς
3345 2682 3563 2737 αἰωνίου
3612 2682 3757 2751 ζωῆς

512 2771 672 2827 haec:
712 2771 833 2827 Non
856 2776 1035 2841 itaque
1056 2775 1193 2829 Deus
1230 2785 1555 2830 mortuorum
1592 2776 1729 2831 Deus
1761 2787 1857 2844 est,
1884 2782 1975 2831 sed
2006 2780 2087 2831 vi-

2197 2781 2538 2853 κληρονόμοι,
2571 2780 2664 2834 καὶ
2698 2781 2779 2833 ὅτι
2807 2778 2939 2842 Θεὸς
2968 2777 3205 2843 αἰώνιος,
3233 2776 3327 2829 καὶ
3369 2775 3470 2845 τῆς
3518 2773 3761 2828 ἀναστάο

513 2865 745 2918 nentiam
766 2865 833 2922 “.
868 2867 1043 2936 Atque
1074 2868 1189 2923 haec
1210 2870 1440 2936 monuit,
1463 2878 1524 2924 ut
1551 2885 1765 2924 omnem
1796 2869 2087 2940 impiorum

2197 2891 2328 2937 σεως
2380 2871 2694 2943 εἰσηγητὴς,
2737 2871 2830 2924 καὶ
2873 2870 2971 2934 τῆς
3030 2867 3238 2921 ἐκεῖθεν
3276 2864 3628 2928 ἀπολαύσεως
3681 2856 3771 2918 δαί

515 2954 803 3010 hominum
836 2966 1157 3027 praetextum
1186 2959 1455 3015 eluderet.
1485 2959 1673 3030 Neque
1710 2961 1873 3015 etiam
1908 2961 2092 3018 omisit

2197 2966 2295 3036 τὴρ
2324 2965 2352 3018 6
2386 2964 2590 3018 τούτων
2616 2963 2768 3027 Θεός.
2793 2962 3062 3015 Συνάπτει
3083 2959 3138 3013 δὲ
3160 2959 3253 3013 καὶ
3277 2958 3419 3013 κατὰ
3449 2958 3760 3027 συνέχειαν·

518 3063 950 3105 commemorare
974 3090 989 3116 ,
1039 3051 1128 3105 ubi
1161 3051 1263 3106 ista
1294 3051 1498 3122 scripta
1522 3061 1739 3107 exstent
1772 3093 1786 3117 ,
1848 3054 1943 3109 sed
1992 3069 2090 3126 per

2197 3060 2317 3112 Οὐκ
2333 3057 2504 3111 ἐστιν
2525 3051 2639 3111 οὖν
2658 3058 2691 3110 ό
2723 3055 2867 3121 Θεὸς
2891 3054 3035 3119 Θεὸς
3061 3051 3312 3121 νεκρῶν,
3328 3049 3488 3105 ἀλλὰ
3514 3048 3762 3112 ζώντων.

520 3148 766 3196 sanctum
784 3139 1022 3195 Marcum
1047 3143 1331 3207 exclamat,
1357 3142 1412 3196 in
1434 3143 1572 3197 libro
1598 3141 1760 3196 Mosis
1786 3141 1954 3197 Deum
1975 3144 2090 3198 haec

2197 3147 2306 3201 Καὶ
2324 3146 2495 3200 ταῦτα
2527 3142 2702 3209 εἶπεν,
2729 3145 2819 3199 ἴνα
2847 3146 3025 3199 πᾶσαν
3049 3144 3157 3196 τῶν
3185 3139 3458 3196 δυσσεὸῶν
3489 3139 3764 3213 περικόψῃ

530 3230 598 3285 ad
631 3231 807 3301 ipsum
836 3230 1039 3287 dixisse
1060 3234 1127 3289 ’⁸.
1161 3231 1315 3298 Quod
1347 3234 1388 3288 si
1420 3234 1582 3305 igitur
1612 3232 1752 3288 Deus
1770 3233 1916 3288 Deus
1938 3250 2089 3289 mor-

2763 3195 2921 3291 r
2937 3195 3288 3306 γέγραπται,
3342 3195 3759 3303 παραλέλοιπεινῗ

524 3334 742 3377 tuorum
781 3340 888 3378 non
912 3334 1011 3388 est.
1045 3327 1138 3380 sed
1175 3326 1357 3397 potius
1381 3327 1525 3397 apud
1550 3343 1686 3382 eum
1726 3327 1860 3382 vivit
1925 3328 2096 3382 Abra-

2197 3327 2334 3382 ἀλλά
2365 3329 2454 3382 διά
2478 3326 2571 3380 τοῦ
2600 3325 2747 3397 ίεροῢ
2785 3325 3083 3396 άνακράζει
3106 3324 3358 3394 Μάρκου,
3388 3322 3461 3386 ὡς
3491 3324 3548 3375 ἐν
3580 3324 3649 3392 τῇ
3683 3321 3764 3392 βί-

524 3406 674 3480 ham,
711 3417 841 3472 vivit
871 3419 1038 3483 lsaac,
1073 3419 1203 3474 vivit
1242 3419 1429 3483 Jacob,
1463 3435 1781 3491 omnesque,
1813 3419 1906 3491 qui
1936 3435 2087 3475 eam-

2198 3420 2309 3492 σλῳ
2356 3420 2605 3484 Μωσέως
2636 3421 2664 3473 6
2700 3419 2832 3485 Θεὸς
2880 3416 3053 3473 ταῦτα
3094 3415 3284 3488 εἴρηκε
3309 3415 3441 3487 πρὸς
3489 3415 3673 3467 αὐτόν.
3702 3413 3765 3465 Εἰ

524 3507 648 3562 dem
680 3508 892 3563 vivendi
920 3510 1182 3564 rationem
1218 3513 1405 3567 sectati
1430 3522 1577 3577 sunt,
1605 3513 1919 3584 similesque
1968 3522 2096 3569 sunt

2197 3506 2290 3565 οὖν
2320 3511 2348 3564 6
2382 3510 2515 3575 Θεὸς
2545 3509 2678 3573 Θεὸς
2705 3509 2800 3580 μὲν
2832 3507 3042 3580 νεκρῶν
3079 3509 3181 3561 οὐκ
3211 3507 3378 3570 ἔστιν,
3406 3506 3541 3559 ἀλλά
3564 3504 3630 3575 ζῇ
3667 3504 3764 3574 μὲν

534 3600 741 3671 angelis
775 3599 869 3655 Dei
902 3601 954 3654 in
983 3603 1143 3663 cmlo.
1169 3603 1441 3672 quomodo
1463 3619 1492 3657 a
1514 3605 1655 3658 malo
1676 3605 1964 3676 principio,
1993 3619 2095 3658 ceu

2199 3600 2328 3672 παρ’
2360 3598 2509 3670 αὑτῷ
2543 3599 2811 3670 Ἀϐραὰμ,
2854 3598 2920 3670 ζῇ
2969 3597 3027 3651 δὲ
3061 3596 3270 3660 Ἰσαὰκ,
3315 3595 3382 3667 ζῇ
3437 3594 3497 3645 δὲ
3552 3591 3759 3655 Ἰακὼϐ,

527 3689 678 3760 impii
721 3691 806 3746 isti
834 3702 1129 3763 nugantur,
1167 3693 1272 3747 orti
1293 3693 1543 3748 dicentur
1562 3693 1660 3760 illi,
1689 3694 1780 3764 qui
1803 3694 1871 3749 ad
1893 3692 2097 3750 veteris

2198 3692 2296 3746 καὶ
2341 3693 2541 3754 πάντες
2566 3692 2680 3745 ὅσοι
2711 3691 2808 3761 τὴν
2834 3690 3014 3745 αὐτῶν
3044 3688 3322 3759 ἐζήλωσαν
3354 3686 3641 3749 πολιτείαν,
3666 3685 3757 3738 καὶ

526 3780 835 3835 testamenti
864 3783 1180 3853 prtnscripla
1211 3797 1270 3837 se
1300 3783 1774 3853 composuerunt?

2198 3784 2339 3837 εἰσὶν
2357 3783 2431 3848 ὡς
2456 3783 2677 3853 ἄγγελοι
2716 3781 2810 3836 τοῦ
2840 3781 2975 3836 Θεοῦ
3006 3783 3063 3834 ὲν
3095 3779 3332 3851 οὐρανῷ,
3373 3778 3491 3842 πῶς
3529 3776 3758 3846 πονηρᾶς

2197 3877 2392 3948 ἀρχῆς,
2416 3876 2492 3939 ὡς
2535 3877 2570 3947 ἡ
2611 3874 2848 3947 πονηρία
2900 3874 3084 3945 φησὶν,
3108 3874 3158 3927 οἱ
3206 3872 3347 3928 κατά
3386 3870 3486 3945 τὴν
3532 3868 3765 3926 παλαιάν

2201 3967 2527 4039 βεϐιωκότες
2556 3965 2826 4020 πολιτείαν
2842 3981 2857 4030 ;

595 4041 688 4098 ΙΙΙ.
714 4043 906 4099 Adhuc
938 4060 1069 4101 vero
1102 4046 1274 4117 magis
1303 4046 1477 4102 refelli
1506 4055 1688 4119 potest
1725 4057 2099 4118 apostatarum

2268 4060 2345 4113 l".
2376 4059 2500 4112 Ἔτι
2531 4058 2589 4110 δὲ
2617 4056 2816 4127 μᾶλλον
2846 4055 3175 4127 διελέγχοιτο
3203 4054 3268 4109 ἂν
3296 4055 3396 4125 τῆς
3434 4050 3773 4115 άποστασίας

530 4135 821 4198 sententia,
860 4136 1299 4207 quandoquidem
1333 4138 1593 4194 Servator
1632 4154 1745 4205 eos,
1779 4139 1873 4210 qui
1898 4140 2097 4195 caelum

2198 4149 2260 4203 τὸ
2298 4149 2574 4220 φρόνημα,
2603 4147 2823 4202 ὲπειδάν
2854 4149 2982 4210 τοὺς
3022 4146 3380 4216 βουλομένους
3428 4147 3613 4215 τυχεῖν
3660 4144 3768 4210 τῆς

530 4223 739 4294 ingredi
768 4226 1014 4296 cupiant,
1052 4228 1120 4282 ad
1156 4229 1395 4284 studium
1435 4244 1537 4300 per
1564 4238 1851 4301 angustam
1885 4240 2098 4302 portam

2201 4238 2406 4292 εἰσόδου
2434 4238 2544 4293 τῶν
2571 4236 2816 4308 οὐρανῶν
2861 4237 3365 4306 παρακελευόμενος
3398 4238 3425 4288 6
3444 4233 3633 4305 Σωτὴρ
3684 4232 3778 4285 διὰ

529 4313 842 4371 introeundi
865 4318 1204 4384 exhortatus,
1248 4320 1484 4375 vicissim
1547 4321 1882 4392 negligentes
1936 4322 2100 4392 hujus

2200 4331 2301 4400 τῆς
2332 4330 2524 4400 στενῆς
2556 4329 2733 4399 πύλης
2758 4327 3122 4398 ἀγωνίζεσθαι
3179 4327 3462 4390 εἰσελθεῖν,
3496 4327 3623 4388 τοὺς
3673 4325 3776 4394 μὲν

532 4407 795 4471 mandati,
829 4416 1083 4479 tanquam
1108 4411 1386 4480 operarios
1434 4412 1660 4467 incuriae
1693 4413 1823 4467 illuc
1863 4413 2097 4484 ablegat,

2201 4400 2651 4493 ὲρῤᾳθυμηκότας
2667 4436 2734 4471 πε
2744 4420 2797 4489 pl.
2812 4418 2909 4491 τὴν
2931 4418 3169 4489 ἐντολὴν,
3192 4418 3266 4481 ὡς
3294 4418 3392 4487 τῆς
3407 4416 3632 4487 ἀκηδίας
3652 4416 3770 4485 (23)

532 4496 626 4551 ubi
649 4497 718 4551 sit
746 4496 904 4554 ﬂetus
926 4510 980 4555 et
1008 4502 1208 4556 stridor
1236 4502 1504 4558 dentium.
1542 4505 1789 4575 Cumque
1828 4505 2100 4576 undiqua-

2207 4512 2463 4583 ἐργάτας,
2491 4509 2619 4564 ἔνθα
2650 4512 2680 4564 6
2705 4509 2979 4578 κλαυθμὸς
3025 4510 3122 4563 καὶ
3156 4509 3184 4561 ὁ
3228 4508 3472 4580 βρυγμὸς
3500 4507 3608 4561 τῶν
3633 4506 3779 4560 ὁδόν-

428 4650 433 4657 ,
530 4602 638 4658 que
667 4590 962 4662 colligeret,
991 4593 1188 4663 quitse
1234 4596 1517 4658 studiosos
1547 4598 1805 4667 praecepti
1844 4598 1899 4652 in
1930 4613 2102 4668 regno

2206 4620 2314 4657 των
2355 4601 2697 4671 ἀποπέμπει.
2732 4601 2954 4668 Είσάγει
3009 4600 3087 4664 δὲ,
3136 4600 3472 4668 πανταχόοεν
3526 4599 3781 4665 συνάγων

533 4694 633 4734 suo
660 4684 1048 4752 praestiterint,
1112 4685 1286 4756 iisque
1331 4687 1505 4742 locum
1546 4688 1601 4742 in
1648 4704 1714 4743 eo
1761 4690 2100 4761 assignaret,

2206 4694 2334 4758 τοὺς
2361 4693 2767 4757 σπουδάσαντας
2798 4695 2926 4763 περὶ
2953 4691 3051 4764 τὴν
3067 4692 3307 4762 ἐντολὴν,
3334 4694 3393 4745 ὲν
3422 4694 3486 4762 τῇ
3526 4690 3783 4763 βασιλείᾳ

536 4769 796 4838 (adverte,
818 4789 850 4827 ο
869 4772 1056 4839 Ιιοιιιο,
1089 4787 1325 4831 mentem
1346 4776 1408 4847 l),
1446 4775 1778 4844 Abrahamo,
1800 4788 1858 4834 et
1898 4778 2102 4845 lsaaco,

2208 4782 2397 4847 αὑτοῦ,
2433 4784 2528 4836 καὶ
2549 4782 2770 4845 τούτους
2798 4783 3103 4836 ἀνακλίνων
3135 4783 3190 4836 ὲν
3246 4783 3382 4852 αὐτῇ
3431 4781 3779 4853 (ἐπίστησον,

536 4867 592 4913 et
619 4859 818 4919 Jacobo
844 4868 1079 4936 primum
1102 4868 1362 4924 vindicat.
1390 4868 1479 4923 Ait
1507 4869 1654 4924 enim
1678 4888 1691 4924 :
1721 4869 1778 4923 Si
1799 4870 1990 4925 audire
2010 4884 2105 4925 no-

2210 4873 2484 4945 ἄνθρωπε,
2513 4873 2606 4926 τὸν
2630 4872 2813 4943 νοῦνί)
2838 4874 2929 4925 τὸν
2986 4871 3239 4945 Ἀϐραάμ
3277 4873 3373 4926 καὶ
3429 4871 3631 4935 Ἰσαὰκ,
3681 4871 3786 4923 καὶ

608 4991 655 5026 ⁸⁸
684 4992 1023 5061 Matth.xxn,
1050 4997 1142 5052 29.
1216 4999 1262 5031 ⁸⁹
1292 4998 1428 5054 ibid.
1452 4997 1541 5053 30.
1619 4997 1665 5029 ’°
1706 4998 1839 5054 ibid.
1871 5000 1930 5053 5|
1958 5037 1974 5065 ,
2004 4999 2095 5057 52.
2169 5001 2214 5033 ⁹¹
2241 5000 2376 5055 ibid.
2448 5001 2494 5033 θ’
2516 4999 2680 5055 Marc.
2707 5015 2807 5063 xu,
2830 5000 2920 5055 26.

1598 5131 1836 5188 νΑιιιΑς
1878 5132 2263 5190 LECTIONES
2301 5134 2391 5190 ET
2419 5134 2654 5190 NOTAE.
2728 5109 2737 5117 ’

610 5238 722 5320 (2-1)
765 5240 884 5320 Τὴν
926 5244 1387 5320 σύμφωνονλια
1422 5248 1565 5320 lego,
1598 5264 1697 5318 pro
1712 5300 1726 5320 ._
1753 5252 2094 5320 συμφωνίαν,

2197 5253 2422 5307 insidias
2442 5254 2697 5308 dixerunt
2716 5252 2830 5307 alii.

539 5309 685 5394 quod
718 5319 845 5394 erat.
868 5311 922 5365 in
976 5309 1293 5394 _Atque
1330 5318 1403 5394 _id_
1440 5309 1659 5388 quidem
1718 5309 1901 5375 loetin't
1960 5309 2095 5376 tueri

2199 5389 2241 5394 __
2268 5324 2377 5392 (25)
2415 5324 2710 5394 {Anna/ac.
2745 5322 2922 5394 Videri
2971 5330 3184 5393 poterat
3212 5321 3499 5394 legendum
3540 5321 3781 5387 ἀδικίας.

537 5388 769 5463 poterat,
804 5384 1203 5463 sigparticnlam
1259 5388 1355 5463 καὶ
1390 5384 1540 5463 inter
1581 5399 1870 5461 utramque
1910 5406 2100 5446 vocem
2199 5384 2325 5447 Haec
2352 5384 2500 5447 enim
2538 5384 2761 5447 'Christi
2827 5384 3040 5463 phrasis
3085 5401 3170 5447 est
3221 5384 3380 5447 Luca:
3427 5409 3547 5457 xm,
3577 5394 3667 5447 27.
3701 5384 3787 5449 Kc

541 5450 1213 5532 εκςῇῇβξχειειξιεελδςᾱ,
1241 5457 1417 5532 placet
1464 5459 1638 5532 prius.
1778 5450 1798 5461 ’
1988 5531 2014 5532 η
2197 5473 2461 5532 ριειειειειι
2490 5478 2557 5516 ex
2587 5450 2844 5518 veterum'
2885 5464 3096 5517 ratione
3158 5450 3551 5532 pronuntiandi
3575 5480 3611 5531 η
3634 5478 3734 5530 per
3762 5481 3784 5516 ι

612 5518 726 5589 (22)
749 5522 1017 5590 Πληγήν.
1045 5518 1303 5603 Ιςαθιέναι
1334 5518 1570 5603 πληγήν,
1603 5543 1755 5603 atque
1785 5541 1930 5603 recte
1966 5531 2105 5586 dici-

2198 5518 2316 5603 ﬁeri
2343 5533 2497 5587 facile
2518 5541 2752 5603 poterat,
2782 5542 2841 5588 ut
2880 5533 3094 5596 ἀδικίας
3127 5518 3226 5602 pi'o
3260 5532 3488 5602 ἀκηδίας
3543 5550 3572 5587 a
3599 5518 3787 5588 'libra-

540 5596 649 5669 tur,
680 5604 841 5669 quam
878 5594 1209 5669 καταφέρειν
1236 5594 1469 5669 πληγήν,
1500 5594 1606 5667 qua
1633 5594 1821 5669 phrasi
1853 5617 1985 5656 usus
2019 5610 2104 5656 est

2207 5602 2290 5658 rio
2323 5594 2669 5659 scriberetur.
2704 5602 2810 5658 Sed
2846 5594 3099 5657 tuendam
3131 5594 3320 5656 tamen
3352 5594 3557 5659 codicis
3587 5603 3786 5659 lectio-

540 5657 889 5747 ξξίιξιξιὶεξπιιυε,
924 5657 1142 5747 lib-in}.
1173 5664 1248 5719 De
1303 5657 1534 5747 {signa
1569 5657 1877 5747 Menandri,
1914 5672 2103 5725 obscr—
2207 5657 2655 5747 nemgesistimo,
2678 5657 2806 5741 quia
2847 5673 2916 5728 de
2958 5672 3357 5746 negligentibus
3391 5657 3465 5731 et
3489 5657 3795 5731 incuriosis

548 5739 711 5813 vante
728 5730 961 5813 ilenrico
992 5734 1271 5813 Stephano
1302 5730 1353 5789 in
1385 5737 1645 5813 Thesauro
1674 5730 1886 5813 linguae,
1906 5756 2102 5811 quem-
2208 5742 2523 5801 hominibus
2557 5730 2852 5801 bic's'crmo
2879 5752 2984 5800 est.

552 5799 841 5857 admodum
887 5803 1051 5859 etiam
1091 5799 1358 5861 ’καθιέναι
1435 5807 1592 5880 λόχον
1642 5799 1772 5880 ιιι-ον
1797 5799 2105 5866 submittere
