3986 6460
212 393 304 460 ῙΞΣΊ

1261 384 1559 446 CONTRA
1597 381 2056 444 MANICILEOS
2089 381 2320 442 LIBER
2348 381 2466 446 III.
2497 397 2500 399 λ

3380 382 3487 446 130

216 503 412 562 Ἰακὼϐ
439 503 546 557 καὶ
580 503 712 565 τοὺς
728 499 1016 571 προφήτας
1045 491 1768 583 προανακλίνει,ΛέγειΔγάρ
1789 507 1803 523 ο

1919 493 2040 558 litis,
2075 493 2223 562 (quid
2255 492 2407 561 ﬁet?)
2439 488 2530 545 ubi
2556 487 2833 554 videritis,
2885 501 2941 546 et
2968 489 3338 583 Abrahamun}
3362 531 3379 559 ,
3430 505 3489 551 et

206 597 317 648 Κάν
354 593 432 662 μὴ
492 588 773 660 βούλησθε
814 587 1033 640 ἀκούειν
1059 603 1074 619 ·
1106 586 1233 638 ὅταν
1295 582 1501 653 ὄψησθε
1559 580 1812 651 Ἀϐραὰμ

206 689 295 741 καὶ
330 684 536 737 Ἰσαὰκ
570 681 670 735 καὶ
707 678 900 733 Ἰακὼϐ
949 679 1041 731 καὶ
1092 677 1297 740 πάντας
1349 676 1479 738 τοὺς
1525 673 1811 744 προφήτας

207 782 259 831 ἐν
279 780 346 847 τῇ
368 775 644 845 βασιλεία
670 772 766 826 τοῦ
799 769 958 832 Θεοῦ,
979 769 1120 840 ὑμᾶς
1144 768 1200 820 δὲ
1217 765 1649 836 ἐκϐαλλομένους
1669 764 1806 829 Ego);

208 869 318 921 Καὶ
350 866 502 927 τίνες
539 866 596 916 οἱ
626 861 1017 931 ἐκϐαλλόμενοι
1041 860 1166 924 ἔξω,
1191 859 1222 929 ἢ
1253 858 1493 928 δηλονότι
1524 859 1636 912 ὅσοι
1667 856 1810 909 κατά

211 963 445 1032 μίμησιν
492 957 600 1010 τοῦ
647 956 905 1026 Ἀϐραὰμ
948 956 1042 1006 καὶ
1099 953 1287 1006 Ἰσαὰκ
1336 952 1432 1004 καὶ
1465 949 1684 1012 Ἰακὼϐ,
1716 949 1811 1002 καὶ

205 1054 315 1105 τῶν
345 1049 664 1120 προφητῶν
710 1050 812 1101 οὑκ
855 1045 1308 1107 ἐπολιτεύσαντο;
1340 1044 1402 1096 Εἰ
1448 1043 1503 1096 δὲ
1555 1043 1668 1096 ὅσοι
1717 1043 1809 1095 τὸν

210 1145 319 1215 βίον
365 1141 561 1194 αὑτῶν
600 1142 697 1194 καὶ
745 1140 842 1211 τὴν
901 1138 1182 1192 εὐσέϐειαν
1211 1139 1311 1189 οὑκ
1357 1135 1660 1204 ἐζήλωσαν,
1707 1134 1808 1204 τῆς

209 1234 493 1305 βασιλείας
525 1232 892 1286 ἐκϐάλλονται
924 1230 1019 1284 τοῦ
1053 1229 1213 1292 Θεοῦ,
1265 1229 1358 1283 καὶ
1395 1232 1475 1292 είς
1496 1229 1596 1293 ¹’τὸν
1643 1228 1811 1282 κλαυ-

209 1329 336 1397 θμὸν
366 1328 468 1378 καὶ
509 1324 778 1395 βρυγμόν
818 1325 926 1377 τῶν
967 1324 1192 1376 ὀδόντων
1242 1321 1695 1393 ἁπορῤίπτονται,
1725 1321 1810 1384 τίς

213 1421 271 1470 ἂν
305 1415 579 1480 ἀντάξιος
625 1415 884 1486 εὑρεθείη
938 1415 1179 1484 τιμωρία
1235 1415 1346 1475 τοῖς
1394 1413 1489 1466 ἐπὶ
1552 1411 1809 1465 τοσοῦτον

215 1507 611 1576 ιξοιστρήσασι
663 1504 861 1574 μανίας
886 1522 901 1570 ;
931 1505 996 1556 Ὠ
1053 1505 1336 1574 στομάτων
1371 1502 1671 1556 ἁπυλῶτων
1716 1506 1811 1556 καὶ

214 1603 282 1670 τῷ
318 1601 496 1671 πατρὶ
530 1598 633 1651 τοῦ
679 1598 908 1668 ψεύδους
947 1597 1178 1668 ἑτοίμως
1225 1596 1704 1666 ὑπηρετουμένων,
1733 1597 1809 1661 ὼς

217 1698 302 1750 καὶ
343 1693 566 1764 λῃστὰς
627 1692 728 1744 καὶ
786 1691 1024 1752 κλέπτας
1073 1691 1166 1742 καὶ
1215 1689 1311 1742 τοῦ
1363 1687 1609 1759 Πονηροῦ
1670 1687 1808 1743 πλά-

219 1805 411 1856 σματα,
437 1787 552 1838 καὶ
571 1786 858 1856 ὑπηρέτας
883 1784 1102 1855 πολμᾷν
1135 1780 1439 1854 ἐνυϐρίζειν
1462 1781 1475 1834 ί
1498 1783 1559 1834 Οί
1587 1783 1644 1834 δὲ
1677 1772 1811 1853 μηδέ

227 1881 367 1949 μέχρι
415 1877 628 1930 τούτου
675 1876 774 1946 τὴν
827 1875 1030 1928 λύσσαν
1078 1875 1355 1942 ίστῶντες,
1397 1873 1532 1927 ἀλλά
1568 1876 1662 1927 καὶ
1718 1875 1810 1928 τὸν

231 1971 587 2042 χαριζόμενον
642 1969 778 2037 ἡμῖν
808 1966 908 2038 τὴν
948 1967 1168 2019 αίώνιον
1197 1966 1364 2037 ζωὴν,
1401 1967 1494 2019 καὶ
1519 1965 1618 2036 τὴν
1658 1964 1812 2035 βασι-

232 2062 356 2116 λείαν
386 2062 504 2115 τῶν
535 2059 810 2130 οὐρανῶν,
838 2060 897 2124 ὃς
926 2059 1189 2122 ἐστιθεὸς
1222 2059 1473 2131 Ἀϐραὰμ
1497 2060 1590 2112 καὶ
1628 2060 1812 2113 Ἰσαὰκ

230 2155 310 2205 καὶ
363 2153 594 2215 Ἰακὼϐ,
625 2154 761 2218 Θεὸς
813 2152 1032 2216 ζώντων
1066 2151 1162 2205 καὶ
1198 2153 1259 2204 οὐ
1299 2153 1529 2224 νεκρῶν,
1565 2153 1811 2225 πονηρὰν

224 2247 390 2330 amt.
412 2248 512 2299 καὶ
538 2247 793 2317 πονηρῶν
819 2245 996 2316 ἔργων
1025 2243 1355 2313 δημιουργὸν
1378 2245 1809 2315 δυσφημοῦντες,

224 2344 294 2395 ti
324 2343 402 2404 ὼς
453 2342 673 2412 ,ἀληθῶς
730 2341 827 2393 τοῦ
878 2338 1125 2410 Πονηροῦ
1202 2339 1499 2410 πλάσματα
1535 2358 1538 2362 ·
1575 2337 1663 2412 ἄρ’
1692 2342 1814 2412 οὐχὶ

234 2436 333 2506 την
384 2436 477 2487 δια
518 2436 675 2506 πυρὸς
720 2435 817 2487 καὶ
861 2433 955 2487 τοῦ
1000 2434 1224 2496 σκότους
1265 2433 1674 2504 ἡτοιμασμένην
1734 2434 1813 2505 τῷ

237 2525 474 2594 διαϐόλῳ
502 2524 686 2595 ποινὴν
717 2525 1008 2587 διαπαντὸς
1043 2527 1498 2597 εἰσπραττόμενοι
1524 2527 1624 2577 οὐκ
1653 2526 1814 2579 ἐλάτ-

227 2633 350 2668 τονα
373 2618 470 2686 τῆς
497 2618 706 2686 τόλμης
733 2617 942 2669 τίσουσι
969 2617 1130 2686 δίκην
1157 2634 1171 2682 ;
1203 2617 1336 2669 Οὐδὲ
1370 2618 1430 2669 τὸ
1458 2619 1644 2689 χάσμα
1671 2617 1727 2670 δὲ
1754 2617 1815 2670 τὸ

231 2704 428 2768 μεταξὺ
458 2703 558 2757 τοῦ
593 2705 854 2757 πλουσίου
901 2707 995 2758 καὶ
1029 2706 1122 2758 τοῦ
1173 2706 1426 2775 Λαζάρου
1457 2708 1812 2778 πεφρίκασιν,

229 2801 254 2851 ὖ
277 2797 674 2870 ἀ[πο];ειχίζει
707 2799 802 2868 μὲν
824 2801 949 2861 τοὺς
975 2800 1113 2870 μετὰ
1129 2799 1220 2852 τοῦ
1251 2799 1502 2870 Ἀϐραὰμ
1528 2802 1816 2868 εὐφραινο-

233 2892 438 2960 μένους,
484 2891 604 2943 ἀπὸ
650 2889 759 2942 τῶν
812 2891 870 2942 ἐν
926 2894 1044 2953 ταῖς
1103 2891 1357 2961 βασάνοις
1413 2892 1813 2961 κολαζομένων.

245 2983 372 3035 Ἀλλ’
401 2984 598 3051 οἷμοιί
631 2982 734 3034 κᾶν
760 2984 834 3052 μὴ
859 2983 973 3053 (24)
1006 2983 1102 3036 νῦν
1129 2983 1226 3053 τὴν
1257 2984 1512 3052 αἴσθησιν
1531 2985 1630 3054 τῆς
1645 3002 1818 3054 τιμω-

243 3076 341 3144 ρίας
364 3078 469 3128 οὐκ
501 3075 728 3145 ἔχοντες
760 3075 855 3146 τὴν
885 3075 1116 3146 ἀπειλὴν
1147 3076 1240 3128 τοῦ
1277 3077 1526 3148 Σωτῆρος
1571 3079 1630 3129 οὑ
1661 3077 1818 3149 τεθή-

1913 583 2190 648 lsaacum,
2241 591 2298 638 et
2344 583 2629 648 Jacobum,
2669 592 2724 638 et
2759 598 2949 638 omnes
2979 583 3272 654 prophetas
3314 585 3370 639 in
3397 601 3488 642 re-

1913 693 2018 750 gno
2045 677 2176 742 Dei,
2212 693 2309 732 vos
2353 692 2484 732 vero
2523 675 2666 731 foras
2722 677 2969 746 ejectos?
3015 675 3118 743 Qui
3163 692 3298 732 vero
3353 688 3486 733 sunt

1912 771 2071 841 eiecti
2095 771 2192 838 illi,
2221 771 2326 826 nisi
2368 771 2482 835 isti,
2506 771 2599 840 qui
2627 770 2695 824 ad
2741 771 3049 840 exemplum
3086 771 3382 825 Abrahami
3433 781 3491 824 et

1913 865 2079 919 lsaaci
2106 874 2161 920 et
2188 864 2372 919 Jacobi
2402 864 2568 918 vitam
2607 879 2716 917 non
2737 865 3200 933 composuerunt?
3248 863 3404 930 Quod
3439 865 3487 918 si

1911 975 2044 1016 vero
2076 975 2106 1014 e
2143 975 2311 1030 regno
2350 959 2443 1014 Dei
2500 959 2808 1028 expellendi
2863 967 3030 1024 sunt,
3069 968 3126 1013 et
3172 958 3238 1013 ad
3294 958 3486 1013 ﬂetum

1911 1062 2075 1122 atque
2122 1053 2415 1108 stridorem
2457 1052 2703 1106 dentium
2742 1051 3072 1106 amandandi
3109 1093 3126 1118 ,
3170 1053 3260 1121 qui
3316 1053 3486 1106 vitam

1911 1145 2278 1214 pietatemque
2313 1160 2501 1199 eorum
2557 1146 2858 1199 imitatione
2905 1161 3016 1198 non
3072 1154 3484 1214 expresserunt,

1911 1252 2031 1305 quae
2053 1235 2269 1290 tandem
2309 1251 2469 1305 pcena
2495 1237 2783 1291 statuenda
2806 1245 2888 1290 est
2911 1237 3072 1307 digna
3115 1237 3220 1291 illis
3244 1278 3259 1303 ,
3299 1238 3389 1307 qui
3421 1254 3488 1292 eo

1912 1324 2137 1380 insania:
2162 1328 2586 1396 processerunt?
2629 1327 2672 1382 Ο
2725 1328 2987 1382 eﬂ‘renata
3038 1328 3321 1382 hominum
3365 1346 3485 1394 ora,

1910 1417 2057 1472 Patri
2093 1420 2360 1474 mendacii
2383 1422 2522 1476 adeo
2575 1423 3012 1487 inservientium,
3058 1434 3117 1476 ut
3156 1431 3211 1478 et
3246 1424 3489 1478 latrones

1912 1523 1967 1566 et
1996 1512 2164 1575 fures,
2206 1521 2259 1566 et
2283 1513 2403 1567 Mali
2439 1515 2754 1585 progeniem
2787 1531 2850 1570 ac
2875 1531 3062 1572 servos
3088 1532 3182 1570 eos
3211 1517 3489 1586 appellare

1911 1603 2184 1658 audeant!
2212 1604 2406 1659 Nonne
2434 1621 2563 1660 vero
2592 1607 2688 1670 illi,
2725 1607 2815 1676 qui
2844 1623 2913 1661 ne
2947 1607 3037 1663 hic
3065 1609 3282 1678 quidem
3311 1611 3489 1666 furori

1913 1709 2014 1748 suo
2040 1694 2250 1749 obicem
2274 1705 2504 1764 ponunt,
2543 1698 2636 1751 scd
2659 1707 2711 1751 et
2739 1714 2887 1764 eum,
2911 1699 3004 1768 qui
3037 1701 3202 1754 vitam
3225 1710 3489 1757 aeternam

1915 1801 2252 1856 regnumque
2295 1788 2519 1842 cmleste
2563 1788 2722 1842 nobis
2774 1787 3030 1860 largitur,
3070 1790 3161 1859 qui
3217 1791 3358 1844 idem
3405 1801 3491 1847 est

1916 1837 2247 1856 ,_a,,,,,1-,-
2303 1837 2515 1842 mn---
2566 1837 2719 1842 η---
2775 1837 3030 1860 mcum,
3072 1837 3161 1859 η--
3217 1837 3358 1844 ._-.--
3408 1837 3490 1847 νη-

1836 1837 1884 1896 Β
1914 1875 2056 1930 Deus
2089 1875 2382 1930 Abrahami
2415 1887 2470 1932 et
2490 1878 2661 1932 lsaaci
2686 1887 2741 1933 et
2763 1879 2974 1942 Jacobi,
3015 1881 3158 1935 Deus
3185 1881 3490 1936 viventium

1911 1983 2021 2022 non
2050 1977 2236 2023 autem
2268 1979 2632 2033 mortuorum,
2654 1979 2907 2042 tanquam
2935 1974 3134 2026 malum
3163 1973 3490 2045 principium

1913 2072 1968 2118 et
1997 2062 2264 2116 malorum
2295 2079 2522 2133 operum
2553 2063 2801 2134 opiﬁcem
2823 2065 3256 2133 calumniantur;
3279 2082 3488 2134 nonne,

1913 2155 2156 2223 inquam,
2199 2154 2508 2225 illi,utpoté
2548 2155 2671 2208 Mali
2733 2173 2860 2211 vere
2892 2159 3180 2229 progenies
3211 2200 3227 2224 ,
3276 2161 3489 2230 suppli—

1913 2245 2081 2307 cium,
2106 2260 2202 2315 per
2234 2245 2410 2316 ignem
2444 2255 2497 2300 et
2522 2248 2778 2301 tenebras
2803 2248 3018 2303 diabolo
3043 2257 3325 2318 paratum,
3360 2267 3488 2319 per-

1915 2349 2081 2407 petuo
2107 2349 2489 2408 provocantes,
2556 2340 2773 2409 dignam
2835 2340 3079 2396 facinore
3128 2341 3492 2398 audacissimo

1916 2444 2130 2498 pmnam
2164 2429 2355 2482 luent?
2381 2428 2448 2482 Et
2470 2445 2538 2482 ne
2563 2429 2641 2482 sic
2668 2430 2888 2498 quidem
2921 2428 3153 2493 hiatum,
3213 2430 3304 2498 qui
3347 2432 3492 2484 inter

1915 2520 2142 2575 divitem
2179 2529 2234 2574 et
2263 2520 2527 2574 Lazarum
2552 2521 2874 2590 interiectus
2906 2531 3010 2586 est,
3041 2523 3239 2592 quique
3258 2522 3491 2588 animas,

1917 2630 2044 2668 cum
2073 2614 2382 2669 Abrahamo
2429 2614 2788 2669 convivantes
2809 2651 2825 2679 ,
2858 2614 2925 2668 ab
2974 2615 3080 2668 illis
3117 2627 3362 2685 separat,
3393 2614 3489 2683 qui

1927 2705 2146 2759 internis
2172 2705 2508 2759 cruciatibus
2550 2704 2880 2774 afﬂiguntur,
2907 2707 3316 2776 expavescunt?
3352 2705 3491 2770 Vah,

1918 2812 2080 2865 quam
2115 2797 2315 2850 misere
2357 2797 2610 2850 homines
2635 2836 2649 2861 ,
2682 2798 2772 2865 qui
2814 2797 3022 2851 nullum
3059 2814 3233 2867 poma:
3271 2814 3492 2853 sensum

1918 2904 2066 2942 nunc
2097 2887 2365 2943 habentes
2398 2889 2466 2942 ab
2499 2889 2634 2958 ipsis
2692 2889 2996 2944 Servatoris
3035 2890 3200 2944 minis
3232 2890 3330 2946 sibi
3383 2908 3497 2946 non

1922 2977 2136 3038 timent,
2160 2993 2245 3041 eo,
2275 2994 2360 3040 eo,
2395 2978 2616 3047 inquam
2637 3018 2651 3044 ,
2681 2987 2926 3048 tempore
2953 2979 3305 3033 acerbitatem
3340 2979 3497 3034 dolo-

1921 3085 2042 3123 rum
2071 3071 2409 3140 experiundo
2434 3071 2640 3131 cdocti,
2670 3071 2994 3140 nullumque
3038 3086 3219 3140 operae
3268 3087 3379 3126 sua:
3415 3072 3500 3126 lu-

246 3185 375 3232 πασι,
413 3168 550 3218 τότε
583 3167 673 3237 δὴ,
705 3168 826 3219 τότε
873 3167 1040 3238 πείρα
1078 3167 1139 3220 τὸ
1193 3169 1388 3238 πικρὸν
1437 3169 1535 3237 τῆς
1585 3168 1814 3239 βασάνου

1923 3180 2078 3218 crum
2108 3164 2418 3233 capientes,
2452 3175 2641 3218 contra
2672 3180 2729 3218 se
2756 3165 2902 3233 ipsos
2927 3165 3141 3230 duram,
3193 3163 3406 3234 longam
3443 3172 3502 3218 et

243 3260 520 3328 μαθόντες,
559 3263 668 3311 xiv
702 3260 854 3312 οὑδέν
878 3258 1070 3328 κέρδος
1106 3261 1454 3329 εὑρήσουσιν,
1496 3261 1695 3332 πολλὴν
1725 3264 1818 3316 καὶ

247 3353 448 3422 μακρὰν
502 3353 608 3405 xui.
663 3351 1026 3422 ἀτελεύτητον
1089 3352 1297 3405 ἑαυτῶν
1347 3355 1662 3424 ποιήσονται
1721 3355 1820 3426 τὴν

255 3446 627 3511 κατάγνωσινί
662 3444 916 3498 Μάλιστα
969 3445 1079 3514 γὰρ
1121 3445 1340 3498 ἐπειδὰν
1403 3445 1494 3500 τὸν
1548 3447 1819 3518 Ἀϐραὰμ,

260 3541 380 3590 κατά
403 3541 504 3607 τὴν
559 3537 655 3590 τοῦ
693 3537 947 3590 πλουσίου
983 3535 1318 3608 παραϐολὴν,
1365 3538 1445 3600 είς
1501 3539 1822 3606 ἐπικουρίαν

255 3628 538 3692 καλοῦντες
561 3669 576 3692 ,
638 3628 700 3682 ὃν
750 3627 1075 3698 ἐχλεύαζον,
1135 3627 1389 3681 ἐλεοῦντα
1427 3628 1524 3698 οὐχ
1561 3629 1824 3699 εὑρήσου-

243 3737 317 3771 σιν
351 3719 493 3790 (25).
545 3720 607 3772 Εἰ
647 3720 757 3790 γὰρ
799 3721 828 3770 ὁ
853 3721 932 3783 είς
956 3720 1048 3772 τὸν
1076 3719 1326 3789 Λάζαρον
1349 3720 1684 3790 παροινήσας
1713 3720 1823 3775 τῶν

247 3812 632 3882 Ἀϐραμιαίων
666 3813 883 3865 κόλπων
905 3813 1120 3884 φοϐερῷ
1149 3813 1387 3883 χάσματι
1413 3812 1821 3884 ὑπερορίζεται,

234 3904 429 3972 καὶτῷ
460 3903 753 3972 ἀκοιμήτῳ
785 3903 918 3972 πυρὶ
951 3903 1050 3972 τὴν
1088 3902 1242 3973 δίκην
1277 3904 1374 3972 τῆς
1400 3901 1820 3972 ἅφιλανθρώπου

234 3999 462 4066 γνώμης
508 3997 826 4048 ἁπαιτείται
857 4009 871 4022 ·
908 3995 1130 4065 καὶτῆς
1169 3992 1448 4065 μακαρίας
1479 3994 1693 4064 ἐκείνης
1735 3994 1826 4046 εὑ-

231 4089 516 4160 φροσύνης
571 4090 666 4140 καὶ
721 4086 1082 4150 ἀναπαύσεως
1119 4087 1365 4158 γλίχεται
1408 4077 1529 4157 μὲν,
1556 4088 1820 4158 ἀπείργε-

230 4199 317 4235 ται
340 4182 426 4246 δέ,
463 4181 566 4233 καὶ
600 4179 858 4248 φλέγεται
900 4180 997 4249 μὲν
1030 4179 1128 4250 τὴν
1154 4179 1428 4247 γλῶσσαν,
1460 4180 1710 4233 ὀδυνᾶται
1761 4179 1820 4233 δὲ

229 4275 442 4345 πικρὰς
474 4274 670 4337 ὀδύνας
696 4291 710 4304 ·
744 4273 838 4326 καὶ
887 4276 1010 4325 τότε
1042 4275 1139 4342 τῆς
1169 4273 1458 4344 παροινίας
1513 4271 1700 4344 οὔσης,
1734 4275 1818 4327 ὅτι

230 4367 308 4436 μὴ
361 4366 644 4435 μετέδωκε
679 4366 756 4436 τῷ
787 4365 1018 4435 ὀμοιρυεῐ
1069 4366 1436 4436 συμπαθείας,
1471 4367 1584 4420 ἀλλ’
1616 4369 1715 4438 οὑχ
1735 4368 1818 4420 ὅτι

227 4459 436 4529 χλεύην
466 4460 795 4526 ἐπήνεγκεν,
830 4458 863 4528 ἢ
897 4459 1197 4530 δυσφημῶν
1230 4457 1384 4530 ὤφθη
1415 4477 1430 4489 ο
1468 4461 1585 4525 πῶς
1627 4463 1726 4514 οὐκ
1750 4460 1816 4514 ἂν

1925 3274 2035 3312 non
2065 3260 2424 3313 revocandam
2469 3259 2798 3313 sententiam
2827 3258 3037 3314 ferenti
3073 3258 3240 3328 quue
3287 3260 3340 3312 in
3373 3259 3492 3329 pri-

1926 3351 2031 3404 mis
2064 3361 2212 3414 tunc,
2242 3351 2330 3404 ubi
2365 3351 2666 3406 secundum
2695 3351 3004 3420 parabolam
3032 3351 3101 3405 de
3131 3351 3296 3405 divite
3320 3352 3503 3420 prola-

1927 3451 2032 3496 tam
2073 3441 2436 3496 Abrahamum
2470 3443 2524 3496 in
2551 3444 2812 3497 auxilium
2847 3453 3129 3507 vocantes,
3165 3459 3312 3509 eum,
3336 3459 3500 3513 quem

1924 3545 2084 3589 antea
2119 3534 2357 3589 ludibrio
2396 3533 2749 3601 habuerunt,
2808 3537 2957 3590 nulla
3013 3535 3097 3589 sui
3148 3534 3501 3589 miseratione

1929 3637 2132 3683 tactum
2158 3626 2458 3681 invenient.
2493 3626 2548 3680 Si
2579 3627 2725 3680 enim
2760 3626 2924 3681 homo
2967 3627 3022 3680 in
3048 3627 3312 3679 Lazarum
3355 3627 3503 3694 inju-

1925 3719 2040 3773 rius
2070 3719 2138 3773 ab
2167 3717 2460 3772 Abrahami
2485 3717 2604 3771 sinu
2633 3733 2730 3786 per
2761 3717 3108 3770 tremendum
3151 3715 3355 3768 hiatum
3404 3731 3500 3769 ex-

1925 3811 2184 3875 cluditur,
2217 3819 2273 3864 et
2325 3810 2449 3880 igne
2480 3824 2759 3878 nunquam
2798 3807 3038 3862 ﬁniendo
3083 3806 3501 3860 inhumanitatis

1926 3919 2038 3958 suae
2072 3919 2286 3972 poenam
2318 3901 2440 3965 luit,
2469 3917 2533 3956 ac
2551 3910 2768 3956 aeternae
2795 3899 2938 3953 illius
2969 3898 3240 3954 beatitatis
3264 3907 3320 3953 ct
3348 3899 3503 3969 quie-

1926 3995 1996 4049 tis
2034 3994 2305 4048 desiderio
2329 3994 2541 4062 capitur
2571 3993 2815 4062 quidem,
2851 3991 2946 4046 sed
2987 4005 3097 4044 non
3133 3991 3371 4057 potitur;
3399 3989 3500 4042 lin-

1925 4102 2137 4157 guaque
2202 4086 2426 4156 insuper
2493 4086 2710 4151 uritur,
2762 4093 2818 4139 et
2886 4083 3268 4139 acerbissimos
3333 4083 3501 4137 sentit

1923 4176 2179 4241 dolores,
2247 4177 2315 4231 ob
2361 4192 2481 4231 eam
2535 4185 2742 4231 tantum
2788 4176 3166 4241 insolentiam,
3219 4177 3363 4244 quod
3389 4193 3496 4230 non

1924 4269 2180 4323 misertus
2234 4276 2318 4322 est
2369 4268 2610 4324 hominis
2650 4269 2755 4323 sibi
2812 4269 3048 4334 similis,
3112 4285 3223 4323 non
3276 4280 3494 4334 autem,

1921 4361 2066 4430 quod
2124 4360 2359 4415 ludibrio
2422 4369 2516 4416 aut
2583 4361 2847 4416 conviciis
2929 4361 3145 4426 aﬂ‘ecit,
3224 4365 3496 4431 quomodo

1921 4469 2030 4508 non
2084 4452 2243 4524 longe
2299 4453 2517 4524 gravius
2577 4453 2794 4507 illormn
2859 4468 2920 4508 os
2967 4463 3022 4507 et
3085 4454 3263 4524 lingua
3299 4463 3351 4508 et
3382 4455 3494 4507 vis-

229 4549 664 4612 πολλαπλασίως
711 4548 1116 4620 καταφλεχθείη
1165 4549 1349 4602 καὶτὸ
1398 4550 1574 4620 στόμα
1631 4551 1728 4604 καὶ
1781 4553 1814 4621 ἡ

1923 4559 2046 4598 cera
2074 4545 2258 4598 omnia
2291 4554 2541 4609 urentur,
2576 4546 2666 4613 qui
2700 4545 2752 4599 in
2797 4546 3167 4599 Ahrahamum
3197 4561 3255 4600 se
3280 4560 3388 4599 tam
3415 4547 3495 4599 in-

231 4641 489 4709 γλῶσσα,
515 4641 607 4692 καὶ
647 4637 716 4692 τά
745 4639 1032 4709 σπλάγχνα
1065 4640 1264 4706 πάντα,
1284 4640 1389 4693 τῶν
1419 4641 1675 4712 τοιαύτην
1727 4658 1821 4696 κα·

231 4735 551 4805 ταχεόντων
609 4733 894 4804 παροινίαν
938 4733 1032 4786 τοῦ
1100 4733 1370 4804 Ἀϐραὰμ,
1406 4735 1502 4788 καὶ
1549 4734 1618 4788 δι’
1655 4735 1818 4789 αὑτοῦ

235 4831 379 4899 πρὶς
415 4827 513 4878 τὸν
541 4828 717 4879 κοινὸν
750 4825 1029 4894 Δεσπότην
1058 4826 1154 4878 καὶ
1183 4827 1531 4897 Δημιουργὸν
1561 4827 1660 4899 τὴν
1697 4828 1820 4883 θεο-

238 4919 450 4989 μαχίαν
503 4917 1019 4991 παραπεμπόντων;
1051 4919 1126 4971 Σὺ
1174 4917 1232 4971 δέ
1284 4935 1374 4988 μοι
1423 4919 1657 4975 συνέπου
1708 4924 1820 4985 τοῖς

235 5013 442 5080 ἐφεξῆς
477 5013 574 5063 καὶ
599 5011 1012 5064 συνεπισκόπει.
1761 5071 1766 5076 _

307 5111 388 5158 A'.
436 5105 498 5158 '0
526 5106 714 5177 Σωτὴρ
745 5109 803 5159 ἐν
842 5108 955 5168 τοῖς
985 5106 1341 5174 Εὐαγγελίοις
1366 5107 1425 5160 τὸ
1445 5107 1823 5178 μεγαλαυχοῦν

235 5198 349 5250 τῶν
381 5197 655 5250 Ἰουδαίων
679 5199 768 5250 καί
789 5199 1073 5267 μιαιφόνον
1093 5198 1188 5251 καὶ
1208 5199 1434 5252 ἄπιστον
1473 5199 1824 5269 στηλιτεύων,

237 5293 335 5342 καὶ
391 5289 646 5354 ἀναξίους
687 5289 887 5358 κρίνων
925 5291 1088 5358 γονῆς
1137 5289 1236 5358 τῆς
1297 5290 1680 5360 Ἀϐραμιαίας,
1725 5292 1827 5345 κάν

239 5380 458 5434 ἐκεῖθεν
514 5382 696 5442 αὐτοῖς
749 5379 941 5451 κατῄει
989 5380 1052 5433 τὸ
1101 5380 1286 5450 φῦναι,
1353 5386 1424 5436 El
1461 5383 1645 5438 τέκνα
1693 5382 1819 5454 ἦτε,

241 5472 403 5542 φησι,
450 5471 560 5524 τοῦ
633 5472 910 5540 Ἀϐραὰμ,
968 5471 1220 5526 ἐποιεῖτε
1262 5473 1341 5526 ἂν
1387 5474 1460 5528 τὰ
1519 5475 1663 5545 ἔργα
1713 5475 1820 5530 τοῦ

235 5565 239 5569 ’
309 5569 361 5603 ⁸³
392 5567 554 5623 Joan.
610 5585 731 5634 vm,
789 5569 879 5623 59.

1917 4633 2156 4688 solenlcs
2195 4636 2569 4703 praestiterint,
2603 4645 2658 4690 et
2681 4652 2779 4706 per
2812 4637 2932 4706 ejus
2979 4637 3118 4689 latus
3144 4650 3490 4690 communem

1918 4725 2205 4778 Dominum
2237 4735 2291 4780 et
2312 4727 2647 4782 conditorem
2705 4727 2880 4782 instar
2921 4727 3161 4780 hostium
3211 4743 3496 4798 oppugna-

1919 4817 2067 4871 rint?
2097 4816 2179 4872 Tu
2210 4834 2340 4873 vero
2371 4828 2426 4874 et
2454 4820 2660 4890 reliqua
2689 4835 2904 4874 mecum
2956 4819 3241 4875 considera
3274 4837 3337 4876 ac
3367 4839 3486 4893 per-

1919 4911 2120 4980 pende.

1990 5116 2082 5172 ιν.
2117 5117 2374 5174 Servator
2395 5120 2779 5191 arrogantiam,
2826 5121 3122 5178 homicidia
3156 5134 3212 5179 et
3245 5127 3501 5182 incredu-

1922 5210 2129 5264 litatem
2158 5209 2470 5265 Judaeorum
2519 5211 2572 5266 in
2627 5211 2931 5284 Evangeliis
2952 5217 3242 5288 castigans,
3295 5234 3498 5289 eosque

1925 5303 2094 5370 stirpe
2131 5302 2446 5366 Abrahami,
2475 5305 2722 5373 quamvis
2740 5305 2866 5361 hinc
2882 5307 2984 5360 orti
3012 5319 3216 5374 essent,
3252 5311 3500 5381 indignos

1921 5391 2198 5460 judicans,
2230 5390 2289 5447 Si
2320 5393 2440 5461 ﬁlii,
2474 5395 2670 5464 inquit,
2717 5397 3010 5452 Abrahami
3041 5401 3233 5460 essetis.
3262 5401 3502 5454 Abraha-

1930 5483 2002 5535 mi
2050 5499 2206 5552 opera
2226 5485 2478 5556 faceretis
2506 5486 2572 5541 ³³.
2614 5487 2770 5544 Tunc
2806 5505 2908 5544 nec
2936 5490 3022 5544 hic
3059 5491 3383 5554 subsistens,
3407 5489 3502 5546 scd

1351 5688 1590 5745 VARUE
1632 5689 2014 5750 LECTIONES
2066 5695 2150 5750 ET
2199 5696 2432 5754 ΝΟΤᾹΞ.

314 5781 432 5850 (9.4)
465 5781 586 5848 Μή.
615 5781 694 5853 lla
723 5797 826 5834 ms.
857 5779 1035 5853 Malim
1065 5780 1246 5852 legere
1277 5782 1395 5853 μέν.

313 5828 430 5925 ί
1026 5828 1035 5831 ν
1045 5828 1638 5925 Ιοξῗινιῖτδπεύρίσουσιν
1668 5873 1738 5927 qu
1749 5857 1814 5913 οι]

1919 5865 1968 5912 ιιι
2002 5856 2055 5910 in
2087 5869 2193 5910 ms.
