3986 6492
261 348 360 411 133

1302 348 1595 409 CONTRA
1635 346 2089 407 MANICH/EOS
2126 349 2357 411 LIBER
2389 351 2503 412 III.

3418 349 3518 415 134

262 480 430 534 σματι
465 462 627 531 ἄλλῳ
670 458 751 531 τῷ
777 460 913 531 πυρὶ
954 459 1054 529 τὴν
1104 460 1373 529 τιμωρίαν
1424 458 1841 529 εἰσπράττεσθαι

1951 461 2200 517 homines
2243 464 2509 519 malorum
2535 479 2761 534 operum
2801 472 3053 520 auctores
3075 481 3175 536 per
3206 478 3517 522 creaturam

260 559 403 623 λέγει
439 554 543 606 τὸν
590 552 815 623 Ἐχθρὸν
839 552 953 621 (27)
986 551 1123 603 ἑτῶν
1150 554 1262 614 τοῖς
1296 552 1495 621 σαρκὸς
1525 553 1721 605 πάθεσι
1741 569 1843 606 κα-

260 646 609 714 τασυρέντας
646 642 1013 712 κατακλυσμῷ
1043 641 1258 703 κολάζει
1289 642 1423 711 (28).
1457 645 1841 713 Μισοπονήρω

263 742 365 809 γάρ
394 742 519 790 ἐστι
556 737 652 789 καὶ
681 734 885 799 ἀγαθοῦ
936 735 1032 789 καὶ
1058 735 1288 798 δικαίου,
1326 735 1386 787 τό
1422 752 1485 789 τε
1516 736 1683 789 κακὸν
1715 736 1845 789 ἀνα-

260 831 528 892 στέλλειν,
565 829 818 889 καὶτοὺς
849 826 983 897 πρὸς
1026 827 1125 895 τὴν
1183 826 1478 896 ἁμαρτίαν,
1533 829 1847 882 ἁναιδευσα-

265 922 458 991 μένους
494 920 604 988 τὴν
639 920 762 988 ἴσην
789 916 1212 986 εἰσπράττεσθαι
1238 918 1531 987 τιμωρίαν,
1583 919 1697 970 ἀλλ’
1724 920 1845 991 οὐχὶ

261 1010 499 1082 πονηροῦ
521 1011 717 1076 ποθεν,
744 1010 863 1062 οὐδὲ
890 1009 1168 1079 φιλοῦντος
1194 1009 1288 1062 καὶ
1311 1008 1726 1079 νομοθετοῦντος
1745 1011 1845 1081 τὴν

260 1103 563 1173 ἁμαρτίαν.

327 1196 418 1259 ς’.
457 1194 587 1247 Ἵνα
621 1193 679 1246 δὲ
711 1191 888 1264 μάθῃς
913 1191 1322 1262 ἀκριϐέστερον,
1346 1189 1422 1255 ὡς
1452 1192 1480 1244 6
1509 1191 1670 1255 αὐτός
1696 1193 1844 1245 ἐστιν

260 1288 464 1356 ἀγαθὸς
499 1287 605 1339 καὶ
639 1286 1019 1357 φιλάνθρωπος
1041 1285 1236 1348 Θεὸς-,ὂ
1264 1283 1439 1336 τετοῦ
1461 1284 1673 1337 δικαίου
1701 1285 1845 1338 ἐκδι-

262 1396 349 1440 xc;
388 1381 448 1430 ὲν
476 1382 551 1448 τῇ
602 1378 816 1447 Παλαιᾷ
850 1376 944 1429 κα)⁵
974 1378 1002 1429 6
1053 1377 1110 1428 ὲν
1147 1378 1213 1445 τῇ
1236 1376 1439 1446 χάριτι,
1473 1375 1713 1446 ξηραίνει
1747 1377 1843 1447 μὲν

262 1471 350 1537 τὴν
377 1469 563 1536 συκῆν
592 1468 803 1537 καρπὸν
825 1464 976 1536 αὑτῷ
1000 1464 1074 1535 μὴ
1098 1465 1595 1535 προσενεγκοῦσαν,
1622 1465 1843 1535 μυρίαις

261 1566 311 1617 δὲ
340 1564 606 1625 ἀπειλαῖς
636 1561 932 1615 ὑποϐάλλει
973 1562 1100 1622 τοὺς
1155 1558 1303 1628 αὑτῷ
1340 1560 1413 1630 μὴ
1455 1559 1840 1627 πειθομένους,

264 1658 349 1707 καὶ
370 1655 430 1706 τὸ
479 1653 848 1723 σφοδρότερόν
879 1668 936 1704 τε
979 1653 1075 1705 καὶ
1108 1652 1380 1721 ἀμίμητον
1408 1650 1507 1719 τῆς
1532 1650 1830 1713 κολάσεως,

264 1749 335 1807 εἰς
363 1745 420 1796 τὸ
465 1743 743 1811 ἐξώτερον
788 1741 901 1812 πῦρ
964 1742 1025 1794 τὸ
1059 1742 1457 1812 ἡτοιμασμένον
1486 1741 1563 1812 τῷ
1613 1741 1842 1811 διαϐόλῳ

1951 552 2107 605 aliam
2134 553 2351 612 malam.
2383 555 2559 624 ignem
2577 555 2799 618 scilicet,
2824 557 2888 610 ad
2916 572 3132 625 poenam
3151 573 3364 624 vocare,
3392 576 3521 613 eos-

1952 660 2056 713 que
2103 645 2194 713 qui
2247 646 2630 714 cupiditatibus
2668 648 2846 701 carnis
2884 648 3093 717 abrepti
3142 647 3271 710 sint,
3315 649 3519 703 diluvio

1952 738 2167 804 punire.
2196 737 2313 791 Jam
2354 748 2536 792 autem
2574 748 2627 792 et
2654 739 2779 793 boni
2805 749 2859 792 et
2884 740 3014 808 justi
3039 748 3093 794 et
3122 740 3276 795 malis
3321 742 3519 796 infensi

1951 843 2088 895 opus
2119 836 2222 892 est,
2251 828 2449 881 malum
2477 828 2783 897 prohibere,
2840 829 3288 898 impudentesque
3316 845 3515 899 pecca-

1953 927 2097 971 tores
2113 919 2179 972 ad
2199 919 2419 989 dignum
2435 935 2625 989 rapere
2646 920 2992 989 supplicium,
3007 937 3125 990 quae
3143 937 3272 975 sane
3293 923 3517 981 malum.

1949 1018 2044 1063 aut
2076 1020 2355 1080 peccatum
2384 1021 2679 1077 amantem,
2730 1012 2840 1067 imo
2882 1012 3089 1084 legibus
3110 1014 3518 1083 praecipientem

1949 1116 2059 1155 non
2083 1100 2297 1156 decent.

2020 1190 2107 1244 Vl.
2135 1189 2206 1246 Ut
2237 1207 2367 1246 vero
2410 1192 2588 1247 adhuc
2630 1194 2801 1264 magis
2848 1194 3138 1266 intelligas,
3198 1197 3340 1265 quod
3371 1197 3517 1252 idem

1936 1282 2125 1337 bonus
2156 1292 2209 1335 et
2234 1284 2514 1338 hominum
2543 1301 2731 1340 amans
2755 1285 2896 1340 Deus
2925 1297 3026 1349 est,
3056 1288 3148 1357 qui
3175 1297 3227 1342 et
3255 1289 3309 1342 in
3351 1291 3519 1343 veteri

1949 1383 2004 1428 et
2035 1374 2091 1428 in
2132 1391 2271 1429 novo
2307 1385 2631 1431 testamento
2668 1379 2877 1447 justum
2907 1390 3140 1445 tueatur,
3214 1380 3369 1435 ﬁcum
3392 1396 3523 1435 exa-

1948 1466 2361 1534 rescerejubet,
2425 1484 2546 1536 quae
2583 1468 2819 1523 fructum
2868 1472 3076 1540 petenti
3134 1487 3242 1526 non
3289 1473 3520 1527 exhibe-

1946 1555 2041 1609 bat
2068 1556 2146 1623 ”,
2182 1556 2515 1627 inﬁnitisque
2548 1560 2711 1613 minis
2745 1560 2850 1615 sibi
2895 1578 3003 1615 non
3039 1563 3321 1617 audientes
3347 1579 3519 1632 expo-

1947 1648 2050 1711 nit,
2080 1648 2369 1717 legumque
2416 1665 2637 1703 suarum
2692 1660 3118 1722 transgressores
3148 1655 3377 1725 graviori
3413 1671 3520 1710 nec

1948 1734 2195 1790 imitabili
2226 1738 2512 1807 supplicio,
2570 1740 2679 1810 igni
2712 1742 2937 1802 scilicet,
2984 1744 3075 1812 qui
3098 1743 3313 1797 diabolo
3338 1753 3392 1799 et
3419 1760 3520 1801 an-

266 1839 350 1890 xa‘:
379 1838 496 1899 τοῖς
554 1836 813 1903 ἀγγέλοις
844 1832 1029 1897 αὑτοῦ,
1075 1834 1199 1896 τοὺς
1248 1832 1700 1903 παραϐεϐηκότας
1731 1832 1841 1903 (29)

1951 1827 2077 1897 gelis
2098 1828 2218 1897 ejus
2260 1839 2479 1898 paratus
2521 1841 2624 1893 est,
2653 1832 2888 1901 subjicit.
2940 1835 3117 1903 Atque
3159 1837 3230 1889 ita
3278 1834 3516 1904 primum

276 1930 415 1984 αὐτοῦ
444 1930 583 1992 τοὺς
605 1928 807 1998 νόμους
836 1926 1211 1990 καταδικάζει.
1247 1926 1357 1979 Καὶ
1387 1927 1510 1980 κατ’
1533 1928 1710 1996 ἀρχὰς
1745 1927 1843 1996 μὲν

278 2019 589 2089 προσκαίρῳ
623 2019 758 2087 πυρὶ
782 2018 874 2069 καὶ
916 2015 1070 2068 ὕδατι
1096 2019 1436 2085 τιμωρεῖται,
1468 2017 1560 2069 ἐπὶ
1597 2017 1741 2069 τέλει
1786 2017 1843 2079 δὲ

274 2109 624 2174 ὁιαιωνίζοντι
649 2109 740 2161 καὶ
762 2108 1125 2177 ἀτελευτήτῳ.
1158 2106 1320 2177 Ὁρᾷς
1343 2106 1459 2170 πῶς
1476 2107 1534 2160 τὸ
1556 2109 1843 2177 μισοπόνη-

273 2220 356 2273 ρον
389 2199 667 2269 πανταχοῦ
703 2198 890 2267 ὥσπερ
916 2199 1010 2250 καὶ
1044 2197 1103 2249 τὸ
1132 2196 1516 2267 φιλάνθρωπον
1552 2196 1843 2268 γνώρισμά

270 2298 384 2347 ἐστι
414 2295 511 2346 καὶ
554 2290 852 2362 μαρτύριον
882 2289 985 2358 τῆς
1015 2287 1352 2358 ἀγαθότητος
1394 2287 1485 2340 τοῦ
1518 2288 1682 2354 Θεοῦ;
1732 2290 1843 2341 Καὶ

275 2387 378 2437 οὐκ.
408 2383 569 2445 αὐτὸς
604 2382 693 2450 μὲν
722 2379 897 2433 ταῦτα.
926 2381 1183 2447 πράττει,
1218 2380 1346 2441 τοὺς
1379 2378 1624 2448 μαθητὰς
1649 2379 1704 2431 δὲ
1735 2380 1838 2448 τῆς

282 2472 533 2541 τοιαύτης
566 2470 805 2539 πράξεως
833 2466 1181 2531 ἀναστέλλει;
1208 2466 1344 2518 ἀλλά
1371 2467 1575 2535 Πέτρος
1604 2467 1703 2532 μὲν
1723 2467 1750 2518 ὁ
1783 2468 1840 2518 ἐν

276 2566 341 2633 τῇ
369 2564 549 2632 χάριτι
582 2560 830 2630 λαμπρὸς
859 2558 951 2610 τὸν
988 2556 1235 2609 Ἀνανίαν
1269 2558 1362 2610 καὶ
1389 2555 1487 2625 τὴν
1522 2556 1841 2625 Σάπφειραν

274 2652 623 2721 ψευδολογίας
674 2650 903 2702 θάνατον
949 2644 1107 2697 ἔλαϐε
1136 2645 1236 2716 τὴν
1267 2645 1421 2715 δίκην
1448 2645 1581 2714 (50).
1631 2644 1842 2706 Παῦλος

268 2744 348 2805 δὲ,
376 2744 402 2794 6
432 2742 636 2811 θερμὸς
666 2741 763 2809 τῆς
797 2739 1017 2809 χάριτος
1049 2737 1224 2807 κήρυξ
1256 2739 1349 2788 καὶ
1389 2736 1709 2799 διδάσκαλος
1742 2737 1842 2805 τῆς

268 2835 620 2904 οἰκουμένης,
650 2832 848 2901 τυφλὸν
902 2831 999 2901 μὲν
1044 2830 1205 2892 εὐθὺς
1260 2831 1406 2881 ποιεῖ
1436 2828 1523 2881 τὸν
1577 2828 1837 2898 Ἐλύμαν,

269 2931 417 2993 αὐτὸς
456 2927 675 2998 μαθὼν,
707 2926 766 2991 ἐξ
799 2919 873 2979 ὧν
899 2926 1186 2989 πέπονθεν,
1219 2924 1343 2977 ὅσον
1380 2924 1413 2992 ἡ
1455 2921 1616 2993 ποινὴ
1650 2922 1842 2991 κέρδος

1943 1918 2162 1987 quidem
2184 1920 2305 1990 igne
2332 1931 2387 1976 et
2418 1937 2556 1991 aqua
2581 1924 2892 1992 temporali,
2918 1927 3133 1979 tandem
3153 1941 3281 1981 vero
3311 1936 3518 1981 aeterno

1942 2016 1998 2063 et
2025 2025 2303 2079 nunquam
2351 2011 2591 2067 ﬁniendo
2611 2013 2785 2083 punit.
2816 2014 3029 2080 Viden’,
3076 2017 3221 2085 quod
3250 2024 3305 2071 et
3332 2018 3517 2072 odium

1941 2104 2209 2157 malorum
2241 2112 2296 2157 et
2329 2105 2641 2160 humanitas
2691 2122 2910 2176 semper
2956 2117 3331 2179 argumentum
3366 2117 3420 2163 et
3444 2109 3520 2163 si-

1941 2211 2104 2266 gnum
2137 2195 2208 2249 sit
2230 2196 2489 2250 bonitatis
2521 2196 2663 2251 Dei?
2712 2198 2825 2250 Nec
2867 2198 2984 2267 ipse
3042 2198 3215 2251 solum
3272 2198 3344 2251 ita
3382 2199 3514 2268 agit,

1940 2287 2345 2357 discipulosque
2401 2288 2540 2343 forte
2568 2289 2635 2342 ab
2682 2289 2945 2357 ejusmodi
2994 2290 3299 2344 actionibus
3325 2291 3517 2359 prohi-

1940 2378 2057 2443 bet,
2090 2378 2186 2433 sed
2209 2388 2264 2432 et
2285 2379 2511 2433 illustris
2532 2380 2588 2433 in
2615 2396 2756 2433 novo
2774 2388 3098 2434 testamento
3127 2381 3337 2445 Petrus,
3369 2382 3517 2434 Ana-

1940 2471 2087 2524 niam
2120 2480 2174 2524 et
2200 2470 2523 2540 Sapphiram
2562 2482 2737 2526 morte
2762 2473 2816 2526 in
2845 2473 3114 2527 mendacii
3138 2489 3353 2543 pmnam
3378 2473 3517 2528 aﬂ‘e-

1958 2563 2053 2616 cit.
2079 2560 2275 2616 Paulus
2298 2579 2533 2632 quoque,
2589 2575 2846 2619 strenuus
2900 2566 3177 2635 Evangelii
3212 2581 3409 2635 praeco,
3462 2574 3519 2621 et

1953 2654 2145 2707 doctor
2182 2655 2350 2719 orbis,
2412 2656 2653 2726 Elymam
2704 2672 2768 2710 ex
2802 2656 3033 2728 vestigio
3059 2673 3261 2713 caecum
3290 2658 3402 2712 ﬁeri
3429 2659 3520 2728 ju-

1941 2744 2034 2799 bet
2060 2747 2130 2808 ’7,
2200 2745 2318 2816 ipse
2357 2746 2565 2801 scilicet
2611 2762 2675 2801 ex
2722 2748 2808 2810 iis,
2867 2763 2988 2817 quae
3041 2764 3332 2818 perpessus
3378 2759 3516 2814 erat,

1942 2839 2189 2901 edoctus,
2232 2847 2494 2906 quantum
2545 2839 2887 2893 commodum
2926 2854 3084 2908 paena
3111 2840 3320 2894 afferat.
3372 2839 3518 2894 idem

1945 2928 2226 2983 hominem
2248 2927 2613 2993 Corinthium,
2665 2930 2979 2984 scortationi
3013 2931 3278 2996 deditum,
3304 2932 3519 2987 Salana:

274 3026 429 3093 φέρει.
471 3023 585 3073 Τὸν
614 3020 675 3073 δὲ
706 3018 1117 3089 πεπορνευκότα
1166 3016 1454 3086 Κορίνθιον
1503 3014 1841 3085 παραδίδωσι

1951 3020 1997 3073 in
2032 3020 2331 3090 perniciem
2357 3021 2537 3076 carnis
2569 3021 2756 3082 tradit,
2787 3022 3155 3077 Alexandrum
3184 3038 3313 3078 vero
3337 3025 3517 3078 eidem

278 3117 339 3183 τῷ
365 3113 588 3183 Σατανᾷ
624 3114 705 3174 εἰς
732 3110 954 3181 ὄλεθρον
982 3108 1080 3177 τῆς
1119 3107 1342 3177 σαρκός.
1392 3105 1738 3175 Ἀλέξανδρον
1781 3104 1839 3157 δὲ

1951 3110 2204 3164 cruciatui
2242 3118 2297 3164 et
2327 3110 2533 3178 judicio
2587 3109 2860 3177 adjudicat
2923 3111 2990 3162 ⁸⁸.
3050 3109 3164 3164 lmo
3214 3126 3335 3164 cum
3375 3110 3519 3165 idem

280 3212 343 3271 εἰς
364 3207 458 3278 τὴν
519 3204 738 3258 ἐκεῖθεν
795 3200 1153 3271 παραπέμπει
1202 3198 1437 3270 βάσανον
1484 3200 1576 3251 καὶ
1633 3197 1835 3267 κρίσιν.

1951 3201 2144 3256 Paulus
2166 3210 2415 3267 testetur,
2444 3201 2590 3270 quod
2616 3217 2717 3267 ira,
2773 3202 2992 3257 alllictio
3017 3211 3073 3256 et
3096 3202 3345 3273 anguSLia
3383 3218 3521 3257 ven-

274 3302 367 3352 Ka‘.
398 3303 446 3351 εἰ
476 3297 629 3368 ὀργὴ
680 3295 776 3348 καὶ
833 3294 1009 3362 θλίψις
1049 3293 1143 3346 καὶ
1176 3291 1508 3361 στενοχωρία
1539 3289 1631 3342 ἐπὶ
1662 3290 1840 3342 πᾶσαν

1951 3302 2061 3347 Lura
2079 3293 2151 3346 sit
2180 3308 2345 3362 super
2378 3308 2596 3347 omnem
2626 3294 2861 3348 animam
2908 3295 3145 3349 hominis
3180 3295 3382 3348 malum
3426 3311 3520 3364 pa-

276 3395 428 3464 ψσχὴν
446 3392 749 3456 ἀνθρώπου
779 3387 873 3441 τοῦ
896 3385 1375 3457 κατεργαζομένου
1408 3384 1470 3435 τὸ
1497 3382 1668 3436 κακὸν
1704 3380 1837 3451 (51),

1951 3385 2137 3438 [rantis
2164 3387 2233 3449 θ’,
2280 3385 2421 3468 sicut
2464 3386 2701 3441 vicissim
2746 3386 2912 3457 gloria
2943 3394 2998 3441 et
3022 3388 3196 3441 honor
3221 3395 3277 3440 et
3317 3402 3418 3457 pax
3449 3389 3521 3442 sit

289 3488 456 3557 στόὃρα
498 3481 942 3554 διαμαρτύρεται
993 3480 1021 3531 6
1086 3477 1315 3539 Παῦλος,
1354 3475 1545 3545 ὥσπερ
1577 3473 1708 3538 δόξα
1744 3474 1841 3527 καὶ

1951 3478 2187 3531 hominis
2233 3479 2435 3531 bonum
2492 3479 2789 3548 operantis,
2868 3494 2969 3533 nec
3017 3494 3305 3549 personam
3372 3478 3518 3533 Deus

289 3579 394 3645 τιμὴ
420 3577 514 3629 καὶ
553 3574 748 3642 εἰρήνη
796 3570 958 3622 παντὶ
991 3567 1069 3636 τῷ
1098 3564 1458 3637 ἐργαζομένῳ
1491 3562 1552 3614 τὸ
1610 3562 1838 3631 ἀγαθὸν,

1951 3570 2231 3638 respiciat:
2258 3568 2549 3638 quomodo,
2581 3570 2671 3638 qui
2698 3570 2751 3623 in
2778 3570 2958 3625 Veteri
2998 3569 3343 3625 Testamento
3368 3570 3522 3624 dam-

280 3672 377 3733 ττιῖις
418 3663 867 3738 προσωποληψία
922 3662 1021 3714 οὐκ
1060 3659 1175 3711 ἔστι
1219 3660 1369 3729 παρά
1405 3656 1484 3727 τῷ
1536 3655 1684 3725 Θεῷ;
1725 3655 1841 3717 πῶς

268 3764 310 3812 σί
344 3756 778 3826 κατακριθέντες
811 3756 869 3806 ὲν
912 3756 978 3822 τῇ
1018 3751 1228 3820 Παλαιᾷ
1257 3750 1355 3818 οὐχ
1387 3747 1492 3800 ὑπὸ
1525 3747 1620 3799 τοῦ
1672 3744 1839 3799 αὐτοῦ

266 3851 673 3921 κατεκρίθησαν
716 3844 918 3914 ἀγαθοῦ
950 3844 1104 3907 Θεοῦ,
1142 3843 1200 3907 ὃς
1230 3843 1325 3896 καὶ
1354 3841 1453 3911 τὴν
1475 3840 1636 3910 χάριν
1677 3855 1841 3909 νομο-

263 3942 421 4005 θετεῖ,
452 3942 549 3994 καὶ
573 3940 631 3992 τὸ
647 3936 1153 4009 άπροσωπόληπτον
1184 3932 1374 3998 αὑτοῦ,
1397 3927 1478 3995 οἷς
1507 3932 1836 3999 ὑπέστησεν,

261 4036 602 4096 ὲϐεϐαίωσε;
635 4032 746 4084 Καὶ
779 4030 965 4091 πόσοις
992 4029 1055 4082 ἄν
1081 4044 1164 4090 τις
1195 4024 1526 4089 ἐπιδείξαιτο
1548 4025 1647 4094 τὴν
1682 4039 1839 4093 μισοο

260 4128 496 4195 πόνηροι)
525 4125 685 4192 δίκην
723 4124 781 4175 ὲν
815 4123 928 4184 τοῖς
949 4119 1046 4190 τῆς
1074 4118 1297 4190 χάριτος
1329 4119 1517 4186 νόμοις
1546 4115 1607 4168 τὸ
1634 4115 1837 4185 κράτος

259 4220 491 4289 ἔχουσαν
527 4217 741 4286 ἄμαχον
759 4233 773 4280 ;

321 4314 400 4365 Z'.
435 4309 623 4379 Χωρὶς
641 4307 698 4360 δὲ
726 4305 835 4358 τῶν
862 4305 1188 4376 εἰρημένων,
1216 4303 1264 4354 εί
1296 4300 1540 4370 πονηρᾶς
1563 4294 1631 4369 ἦν
1659 4298 1836 4369 ἀρχῆς

256 4403 287 4472 ἡ
316 4401 573 4460 Παλαιὰ,
607 4398 725 4461 πῶς
760 4401 787 4451 6
816 4397 1104 4467 μετάρσιος
1129 4394 1223 4447 καὶ
1256 4392 1506 4463 οὐράνιος
1529 4391 1835 4462 ἄνθρωπος,

1939 3663 2051 3716 nati
2074 3670 2223 3727 sunt,
2255 3676 2363 3715 non
2391 3661 2458 3715 ab
2481 3661 2673 3715 eodem
2718 3662 3148 3716 condemnentur
3194 3662 3304 3715 Deo
3351 3663 3516 3727 bono,

1944 3754 2035 3823 qui
2084 3764 2141 3808 et
2181 3752 2531 3824 Evangelium
2578 3752 2960 3822 promulgavit,
3013 3761 3089 3818 et,
3135 3769 3296 3821 quam
3335 3755 3519 3809 nullus

1946 3846 2091 3916 apud
2133 3861 2193 3900 se
2240 3845 2312 3900 sit
2353 3860 2709 3914 personarum
2747 3844 3008 3909 delectus,
3064 3845 3223 3901 factis
3285 3848 3517 3901 demon-
3604 3844 3610 3850 ’

1948 3941 2184 3996 stravit?
2234 3940 2369 4006 Quis
2396 3956 2527 3995 vero
2555 3939 2831 3994 suﬁecerit
2857 3940 3178 3994 enarrandis
3204 3941 3388 4011 gratiae
3420 3956 3519 3996 seu

1938 4035 2066 4090 novi
2116 4033 2425 4088 testamenti
2477 4032 2706 4103 legibus,
2756 4048 2875 4102 qua;
2936 4032 3211 4100 evincant,
3250 4034 3517 4104 justitiam

1940 4124 2099 4178 malis
2129 4123 2407 4178 inimicam
2435 4122 2510 4177 ibi
2548 4131 2816 4193 perpetuo
2846 4122 3063 4177 valere?

2008 4297 2124 4351 νη.
2169 4298 2439 4352 Prmterea
2461 4312 2612 4359 vero,
2646 4297 2690 4351 si
2712 4306 2871 4353 vetus
2893 4308 3277 4355 testamentum
3294 4301 3417 4355 mali
3436 4313 3521 4357 est

1938 4388 2213 4459 principii,
2241 4389 2517 4457 quomodo
2553 4389 2774 4443 divinus
2809 4398 2864 4443 et
2897 4391 3135 4445 caelestis
3174 4392 3258 4445 vir
3294 4393 3515 4454 Paulus,

256 4491 503 4553 Παῦλος,
519 4488 683 4549 εὐθὺς
699 4487 995 4557 ἀρχόμενος
1012 4485 1119 4536 τῶν
1134 4484 1191 4535 Ἐ
1202 4482 1466 4535 πιστολῶν
1482 4480 1572 4534 διὰ
1587 4481 1693 4532 τῶν
1706 4498 1836 4551 προ-

1951 4481 2121 4535 statim
2136 4480 2205 4534 ab
2220 4480 2375 4535 initio
2388 4481 2741 4551 epistolarum
2761 4497 3003 4545 suarum,
3022 4483 3307 4551 proﬁtetur
3347 4483 3515 4537 Deum

255 4584 452 4654 φητιῖω
483 4579 651 4632 αὐτοῦ
682 4582 739 4633 ὲν
770 4578 1013 4648 Γραεραῖς
1035 4574 1221 4642 ἁγίαις
1246 4574 1336 4626 τὸν
1356 4572 1488 4625 Θεὸν
1512 4589 1681 4643 προσε
1693 4588 1829 4639 παγ-

1951 4590 2031 4629 )θι·
2079 4573 2379 4643 prophetas
2435 4589 2564 4628 suos
2608 4574 2664 4627 in
2711 4574 2991 4644 Scriptura
3032 4591 3182 4629 sacra
3219 4577 3405 4629 testari
3447 4577 3516 4631 de

254 4673 554 4743 γέλλεσθαι
582 4671 749 4738 λέγει,
782 4670 909 4737 περὶ
932 4666 1025 4720 τοῦ
1058 4665 1189 4719 Υίοῦ
1216 4664 1381 4717 αὐτοῦ
1415 4663 1510 4716 τοῦ
1537 4662 1831 4733 γενομένου

1951 4665 2075 4719 Filio
2104 4680 2225 4727 suo,
2284 4680 2351 4719 ex
2403 4666 2613 4721 semine
2660 4667 2879 4721 Davidis
2921 4668 3234 4722 secundum
3293 4683 3512 4723 carnem

253 4769 314 4817 ἐκ
375 4762 702 4832 σπέρματος
749 4759 915 4810 Δαϐ”ιδ
966 4757 1110 4809 κατὰ
1158 4756 1377 4825 σάρκα;
1430 4754 1493 4806 Εἰ
1545 4754 1654 4821 γὰρ
1703 4752 1837 4806 Θεοῦ

1951 4755 2232 4810 arituro‘?
2284 4754 2439 4820 Quod
2485 4757 2530 4811 si
2588 4758 2736 4812 enim
2786 4757 2882 4812 Dei
2925 4766 3053 4811 sunt
3113 4758 3414 4826 prephetae,
3459 4769 3516 4814 et

252 4854 549 4924 προφῆται
578 4851 671 4903 καὶ
699 4850 911 4921 Γραφαὶ
940 4849 1114 4914 ἅγιαι,
1145 4846 1215 4900 δι’
1245 4840 1320 4899 ὧν
1347 4846 1375 4897 ό
1402 4844 1531 4906 Θεὸς
1563 4862 1841 4916 προεπηγ-

1951 4845 2241 4915 Scriptura:
2280 4862 2472 4911 sacras,
2498 4864 2598 4918 per
2627 4866 2764 4919 quas
2807 4850 2948 4904 Deus
2976 4848 3044 4903 de
3075 4847 3212 4902 Filio
3256 4864 3356 4904 suo
3388 4860 3519 4905 ante

252 4942 487 5008 γείλατο
514 4940 641 5007 περὶ
664 4938 755 4989 τοῦ
785 4935 912 4989 Υἱοῦ
942 4935 1128 5000 αὑτοῦ,
1154 4934 1256 4987 ποῦ
1281 4935 1309 4987 6
1348 4932 1590 5002 Πονηρὸς
1616 4934 1838 5007 εὑρήσει

1951 4938 2242 5004 nuntiavit,
2287 4939 2381 4993 ubi
2442 4940 2612 4995 Malus
2649 4940 2975 5011 principium
3020 4940 3321 4995 invenerit?
3363 4942 3430 4996 Et
3473 4943 3518 4997 si

252 5028 351 5100 τὴν
388 5028 609 5098 ἀρχήνς
650 5027 757 5080 Ka't
802 5026 853 5078 εί
886 5024 956 5077 τὰ
984 5025 1196 5095 ἀόρατα
1246 5021 1434 5087 αὑτοῦ,
1471 5024 1717 5075 τουτέστι
1743 5023 1838 5077 τοῦ

1951 5028 2242 5083 invisibilia
2270 5030 2414 5100 ejus,
2447 5031 2551 5085 hoc
2574 5042 2661 5086 est
2681 5032 2776 5086 Dei
2809 5041 2865 5087 et
2889 5031 3065 5088 Patris
3095 5032 3308 5087 Domini
3345 5034 3518 5089 nostri

322 5148 377 5178 ³⁸
408 5144 606 5199 Matth.
644 5161 755 5211 ni,
780 5142 868 5199 l9.
945 5142 991 5174 "
1020 5143 1283 5218 Act.xm.
1319 5141 1374 5196 8.
1450 5139 1497 5171 ’⁸
1522 5139 1661 5194 Tim.
1696 5156 1735 5207 ι,
1757 5141 1847 5197 20.
1922 5144 1969 5177 "
2001 5143 2159 5199 Rom.
2193 5162 2253 5211 ιι,
2280 5147 2335 5202 9.
2422 5148 2439 5179 ¹
2464 5146 2907 5220 Rom.1,2seqq.

1368 5296 1607 5352 VARUE
1643 5298 2027 5358 LECTlONES
2060 5304 2150 5359 ΕΤ
2178 5306 2410 5362 NOTAE.

2009 5425 2123 5513 (59)
2154 5429 2375 5513 Ἐλαόςε
2415 5428 2530 5513 τῂν
2561 5429 2876 5513 δίκην-,ρο
2908 5432 3427 5513 phrasibusﬁﬁéva:
3462 5443 3519 5513 et

1937 5495 2239 5570 λαμϐάνειν
2295 5499 2394 5570 τὴν
2432 5495 2598 5570 bitur);
2617 5500 2739 5555 vide
2769 5495 3031 5555 Thomam
3077 5502 3403 5559 Gatakerum
3462 5506 3518 5559 in

342 5558 462 5639 (29)
502 5558 1005 5639 Hapu6eqnafdzae.
1041 5558 1151 5613 Hoc
1192 5559 1352 5639 m_od_o
1374 5576 1471 5639 _res
1502 5561 1617 5631 ipsa
1659 5560 1840 5639 [cgere

1951 5558 2167 5639 Dissert.
2200 5568 2262 5622 de
2286 5558 2423 5638 διῄιο
2448 5568 2519 5623 Ν.
2545 5558 2612 5623 ’Τ.
2644 5580 2699 5625 et
2722 5570 2807 5626 Jo.
2847 5558 3143 5639 Vorstium,
3174 5573 3251 5625 De
3282 5558 3518 5628 llebraié

264 5632 449 5700 jubet,
482 5646 580 5711 pro
618 5630 1059 5711 περιϐεϐηκότξς,
1111 5630 1255 5711 (μιοᾴ
1304 5631 1466 5711 habet
1513 5630 1617 5711 ins.
1663 5630 1841 5711 supra

1951 5630 2433 5711 ImiggN._T._p§rt.
2467 5656 2585 5711 1,7c.
2618 5640 2670 5702 7,
2708 5658 2761 5711 p.
2793 5642 2915 5696 215.

269 5698 406 5755 vero
442 5698 516 5781 ad
558 5698 760 5753 tomum
797 5699 836 5764 Ι,
872 5698 928 5781 p.
964 5698 1017 5781 θ,
1069 5698 1279 5768 manui,
1312 5701 1393 5769 τὸ,
1418 5702 1569 5773 παρὰ
1608 5711 1665 5757 et
1712 5698 1841 5772 περὶ

2016 5708 2129 5778 (51)
2160 5698 2444 5764 Εεηίἱίὶεεο
2478 5698 2565 5766 hic
2602 5698 2816 5767 videtur
2862 5713 3051 5768 vocula
3088 5712 3163 5777 ὡς
3186 5712 3270 5769 vel
3296 5713 3513 5772 similis.

266 5786 419 5842 sape
446 5778 585 5825 inter
604 5785 663 5826 se
695 5778 1011 5840 permutari.

240 5416 249 5451 l

242 5460 251 5497 ἤ

334 5418 458 5491 (27)
502 5417 703 5491 Ἐτῶγ.
730 5418 876 5491 Lego
904 5418 1178 5491 scatenti;

334 5489 457 5561 (‘28)
487 5489 745 5550 Κολάζει.
780 5489 922 5561 Lego
949 5489 1217 5561 κολάζειν.
