3986 6494
421 358 562 444 135

1613 349 1876 415 PHO’I‘II
1917 343 2426 414 PATRIARCHE
2475 345 2582 407 (ΖΡ.

3613 345 3716 413 136

458 468 592 524 Jesu
623 465 851 532 Christi,
883 481 914 522 a
963 477 1148 522 creato
1176 465 1382 522 mundo
1423 480 1490 522 ex
1521 467 1780 538 Operibus
1821 464 2036 536 cognita

2153 460 2273 514 θεοῦ
2304 462 2397 514 καὶ
2426 460 2640 532 Πατρός
2667 458 2760 514 τοῦ
2788 458 2996 531 Κυρίου
3028 457 3187 530 ἡμῶν
3231 458 3407 529 Ἰησοῦ
3446 460 3713 532 Χριστοῦ,

459 561 902 632 conspiciuntur,
945 559 999 614 in
1029 559 1230 630 quibus
1262 559 1480 615 tandem
1511 559 1694 629 Opifex
1726 559 1902 612 malus
1937 572 2035 611 co-

457 663 755 724 gnoscetur
772 653 1107 707 ?lnvisibilia
1133 661 1188 706 et
1207 662 1388 706 mente
1403 651 1740 721 assequenda
1765 649 1858 705 Dei
1877 657 2032 704 sunt:

463 748 581 801 haec
603 761 732 798 vero
750 760 812 798 ex
837 745 1114 799 creatione
1133 744 1271 799 visui
1289 752 1345 798 et
1363 744 1617 798 sensibus
1656 741 1898 811 subjecta
1922 755 2037 810 per-

461 835 788 904 spiciuntur.
815 833 928 886 Nisi
958 834 1104 888 enim
1143 851 1210 890 ex
1230 835 1535 890 visibilibus
1557 833 1820 888 creaturis
1846 833 2038 887 invisi-

463 924 591 980 bilia
619 923 708 976 Dei
739 923 1198 993 intelligerentur,
1215 933 1364 979 certe
1391 923 1682 978 invisibilia
1705 923 1819 977 haec
1838 922 2039 978 abistis

467 1031 577 1069 non
609 1015 970 1078 distinxisset,
990 1030 1168 1084 neque
1187 1031 1251 1069 ex
1279 1015 1396 1070 istis
1425 1031 1489 1070 ea
1505 1015 1737 1085 perspici
1763 1014 2038 1084 jussisset.

462 1107 745 1173 Quomodo
762 1116 943 1160 autem
973 1107 1024 1160 in
1049 1107 1313 1162 creaturis
1333 1122 1428 1161 sen
1438 1107 1709 1170 sibilibus,
1735 1107 1838 1160 hoc
1854 1115 1959 1170 est,
1986 1108 2040 1160 in

462 1202 734 1256 creaturis
769 1201 893 1254 mali
936 1200 1344 1271 perspiciuntur
1373 1199 1666 1255 invisibilia
1694 1198 1811 1265 Dei,
1844 1213 2043 1269 nempe

463 1305 666 1350 aeterna
693 1295 838 1349 illius
865 1295 1109 1364 potentia
1131 1304 1186 1348 et
1212 1293 1507 1349 divinitas?
1536 1291 1742 1347 Malitia
1777 1306 1910 1346 sane
1943 1307 2045 1361 poo

467 1389 574 1442 tius
601 1398 652 1441 et
677 1387 953 1457 turpitudo
977 1386 1100 1440 Mali
1118 1387 1170 1440 in
1193 1386 1260 1440 iis
1275 1387 1748 1456 conspicerentur,
1773 1384 2044 1454 siquidem

467 1480 521 1533 in
549 1480 864 1533 universum
895 1479 1028 1534 tales
1074 1480 1192 1550 ejus
1215 1489 1479 1533 creatura:
1513 1479 1856 1533 exsisterent.
1889 1475 2047 1544 Quod

466 1585 596 1624 vero
625 1570 708 1624 lex
749 1585 779 1623 a
817 1571 963 1624 bono
1008 1570 1119 1624 Deo
1145 1570 1235 1632 sit,
1265 1570 1426 1624 etiam
1457 1571 1586 1625 hinc
1603 1569 1760 1625 facile
1786 1570 2047 1625 demons-

469 1661 721 1714 traveris.
755 1661 953 1716 Paulus
974 1660 1146 1725 enim,
1165 1676 1227 1715 os
1247 1660 1470 1726 Christi,
1499 1661 1594 1727 ait,
1617 1661 1758 1731 quod
1791 1675 1899 1714 non
1920 1674 2047 1714 aus—

468 1752 787 1816 cultatores,
821 1751 916 1806 sed
963 1752 1349 1806 observatores
1378 1751 1802 1822 legisjustitiam
1848 1764 2050 1804 conse-

468 1842 1033 1913 quentur.Quomodo
1049 1845 1134 1899 lex
1161 1859 1192 1899 a
1225 1845 1371 1899 bono
1405 1843 1517 1900 Deo
1539 1843 1780 1914 profecta
1810 1858 1922 1897 non
1954 1842 2045 1910 sit,

471 1939 564 2006 qui
584 1953 681 2007 pro
704 1953 864 2007 poena
899 1938 1185 2009 irroganda
1203 1954 1316 2004 eos,
1337 1938 1430 2007 qui
1460 1937 1634 2008 legem
1663 1937 2044 2007 impleverunt,

467 2030 647 2097 justus
669 2030 987 2099 pronuntiat
1003 2032 1024 2084 ?
1040 2031 1109 2085 Et
1126 2031 1169 2084 si
1200 2037 1570 2101 transgressor
1591 2031 1746 2101 legis,
1761 2029 1923 2084 etiam
1953 2027 2052 2081 cir-

471 2119 749 2174 cumcisus
774 2136 1015 2186 carnem,
1043 2136 1142 2191 pro
1157 2109 1485 2190 praeputiato
1503 2120 1755 2184 habetur,
1789 2128 1844 2173 ct
1870 2118 2052 2173 divina

471 2209 643 2279 gratia
671 2209 944 2280 indignus,
963 2212 1321 2280 praeputiatus
1351 2227 1500 2276 vero,
1524 2212 1570 2266 si
1600 2212 1733 2279 legis
1753 2212 1904 2281 jussa
1932 2225 2052 2265 sec-

474 2290 645 2364 tetur,
667 2300 1139 2355 circumcisionem
1165 2301 1490 2356 sanctissimi
1518 2301 1754 2371 Spiritus
1778 2301 1832 2354 in
1867 2281 2050 2354 aninia

471 2389 812 2454 circumfert,
833 2407 1014 2445 nonne
1034 2392 1122 2446 lex
1143 2408 1173 2446 a
1194 2393 1338 2446 bono
1360 2392 1470 2447 Deo
1500 2393 1671 2462 repeti
1689 2391 1957 2447 debebit?
1992 2391 2049 2446 Si

401 2525 406 2532 .
471 2501 604 2540 vero
629 2486 1069 2552 Christuslesus,
1089 2496 1254 2556 prout
1275 2486 1472 2541 Paulus
1513 2487 1784 2541 exclamat
1804 2487 1845 2551 ί,
1869 2485 2054 2540 minis.

474 2585 560 2630 ter
583 2576 687 2630 fuit
714 2578 1170 2642 circumcisionis,
1224 2594 1322 2648 pro
1353 2579 1579 2633 veritate
1602 2580 1810 2633 scilicet
1839 2578 1957 2643 Dei,
1981 2577 2048 2632 ad

474 2669 876 2724 conlirmandas
891 2670 1282 2738 promissiones
1301 2671 1542 2740 patribus
1563 2671 1752 2736 factas,
1776 2686 1912 2740 quas
1931 2685 2051 2740 pro-

476 2758 603 2814 inde
624 2756 880 2813 Christus
895 2760 1154 2814 stabilivit
1174 2777 1188 2827 ;
1207 2760 1348 2815 idem
1373 2776 1504 2815 vero
1531 2762 1668 2816 Deus
1685 2761 1932 2831 patribus
1949 2763 2049 2816 has

475 2851 874 2921 promissiones
891 2851 1038 2914 fecit,
1067 2853 1233 2923 quiet
1259 2854 1466 2909 ctelum'
1481 2855 1582 2909 hoc
1603 2854 1858 2910 sensibus
1880 2870 2050 2926 expo—

479 2943 644 2996 situm
667 2949 723 2995 et
749 2951 948 2997 terram
981 2943 1246 3008 condidit,
1305 2960 1579 3015 quemque
1606 2947 1781 3000 Moses
1804 2946 1857 3001 in
1881 2947 2052 3002 histo—

481 3031 561 3086 ria
597 3032 892 3086 creationis
926 3032 1096 3086 Deum
1128 3035 1407 3103 prmdicat,
1451 3036 1542 3104 qui
1575 3035 1799 3106 insuper
1824 3054 1854 3092 a
1887 3038 2056 3092 Paulo

482 3121 536 3172 in
566 3120 671 3174 hoc
695 3131 749 3173 et
778 3121 900 3174 aliis
919 3122 1050 3176 locis
1079 3123 1326 3193 pluribus
1368 3125 1673 3182 Servatoris
1702 3128 1873 3183 nostri
1903 3137 2058 3198 pater
2081 3145 2127 3208 ρ

481 3213 806 3282 appellatur,
825 3214 982 3282 cujus
1000 3216 1389 3284 promissiones
1415 3219 1529 3287 ipse
1551 3227 1610 3273 ut
1626 3222 1895 3291 genuinus
1918 3221 2060 3277 [ilius

482 3319 581 3374 per
609 3319 688 3367 se,
718 3320 825 3359 non
852 3321 986 3359 vero
1010 3307 1184 3380 aliena
1209 3323 1372 3378 opera
1401 3324 1556 3373 usus.
1583 3319 1731 3370 ratas
1760 3320 1816 3366 et
1837 3313 2060 3368 stabiles

483 3409 608 3449 esse
630 3395 1109 3464 demonstraverit,
1129 3400 1220 3469 qui
1249 3400 1362 3455 ﬁeri
1382 3411 1582 3472 potest,
1616 3403 2060 3473 utimpudentis-

483 3489 621 3543 sima
635 3498 1004 3560 apostatarum
1035 3492 1197 3546 factio
1214 3508 1323 3546 non
1340 3493 1704 3548 confundatur
1721 3496 1744 3548 ?
1763 3495 1903 3560 Quid
1930 3511 2061 3551 vero

487 3598 724 3652 provoco
748 3584 815 3637 ad
832 3585 1079 3651 Paulum,
1106 3586 1282 3641 virum
1306 3587 1544 3656 alioquin
1567 3589 1880 3658 cognitione
1899 3587 2064 3643 Vete-

487 3676 564 3730 ris
579 3675 936 3740 Testamenti,
960 3687 1018 3732 et
1040 3678 1302 3748 sapientia
1316 3678 1449 3734 Novi
1472 3688 1756 3750 tantopere
1769 3679 2061 3746 illustrem,

485 3784 612 3824 cum
634 3784 980 3825 communem
1005 3769 1291 3824 Dominum
1319 3771 1524 3825 audere
1557 3770 1716 3825 liceat
1747 3771 2065 3841 prazcipien-

491 3872 600 3915 tem
621 3873 676 3916 et
699 3863 972 3917 dicentem
994 3882 1007 3916 :
1032 3861 1112 3916 Ne
1135 3863 1442 3916 existimetis
1461 3880 1541 3917 me
1558 3865 1758 3918 venisse
1777 3871 1846 3918 ad
1862 3865 2065 3919 solven-

489 3955 616 4007 dam
646 3953 806 4025 legem
829 3963 923 4008 aut
956 3953 1248 4022 Prophetas
1281 3971 1299 4007 :
1336 3971 1439 4008 non
1467 3958 1583 4009 veni
1616 3965 1672 4009 ut
1714 3957 1966 4011 solverem
1997 3957 2067 4012 le-

488 4061 627 4115 gem,
663 4046 751 4098 sed
779 4056 833 4098 ut
865 4045 1138 4115 implerem
1165 4047 1208 4098 ².
1239 4046 1305 4100 Ει
1347 4046 1504 4100 alibi:
1528 4046 1710 4108 Amen,
1740 4065 1914 4113 amen,
1951 4052 2066 4103 dico

491 4137 662 4191 vobis:
695 4137 811 4190 Non
839 4139 1083 4191 transibit
1107 4140 1293 4194 caelum
1322 4151 1371 4194 et
1415 4151 1578 4206 terra,
1615 4150 1709 4194 aut
1741 4142 1851 4194 iota
1883 4158 2065 4207 unum,

493 4245 690 4282 uuusve
713 4247 864 4299 apex,
893 4232 1054 4284 donec
1077 4235 1252 4286 omnia
1274 4235 1376 4287 ista
1410 4235 1671 4287 evenerint
1695 4235 1735 4287 ⁸.
1755 4233 1864 4304 Ego
1883 4244 1942 4288 ut
1969 4235 2070 4288 im-

2120 549 2244 619 ,ἀπὸ
2268 551 2498 613 κτίσεως
2525 548 2728 619 κόσμου
2754 551 2868 612 τοῖς
2905 549 3174 618 ποιήμασι
3225 547 3526 617 νοούμενα,
3574 552 3684 604 καθ

2136 646 2329 716 ορᾶται
2349 684 2365 710 ,
2394 645 2452 697 ἐν
2483 643 2624 697 τίσιν
2666 643 2889 713 ὁραθείη
2917 643 3246 714 δημιουργὸς
3273 645 3302 697 6
3343 644 3602 713 Ἐχθρός;
3630 647 3718 699 Τὰ.

2138 738 2348 808 ἀόρατα
2370 737 2465 792 καὶ
2491 736 2756 805 νοούμενα
2783 736 2876 789 τοῦ
2902 736 3037 789 Θεοῦ
3073 739 3188 789 ἐστι
3217 753 3230 766 ·
3261 736 3435 790 ταῦτα
3489 738 3544 791 δὲ
3579 738 3720 791 καθ-

2140 833 2336 902 ορᾶται
2366 830 2474 884 ἀπὸ
2498 830 2597 900 τῆς
2625 829 2887 900 αἰσθητῆς
2916 829 3012 883 καὶ
3053 831 3272 901 ὁρατῆς.
3295 831 3354 883 Et
3387 830 3498 901 γὰρ
3529 830 3720 902 μὴδιά

2137 925 2238 994 τῆς
2266 923 2470 995 ὁρατῆς
2501 922 2736 985 κτίσεως
2766 921 2834 974 τά
2860 921 3069 992 ἀόρατα
3099 921 3192 974 τοῦ
3223 922 3359 975 Θεοῦ
3391 924 3719 993 καθορᾶται,

2139 1016 2240 1069 οὐκ
2265 1017 2332 1070 ἂν
2373 1015 2471 1086 μὲν
2494 1013 2755 1068 διέστειλε
2797 1013 2865 1068 τά
2907 1013 3118 1084 ἀόρατα
3153 1013 3214 1076 ἐξ
3262 1015 3469 1083 αὐτῆς·
3509 1016 3613 1069 οὐκ
3655 1016 3726 1068 ἃν

2140 1108 2200 1161 δὲ
2250 1108 2338 1162 διὰ
2393 1106 2600 1177 ταύτης
2658 1106 2896 1172 ἐδίδαξεν
2948 1110 3138 1160 ἐκεῖνα
3193 1108 3554 1180 καθορᾶσθαι.
3594 1109 3727 1174 Πῶς

2141 1195 2236 1254 οὖν
2274 1202 2332 1254 ὲν
2367 1201 2482 1264 τοῖς
2520 1200 2788 1269 ποιήμασι
2832 1201 2947 1262 τοῖς
2993 1199 3269 1270 αἰσθητοῖς
3313 1200 3615 1271 καθορᾶται
3655 1202 3731 1254 τὰ

2145 1293 2354 1365 ἀόρατα
2380 1293 2476 1346 τοῦ
2519 1291 2655 1345 Θεοῦ
2677 1331 2692 1358 ,
2742 1293 2838 1344 καὶ¹
2865 1291 2988 1344 τότε
3033 1293 3066 1362 ή
3095 1293 3264 1356 ἀΐδιος
3297 1294 3460 1347 αὑτοῦ
3492 1294 3731 1365 δύναμις

2144 1385 2242 1438 καὶ
2273 1385 2487 1455 θειότης
2519 1384 2577 1437 ὲν
2599 1386 2712 1446 τοῖς
2739 1384 3012 1455 ποιήμασι
3044 1383 3139 1436 τοῦ
3166 1380 3449 1455 Πονηροῦζ
3482 1385 3730 1440 Τούναν-

2143 1478 2259 1532 τίον
2283 1477 2392 1549 γὰρ
2413 1479 2470 1532 ὲν
2488 1480 2598 1541 τοῖς
2623 1479 2892 1548 ποιήμασι
2918 1477 3014 1530 τοῦ
3046 1477 3296 1550 Ἐχθροῦ,
3322 1479 3479 1549 εῖπερ
3496 1475 3563 1549 ἦν
3589 1479 3734 1543 ὅλως

2145 1570 2290 1634 τινὰ,
2322 1572 2354 1641 ὴ
2385 1569 2624 1640 πονηρία
2673 1572 2765 1622 καὶ
2799 1569 3095 1640 αἰσχρότης
3128 1569 3294 1622 αὐτοῦ
3338 1569 3611 1638 καθορᾶτο
3638 1570 3729 1624 ἄν.

2151 1655 2342 1709 Ὅτιδὲ
2359 1658 2387 1708 ὁ
2416 1656 2580 1727 νόμος
2605 1658 2668 1710 ἐκ
2695 1656 2788 1710 τοῦ
2813 1656 3022 1723 ἀγαθοῦ
3050 1658 3208 1722 Θεοῦ,
3238 1659 3532 1712 κάντεῦθεν
3557 1659 3624 1712 ἄν
3644 1677 3734 1722 τις

2152 1749 2468 1814 ἐπιδείξοιτο
2503 1751 2653 1822 ῥᾷον.
2690 1749 2855 1820 Λέγει
2887 1750 2995 1820 γὰρ
3018 1751 3047 1803 6
3079 1749 3312 1816 Παῦλος,
3339 1751 3400 1803 τὸ
3428 1750 3606 1822 στόμα
3634 1748 3733 1805 τοῦ

2151 1844 2412 1914 Χριστοῦ,
2444 1845 2638 1914 ὅτιπερ
2670 1843 2769 1914 οὐχ
2817 1843 2867 1896 οί
2910 1844 3180 1914 ἀκροαταὶ
3204 1843 3298 1897 τοῦ
3329 1843 3494 1912 νόμου
3529 1844 3738 1898 δίκαιοι

2151 1937 2305 2006 παρά
2335 1935 2412 2007 τῷ
2443 1933 2590 2006 Θεῷ,
2624 1935 2740 1988 ἀλλ’
2777 1935 2827 1988 oi
2857 1935 3081 2005 ποιηταὶ
3108 1933 3204 1988 τοῦ
3238 1935 3402 2006 νόμου
3435 1935 3739 2007 δικαιωθή-

2153 2045 2358 2083 σονται.
2406 2027 2516 2082 Καὶ
2557 2027 2673 2091 πῶς
2702 2027 2802 2082 οὐκ
2843 2026 2991 2080 ἐστιν
3017 2028 3044 2080 ό
3075 2027 3238 2097 νόμος
3278 2029 3345 2081 ἐκ
3375 2027 3472 2082 τοῦ
3521 2028 3734 2096 ἀγαθοῦ

2151 2117 2309 2184 Θεοῦ,
2341 2117 2399 2182 ὃς
2432 2118 2553 2171 ἀντὶ
2595 2118 2688 2170 τοῦ
2725 2116 2976 2178 κολάζειν
3005 2116 3246 2180 δικαίους
3273 2119 3568 2186 ἀποφαίνει
3607 2120 3736 2181 τοὺς

2151 2211 2441 2273 ποιοῦντας
2489 2209 2682 2274 αύτόνς
2717 2210 2828 2262 Καὶ
2861 2209 2910 2261 εἰ
2941 2211 2969 2262 6
3019 2209 3350 2280 παραϐάτης
3385 2210 3481 2263 τοῦ
3523 2211 3725 2280 νόμου,

2152 2303 2256 2358 κᾶν
2301 2301 2779 2374 περιτετμημένος
2879 2299 2981 2371 τὴν
3025 2303 3236 2371 σάρκα,
3285 2303 3360 2365 ὼς
3393 2302 3727 2373 ἀκρόϐνστος

2152 2393 2450 2464 λογίζεται,
2475 2396 2568 2447 κα)⁸
2592 2393 2810 2458 ἀνάξιος
2841 2395 3087 2463 κρίνεται
3109 2393 3202 2446 τοῦ
3229 2393 3388 2448 Θεοῦ·
3419 2395 3447 2446 6
3477 2395 3537 2448 δὲ
3567 2395 3735 2465 ἀκρό-

2157 2489 2350 2553 ϐυστος
2378 2488 2447 2542 τὰ
2475 2487 2816 2558 δικαιώματα
2848 2487 3138 2556 φυλάσσων
3169 2486 3262 2540 τοῦ
3293 2487 3462 2558 νόμον
3498 2488 3598 2556 τὴν
3632 2505 3733 2539 πε-

2161 2582 2387 2652 ριτομὴν
2409 2579 2504 2634 τοῦ
2536 2581 2799 2650 παναγίου
2831 2580 3152 2652 Πνεύματος
3179 2581 3336 2652 φέρει
3369 2583 3426 2633 ἐν
3455 2583 3521 2651 τῇ
3551 2582 3696 2652 ψυχῇ
3717 2621 3734 2646 ,

2158 2674 2274 2737 πῶς
2305 2675 2426 2744 οὐχὶ
2462 2675 2490 2727 ό
2520 2674 2684 2744 νόμος
2716 2674 2781 2727 ἐκ
2811 2673 2906 2726 τοῦ
2937 2673 3142 2742 ἀγαθοῦ
3175 2673 3342 2740 Θεοῦ;
3372 2675 3434 2727 Et
3476 2673 3554 2739 δὲ,
3590 2673 3736 2727 καθά

2158 2768 2523 2839 διακέκραγεν
2575 2769 2604 2820 ὁ
2640 2768 2880 2833 Παῦλος,
2933 2767 3166 2838 Χριστὸς
3222 2767 3432 2836 Ἰησοῦς
3487 2768 3739 2826 διάκονος

2159 2859 2350 2928 γέγονε
2383 2864 2686 2931 περιτομῆς
2710 2899 2724 2924 ,
2765 2860 2939 2925 διατί;
2968 2860 3107 2931 ὑπὲρ
3148 2859 3408 2930 ἀληθείας
3454 2860 3623 2925 Θεοῦ,
3658 2861 3740 2923 εἰς

2157 2952 2221 3005 τὸ
2284 2951 2583 3024 βεϐαιῶσαι
2632 2952 2732 3016 τὰς
2783 2952 3115 3020 ἐπαγγελίας
3166 2954 3274 3006 τῶν
3315 2953 3593 3024 πατέρων,
3647 2954 3741 3006 καὶ

2159 3045 2362 3109 ταύτας
2420 3045 2750 3099 ἐϐεϐαίωσεν
2785 3046 2812 3098 6
2865 3045 3134 3115 Χριστός;
3178 3046 3384 3107 ἐκεῖνος
3411 3045 3468 3097 δὲ
3493 3048 3607 3108 τοῖς
3640 3062 3743 3096 πα-

2160 3138 2319 3208 τράσι
2349 3136 2556 3190 διέθετο
2576 3138 2674 3199 τάς
2692 3137 3025 3204 ἐπαγγελίας
3046 3178 3060 3201 ,
3091 3139 3118 3190 ό
3141 3137 3237 3189 καὶ
3256 3137 3345 3188 τὸν
3362 3135 3620 3206 αἰσθητὸν
3646 3136 3742 3188 τὸν

2160 3225 2386 3296 οὐρανὸν
2434 3226 2528 3280 καὶ
2582 3228 2682 3296 τὴν
2728 3226 2834 3296 γῆν
2887 3226 3304 3297 δημιουργήσας
3349 3225 3508 3288 Θεὸς,
3544 3224 3605 3277 ὃν
3642 3226 3745 3279 καὶ

2161 3320 2370 3390 Μωσῆς
2404 3322 2461 3374 ἐν
2508 3322 2573 3391 τῇ
2617 3320 2983 3392 κοσμογενείᾳ
3041 3319 3322 3386 θεολογεῖο
3370 3319 3646 3372 δείκνυται
3679 3319 3742 3370 δὲ

2160 3413 2228 3467 δι’
2260 3406 2336 3467 ὧν
2375 3415 2403 3466 ό
2446 3411 2658 3476 Παῦλος
2697 3411 2931 3466 ἐνταῦθα
2977 3413 3070 3465 καὶ
3101 3413 3160 3464 ἐν
3189 3411 3405 3475 πολλοῖς
3438 3410 3618 3473 ἄλλοις
3647 3410 3746 3464 λέ-

2162 3522 2271 3574 γει,
2314 3504 2410 3557 τοῦ
2443 3504 2696 3574 Σωτῆρος
2726 3503 2883 3575 ἡμῶν
2927 3498 3081 3566 οὗτος
3113 3503 3314 3575 πατὴρ,
3347 3496 3408 3556 οῦ
3437 3503 3537 3566 τὰς
3570 3505 3747 3571 ἐπαγ-

2162 3595 2348 3665 γελίας
2391 3596 2467 3659 ὡς
2497 3595 2718 3665 γνήσιος
2763 3594 2877 3657 υίὸς
2912 3593 3307 3664 ἀπαραϐάτους
3337 3610 3396 3646 τε
3435 3595 3530 3646 καὶ
3572 3593 3741 3662 ἀψευ-

2163 3685 2271 3750 δεῖς
2298 3685 2462 3749 αὐτὸς
2505 3685 2572 3738 δι’
2617 3683 2835 3748 ἑαυτοῦ,
2864 3685 2958 3737 καὶ
3000 3685 3060 3737 ού
3093 3683 3159 3737 δι’
3187 3683 3350 3739 άλλου
3395 3684 3727 3750 ἐπεδείξατο,

2165 3779 2283 3841 πῶς
2323 3778 2424 3847 τῆς
2449 3777 2789 3840 ἀποστασίας
2819 3777 2879 3829 ού
2907 3775 3236 3829 καταδύεται
3259 3776 3320 3830 τὸ
3354 3775 3731 3845 ἀναίσχυντονς

2177 3862 2338 3921 Ἀλλά
2366 3869 2418 3920 τί
2449 3886 2537 3938 μοι
2567 3868 2746 3936 λέγειν
2780 3866 3010 3931 Παῦλον,
3051 3867 3231 3921 καίτοι
3272 3867 3589 3937 τηλικοῦτον
3613 3867 3740 3919 ὅντα

2165 3962 2230 4031 τῇ
2251 3977 2309 4012 τε
2335 3959 2533 4029 γνώσει
2565 3960 2666 4030 τῆς
2703 3960 2948 4022 Παλαιᾶς
2982 3961 3077 4013 καὶ
3105 3963 3173 4031 τῇ
3216 3960 3382 4030 σοφίᾳ
3401 3961 3499 4030 τῆς
3525 3960 3744 4031 χάριτος

2166 4051 2355 4118 αὑτοῦ,
2413 4053 2577 4105 πάλιν
2623 4055 2751 4124 ἐνῆν
2776 4051 2871 4105 τοῦ
2915 4051 3092 4106 κοινοῦ
3134 4053 3403 4105 Δεσπότου
3447 4051 3743 4114 διακούειν,

2166 4145 2567 4216 διατεινομένου
2622 4146 2718 4199 καὶ
2765 4145 3048 4214 λέγοντοςο
3112 4145 3207 4213 Μὴ
3263 4146 3588 4214 νομίσητε,
3657 4145 3748 4196 ὅτι

2166 4233 2360 4307 ἦλθον
2391 4238 2732 4291 καταλῦσαι
2781 4237 2888 4290 τὸν
2919 4239 3108 4307 νόμον
3137 4237 3175 4306 ἢ
3224 4237 3366 4302 τοὺς
3397 4238 3712 4305 προφήτας
3731 4253 3748 4266 ο

495 4321 739 4390 plelurus
785 4323 955 4392 legem
1005 4324 1150 4389 veni,
1199 4325 1567 4386 aitChristus,
1590 4333 1645 4379 at
1679 4325 1825 4395 impii
1850 4325 1961 4380 oris
1986 4337 2053 4380 εει

2170 4333 2282 4384 οὐκ
2328 4327 2522 4400 ἦλθον
2560 4330 2900 4385 καταλῦσαι
2932 4331 3041 4384 τὸν
3067 4331 3275 4399 νόμον,
3302 4330 3464 4384 ἀλλὰ
3500 4327 3747 4398 πληρῶ-

495 4413 681 4468 dicere
738 4431 825 4469 me
858 4415 1074 4470 venisse
1140 4427 1199 4470 ut
1249 4416 1427 4470 Patris
1475 4419 1645 4487 legem
1689 4417 2053 4472 dissolverem,

2173 4437 2306 4486 om;
2337 4421 2444 4476 Kal
2460 4434 2474 4449 '
2493 4421 2704 4490 Ἀμὴν,
2726 4422 2909 4491 ἀμὴν,
2928 4419 3082 4489 λέγω
3098 4420 3259 4489 ὑμῖν,
3279 4423 3350 4474 οὐ
3370 4420 3456 4490 μὴ
3475 4420 3751 4491 παρέλθῃ

497 4511 611 4581 Ego
645 4526 775 4565 vero
802 4510 938 4564 nihil
962 4512 1082 4580 ejus
1115 4526 1222 4566 non
1258 4511 1542 4582 impletum
1567 4512 1906 4582 relinquam;
1931 4513 2045 4567 nihi

2173 4517 2204 4568 ό
2237 4513 2495 4581 οὐρανός
2532 4485 2639 4569 καὶ.
2686 4485 2725 4583 ἦ
2927 4514 2965 4582 ἢ
3009 4485 3154 4567 ⁷ὶιῦτιι
3185 4512 3254 4567 ἓν·
3305 4513 3344 4581 ἢ
3370 4485 3479 4580 Iulo
3507 4485 3750 4580 περαίη-ξ

495 4603 552 4658 in
591 4619 655 4658 ea
684 4619 713 4658 a
752 4604 897 4658 Malo
943 4604 1266 4674 inspiratam
1296 4613 1422 4665 est;
1470 4605 1609 4659 nihil
1643 4606 1833 4660 falsum
1876 4607 2053 4677 depre-

2169 4606 2280 4672 ἕως
2327 4605 2406 4660 ἂν
2438 4606 2626 4661 ταῦτα
2690 4607 2888 4660 πάντα
2925 4606 3190 4676 γένηται.
3261 4604 3402 4673 Ἐγὼ
3454 4605 3753 4675 πληρωτὴς

498 4698 808 4753 hendetur:
860 4697 1045 4753 omnia
1099 4697 1347 4751 veritatis
1404 4698 1561 4768 plena
1622 4707 1770 4752 sunt.
1804 4699 1917 4770 Ego
1951 4713 2053 4752 sun

2169 4691 2335 4767 ἦλθον
2366 4695 2459 4750 τοῦ
2491 4698 2657 4767 νόμον
2679 4712 2693 4726 ⁸
2722 4697 3008 4767 στομάτων
3039 4696 3156 4748 ἐστὶ
3179 4695 3434 4766 πονηρῶν
3463 4694 3522 4747 τὸ
3544 4694 3753 4761 λέγειν,

499 4791 809 4858 praesidium
841 4805 1156 4845 sermonum
1205 4790 1673 4860 propheticorum.
1705 4791 1803 4846 Mei
1833 4792 1978 4845 enim
2020 4806 2050 4846 e

2174 4789 2275 4859 ἐμὲ
2309 4789 2719 4861 παραγενέσθαι
2768 4790 2896 4851 τοὺς
2950 4787 3252 4858 πατρικοὺς
3303 4784 3612 4859 παραλῦσαι
3664 4785 3760 4838 νό-

501 4881 677 4936 Patris
693 4884 833 4937 servi
856 4899 918 4938 ac
941 4883 1178 4938 ministri
1206 4881 1487 4953 propheta-3
1511 4883 1763 4952 sunt,qui
1791 4891 1848 4938 et
1876 4883 2049 4938 adven

2183 4896 2339 4950 μους.
2392 4880 2558 4934 Οὐδὲν
2615 4879 2780 4933 αὑτοῦ
2828 4878 3148 4932 ἀτελείωτον
3202 4877 3377 4941 ἐάσω,
3425 4875 3578 4930 οὐδὲν
3626 4876 3758 4929 ἑπι-

505 4981 618 5027 tum
650 4990 852 5040 meum,
889 4984 944 5029 et
964 4975 1169 5040 omnia,
1203 4991 1326 5045 qua:
1374 4975 1481 5029 huc
1531 4976 1825 5044 pertinent,
1873 4975 2038 5047 ριξηνὶ

2181 4971 2371 5034 πνοίας
2421 4973 2478 5024 ἐν
2527 4971 2676 5043 αὐτῷ
2709 4973 2984 5042 πονηρᾶς,
3025 4970 3175 5022 οὐδὲν
3209 4973 3289 5033 είς
3321 4969 3515 5039 ψεῦδος
3567 4968 3757 5039 λήξει·

502 5066 702 5119 derunt
730 5077 785 5121 et
813 5068 1269 5136 praenuntiarunt.
1311 5066 1498 5136 itaque
1526 5082 1627 5120 nec
1662 5081 1886 5136 parvum
1913 5066 2053 5137 quid!

2179 5063 2358 5116 πάντα
2396 5063 2570 5133 μεστά
2607 5063 2708 5134 τῆς
2751 5063 3030 5133 ἀληθείας.
3077 5059 3217 5131 Ἐγὼ
3253 5061 3364 5114 τῶν
3395 5061 3760 5130 προφητικῶν

504 5174 690 5229 quam,
717 5174 820 5212 nec
851 5175 1105 5230 magnum
1151 5174 1361 5224 eorum,
1393 5173 1514 5227 quae
1562 5158 1636 5212 illi
1682 5159 2050 5228 praedixerunt

2180 5155 2376 5222 φωνῶν
2407 5156 2440 5223 ἡ
2477 5154 2788 5225 βεϐαίωσις.
2839 5155 2994 5224 Ἐμοὶ
3023 5153 3130 5226 γὰρ
3172 5153 3323 5216 ὅντες
3366 5153 3459 5206 καὶ
3492 5152 3585 5204 τοῦ
3616 5152 3758 5221 ἐμοῦ

501 5251 587 5304 vel
633 5268 754 5320 quae
800 5251 883 5304 lex
917 5250 1180 5313 continet,
1209 5251 1534 5320 praeteribit,
1571 5252 1718 5321 quod
1758 5268 1865 5306 non
1899 5268 1929 5306 a
1974 5267 2053 5307 ve-

2184 5245 2399 5317 Πατρὸς
2433 5246 2706 5318 ὑπηρέται
2734 5247 2828 5299 καὶ
2856 5246 3093 5298 διάκονοι
3110 5247 3209 5316 τήν
3232 5262 3290 5298 τε
3317 5243 3621 5316 παρουσίαν
3654 5242 3757 5314 τὴν

499 5345 660 5397 ritate
683 5342 902 5396 tandem
925 5342 1261 5412 obsignetur.
1282 5341 1340 5395 Si
1356 5344 1501 5396 enim
1521 5358 1620 5413 ego
1641 5343 2053 5399 circumcisioni:

2178 5337 2342 5408 ἐμὴν,
2386 5339 2481 5390 καὶ
2531 5338 2708 5391 πάντα
2744 5338 2813 5390 τὰ
2843 5341 2941 5409 τῆς
2985 5336 3286 5407 παρουσίας
3327 5337 3514 5405 σαφῶς
3554 5339 3761 5406 προεῖ-

500 5435 750 5490 minister
781 5449 901 5487 sum
933 5433 1002 5487 ad
1032 5434 1434 5487 contirniandas
1467 5435 1880 5504 promissiones,
1934 5451 2053 5506 qua:

2177 5428 2268 5482 δόν
2308 5445 2368 5482 τε
2399 5429 2494 5481 καὶ
2520 5428 2912 5499 προήγγειλαν.
2935 5429 3024 5481 Διὸ
3049 5429 3109 5492 ἐξ
3137 5423 3212 5480 ὧν
3237 5445 3297 5480 τε
3331 5428 3528 5480 ἐκεῖνοι
3560 5425 3758 5497 προεῖ-

501 5528 664 5583 Pater
688 5526 818 5581 fecit
845 5526 1116 5596 patribus,
1149 5527 1422 5594 quomodo
1459 5527 1545 5581 vel
1580 5527 1688 5581 iota
1732 5542 1924 5594 unum,
1968 5527 2053 5582 hoc

2177 5539 2279 5576 πον
2306 5521 2402 5576 καὶ
2423 5523 2451 5576 6
2473 5521 2635 5593 νόμος
2661 5521 2929 5592 περιέχει,
2953 5523 3012 5574 ού
3048 5520 3265 5594 μικρὸν,
3299 5519 3360 5572 οὐ
3421 5518 3568 5590 μέγα
3607 5533 3757 5587 παρ-

497 5631 600 5690 est,
627 5621 915 5677 minimum
939 5635 1128 5676 eorum
1152 5634 1313 5690 quaea
1337 5619 1455 5690 lege
1485 5619 1567 5674 vel
1597 5621 1882 5691 pmphetis
1918 5620 2053 5678 dicta

2169 5619 2450 5676 ελεύσεται
2469 5659 2486 5689 ,
2515 5618 2543 5673 ὃ
2567 5619 2644 5692 μὴ
2683 5619 2784 5690 τῆς
2811 5618 3070 5690 ἀληθείας
3090 5617 3168 5689 τῷ
3191 5618 3385 5688 πέρατι
3418 5611 3753 5686 σφραγισθῇ.

574 5807 620 5840 ⁸⁸
644 5805 801 5862 Rom.
829 5823 897 5864 xv
927 5808 980 5865 8.
1061 5804 1288 5860 'Matth.
1313 5821 1368 5874 ν,
1392 5806 1478 5862 i7.
1555 5806 1574 5835 ²
1605 5803 1736 5859 ibid.
1775 5802 1860 5860 18.
