3986 6428
237 296 333 370 137

1272 298 1571 360 CONTRA
1610 295 2072 358 MANICHAEOS
2112 284 2344 355 LIBER
2376 297 2487 355 III.

3416 290 3519 367 138

234 416 293 468 Ei
317 413 437 485 γάρ,
462 411 577 481 ἐγὼ
611 409 862 473 διάκονος
909 407 1213 479 περιτομῆς
1245 408 1326 471 είς
1356 408 1417 461 τὸ
1465 405 1828 475 βεϐαιωθῆναί

1938 413 2084 469 sunt,
2153 402 2379 457 omnino
2438 403 2720 473 praeterire
2771 413 2867 461 aut
2934 422 3044 460 non
3099 407 3310 478 impleri
3363 421 3518 480 pote-

234 506 329 569 τὰς
362 504 728 574 ἐπαγγελίας,
772 502 837 565 ἃς
867 503 896 555 6
930 498 1124 570 Πατὴρ
1155 499 1365 552 διέθετο
1403 501 1514 561 τοῖς
1560 496 1826 568 πατράσι,

1940 496 2049 550 rit?

236 599 349 661 πῶς
397 599 533 651 ίῶτα
570 596 652 661 ἓν,
698 594 948 649 τουτέστι
976 593 1039 645 τὸ
1064 592 1352 664 ἐλάχιστον
1389 594 1498 648 τῶν
1537 594 1597 646 ὲν
1629 594 1708 665 τῷ
1739 594 1889 663 νόμῳ
1929 595 2023 647 καὶ
2053 596 2165 659 τοῖς
2196 596 2506 667 προφήταις
2550 594 2843 665 ῥηθέντων,
2874 595 3078 650 δύναιτ’
3106 596 3174 651 ἂν
3200 598 3340 663 ὅλως
3377 616 3517 673 παρ-

233 694 403 748 ελθεῖν
430 693 463 763 ἦ
500 692 578 762 μὴ
606 690 887 760 γενέσθαι.

296 789 380 841 Η¹.
427 787 573 840 Ἀλλ’
608 788 697 855 ἐφ’
738 786 929 857 ἔτερόν
971 804 1064 856 μοι
1113 786 1212 856 τὴν
1255 786 1493 857 θεωρίαν
1549 801 1829 856 συμμετα-

229 881 398 944 κίνει,
426 881 477 931 εἰ
504 878 668 946 λόγια
712 879 852 933 Θεοῦ
898 879 968 933 τὰ
1006 880 1067 933 ἐν
1104 879 1183 949 τῷ
1225 878 1395 948 νόμῳ.
1438 879 1605 947 Λέγει
1654 877 1763 947 γὰρ
1802 880 1831 929 6

228 972 474 1035 Παῦλος·
541 974 640 1038 Τίς
698 972 737 1039 ἡ
785 971 1041 1042 ὠφέλεια
1082 969 1195 1039 τῆς
1250 969 1611 1039 περιτομῆς;
1656 965 1827 1023 Εἶτα·

229 1064 435 1129 Πολλὴ
467 1064 627 1117 κατὰ
657 1063 859 1117 πάντα
890 1064 1136 1131 τρόπον.
1168 1061 1411 1130 Πρῶτον
1434 1062 1553 1130 μὲν
1582 1061 1693 1131 γὰρ
1738 1061 1829 1116 ὅτι

226 1158 685 1224 ἐπιστεύθησαν
737 1156 809 1209 τὰ
848 1157 1029 1225 λόγια
1085 1154 1195 1210 τοῦ
1247 1155 1419 1210 Θεοῦ.
1484 1155 1547 1208 Τί
1602 1156 1713 1225 γὰρ
1771 1158 1824 1209 εί

226 1246 588 1318 ἠπίστησάν
630 1262 821 1312 τινες,
845 1247 932 1315 μὴ
966 1245 1005 1313 ἡ
1040 1245 1295 1301 ἀπιστία
1336 1245 1536 1300 αὐτῶν
1564 1236 1681 1314 τὴν·
1723 1247 1823 1301 πί-

227 1354 361 1393 στιν
381 1337 495 1393 τοῦ
524 1337 677 1392 Θεοῦ
697 1336 1013 1407 καταργεῖ;
1042 1334 1138 1406 Μὴ
1166 1336 1420 1406 γένοιτο.
1448 1336 1727 1391 Γενέσθω
1755 1335 1825 1391 δὲ

229 1436 261 1486 ὁ
293 1433 444 1498 Θεὸς
478 1431 749 1501 ἀληθὴς,
798 1430 921 1496 πᾶς
956 1431 1026 1484 δὲ
1049 1432 1361 1499 ἅνθρωπος
1386 1432 1683 1500 ψεύστης.
1714 1432 1825 1485 Καὶ

228 1524 323 1578 οὐκ
355 1522 620 1591 ἀνέχεται
646 1522 743 1591 μὲν
771 1520 870 1590 τὴν
895 1520 1077 1573 πίστιν
1097 1520 1193 1573 τοῦ
1216 1520 1354 1574 Θεοῦ
1382 1520 1821 1592 καταργηθῆναιο

226 1615 404 1668 πάντα
430 1615 491 1667 δὲ
516 1614 804 1685 ἄνθρωπον
829 1611 1073 1683 ψεύστην
1101 1612 1338 1684 αἱρεῖται
1373 1612 1718 1683 ἐλεγχθῆναι,
1738 1613 1826 1667 ἵνα

225 1708 255 1760 6
273 1707 432 1773 Θεὸς,
462 1708 492 1759 6
518 1706 620 1776 τὴν
645 1704 950 1775 περιτομὴν
967 1703 1109 1770 δοὺς,
1142 1702 1560 1772 ἐπιγινώσκοιτο
1591 1704 1817 1776 ἀληθής.

228 1798 285 1852 ΕΞ
320 1795 419 1851 οὖν
458 1796 561 1850 καὶ
604 1796 770 1865 λόγια
797 1796 934 1849 Θεοῦ
974 1796 1133 1862 είσιν,
1164 1794 1200 1849 δι
1228 1796 1526 1867 ἐπιστεύθη
1581 1795 1818 1867 Ἰσραὴλ,

228 1891 318 1945 καὶ
345 1893 381 1962 ἡ
407 1888 649 1944 ἀπιστία
676 1888 859 1941 αὐτῶν
884 1886 985 1959 τὴν
1008 1887 1103 1942 τοῦ
1124 1887 1266 1941 Θεοῦ
1299 1888 1483 1941 πίστιν
1512 1888 1573 1941 οὐ
1612 1900 1822 1959 καταρ-

228 1985 329 2052 γεῖ,
360 1982 461 2035 καὶ
486 1981 571 2034 δεῖ
601 1980 803 2051 μᾶλλον
831 1980 1075 2050 ψεύστας
1105 1979 1348 2049 νομίζειν
1376 1981 1499 2054 τοῦς
1523 1979 1819 2034 ἀπιστοῦν-

227 2092 323 2139 τας
375 2075 525 2146 Θεῷ,
567 2073 1049 2143 παναληθέστατον
1113 2072 1173 2126 δὲ
1227 2071 1321 2126 τὸν
1370 2071 1643 2126 δεδωκότα
1696 2072 1822 2137 τοὺς

230 2165 428 2235 νόμους
459 2164 542 2234 τῷ
583 2165 832 2235 Ίσραήλ¹δ
864 2163 984 2227 πῶς
1008 2162 1126 2234 οὐχὶ
1150 2162 1244 2216 τοῦ
1290 2161 1495 2232 ἀγαθοῦ
1530 2163 1665 2217 Θεοῦ
1708 2165 1824 2218 ἐστι

231 2258 527 2329 νομοθεσία
556 2260 591 2328 ἡ
643 2257 884 2323 Παλαιά;
925 2255 1017 2327 Μὴ
1061 2255 1173 2328 γὰρ
1201 2255 1293 2309 τὸν
1338 2255 1602 2326 ΙΙονηρὸν,
1642 2255 1701 2319 ὃς
1728 2258 1825 2310 ἀπ’

230 2352 404 2421 ἀρχῆς
429 2348 683 2419 ψεύστης
708 2349 824 2401 ἐστὶ
843 2346 991 2412 {ml
1018 2349 1077 2401 ἐν
1116 2350 1183 2419 τῇ
1214 2347 1445 2418 ἀληθείᾳ
1475 2348 1572 2419 οὐχ
1598 2348 1822 2418 ἕστηκε,

222 2443 421 2496 τοῦτον
462 2443 568 2512 μὲν
609 2441 872 2512 ἀληθείας
914 2441 1065 2506 λέγει
1092 2442 1121 2494 6
1168 2440 1384 2504 Παῦλος
1430 2443 1635 2512 πηγήν.
1685 2442 1826 2512 Προ-

233 2534 406 2604 κρὲνει
426 2534 485 2586 δὲ
512 2533 729 2596 πάντας
748 2531 1070 2603 ἀνθρώπους
1094 2533 1176 2596 είς
1206 2531 1402 2602 ψεῦδος
1432 2531 1823 2603 ἀπενεχθῆναι,

232 2628 317 2679 ἵνα
345 2629 375 2679 ὁ
398 2626 499 2679 τοῦ
539 2625 773 2691 ψεύδους
807 2625 1147 2696 ἀρχιτέκτων
1176 2624 1273 2678 καὶ
1316 2624 1650 2695 δημιουργὸς
1692 2625 1826 2695 ἀλη-

233 2717 384 2780 θείας
418 2716 699 2787 κηρυχθῇ.
754 2716 864 2769 Καὶ
914 2717 963 2769 εί
993 2717 1027 2786 ἡ
1066 2716 1386 2785 δικαιοσύνη
1431 2714 1525 2769 τοῦ
1554 2715 1690 2769 Θεοῦ
1725 2734 1825 2769 πε-

235 2810 554 2880 φανέρωται
574 2848 589 2872 ,
651 2806 1079 2879 μαρτυρουμένη
1111 2807 1218 2862 ὑπὸ
1246 2807 1341 2861 τοῦ
1374 2807 1542 2877 νόμον
1591 2808 1687 2862 καὶ
1718 2808 1826 2862 τῶν

234 2899 556 2972 προφητῶν,
586 2900 705 2964 πῶς
734 2900 856 2971 οὐχ).
897 2902 927 2953 6
964 2899 1128 2971 νόμος
1158 2901 1254 2954 καὶ
1289 2901 1339 2953 οἱ
1371 2901 1685 2972 προφῆται,’
1707 2901 1829 2971 οὐχὶ

234 2991 332 3060 τῆς
364 2994 432 3045 ὲκ
463 2990 563 3044 τοῦ
594 2989 802 3059 ἀγαθοῦ
829 2989 967 3043 Θεοῦ
996 2990 1286 3053 ἐπιπνοίας
1316 2990 1414 3044 καὶ
1439 2988 1695 3060 ἀληθείας
1726 3008 1829 3044 πε-

236 3080 597 3152 πληρωμένοι
630 3078 938 3150 νομίζοιντο
958 3079 1056 3145 ἀν;
1093 3078 1232 3131 Ἀλλ’
1262 3080 1363 3150 ὅρα
1395 3079 1455 3133 τὸ
1482 3080 1710 3152 φρικτὸν
1732 3080 1832 3151 τῆς

236 3172 541 3243 θεομαχίας
566 3172 661 3224 ἐπὶ
691 3170 857 3225 πλέον
883 3171 980 3224 καὶ
1007 3171 1413 3225 κατάπτυστον.
1448 3173 1511 3225 Ei
1533 3174 1560 3225 6
1583 3172 1718 3236 Θεὸς
1744 3173 1834 3227 διὰ

234 3264 327 3317 τοῦ
364 3264 605 3332 αἵματος
642 3261 806 3315 αὑτοῦ
853 3261 1201 3334 ἐλυτρὼσατο
1242 3262 1336 3316 τὸν
1385 3261 1592 3334 κόσμον
1636 3266 1702 3317 ἐκ
1731 3266 1832 3336 τῆς

235 3349 484 3411 δουλείας
528 3349 632 3401 τοῦ
678 3349 935 3420 Ἐχθροῦ,
964 3350 1024 3403 τὸ
1050 3350 1109 3403 δὲ
1140 3345 1279 3422 αἷμα
1318 3354 1412 3405 καὶ
1441 3353 1474 3423 ἡ
1500 3353 1638 3425 σὰρξ
1666 3354 1832 3424 (ἀλλὰ

237 3441 481 3512 φρίττων
527 3441 622 3493 καὶ
660 3440 788 3505 τοὺς
837 3441 1134 3510 λογισμοὺς
1173 3443 1267 3495 καὶ
1295 3441 1395 3513 τὴν
1439 3442 1694 3512 γλῶσσαν
1720 3448 1833 3509 τοῖς

238 3533 533 3603 θεομάχοις
587 3532 765 3600 λέγειν
805 3533 1012 3605 ἀφίημι
1048 3533 1109 3586 τὸ
1136 3534 1424 3605 ἑαυτῶν),
1456 3535 1576 3599 πῶς
1605 3535 1692 3589 διὰ
1718 3553 1831 3590 τοι.

238 3625 396 3678 ούτου
429 3624 760 3695 πλάσματος
780 3624 843 3677 τὸ
867 3626 1026 3694 γένος
1049 3625 1209 3697 ἡμῶν
1232 3628 1483 3698 ἥρπασεν
1506 3629 1571 3681 ἐκ
1590 3629 1690 3697 τῆς
1714 3629 1833 3682 δου-

237 3716 387 3780 λείας
427 3714 528 3769 τοῦ
570 3715 801 3787 Ἐχθροῦ
826 3733 842 3783 ;
868 3716 1075 3786 Πολλῆς
1109 3718 1206 3786 μὲν
1227 3720 1336 3790 γὰρ
1364 3719 1430 3772 ἂν
1455 3718 1571 3789 ἅμα
1610 3720 1833 3791 χάριτος

238 3810 331 3862 καὶ
377 3809 541 3879 δόξης
596 3809 692 3862 καὶ
733 3812 903 3877 τιμῆς
934 3809 1083 3873 ἄξιος
1134 3806 1202 3880 ἦν
1249 3813 1278 3864 6
1315 3811 1509 3881 ἐχθρὸς
1558 3813 1738 3882 ἡμῶν,
1783 3815 1833 3866 εί

239 3901 521 3972 παρέσχεν
552 3900 688 3972 ῦλην
734 3901 921 3967 αὐτὸς,
949 3902 1017 3955 δι’
1055 3897 1124 3974 ἧς
1151 3901 1219 3956 ἂν
1259 3903 1709 3975 ἁπαλλαγείημεν
1732 3904 1833 3974 τῆς

237 3993 559 4065 τυραννίδος
585 3990 775 4047 αὑτοῦ.
798 3992 1009 4063 Πολλῆς
1038 3993 1094 4045 δὲ
1126 3992 1312 4057 ἀνοίας
1342 3994 1459 4064 ἅμα
1485 3994 1579 4048 καὶ
1600 3995 1835 4063 γέλωτος

239 4086 445 4157 Evoxog,
471 4087 520 4137 εί
548 4086 805 4139 πλάττειν
825 4084 1065 4157 ἐπήρθη.
1092 4076 1161 4138 διδ
1189 4079 1265 4140 ὧν
1288 4086 1643 4159 ἀφῃρημένος
1679 4085 1832 4140 ἔσται

238 4178 297 4231 τὺ
318 4177 558 4249 κράτος,
604 4176 696 4229 καὶ
720 4176 832 4229 τῶν
864 4177 1135 4245 σωμάτων
1161 4176 1321 4246 ἡμῶν
1355 4177 1449 4228 καὶ
1475 4176 1583 4228 τῶν
1620 4175 1828 4246 ψυχῶν.

237 4271 303 4323 Τί
328 4271 386 4322 δὲ
406 4270 539 4324 ἄλλο
568 4268 764 4338 φύεται
790 4269 887 4339 τῆς
910 4268 1285 4336 ἀποστασίας;
1316 4268 1482 4322 Οὐδὲν
1513 4270 1685 4339 μέγα,
1710 4269 1832 4322 οὐδὲ

1855 1670 1902 1729 Β

2012 783 2139 837 νιιι.
2176 786 2243 836 At
2273 793 2533 838 converte
2560 800 2709 838 nunc
2741 801 2955 840 mecum
2985 798 3222 842 mentem
3270 789 3337 843 ad
3388 791 3515 855 alia,

1934 888 1990 929 ut
2021 887 2282 946 appareat
2308 880 2523 933 oracula
2573 878 2708 949 legis
2746 878 2929 933 divina
2958 895 3102 934 esse.
3126 879 3330 937 Paulus
3368 885 3515 938 enim

1931 967 2042 1020 ait:
2085 986 2103 1017 ι
2144 966 2403 1030 Qumnam
2439 980 2515 1023 est
2548 972 2904 1040 praerogatiua
2941 973 3374 1027 circumcisorum
3401 976 3463 1027 a‘I
3493 995 3510 1026 ο

1930 1057 1996 1111 Ει
2060 1067 2291 1128 postea:
2348 1059 2541 1132 Magna
2605 1078 2699 1129 per
2756 1077 2963 1115 omnem
3023 1064 3258 1117 modum.
3332 1065 3515 1119 Prima
3600 1063 3612 1075 ⁴

1931 1150 2166 1217 quidem,
2203 1152 2343 1221 quod
2387 1153 2517 1223 ipsis
2565 1155 2767 1208 credita
2795 1164 2921 1208 sunt
2948 1155 3167 1209 oracula
3212 1155 3334 1212 Dei.
3361 1161 3516 1211 Nun-

1928 1243 2058 1311 quid
2086 1245 2248 1310 enim,
2275 1246 2399 1314 quia
2418 1246 2638 1315 quidam
2664 1261 2766 1300 non
2791 1248 3149 1314 crediderunt,
3172 1250 3515 1304 incredulitas

1929 1347 2111 1384 eorum
2146 1332 2306 1400 ﬁdem
2340 1334 2435 1387 Dei
2474 1335 2653 1388 tollit?
2682 1336 2831 1391 Absit
2861 1336 3046 1391 !Deus
3078 1354 3198 1392 vero
3224 1341 3292 1393 sit
3328 1357 3513 1403 verax,

1928 1425 2100 1479 omnis
2126 1436 2307 1481 autem
2338 1427 2491 1481 homo
2530 1430 2761 1483 mendax
2786 1430 2827 1483 ⁸.
2866 1428 3057 1500 Neque
3082 1432 3290 1501 patitur
3313 1433 3425 1497 ille,
3455 1442 3516 1488 ut

1931 1516 2066 1572 ﬁdes
2116 1516 2215 1573 Dei
2266 1520 2708 1587 aboleatur,.sed
2736 1522 2854 1577 vult
2884 1524 3067 1592 potius
3095 1524 3370 1579 hominem
3395 1542 3515 1581 om-

1932 1622 2060 1662 nem
2108 1608 2384 1664 mendaeii
2425 1610 2703 1676 convinci,
2750 1620 2811 1666 ut
2853 1612 3020 1675 Deus,
3076 1614 3517 1671 circumcisionis

1930 1708 2150 1767 auctor,
2180 1716 2347 1757 verax
2369 1712 2755 1773 cognoscatur.
2782 1704 2940 1770 Quod
2984 1706 3032 1760 si
3059 1706 3222 1777 igitur
3251 1708 3348 1763 Dei
3388 1720 3519 1765 sunt

1929 1793 2173 1859 oracula,
2221 1810 2345 1864 qua:
2382 1795 2592 1851 credita
2643 1806 2773 1852 sunt
2818 1797 3022 1865 lsracli,
3055 1807 3112 1853 et
3161 1799 3517 1856 incredulitas

1930 1897 2121 1938 eorum
2154 1884 2251 1939 Dei
2300 1885 2464 1941 ﬁdem
2517 1902 2628 1941 non
2673 1888 2833 1953 tollit,
2862 1898 3192 1959 praestatque
3244 1890 3517 1958 homines,

1929 1973 2044 2029 Deo
2072 1990 2182 2029 non
2213 1976 2521 2044 credentes,
2543 1993 2643 2048 pro
2674 1978 3051 2045 mendacibus,
3092 1995 3217 2035 eum
3252 1997 3403 2048 vero,
3424 1984 3518 2052 qui

1930 2063 2102 2136 legem
2148 2065 2334 2121 lsracli
2382 2060 2617 2134 dederit,
2696 2082 2795 2140 pro
2846 2071 3205 2127 veracissimo
3270 2074 3516 2140 habere;

1930 2170 2117 2212 nonne
2143 2157 2273 2212 hinc
2299 2159 2461 2214 etiam
2480 2160 2567 2214 lex
2588 2168 2747 2215 vetus
2775 2158 2845 2215 a'd
2877 2161 3081 2216 bonum
3114 2161 3285 2217 Deum
3323 2164 3519 2219 referri

1932 2249 2197 2305 debebit?
2225 2249 2414 2321 Neque
2452 2252 2599 2307 enim
2630 2253 2835 2307 Paulus
2872 2253 3097 2322 malum,
3131 2254 3221 2325 qui
3246 2256 3317 2310 ab
3357 2256 3517 2311 initio

1931 2341 2170 2397 mendax
2200 2342 2325 2408 fuit,
2361 2352 2417 2399 et
2471 2344 2526 2398 in
2577 2345 2810 2399 veritate
2858 2360 2969 2400 non
3002 2346 3260 2416 perstitit,
3304 2348 3514 2404 fontem

1932 2432 2176 2489 veritatis
2210 2436 2467 2505 appellat.
2502 2435 2617 2491 imo
2647 2453 2777 2492 vero
2828 2437 2999 2492 salius
3022 2438 3235 2507 judicat
3264 2439 3518 2496 homines

1937 2538 2133 2582 omnes
2159 2528 2431 2584 mendacii
2476 2529 2800 2593 insimulari,
2852 2536 2913 2583 ut
2939 2538 2995 2583 et
3026 2530 3296 2585 mendacii
3326 2532 3517 2597 faber,

1934 2617 1992 2672 et
2019 2615 2267 2671 veritatis
2287 2622 2481 2671 auctor
2506 2617 2722 2687 publice
2743 2617 3111 2673 renuntietur.
3143 2617 3209 2674 Et
3237 2619 3281 2675 si
3306 2620 3519 2690 justitia

1934 2712 2034 2768 Dei
2066 2709 2417 2766 manifestata
2450 2717 2555 2774 est,
2589 2724 2619 2763 a
2649 2710 2768 2781 lege
2798 2709 2916 2780 ipsa
2954 2719 3011 2765 et
3049 2711 3335 2782 prophetis
3360 2714 3521 2767 testi-

1934 2804 2181 2860 monium
2227 2801 2521 2872 accipiens,
2569 2802 2845 2870 quomodo
2877 2814 2987 2857 non
3020 2803 3107 2859 lex
3149 2810 3207 2860 et
3235 2805 3522 2876 prophetat

1936 2911 2004 2951 ex
2043 2896 2173 2951 boni
2216 2894 2309 2950 Dei
2359 2893 2721 2968 inspiratione
2750 2893 2983 2963 profecti
3006 2904 3061 2949 et
3104 2896 3338 2951 veritate
3369 2897 3519 2966 pleni

1937 2986 2448 3044 existimabantur?
2494 2984 2600 3040 Sed
2654 2985 2780 3041 vide
2832 2988 3064 3056 amplius
3096 2988 3425 3043 horrendam
3465 2996 3522 3044 et

1935 3077 2361 3135 abominandam
2422 3074 2667 3131 hostium
2721 3076 2815 3131 Dci
2863 3077 3222 3147 impietatem.
3272 3078 3328 3133 Si
3375 3080 3522 3135 Deus

1933 3170 2384 3242 pcr'sanguinem
2432 3183 2594 3223 suum
2638 3169 2904 3223 mundum
2954 3185 2984 3224 a
3033 3171 3297 3226 servitute
3346 3173 3523 3229 hostis

1935 3262 2186 3327 redemit,
2223 3260 2447 3332 sanguis
2462 3273 2595 3314 vero
2623 3268 2676 3314 et
2697 3262 2859 3330 οπο(
2883 3261 2978 3316 sed
3006 3262 3236 3317 horrore
3260 3279 3325 3317 ex
3348 3265 3521 3321 ratio-

1934 3354 2096 3410 ciniis
2152 3364 2208 3408 et
2234 3353 2466 3409 vocibus
2495 3351 2591 3406 Dei
2627 3352 2869 3407 hostium
2903 3364 3190 3423 correptus
3246 3370 3344 3409 sua
3381 3356 3520 3427 ipsis

1937 3447 2267 3518 proferenda
2291 3444 2578 3517 relinquo)
2606 3447 2884 3515 quomodo
2925 3447 3194 3502 beneﬁcio
3243 3449 3516 3519 eiusmodi

1935 3548 2200 3593 creaturae
2241 3553 2416 3609 genus
2448 3546 2698 3594 nostrum
2733 3554 2799 3593 ex
2848 3539 3115 3595 servitute
3143 3541 3316 3597 hostis
3342 3549 3519 3597 retra-

1934 3632 2051 3688 xit?
2084 3630 2178 3686 Ille
2223 3632 2369 3685 enim
2401 3630 2749 3686 adversarius
2796 3642 2985 3687 noster
3039 3634 3208 3688 multa
3249 3643 3305 3688 et
3346 3636 3520 3705 gratia

1934 3734 1992 3780 et
2017 3723 2189 3795 gloria
2215 3731 2269 3777 et
2312 3722 2525 3776 honore
2559 3722 2759 3792 dignus
2790 3732 2931 3788 erat,
2956 3722 3226 3792 siquidem
3258 3725 3375 3794 ipse
3407 3742 3522 3780 ma-

1936 3815 2130 3869 teriam
2162 3813 2543 3885 suggessisset,
2569 3828 2667 3883 per
2698 3828 2859 3883 quam
2891 3829 2921 3867 a
2971 3815 3261 3884 tyrannide
3291 3817 3412 3886 ejus
3451 3818 3519 3872 li-

1934 3906 2055 3963 beri
2096 3906 2477 3962 evaderemus.
2520 3904 2775 3960 Vicissim
2836 3904 2983 3961 idem
3037 3916 3091 3961 et
3131 3908 3521 3978 imprudentia:

1937 3997 2143 4067 probro
2194 4005 2251 4051 et
2277 3995 2411 4051 risui
2464 3995 2639 4050 multo
2691 4010 2752 4050 se
2816 4005 3136 4065 exponeret,
3185 3997 3231 4051 si
3281 4012 3345 4052 ea
3402 3998 3522 4068 ipse

1935 4088 2201 4151 ﬁnxisset,
2232 4103 2331 4158 per
2359 4101 2481 4158 quae
2512 4095 2789 4157 potestate
2836 4089 2892 4142 in
2926 4102 3160 4158 corpora
3214 4097 3271 4143 et
3306 4090 3522 4145 animas

1935 4188 2153 4234 nostras
2196 4179 2497 4234 excideret.
2553 4177 2698 4243 Quid
2736 4193 2868 4233 vero
2910 4178 3056 4235 aliud
3088 4193 3156 4233 ex
3203 4179 3309 4234 hoc
3334 4195 3523 4235 errore

1937 4269 2338 4341 consequitur?
2390 4269 2451 4324 ld
2500 4269 2746 4336 omnino,
2796 4270 2941 4340 quod
2967 4270 3231 4325 Servator
3262 4288 3365 4327 nec
3406 4289 3523 4327 ma-

236 4363 298 4415 τὺ
316 4362 443 4415 ὅλον
477 4361 806 4432 κατόρθωμα
834 4362 929 4433 τῆς
960 4361 1235 4433 σωτηρίας
1270 4360 1427 4431 ήμῶν
1450 4359 1661 4413 οἴκοθεν
1694 4377 1828 4414 κατ-

1936 4378 2096 4435 gnam
2133 4378 2237 4417 nec
2285 4377 2505 4417 omnem
2539 4371 2753 4441 partem
2786 4374 3054 4432 reparatae
3084 4361 3278 4417 salutis
3320 4372 3524 4417 nostra:

238 4455 502 4527 ὤρθωσεν
548 4456 578 4507 6
633 4454 846 4524 Σωτὴρ.
896 4454 1034 4508 ἀλλὰ
1077 4455 1136 4507 τὺ
1178 4454 1343 4507 πλέον
1376 4453 1500 4515 δοὺς
1554 4451 1698 4523 ἔχειν
1749 4453 1827 4523 τῷ

1936 4459 1999 4512 de
2034 4471 2137 4512 suo
2167 4455 2418 4525 perfecit,
2452 4454 2547 4509 sed
2578 4455 2674 4517 ita,
2702 4465 2764 4509 ut
2797 4456 3091 4509 maximam
3133 4465 3342 4525 partem
3375 4453 3519 4509 hosti

252 4548 568 4620 Ἐχθρῷ.”Ω
590 4547 787 4618 φρενὸς
810 4549 1121 4618 ὑποχειρίου
1141 4546 1345 4617 τῷβὲ)
1363 4547 1577 4617 Σατανᾷ
1599 4547 1610 4599 i
1635 4544 1831 4600 Λαϐὼν

238 4642 294 4693 δὲ
329 4639 464 4711 παρ’
491 4640 658 4692 αὑτοῦ
682 4634 742 4694 οὗ
774 4641 848 4710 μὴ
878 4639 1125 4709 πλάστης
1170 4633 1238 4708 ἢν
1267 4637 1451 4703 αὐτὸς,
1484 4638 1618 4691 αὑτό
1647 4655 1708 4691 τε
1727 4657 1831 4692 πα-

239 4732 349 4785 θὼν
394 4732 516 4803 (³55)
559 4730 927 4797 ἀπαλλάττει,
979 4731 1117 4802 ὅπερ
1149 4730 1250 4784 οὐκ
1292 4729 1461 4801 ἐχρῆν
1488 4728 1688 4801 (ἔργον
1728 4731 1837 4802 γὰρ

240 4828 375 4881 αὐτὸ
401 4827 553 4880 ποιεῖ
576 4827 608 4895 ἡ
631 4827 938 4880 ἀποστασία
956 4826 1052 4880 τοῦ
1074 4824 1320 4896 Πονηροῦ
1340 4825 1381 4893 ),
1406 4823 1501 4877 καὶ
1526 4827 1605 4889 είς
1632 4824 1839 4896 ἀφθαρ-

242 4922 367 4975 εεαν
403 4922 726 4989 μεταποιεῖν
764 4919 944 4975 καὶτὸ
970 4919 1144 4973 κακὸν
1179 4918 1367 4989 μένειν
1404 4916 1676 4971 ἀθάνατον
1717 4919 1837 4973 διαι

243 5013 574 5084 πράττεται.

312 5104 391 5171 8⁸,
442 5106 556 5158 Καὶ
608 5104 728 5167 πῶς
761 5104 827 5158 ἂν
857 5103 942 5173 είη
997 5101 1092 5156 τοῦ
1133 5100 1327 5170 γένους
1355 5099 1513 5171 ἡμῶν
1560 5098 1774 5171 ἐχθρὸς,
1808 5103 1837 5154 6

244 5196 520 5269 τοσαύτην
549 5195 911 5267 συνεισφοράν
932 5196 1013 5258 είς
1034 5193 1133 5265 τὴν
1155 5193 1341 5263 κοινὴν
1364 5194 1397 5262 ῄ
1407 5190 1525 5261 μῶν
1555 5182 1832 5263 σωτηρίαν

243 5292 331 5348 διὰ
350 5290 453 5346 τοῦ
483 5290 685 5344 οἰκείου
711 5288 826 5361 (54)
853 5287 1342 5358 δημιουργήματος
1366 5283 1832 5353 συνεισενεγκών;

314 5428 339 5462 ³
377 5428 543 5483 Rom.
582 5438 677 5489 ιιι,
708 5424 763 5477 1.
851 5422 872 5452 ⁸
926 5422 1057 5477 ibid.
1087 5421 1207 5476 2-5.

1933 4546 2150 4601 debeat.
2184 4542 2229 4599 Ο
2258 4554 2472 4599 mentes
2504 4542 2719 4599 Satanae
2747 4544 3044 4599 obnoxias!
3082 4543 3364 4598 Mutuatus
3404 4543 3515 4597 sci-

1934 4636 2066 4690 licet
2093 4636 2162 4689 ab
2205 4650 2271 4689 eo
2302 4634 2378 4699 id,
2416 4634 2575 4704 cujus
2608 4648 2719 4690 non
2754 4644 2873 4689 erat
2905 4634 3021 4705 ipse
3049 4634 3322 4698 conditor,
3369 4634 3515 4687 idem

1938 4726 2294 4798 perpessione
2352 4740 2471 4789 sua,
2516 4725 2663 4794 quod
2724 4734 2877 4779 certe
2934 4724 3046 4779 ﬁeri
3113 4739 3222 4777 non
3252 4723 3511 4785 debebat,

1939 4822 2160 4878 redimit
2189 4821 2336 4894 (nam
2356 4821 2577 4876 erronei
2603 4820 2856 4874 homines
2877 4819 2931 4875 id
2955 4818 3079 4873 mali
3102 4826 3303 4874 vocant
3324 4818 3487 4890 opus)
3506 4857 3523 4882 ,

1937 4923 1995 4968 et
2049 4915 2118 4969 ad
2164 4912 2626 4969 immortalitatem
2664 4911 2941 4976 transfert,
2977 4920 3033 4966 et
3063 4920 3121 4965 ut
3168 4912 3373 4966 malum
3405 4926 3523 4981 per-

1937 5015 2162 5075 petuum
2180 5003 2270 5069 sit,
2301 5004 2485 5059 eilicit.

2009 5099 2098 5154 IX.
2143 5101 2210 5154 Et
2252 5099 2530 5169 quomodo
2557 5097 2778 5169 generis
2816 5097 2990 5153 nostri
3025 5096 3196 5151 hostis
3236 5096 3521 5152 habendus

1936 5191 2062 5256 erit,
2099 5192 2190 5261 qui
2241 5206 2336 5257 per
2381 5206 2535 5245 suam
2582 5197 2889 5245 creaturam
2919 5190 2975 5243 in
2999 5204 3346 5243 communem
3378 5187 3522 5242 salu-

1938 5292 2057 5339 tem.
2093 5290 2335 5337 nostram
2388 5292 2499 5337 tam
2544 5281 2775 5337 multum
2830 5280 3094 5336 contulit?
3141 5279 3425 5346 Quomodo
3467 5280 3523 5333 in

1374 5508 1604 5567 νΑιιιΑι
1645 5509 2031 5568 LECTIONES
2065 5502 2150 5565 ΕΤ
2183 5509 2418 5566 NOT/E.

313 5617 432 5689 (3‘2)
477 5614 584 5681 Τῷ.
630 5614 723 5689 Sic
757 5612 1013 5689 rescripsi
1050 5626 1148 5682 pro
1173 5610 1314 5689 τοῦθ.
1348 5609 1493 5679 quod
1520 5616 1604 5689 est
1634 5608 1689 5689 in
1726 5623 1829 5689 ms.

478 5675 709 5760 Ηὶιθῴν.
752 5675 946 5760 Malim
970 5675 1147 5760 legere
1176 5675 1451 5760 παθᾴνζιιῑ
1480 5678 1747 5734 referatur
1768 5680 1835 5736 ad
1862 5698 2060 5753 corpus
2088 5682 2231 5753 quod
2260 5681 2515 5739 Christus
2544 5677 2859 5749 assumpsit,
2880 5675 3133 5746 quodque
3162 5686 3379 5744 passum
3413 5677 3525 5726 est:

475 5759 732 5813 Οίκείου.
788 5756 886 5809 Ms.
911 5750 1170 5808 mendose
1194 5750 1385 5804 οίκὶου.

567 5855 843 5917 ΡΛἸἮΟΙ..
889 5851 1004 5908 Gn.
1052 5844 1176 5908 Cll.

3166 5824 3204 5891 ὃ
