3986 6436
468 293 570 359 139

1631 288 1892 350 ΡΗΟΤΙΙ
1933 283 2442 346 PATRIARCILE
2489 285 2598 344 CP.

3635 283 3743 348 140

464 408 782 462 universum
807 405 1008 463 malum
1048 404 1302 475 perfecit,
1339 413 1594 475 suscepta
1625 403 1870 474 corporis
1897 416 2047 457 crea-

2156 400 2263 452 Ka‘t
2292 398 2410 462 πῶς
2444 399 2582 461 ὅλως
2617 397 2820 467 ἔπραξε
2858 395 3115 467 πονηρὴν,
3153 394 3363 459 πλάσας
3397 395 3456 449 τὸ
3491 398 3677 468 σῶμα,
3713 397 3747 450 ὃ

465 500 637 565 tione,
674 499 824 569 quod
854 515 966 552 non
1016 499 1192 553 solum
1244 505 1448 563 servat,
1475 504 1530 550 et
1554 505 1741 566 postea
1769 511 1799 549 a
1852 509 2045 548 eorru-

465 596 654 665 ptione
682 594 927 648 immune
956 601 1196 663 praestat,
1233 590 1328 647 sed
1362 600 1419 645 et
1451 605 1551 660 per
1584 589 1716 644 illud
1759 587 2049 642 animabus

465 685 887 756 insequentibus
931 683 1226 746 benefacit,
1275 697 1508 751 corpora
1552 681 1761 735 scilicet
1788 695 1914 734 cum
1943 679 2050 733 illis

465 775 761 846 conjuncta
794 773 847 828 in
883 773 1130 827 eamdem
1174 771 1642 826 immortalitatem
1671 768 2050 824 transferens?

465 869 618 923 Adeo
650 869 703 922 in
744 865 1017 929 tenebras,
1051 865 1222 919 chaos
1245 873 1303 920 et
1331 863 1754 919 occaecationem
1796 861 2048 928 rationis,

464 961 706 1015 furorem
733 959 862 1013 item
891 966 946 1013 et
968 957 1297 1028 profundam
1325 955 1723 1022 temulentiam,
1748 955 1864 1010 abit
1888 969 2051 1010 omne

463 1055 662 1109 borum
695 1053 988 1108 hominum
1019 1050 1280 1115 studium,
1304 1049 1399 1120 qui
1423 1049 1727 1105 solitarium
1761 1049 2050 1118 imperium

462 1147 517 1200 in
543 1145 653 1202 duo
685 1146 966 1212 scindunt,
1015 1151 1271 1199 et-unum
1320 1141 1635 1207 Dominum,
1668 1141 1856 1197 Jesum
1888 1140 2052 1196 Chri-

465 1248 636 1306 stum,
683 1239 1027 1295 conditorem
1074 1237 1344 1300 omnium,
1377 1235 1433 1290 in
1467 1234 1578 1289 duo
1610 1233 1880 1304 principia
1911 1232 2053 1287 divi-

343 1316 362 1326 '
463 1329 620 1392 dunt,
650 1336 706 1383 et
733 1327 882 1382 aliud
910 1327 1132 1396 quidem
1179 1323 1636 1394 intelligibilibus,
1682 1322 1830 1376 aliud
1873 1321 2055 1376 sensi-

465 1419 670 1473 bilibus
695 1418 870 1472 rebus
900 1416 1229 1486 praeﬁciunt.
1260 1415 1330 1469 At
1356 1413 1650 1484 quomodo,
1686 1428 1785 1483 per
1822 1411 2055 1483 Bytlium

462 1520 518 1566 et
547 1510 745 1582 Sigen,
792 1509 1111 1565 Conditoris
1149 1509 1233 1565 sui
1283 1508 1563 1562 cruciatus
1612 1522 1726 1561 non
1767 1515 2054 1571 verentur,

373 1603 378 1648 ζ
461 1601 556 1669 qui
587 1615 792 1670 corpus
825 1608 1077 1654 nostrum
1108 1598 1234 1653 mali
1262 1598 1418 1652 aiunt
1443 1611 1566 1652 esse
1595 1596 1888 1668 principii?
1911 1596 2054 1650 Pau-

343 1717 351 1739 ι
462 1692 550 1747 lus
599 1693 748 1748 enim
777 1708 848 1748 ex
891 1693 1126 1747 adverso
1167 1691 1373 1747 diserte
1423 1691 1644 1757 clamat,
1703 1690 1904 1760 Corpus
1951 1707 2053 1745 non

336 1792 347 1813 δ
406 1803 410 1809 ·
461 1783 795 1844 scortationi,
827 1798 950 1852 quae
999 1783 1127 1836 mali
1169 1798 1308 1852 opus
1334 1790 1438 1848 est,
1466 1783 1554 1836 sed
1589 1781 1834 1848 Domino,
1865 1790 1914 1835 et
1946 1781 2054 1835 Do-

463 1870 639 1924 minus
669 1871 890 1939 corpori
926 1871 969 1924 ⁸.
1010 1868 1299 1935 Quomodo
1361 1870 1508 1924 enim
1574 1879 1826 1926 creatura
1881 1869 2054 1925 hostis

463 1961 690 2016 omnino
733 1969 916 2031 potest
944 1976 1066 2016 esse
1108 1960 1365 2016 Domini?
1399 1960 1543 2027 Quid
1577 1976 1710 2016 vero
1737 1961 1906 2016 refert
1931 1976 2052 2017 mo-

462 2067 618 2117 nere,
664 2053 798 2107 illud
849 2052 1174 2107 scortationi
1209 2068 1321 2107 non
1368 2051 1694 2108 tradendum
1742 2068 1897 2119 esse,
1926 2069 2050 2108 cum

462 2159 564 2215 per
597 2159 658 2199 se
687 2143 890 2198 malum
927 2143 1021 2208 sit,
1052 2153 1109 2198 et
1135 2144 1262 2198 mali
1309 2144 1565 2214 principii
1606 2159 1768 2214 opus,
1802 2154 1859 2199 et
1891 2160 2053 2216 prora.

461 2254 556 2293 sus
591 2254 622 2293 a
664 2239 949 2294 voluntate
997 2253 1062 2292 ac
1101 2238 1378 2293 creatione
1429 2237 1524 2294 Dei
1577 2238 1858 2294 alienum?
1915 2239 2051 2294 Cum

461 2328 633 2392 enim,
661 2328 807 2398 quod
844 2335 1111 2398 apostata:
1135 2327 1213 2382 illi
1248 2329 1461 2394 volunt,
1515 2343 1720 2400 corpus
1755 2336 1812 2384 et
1845 2327 2052 2384 forma-

464 2419 633 2486 tione,
683 2427 739 2474 et
787 2428 983 2474 natura
1029 2427 1086 2472 et
1112 2418 1334 2490 legibus
1378 2419 1582 2475 malum
1632 2421 1724 2487 sit,
1771 2436 2052 2491 nunquam

461 2512 690 2567 omnino
735 2509 952 2566 Domini
1000 2509 1250 2575 exsistet,
1280 2525 1460 2580 neque
1488 2511 1784 2580 quidquam
1827 2511 2050 2578 referet,

461 2613 648 2659 utrum
695 2601 1014 2658 scortationi
1057 2617 1118 2658 se
1146 2602 1330 2668 dedat,
1369 2617 1440 2656 an
1475 2602 1681 2658 minus.
1732 2603 1860 2658 Sive
1905 2603 2052 2658 enim

456 2694 544 2750 illi
578 2693 912 2760 indulserit,
956 2692 1072 2748 sive
1100 2692 1306 2758 minus,
1361 2693 1624 2764 utrinque
1672 2709 1787 2748 non
1830 2693 2047 2749 desinet

464 2801 588 2843 esse
629 2785 970 2856 improbum,
1003 2793 1060 2840 et
1089 2783 1216 2839 mali
1250 2783 1503 2854 principii
1557 2800 1718 2855 opus.
1770 2785 2056 2855 Perpende

463 2895 599 2936 vero
623 2888 680 2934 et
711 2879 816 2934 boc
851 2895 864 2932 :
895 2877 951 2933 Si
983 2893 1184 2948 corpus
1211 2886 1298 2932 est
1325 2886 1573 2958 creatura
1601 2878 1750 2943 mali,
1778 2880 2052 2948 quomodo

466 2971 536 3036 is,
588 2972 680 3042 qui
726 2970 870 3026 malo
916 2978 1143 3025 strenue
1188 2985 1247 3024 se
1280 2969 1546 3040 opponit,
1587 2977 1644 3024 et
1686 2985 1785 3040 pro
1821 2971 2052 3026 veritate

2157 490 2231 560 μὴ
2275 490 2435 559 μόνον
2465 488 2648 553 σώζει,
2683 489 2776 541 καὶ
2814 487 3094 558 ἄφθαρτον
3141 486 3369 557 ὕστερον
3402 491 3566 553 ποιεῖ,
3601 488 3744 543 ἀλλὰ

2151 581 2221 634 δι’
2256 580 2420 634 αὐτοῦ
2455 581 2550 633 καὶ
2579 581 2678 644 τὰς
2704 579 2978 650 ἑπομένας
2999 577 3182 649 ψυχὰς
3207 579 3505 649 εὐεργετεῖ,
3529 581 3610 644 είς
3636 580 3744 650 τὴν

2150 675 2344 744 ὁμοίαν
2387 672 2684 726 ἀθανασίαν
2714 671 2783 724 τά
2813 671 3083 724 ὲνωθέντα
3114 670 3306 733 αὑταῖς
3339 669 3566 740 σώματα
3599 669 3747 723 καθ-

2156 766 2348 830 ιστῶν;
2384 764 2570 828 Οῦτως
2631 765 2748 818 ἐστὶ
2797 764 2988 826 σκότος
3039 763 3132 816 καὶ
3176 764 3305 833 χάος
3344 762 3439 816 καὶ
3464 761 3748 831 τύφλωσις

2152 855 2454 926 λογισμῶν,
2513 855 2608 908 καὶ
2662 854 2830 925 μανία
2883 852 2979 906 καὶ
3029 853 3169 923 μέθη
3224 852 3416 922 βαθεῖα
3454 852 3488 922 ἡ
3531 850 3746 919 σπουδὴ

2153 946 2262 999 τῶν
2287 947 2367 1009 εἰς
2395 945 2488 998 δύο
2518 945 2695 1016 ἀρχάς
2744 945 2846 1016 τὴν
2899 945 3028 1016 μίαν
3061 943 3358 1014 σχιζόντων
3407 942 3607 1014 ἀρχὴν,
3642 943 3749 994 καὶ

2154 1037 2246 1091 τὸν
2294 1035 2394 1091 ἕνα
2449 1036 2656 1107 Κύριον
2713 1035 2924 1108 Ἰησοῦν
2975 1034 3210 1106 Χριστὸν
3249 1035 3341 1088 τδν
3401 1032 3749 1104 δημιουργὸν

2156 1129 2436 1195 ἁπάντων,
2463 1131 2544 1194 είς
2563 1129 2657 1183 δύο
2679 1129 3130 1200 κατατεμνόντων
3152 1127 3328 1197 ἀρχάς
3350 1142 3364 1156 ·
3390 1127 3486 1180 καὶ
3508 1125 3608 1195 τὴν
3638 1123 3749 1191 μὲν

2154 1223 2267 1285 τοῖς
2321 1223 2532 1292 νοητοῖς
2587 1221 2968 1290 ἐφιστάντων,
3021 1219 3120 1292 τὴν
3171 1220 3228 1273 δὲ
3262 1222 3373 1282 τοῖς
3412 1220 3747 1291 ὁρωμένοις.

2169 1313 2332 1368 Ἀλλά
2365 1313 2485 1378 πῶς
2515 1313 2654 1384 πρὸς
2687 1312 2778 1366 τδν
2812 1311 2985 1366 Βυθδν
3016 1313 3110 1365 καὶ
3147 1312 3248 1382 τὴν
3287 1311 3454 1382 Σιγὴν
3498 1310 3614 1382 (55)
3640 1310 3746 1364 τοῦ

2155 1406 2402 1463 Πλάστου
2437 1407 2619 1460 αὐτῶν
2675 1405 2778 1470 τάς
2821 1404 3020 1468 ὠδῖνας
3063 1405 3125 1458 οὐ
3159 1403 3538 1480 καταδύονται,
3587 1404 3640 1456 οἱ
3677 1403 3748 1456 τὸ

2159 1498 2320 1567 σῶμα
2339 1497 2504 1570 ἡμῶν
2552 1497 2805 1566 λέγοντες
2857 1491 3002 1548 εῖναι
3033 1495 3128 1548 τοῦ
3178 1481 3459 1566 Πονηροῦ;
3510 1493 3749 1564 Τρανῶς

2157 1590 2266 1662 γὰρ
2307 1588 2543 1652 ἐκείνοις
2571 1589 2666 1642 ἀπ’
2717 1587 2968 1650 ἐναντίας
3008 1587 3037 1640 ὁ
3070 1584 3282 1649 Παῦλος
3321 1586 3419 1655 βοᾷ
3443 1601 3457 1615 ·
3496 1585 3567 1638 Τὸ
3620 1584 3750 1653 μὲν

2157 1681 2331 1750 σῶμα
2356 1683 2430 1736 οὐ
2467 1680 2542 1749 τῇ
2581 1681 2854 1750 πορνείᾳ,
2885 1680 3010 1750 ἥτις
3039 1679 3187 1732 ἐστὶν
3218 1679 3379 1750 ἔργον
3421 1677 3516 1730 τοῦ
3560 1678 3750 1747 Πονη-

2085 1747 2126 1802 B
2160 1747 2258 1849 ροῦ
2280 1818 2295 1843 ,
2334 1747 2616 1842 ἁλλὰήτῷ
2655 1747 2873 1845 Κυρίῳ,
2910 1747 3010 1829 παι
3051 1776 3084 1828 ό
3119 1747 3336 1841 Κύριος
3372 1771 3452 1838 τῷ
3485 1771 3748 1841 σώματι.

2157 1868 2283 1932 Πῶς
2304 1868 2412 1941 γὰρ
2449 1867 2545 1921 τοῦ
2588 1866 2814 1938 Ἐχθροῦ
2857 1866 2918 1920 τὸ
2948 1865 3176 1936 πλάσμα
3203 1864 3424 1918 δύναται
3457 1863 3594 1926 ὅλως
3642 1860 3746 1914 τοῦ

2155 1959 2364 2031 Κυρίου
2399 1953 2578 2025 εἷναι;
2615 1959 2681 2010 Τί
2712 1958 2768 2010 δὲ
2797 1957 2879 2010 δεῖ
2905 1956 3086 2024 λέγειν
3119 1955 3193 2027 μὴ
3229 1953 3539 2009 ἀνατιθέναι
3577 1951 3748 2006 τοῦτο

2155 2053 2220 2122 τῇ
2251 2050 2506 2123 πορνείᾳ,
2539 2049 2671 2104 αὐτὸ
2705 2048 2827 2102 καθ’
2845 2048 3004 2102 ἑαυτὸ
3046 2047 3284 2118 πονηρὸν
3313 2046 3394 2111 ὃν,
3429 2046 3525 2098 καὶ
3564 2061 3745 2116 πονη-

2158 2142 2258 2210 ρᾶς
2283 2140 2460 2211 ἀρχῆς
2501 2138 2918 2211 δημιούργημα,
2955 2137 3052 2192 καὶ
3099 2135 3382 2198 παντελῶς
3431 2135 3744 2205 ἀλλότριον,

2154 2234 2250 2288 καὶ
2273 2233 2367 2287 τοῦ
2389 2232 2696 2304 θελήματος
2728 2231 2826 2286 καὶ
2849 2231 2948 2302 τῆς
2982 2230 3234 2294 πλάσεως
3268 2229 3362 2282 τοῦ
3389 2227 3522 2281 Θεοῦ
3544 2245 3560 2294 ;
3589 2227 3746 2282 Πλά-

2155 2345 2238 2382 σει
2266 2325 2375 2398 γὰρ
2407 2326 2502 2379 καὶ
2524 2324 2708 2395 νόμοις
2738 2323 2799 2377 τὸ
2832 2323 3010 2394 σῶμα,
3036 2321 3112 2385 ὡς
3141 2321 3174 2391 ἡ
3205 2319 3514 2375 ἀποστασία
3549 2317 3743 2388 βούλε-

2153 2437 2268 2484 ται,
2301 2416 2541 2488 πονηρὸν
2571 2417 2818 2488 ὑπάρχον
2839 2415 2942 2468 οὐκ
2982 2414 3049 2468 ἂν
3084 2413 3185 2486 μέν
3227 2430 3357 2466 ποτε
3404 2413 3615 2481 γένοιτο
3640 2409 3743 2465 τοῦ

2155 2510 2367 2583 Κυρίου
2387 2526 2402 2542 ο
2441 2508 2702 2580 πορνείας
2729 2509 2785 2562 δὲ
2809 2506 3088 2576 γενέσθαι,
3119 2506 3153 2577 ἢ
3183 2505 3260 2577 μὴ
3297 2505 3552 2574 γενέσθαι
3583 2503 3743 2558 οὐδὲν

2154 2603 2371 2658 διοίσει.
2420 2601 2546 2656 Εἴτε
2579 2602 2688 2673 γὰρ
2718 2599 3136 2672 ὲξεπόρνευσεν,
3164 2598 3277 2652 εἴτε
3307 2596 3420 2668 (56)
3447 2598 3545 2668 μὴ,
3581 2596 3744 2648 οὐδὲν

2153 2692 2318 2769 ἧττον
2348 2695 2448 2749 οὐκ
2476 2693 2885 2765 ἁφίσταταιτοῦ
2918 2691 3157 2765 πονηρὸν
3181 2687 3342 2753 εἶναι.
3376 2691 3470 2743 καὶ
3491 2706 3626 2758 πονη
3637 2690 3744 2759 ρᾶς

2154 2789 2550 2860 δημιούργημα
2591 2787 2793 2860 ἀρχῆς.
2838 2786 3165 2841 Ἐπισκὸπει
3210 2785 3268 2839 δὲ
3291 2783 3389 2838 καὶ
3419 2775 3544 2838 ὧδε.
3578 2783 3648 2836 Εί-
3676 2781 3744 2836 τὸ

2157 2881 2318 2952 σῶμα
2347 2879 2576 2952 πλάσμα
2607 2879 2700 2933 τοῦ
2726 2877 2996 2950 Πονηροῦ,
3015 2878 3135 2940 πῶς
3164 2879 3193 2930 ὁ
3219 2876 3328 2948 (57)
3361 2876 3456 2929 τοῦ
3489 2874 3741 2947 Πονηροῦ

2154 2972 2423 3043 λαμπρῶς
2447 2969 2940 3042 καταστρατηγῶν,
2963 2969 3180 3038 καὶτῆς
3203 2967 3458 3038 ἀληθείας
3479 2967 3740 3038 ὑπερμα-

466 3061 713 3128 dimicat,
764 3070 1014 3117 sanctum
1057 3060 1189 3116 illud
1239 3061 1513 3132 appellat?
1537 3060 1657 3116 Non
1695 3072 1862 3133 nupta
1889 3064 2047 3131 enim,

2156 3063 2268 3134 χῶν
2300 3063 2455 3132 ἀγιον
2486 3063 2619 3116 αὐτὸ
2653 3062 2838 3128 καλεῖς
2875 3062 2949 3118 Ἦ
2981 3061 3212 3132 ἇῃαμος
3249 3061 3383 3130 γὰρ,
3417 3061 3602 3132 φησὶν,
3630 3077 3745 3130 με-

465 3155 663 3227 inquit,
689 3164 839 3209 curat
867 3170 982 3225 qua:
1005 3163 1126 3208 sunt
1155 3153 1396 3219 Domini,
1430 3163 1488 3207 ut
1517 3153 1584 3206 sit
1625 3162 1812 3207 sancta
1837 3170 2054 3223 corpore

467 3256 518 3303 et
549 3248 740 3318 spiritu
768 3248 810 3301 °.
843 3246 897 3301 Si
933 3261 1064 3302 vero
1103 3260 1307 3316 corpus
1356 3254 1608 3301 sanctum
1643 3255 1747 3311 est,
1795 3246 1942 3301 unde
1971 3255 2055 3302 est

471 3339 720 3394 malum?
750 3348 807 3394 et
847 3338 995 3394 unde
1035 3347 1122 3394 est
1165 3352 1306 3408 opus
1352 3337 1652 3393 conditoris
1701 3337 1872 3392 mali?
1900 3339 2053 3395 Mala:

464 3432 687 3502 quidem
720 3431 986 3495 actiones,
1017 3445 1140 3500 quae
1189 3437 1496 3485 creaturam
1525 3428 1654 3484 boni
1700 3428 1797 3484 Dei
1834 3430 2052 3486 adulte-

453 3531 612 3589 rant,
669 3522 949 3577 vindicant
995 3518 1130 3576 illud
1177 3529 1233 3576 et
1289 3520 1584 3576 obnoxium
1635 3519 1842 3576 faciunt
1886 3523 2048 3578 malo.

464 3610 655 3677 Quoad
684 3625 818 3666 vero
841 3611 986 3666 intra
1025 3611 1174 3680 leges
1199 3609 1504 3665 conditoris
1541 3624 1602 3665 se
1629 3611 1897 3677 continet,
1930 3628 2051 3667 ma-

463 3703 547 3774 gis
595 3703 649 3758 id
685 3702 908 3773 quidem
971 3703 1117 3758 valet
1166 3702 1236 3757 ad
1285 3703 1764 3758 averruncandum
1821 3704 2045 3772 malum,

462 3810 625 3866 quam
652 3796 830 3850 malus
856 3795 924 3850 ad
949 3795 1079 3850 illud
1111 3795 1213 3850 sibi
1243 3793 1670 3864 subjiciendum.

533 3887 602 3940 Χ.
644 3887 803 3951 Quod
843 3887 1028 3956 itaque
1059 3901 1164 3941 nec
1217 3885 1401 3940 dicere
1434 3901 1540 3941 nec
1585 3885 1794 3956 opinari
1838 3887 1920 3942 fas
1955 3889 2046 3954 sit,

2149 3153 2335 3225 ριμνᾷ
2363 3155 2438 3209 τὰ
2485 3154 2593 3209 τοῦ
2641 3153 2880 3222 Κυρίου,
2923 3154 3025 3206 ἵνα
3061 3147 3103 3225 ᾖ
3148 3154 3286 3223 ἁγία
3346 3152 3445 3206 καὶ
3505 3152 3744 3222 σώματι

2155 3246 2258 3302 καὶ
2283 3247 2597 3316 πνεύματι.
2624 3246 2686 3300 Et
2712 3245 2768 3300 δὲ
2787 3244 2942 3314 ᾰγιον
2968 3244 3032 3298 τὸ
3062 3244 3244 3315 σῶμα,
3271 3243 3436 3297 πόθεν
3463 3244 3737 3315 πονηρόνς

2156 3338 2253 3392 καὶ
2283 3337 2449 3392 πόθεν
2483 3337 2645 3410 ἔργον
2664 3337 3025 3408 δημιουργίας
3057 3338 3336 3406 πονηρᾶς;
3364 3335 3597 3407 Πράξεις
3635 3337 3740 3406 μὲν

2153 3430 2264 3501 γὰρ
2303 3431 2560 3501 πονηραὶ,
2595 3427 3017 3499 κιϐδηλεύουσαι
3055 3429 3118 3481 τὸ
3147 3428 3372 3499 πλάσμα
3400 3427 3493 3482 τοῦ
3528 3428 3738 3497 ἀγαθοῦ

2154 3521 2315 3586 Θεοῦ,
2349 3521 2642 3576 οἰκειοῦσιν
2674 3521 2807 3576 αὐτὸ
2840 3522 2936 3576 καὶ
2981 3521 3346 3580 ὑποτάττουσι
3370 3521 3448 3593 τῷ
3481 3523 3734 3594 Πονηρῷ.

2165 3614 2254 3669 Ἐν
2278 3614 2336 3668 δὲ
2366 3615 2482 3678 τοῖς
2511 3613 2696 3682 νόμοις
2729 3611 2826 3666 τοῦ
2859 3613 3098 3668 πλάστου
3127 3614 3553 3686 διατηρούμενον
3577 3616 3739 3686 ἰσχὺν

2153 3705 2267 3776 ἔχει
2310 3704 2514 3775 μᾶλλον
2561 3703 2779 3758 διώκειν
2807 3704 2899 3760 τὸν
2953 3705 3217 3777 Πονηρδν,
3272 3705 3391 3760 ἀλλ’
3438 3706 3540 3760 οὐκ
3569 3707 3737 3772 αὐτὸς

2151 3798 2332 3851 ὲκεῖνο
2361 3795 2745 3865 δουλαγωγεῖν.

2221 3889 2280 3941 ι’.
2326 3885 2489 3940 Ἀλλὰ
2518 3886 2627 3957 γὰρ
2653 3887 2736 3940 ὅτι
2767 3887 2865 3957 μὲν
2900 3886 2999 3958 ούχ
3026 3884 3138 3942 οἷόν
3157 3887 3218 3942 τὲ
3256 3889 3376 3942 ἐστι
3400 3887 3521 3943 οὔτε
3549 3889 3733 3958 λέγειν

464 3979 575 4035 duo
609 3994 782 4048 eaque
828 3978 932 4034 sibi
965 3978 1204 4033 invicem
1250 3979 1503 4048 opposita
1538 3979 1808 4050 principia
1839 3980 1953 4034 dari
1990 3981 2047 4034 in

2156 3978 2274 4033 οῦτε
2314 3979 2538 4049 φρονεῖν
2583 3977 2678 4031 δύο
2709 3978 2805 4032 καὶ
2843 3979 3047 4043 ταύτας
3097 3981 3484 4051 ἀντικειμένας
3527 3982 3730 4054 ἀρχὰς,

463 4066 551 4130 iis;
598 4082 830 4137 quorum
879 4066 1135 4123 voluntas
1181 4067 1237 4122 in
1282 4083 1342 4122 se
1374 4067 1548 4122 libera
1595 4067 1871 4123 illecebris
1916 4069 2046 4124 mali

2156 4061 2229 4130 οἷς
2251 4066 2314 4120 τὸ
2345 4065 2696 4132 αὐτεξούσιον
2727 4063 3029 4122 ἀδούλωτον
3066 4069 3222 4144 μένει
3250 4072 3364 4133 τοῖς
3398 4070 3596 4124 πάθεσι
3634 4072 3730 4124 τοῦ

461 4173 573 4213 non
607 4159 852 4228 subjecta
881 4167 986 4226 est,
1018 4159 1238 4216 abunde
1268 4168 1402 4230 puto
1431 4160 1788 4231 disputatum.
1827 4161 2046 4232 Expen—

2157 4157 2411 4230 Ἐχθροῦ,
2450 4158 2816 4230 ἀποχρώντως
2859 4155 3012 4230 οἶμαι
3074 4160 3165 4214 τὸν
3211 4160 3370 4231 λύγον
3416 4162 3730 4228 διεξελθεῖν.

462 4250 659 4307 damus
705 4266 835 4307 vero
867 4265 1019 4306 nunc
1063 4251 1294 4307 alterum
1325 4252 1640 4322 apostaticaa
1669 4253 1930 4309 doctrinae
1955 4269 2047 4310 ca-

2160 4249 2622 4322 Ἐπισκεψώμεθα
2670 4252 2728 4306 δὲ
2764 4251 2860 4306 καὶ
2887 4253 2950 4306 τδ
2999 4252 3191 4325 ἕτερον
3245 4256 3344 4326 τῆς
3391 4257 3733 4320 ἀποστασίας

459 4351 580 4411 put,
613 4342 758 4411 quod
780 4342 1000 4412 quidem
1031 4343 1084 4397 in
1115 4344 1492 4413 superioribus
1517 4345 1681 4400 etiam
1708 4361 1814 4399 non
1847 4345 2044 4401 leviter

2156 4342 2337 4414 μέρος,
2363 4341 2392 4395 ὃ
2413 4341 2612 4396 δέδωκε
2649 4343 2750 4414 μὲν
2771 4343 2866 4397 καὶ
2895 4343 3027 4398 αὐτὸ
3054 4345 3146 4400 διὰ
3165 4346 3274 4400 τῶν
3313 4349 3735 4420 προειρημένων

458 4451 562 4492 nec
593 4435 978 4506 .perfunctorie
1011 4436 1116 4491 sub
1146 4425 1380 4492 examen
1409 4445 1663 4492 vocatum
1694 4445 1750 4491 et
1776 4437 2039 4493 condem-

2156 4411 2207 4489 οὐ
2225 4411 2502 4507 μεμπτὰς
2523 4411 2680 4507 οἶμαι
2708 4437 2829 4490 οὐδὲ
2861 4437 3124 4509 βραχείας
3162 4441 3263 4504 τὰς
3296 4411 3563 4504 εὐθύνας..
3583 4443 3733 4514 Πλὴν

455 4535 646 4582 natum
679 4536 794 4582 est.
829 4526 939 4582 Sed
978 4527 1066 4582 vel
1097 4528 1178 4582 sic
1225 4543 1292 4582 ex
1339 4527 1532 4583 eadem
1575 4526 1853 4598 Scriptura
1886 4544 2040 4584 saera

2156 4527 2244 4580 καὶ
2275 4525 2373 4580 νῦν
2402 4525 2490 4581 διὰ
2523 4527 2624 4598 τῆς
2681 4528 2852 4599 αὐτῆς
2895 4529 3200 4600 ίερολογίας
3245 4531 3585 4586 ἀπαιτείσθω
3633 4535 3732 4588 καὶ

455 4617 632 4674 eidem
678 4617 913 4673 ulterius
968 4617 1317 4689 subjiciatur.
1363 4616 1602 4682 Paulus,
1636 4617 1730 4687 qui
1799 4618 2039 4688 seipsum

2156 4617 2246 4680 τάς
2273 4615 2623 4686 λειπομένας.
2655 4617 2870 4680 Παῦλος
2905 4621 2934 4671 ὁ
2971 4618 3094 4672 καθ’
3120 4619 3358 4689 ἑκάστην
3393 4622 3586 4676 ἑαυτὸν
3612 4624 3730 4693 ἱερ-

456 4707 568 4764 Deo
600 4709 819 4780 penitus
858 4710 1222 4775 consecravit,
1254 4710 1407 4765 clara
1447 4724 1583 4766 voce
1622 4710 1864 4766 clamat:
1893 4709 2038 4765 Num

2156 4707 2360 4780 δυργῶν
2388 4707 2467 4779 τῷ
2492 4707 2614 4779 Θεῷ
2640 4707 2940 4782 διαπρυσίᾳ
2967 4710 3066 4782 βοᾷ
3094 4713 3163 4782 τῇ
3195 4715 3384 4785 φωνῇ’
3437 4712 3535 4785 Μὴ
3575 4718 3732 4774 κατὰ

524 4847 548 4879 ⁸
573 4845 593 4900 1
621 4846 750 4904 Cor.
786 4865 866 4914 in,
899 4849 987 4905 l3.
1064 4851 1086 4882 ⁶
1113 4848 1133 4904 l
1161 4849 1291 4905 Cor.
1323 4865 1423 4915 vn,
1456 4849 1549 4905 34.
1578 4917 1815 4975 “‘le
1857 4919 2240 4979 LECTlONES
2277 4919 2369 4975 ET
2407 4919 2620 4975 NOTAE

524 5006 640 5078 (35)
681 5007 836 5085 Πράς
872 5007 982 5062 τὸν
1010 5008 1211 5085 ῌμθὸν
1259 5010 1359 5064 καὶ
1374 5009 1756 5085 ⁸τὴνχΣιγήῩἶ
1785 5012 1953 5085 Erant
1982 5012 2038 5085 lii

2156 5016 2352 5085 'aturad
2374 5014 2628 5069 Biblioth.
2663 5017 2960 5070 Maximam
3023 5026 3223 5085 atrum,
3257 5029 3389 5076 tom.
3416 5020 3484 5084 ll,
3514 5021 3648 5076 diss.
3681 5038 3721 5085 ι.
3774 5006 3776 5016 ζ

455 5077 565 5132 duo
588 5091 658 5130 ex
691 5079 908 5155 triginta
930 5080 1338 5155 agonibusquos
1365 5077 2036 5155 ﬁngeban'tvaleutiniani
2135 5100 2190 5155 p.
2231 5084 2300 5137 77
2352 5100 2506 5155 seqq.
2557 5085 2662 5140 Per
2719 5086 2916 5141 horum
2949 5103 3080 5143 vero
3139 5077 3722 5146 commemorationem

455 5100 565 5132 uuu
588 5100 658 5130 cx
691 5100 908 5148 triginta
930 5100 1174 5134 amnibus
1201 5100 1338 5150 quos
1365 5100 1644 5152 ungebam
1672 5100 2036 5138 valentuuam
2175 5123 2190 5138 .
2232 5100 2256 5137 'l
2278 5100 2296 5136 Ι
2352 5100 2447 5155 seq
2491 5124 2506 5138 .
2557 5100 2662 5140 Per
2719 5100 2916 5141 norum
2949 5103 3080 5143 vero
3139 5100 3720 5146 commemorationem

454 5158 511 5231 et
539 5163 638 5231 pro
684 5147 787 5231 diis
815 5148 1090 5231 habebant
1137 5149 1326 5231 riiiter
1354 5152 1621 5231 eosenim
1654 5153 1894 5231 primum
1927 5155 2029 5207 ob-
2135 5100 2240 5208 Kac
2287 5155 2408 5210 loco
2451 5102 2660 5231 (iactam
2720 5155 2903 5231 innuit
2957 5157 3176 5231 Noster,
3221 5160 3720 5231 vel__Paulicianos,

457 5218 706 5300 tinebant
752 5218 1058 5300 loeui‘ngi'ta
1093 5227 1160 5299 ut
1191 5221 1367 5300 prima
1397 5218 1909 5300 συζυγίαῇώ-ἰρξίε
1939 5238 2036 5276 vo-
2133 5234 2324 5300 contra
2353 5241 2491 5295 quos
2515 5225 2778 5300 disputat,
2830 5228 2946 5300 haec
2982 5218 3208 5300 nomina
3245 5235 3283 5285 ‘a
3322 5218 3722 5286 Valentinianis

457 5302 625 5371 caret;
631 5287 842 5371 913.7(1)
868 5287 1044 5371 [3309,
1061 5289 1176 5342 sive
1197 5287 1704 5371 Profulidoyi’atris;
1720 5287 1861 5371 ﬁrm
1880 5307 2032 5371 vero,
2130 5287 2444 5371 adoptasse,
2462 5296 2549 5352 vel
2565 5287 2869 5371 comparari
2897 5297 3007 5352 duo
3032 5299 3273 5368 ipsorum
3301 5301 3570 5371 principia
3590 5317 3719 5356 cum

2133 5363 2222 5439 h_i_s_
2249 5365 2466 5439 illorum
2525 5363 2795 5439 monibus
2825 5382 3009 5439 posse,
3052 5363 3519 5439 'quemadiuodur'n
3556 5380 3612 5425 et
3662 5372 3720 5426 in

2130 5433 2252 5505 aliis
2282 5435 2557 5505 capitibus
2603 5435 2730 5491 illos
2784 5433 3095 5492 imitentur:
3138 5439 3340 5496 Confer
3369 5437 3516 5496 Petri
3543 5441 3719 5497 Siculi

2120 5503 2512 5578 .Narriationem
2542 5507 2605 5578 ᾴε
2628 5506 2950 5578 Maniclueis,
2986 5523 3043 5578 p.
3065 5508 3156 5562 42.

2201 5575 2316 5653 (56)
2355 5576 2513 5630 Εἴτε.
2545 5574 2624 5653 Ita
2672 5576 2866 5647 scripsi
2891 5574 3143 5651 pro'ijte,
3179 5581 3327 5651 quod
3362 5596 3461 5653 per
3506 5581 3719 5637 librarii

2130 5647 2389 5700 mendum
2427 5655 2546 5701 erat
2586 5647 2638 5700 in
2669 5662 2771 5703 ms.

2207 5695 2880 5788 (illi—'70?Sic-flego'pro
2913 5695 2996 5787 τό,
3031 5720 3177 5791 quod
3215 5721 3452 5778 habebat
3471 5736 3578 5777 ms.

453 5373 551 5412 seu
591 5355 841 5424 Silentio,
877 5355 1067 5412 Matris
1114 5355 1314 5414 nomen
1349 5359 1582 5415 ferente.
1632 5355 1768 5417 Vide
1802 5355 1946 5418 hanc
1975 5355 2033 5417 in

451 5442 570 5482 rem
595 5426 884 5499 irenaeurn,
917 5427 1014 5499 lib_.
1039 5428 1191 5499 t,c.l
1225 5438 1280 5484 et
1307 5430 1374 5495 5;
1405 5439 1461 5484 et
1483 5431 1617 5486 alios
1639 5447 1707 5486 ex
1733 5433 2030 5499 veteribus,

451 5513 591 5567 quos
608 5495 957 5552 laudatJoan.
975 5496 1215 5567 Baptista
1228 5499 1553 5562 Cotelerius,
1573 5501 1628 5555 in
1640 5501 1794 5557 Notis
1809 5503 1876 5557 ad
1893 5495 2027 5560 tom.

451 5566 484 5638 _l'
504 5569 956 5638 Monumeutarum
995 5566 1247 5638 Ecclesia:
1291 5567 1506 5634 (ἕνωσιν,
1537 5585 1591 5638 p.
1621 5571 1766 5636 767;
1802 5589 1866 5628 ae
1897 5573 2034 5628 Gui-

451 5636 619 5692 lielm.
653 5636 964 5714 Spencerus
985 5637 1052 5691 ad
1075 5636 1364 5714 Qrigepem
1387 5636 1580 5714 (gentia
1602 5640 1824 5714 Celsum,
1855 5659 1906 5714 p.
1929 5644 2026 5708 78;

447 5720 519 5761 ex
539 5708 935 5764 recentioribus
958 5722 1088 5765 vero
1105 5707 1388 5765 Nicolaum
1402 5707 1486 5765 Le
1514 5708 1748 5783 Nourry,
1777 5713 1831 5766 in
1855 5707 2031 5781 Lippa?
