3986 6438
265 279 359 349 141

1297 271 1597 339 CONTRA
1637 268 2102 338 MANICHIEOS
2127 277 2358 340 LIBER
2388 276 2450 341 ΙΙ
2460 274 2505 342 Ι.

3441 280 3548 351 142

261 396 579 469 ἄνθρωπον
611 396 801 451 ταῦτα
830 391 1029 459 Julii);
1057 393 1095 464 ἢ
1120 392 1258 464 οὐχὶ
1287 393 1387 448 καὶ
1408 396 1442 449 ό
1458 384 1643 463 νόμος
1666 390 1853 445 ταῦτα

1958 390 2240 444 secundum
2282 394 2544 447 hominem
2586 394 2696 450 lucc
2734 394 2955 467 loquor?
2982 397 3061 452 vel
3089 415 3260 455 nonne
3287 400 3463 471 potius
3494 416 3546 461 ct

260 492 458 562 λέτειῖ
492 488 562 544 '0
584 490 701 544 ἴσον
729 488 878 543 ἐστι·
914 489 1007 557 Μὴ
1032 487 1316 558 λογισμοῖς
1346 484 1650 558 ἀνθρώπων
1680 486 1862 553 ἀσφα-

262 584 481 656 λξζομεν
506 584 572 638 τὸ
604 583 793 656 ῥηθὲν,
829 583 863 654 ἢ
901 582 1025 653 οὐχὶ
1073 582 1171 635 καὶ
1220 580 1373 644 θείας
1418 575 1540 634 ἐστὶ
1578 579 1676 635 καὶ
1720 570 1862 651 ὑπὲρ

263 678 553 748 ἄνθρωπον
595 676 925 747 νομοθεσίας
973 674 1036 728 τὸ
1090 670 1551 747 προτεινόμενον;
1611 674 1724 729 Καὶ
1775 666 1862 738 τίς

261 771 435 827 ταῦτα
481 770 859 843 τεθεώρηκεν,
891 765 1056 833 αὐτὸς
1110 764 1404 842 σαφηνίζει
1427 784 1440 800 ”
1508 764 1612 825 Ἐν
1643 769 1754 840 γὰρ
1780 766 1860 835 τῷ

261 862 523 930 Μωσέως
538 863 705 932 νόμῳ
732 860 1079 933 τέτραπται,
1103 862 1260 935 φησὶ,
1284 863 1367 917 Οὐ
1393 861 1685 933 φιμώσεις
1695 853 1861 928 ,ϐοῦν

261 958 567 1013 ἀλοῶντα.
602 952 715 1011 Καὶ
760 950 936 1011 ταῦτα
991 950 1167 1011 εἰπὼν
1224 948 1515 1031 ἐπιφέρειο
1581 953 1680 1026 Μὴ
1740 957 1862 1012 τῶν

256 1048 425 1115 βοῶν
438 1042 618 1118 μέλει
643 1047 725 1114 τῷ
754 1046 877 1114 Θεῷ
897 1064 914 1113 ;
934 1043 1112 1102 Τίνων
1135 1048 1193 1102 δὲ
1225 1045 1429 1118 μᾶλλον
1450 1048 1625 1119 μέλει,
1645 1040 1862 1111 δεικνὺς

260 1142 457 1211 ἐπάγει
477 1160 491 1173 ·
526 1139 610 1197 Δι’
638 1136 799 1212 ἡμᾶς
824 1140 936 1212 γὰρ
968 1142 1210 1208 πάντως
1238 1141 1421 1212 λέγει,
1456 1142 1561 1196 καὶ
1597 1142 1675 1195 δι’
1700 1141 1860 1211 ἡμᾶς

260 1228 513 1305 ἐγράφη.
572 1233 739 1287 Ὥστε
778 1229 958 1288 κοινὸν
1010 1230 1069 1288 τὸ
1126 1228 1305 1305 δόγμα
1336 1234 1396 1288 τὸ
1431 1237 1489 1288 ὲν
1519 1234 1587 1307 τῇ
1643 1235 1861 1307 Παλαιᾷ

260 1322 542 1381 διαϐαῖνον
574 1328 673 1381 καὶ
694 1320 1119 1397 πολιτευόμενον
1146 1326 1242 1380 καὶ
1276 1326 1335 1380 ἐν
1366 1326 1432 1398 τῇ
1466 1326 1680 1398 χάριτι.
1718 1320 1854 1380 Εἶτα

258 1420 354 1491 τὴν
380 1415 626 1491 φυσικὴν
663 1417 961 1490 ὁμοιότητα
1001 1416 1139 1489 πρὸς
1189 1417 1282 1473 τὸν
1317 1420 1536 1491 Πατέρα
1589 1417 1684 1473 τοῦ
1723 1412 1856 1474 Υἱοῧ

259 1513 353 1567 καὶ
381 1512 443 1567 τὸ
472 1510 904 1584 ἀπαράλλακτον
936 1512 1220 1585 ὑποδηλῶν
1248 1513 1315 1565 ὲκ
1340 1514 1441 1583 τῆς
1480 1512 1589 1565 τῶν
1625 1513 1855 1581 νομοθεο

256 1603 540 1675 τηθέντων
594 1600 959 1678 ὁμοιότητος,
999 1606 1254 1674 Ὠσπερ,
1306 1604 1478 1676 φησὶ,
1514 1601 1857 1673 προσετάγη

256 1694 400 1764 τοὺς
448 1689 539 1763 τῷ
575 1698 995 1766 θυσιαστηρίῳ
1047 1691 1574 1766 προσεδρεύοντας
1623 1685 1705 1761 τῷ
1752 1696 1858 1749 θυ-

258 1786 597 1859 σιαστηρίῳ
648 1783 1150 1860 συμμερκεσθαιο
1210 1790 1368 1844 οὕτω
1420 1791 1521 1844 καὶ
1556 1791 1591 1844 ὁ
1643 1787 1859 1858 Κύριος

259 1882 644 1952 προσέταξεν
674 1878 819 1949 τοὺς
840 1882 906 1937 τὸ
928 1876 1301 1953 Εὐαγγέλιον
1329 1881 1857 1953 καταγγέλλοντας

258 1974 323 2026 ἐκ
366 1973 479 2027 τοῦ
515 1972 898 2043 Εὑαγγελίου
928 1966 1055 2041 ζῇν,
1102 1972 1361 2027 τοσοῦτον
1402 1974 1616 2044 ἐπάρας
1645 1969 1740 2027 τὸν
1770 1972 1857 2027 v6-

1957 484 2043 539 lex
2094 486 2199 540 ista
2269 488 2558 558 profert"?
2592 484 2750 556 Quod
2790 492 2934 547 idem
2971 496 3057 548 est
3097 507 3163 550 ac
3210 493 3257 551 si
3302 494 3543 554 diceret:

1956 576 2097 631 Num
2139 576 2445 635 ratiociniis
2487 578 2774 638 hominum
2816 583 2959 640 dicta
2998 585 3408 657 conﬁrmamus,
3441 606 3547 646 nec

1954 671 2138 741 potius
2168 673 2513 744 propositum
2543 682 2925 748 argumentum
2952 674 3152 735 divinae
3174 687 3229 735 et
3256 680 3545 753 plusquam

1954 766 2209 822 humana:
2238 765 2374 839 legis
2422 770 2540 824 est?
2567 768 2701 836 Quis
2730 785 2861 827 vero
2892 771 2981 826 illa
3009 773 3388 837 constituerit,
3427 773 3545 845 ipse

1953 860 2198 929 exponit,
2248 855 2313 915 In
2368 858 2533 915 Mosis
2585 856 2724 916 enim
2776 859 2907 935 lege,
2956 864 3231 934 inquiens,
3290 865 3548 936 scriptum

1953 962 2028 1006 est
2065 968 2084 1006 :
2125 945 2250 1006 Non
2297 954 2568 1009 obturabis
2607 972 2662 1010 os
2698 951 2814 1011 bovi
2846 954 3122 1012 trituranti
3158 959 3201 1015 ⁸.
3238 954 3367 1017 Haec
3414 976 3547 1017 vero

1951 1043 2191 1100 alTerens
2246 1038 2532 1119 subiungit
2566 1067 2579 1103 :
2613 1040 2759 1103 Num
2817 1051 2966 1105 boves
3014 1068 3154 1106 cum:
3211 1062 3335 1106 sunt
3389 1054 3547 1108 Deo?

1950 1136 2197 1202 Quorum
2254 1154 2389 1195 vero
2446 1142 2728 1212 potiorem
2782 1161 2972 1200 curam
3017 1156 3176 1218 agat.
3220 1156 3547 1204 ostensurus

1954 1231 2108 1287 addit
2137 1250 2149 1286 :
2183 1224 2409 1304 Propter
2458 1254 2551 1291 nos
2598 1233 2811 1293 omnino
2849 1236 2904 1293 id
2945 1232 3092 1305 dicit,
3127 1249 3175 1294 et
3204 1250 3418 1309 propter
3452 1257 3545 1295 nos

1952 1328 2210 1396 scriptum
2246 1339 2340 1384 est.
2373 1321 2562 1402 itaque
2592 1335 2902 1390 communis
2936 1335 3188 1391 doctrina
3212 1344 3315 1404 est,
3346 1354 3469 1408 qua:
3492 1346 3549 1393 et

1950 1418 2007 1475 in
2037 1417 2237 1477 Vetere
2279 1418 2472 1489 valuit,
2494 1431 2550 1479 et
2594 1422 2649 1479 in
2699 1416 2851 1479 Novo
2899 1424 3140 1482 obtinuit
3168 1422 3544 1485 Testamento.

1948 1509 2168 1580 Postea,
2203 1512 2536 1580 naturalem,
2564 1532 2686 1586 quae
2712 1512 2857 1572 inter
2886 1517 3102 1573 Patrem
3128 1529 3184 1574 et
3211 1520 3409 1575 Filium
3440 1533 3546 1585 est,

1949 1596 2363 1657 similitudinem
2408 1610 2465 1659 et
2508 1600 3007 1662 immutabilitatem
3062 1625 3128 1663 ex
3186 1607 3548 1667 similitudine

1947 1689 2128 1760 legum
2162 1692 2420 1763 utrinque
2450 1692 2684 1751 latarum
2732 1693 3110 1767 subiudicans,
3145 1698 3316 1769 Sicut,
3348 1704 3546 1774 inquit,

1946 1793 2267 1852 pra’ceptum
2297 1790 2393 1850 est,
2428 1796 2506 1850 ut,
2531 1789 2621 1857 qui
2651 1784 2818 1842 altari
2841 1786 3096 1857 serviunt,
3142 1792 3339 1847 altaris
3384 1796 3551 1849 etiam

1946 1870 2080 1939 [iant
2133 1869 2455 1944 participes;
2500 1874 2578 1930 ita
2622 1886 2671 1930 et
2702 1874 2965 1934 Dominus
3010 1883 3282 1952 pra'ccpit,
3333 1893 3410 1950 ut,
3458 1885 3551 1950 qui

1949 1961 2303 2035 Evangelium
2352 1966 2673 2037 prazdicant,
2709 1986 2775 2025 ea:
2822 1966 3116 2043 Evangelia
3163 1972 3343 2030 vivant
3376 1978 3435 2043 ’ς
3471 1977 3553 2031 lo-

262 2081 382 2136 μον,
420 2066 527 2120 aee
558 2060 629 2134 δὴ
654 2063 750 2119 τοῦ
775 2060 991 2138 Πατρὸς
1021 2064 1173 2131 ὄντα,
1203 2067 1280 2131 ὡς
1308 2066 1405 2119 καὶ
1437 2066 1531 2120 τὸν
1558 2066 1689 2121 Υῑὸν
1714 2066 1858 2121 κατὰ

1959 2070 2099 2124 gem,
2151 2066 2410 2129 tanquam
2440 2076 2470 2115 a
2502 2055 2663 2117 Patre
2708 2061 3036 2132 profectam,
3072 2062 3210 2121 adeo
3257 2069 3547 2134 extollens,

261 2159 498 2227 μίμησιν
540 2157 757 2211 ἐκείνου
818 2157 889 2211 τὰ
942 2158 1347 2229 προστάγματα
1395 2157 1685 2230 προάγειν.
1742 2156 1857 2227 Τὴν

260 2251 563 2320 συνάφειαν
590 2250 652 2304 δὲ
685 2249 850 2305 πάλιν
899 2248 994 2303 καὶ
1039 2251 1367 2319 συγγένειαν
1415 2249 1510 2303 τοῦ
1540 2244 1709 2320 νόμου
1758 2248 1855 2303 καὶ

258 2342 352 2413 τῆς
383 2344 622 2414 χάριτος
654 2342 748 2396 ἐπὶ
776 2339 938 2396 πλέον
981 2342 1350 2415 τρανολογῶν,
1385 2343 1469 2398 Οὐ
1517 2343 1672 2396 θέλω
1698 2341 1856 2410 ὑμᾶς

260 2434 526 2505 ἀγνοεῖν,
576 2435 767 2505 φησὶν,
818 2433 1096 2504 ἀδελφοὶ,
1133 2432 1222 2488 ὅτι
1273 2436 1328 2489 ol
1380 2428 1636 2501 πατέρες
1685 2432 1857 2502 ἡμῶν

261 2527 481 2593 πάντες
508 2527 635 2581 ὑπὸ
676 2525 791 2595 τὴν
821 2526 1089 2596 νεφέλην
1126 2520 1311 2597 ἦσαν,
1347 2526 1447 2581 καὶ
1486 2522 1711 2592 πάντες
1758 2522 1857 2579 διὰ

258 2619 368 2685 τῆς
394 2618 734 2685 θαλάσσης
757 2616 1034 2687 διῆλθον,
1049 2617 1149 2672 καὶ
1171 2618 1396 2685 πάντες
1422 2618 1512 2684 εὶς
1556 2615 1666 2670 τὸν
1689 2618 1857 2670 Μωῦ-

257 2711 383 2779 σῆν
402 2711 895 2779 ἐϐαπτίσθησαν,
926 2711 998 2765 ἐν
1018 2708 1095 2780 τῇ
1124 2711 1354 2781 νεφέλῃ
1393 2711 1494 2765 καὶ
1526 2709 1599 2763 ἐν
1639 2706 1714 2778 τῇ
1748 2711 1855 2763 θα·

256 2804 500 2873 ⁹ιιίσση,
529 2803 632 2858 καὶ
663 2803 889 2871 πάντες
915 2803 982 2858 τὸ
1014 2803 1164 2859 αὐτὸ
1197 2804 1411 2874 βρῶμα
1446 2802 1855 2873 πνευματικὸν

258 2895 519 2966 ἔφαγον,
559 2895 661 2950 καὶ
686 2895 912 2963 πάντες
945 2896 1012 2949 τὸ
1042 2895 1193 2950 αὐτὸ
1241 2897 1405 2966 πόμα
1446 2893 1857 2965 πνευματικὸν

258 2989 458 3042 ἔπιον.
494 2988 599 3051 Δός
626 3005 718 3058 μοι
748 2987 937 3041 λοιπὸν
965 2988 1204 3042 ἐνταῦθα
1231 2988 1293 3041 τὸ
1322 2988 1423 3043 οὐκ
1445 2987 1731 3058 ἐλεύθερον
1755 2983 1855 3057 τῆς

261 3078 530 3150 βακχείας
592 3078 686 3133 τοῦ
746 3078 1005 3151 Ἑχθροῦ·
1050 3080 1307 3134 Ἔπινον
1362 3076 1501 3151 γὰρ,
1538 3080 1724 3147 φησὶν,
1785 3075 1855 3131 ἐκ

259 3167 688 3239 πνευματικῆς
715 3169 1179 3237 ἀκολουθούσης
1205 3167 1447 3237 πέτρας.
1491 3168 1567 3224 Ἠ
1587 3167 1655 3221 δὲ
1670 3165 1857 3236 πέτρα

259 3259 336 3334 ἦν
372 3267 409 3319 δ
439 3262 724 3332 Χριστός.
771 3261 1043 3329 Ἀκούεις,
1084 3262 1235 3324 ὅπως
1264 3262 1292 3315 6
1319 3259 1559 3332 Χριστὸς
1612 3258 1704 3313 τὸν
1747 3270 1857 3311 παι

257 3356 449 3426 τρικὸν
506 3352 728 3418 ὲπότιζε
774 3352 925 3418 λαὸν,
964 3354 1059 3407 καὶ
1092 3353 1212 3417 πῶς
1240 3353 1268 3406 6
1302 3351 1493 3423 Πατὴρ
1524 3350 1726 3421 ὼδήγει
1764 3346 1857 3403 τὸν

271 3446 500 3519 Ἰσραὴλ
526 3446 610 3511 εἰς
642 3446 742 3517 τὴν
774 3444 869 3500 τοῦ
890 3446 1034 3499 Ὑὶοὗ
1064 3444 1324 3513 λατρείαν
1352 3445 1445 3498 καὶ
1478 3442 1853 3514 ὲπιστροφήνς

260 3540 357 3593 Διὰ.
386 3541 584 3602 τίνων,
613 3538 646 3609 ἣ
672 3538 838 3609 δῆλον
872 3539 956 3591 ὅτι
986 3537 1074 3592 διὰ
1096 3538 1342 3600 Μωσέως
1378 3536 1474 3589 καὶ
1498 3535 1607 3588 τῶν
1636 3552 1675 3586 π
1686 3552 1856 3606 ροφη-

259 3630 404 3696 τῶν;
438 3629 557 3683 Ποῦ
591 3629 685 3683 οὖν
715 3627 954 3683 ἐνταῦθα
986 3627 1312 3699 ὁῐΙονηρὸς;
1344 3624 1450 3680 ποῦ
1479 3629 1579 3699 τῆς
1609 3626 1856 3696 πονηρᾶς

259 3723 443 3795 ἀρχῆς
475 3722 539 3775 τὸ
562 3721 762 3793 ἑργονς
797 3718 901 3775 ποῦ
935 3722 986 3774 οἱ
1012 3721 1168 3792 νόμοι
1202 3719 1301 3791 τῆς
1321 3720 1707 3791 ἀντικειμένης
1734 3717 1858 3789 μοί-

262 3832 402 3886 ρας;
440 3815 539 3870 τοῦ
569 3816 873 3870 Μωσαῖκοῢ
903 3812 1060 3879 λαοῦ,
1088 3814 1184 3868 καὶ
1213 3812 1573 3885 πνευματικῷ
1603 3812 1857 3885 βρώματι

260 3908 629 3979 τρεφομένων
659 3905 756 3959 καὶ
788 3906 1165 3974 πνευματικοῦ
1211 3902 1457 3976 πόματος
1497 3904 1762 3959 πινόντων
1793 3906 1858 3957 ὲκ

257 4000 359 4071 τῆς
402 3996 682 4067 συνούσης
724 4010 786 4050 τε
831 3996 927 4049 καὶ
968 3995 1245 4066 ἑπομένης
1294 3993 1523 4065 πέτρας,
1565 3993 1686 4065 ἥτις
1716 3987 1785 4065 ἦν
1830 3992 1859 4046 6

260 4091 542 4163 Χριστόςς
581 4084 719 4143 Εἶτα
764 4086 929 4142 πάλιν
972 4088 1000 4142 6
1040 4085 1358 4158 νομομαθὴς
1389 4076 1542 4150 οὗτος
1592 4086 1732 4157 ἀνὴρ
1764 4086 1860 4139 καὶ

258 4185 329 4237 τὰ
355 4182 537 4252 κέρδη
573 4179 776 4245 πάντα,
805 4170 886 4244 οἷς
915 4177 1247 4249 ἐσεμνύνετο
1288 4177 1576 4250 πρότερον,
1610 4177 1860 4232 σκύῦαλα

258 4274 576 4345 ἡγούμενος
614 4272 704 4326 διὰ
749 4270 841 4325 τὸν
887 4270 1163 4342 Χριστὸν,
1207 4269 1375 4339 Μηδὲ
1425 4269 1861 4340 ἐκπειράζωμεν

258 4366 369 4420 τὸν
390 4364 683 4435 Χριστὸν,
716 4363 869 4434 φησὶ,
926 4361 1123 4429 καθὼς
1154 4362 1255 4416 καί
1283 4380 1444 4430 τινες
1464 4362 1665 4417 αὐτῶν
1695 4360 1860 4416 ἐπεί-

253 4468 492 4522 ρασαν.
522 4452 705 4515 Τίνες,
730 4452 763 4523 ἢ
787 4450 947 4522 δῆλον
977 4453 1060 4506 ὅτι
1081 4454 1110 4506 6
1146 4450 1535 4523 Ἰσραηλιτικὸς
1563 4450 1723 4519 ita/aq;
1752 4451 1861 4506 Kal.

212 4596 223 4608 ,
261 4547 389 4599 τινα
420 4544 496 4599 τὰ
529 4545 826 4616 ὲπῑχειρας
861 4543 1001 4598 ’Υπὸ
1024 4544 1135 4597 τῶν
1160 4544 1340 4614 δφεων
1361 4544 1662 4599 ἀπώλοντο.
1694 4544 1860 4609 Ὥστε

263 4638 704 4708 ἔιπειράζοντες
725 4638 817 4690 τὸν
841 4637 899 4690 ὲν
925 4636 1005 4709 τῷ
1039 4637 1190 4708 νόμῳ
1220 4637 1376 4702 Θεὸν,
1409 4636 1498 4691 διὰ
1524 4638 1621 4692 τοῦ
1648 4635 1861 4710 Πατρὸς

263 4730 576 4803 ἐπείραζον
607 4730 702 4783 καὶ
728 4730 819 4783 τὸν
845 4731 976 4784 Υἱὸν
1001 4726 1171 4784 αύτοῦ
1199 4730 1290 4784 τὸν
1325 4730 1533 4802 Κύριον
1556 4728 1715 4803 ἡμῶν
1748 4732 1857 4802 ’Ῑη-
1888 4719 1936 4777 Ῑ)

264 4821 400 4875 σοῦν
461 4821 720 4893 Χριστόν.
777 4817 1069 4892 Ἐπεὶραζε
1128 4821 1228 4893 μὲν
1265 4823 1375 4893 γὰρ
1421 4823 1451 4876 6
1514 4821 1860 4895 ἰσραηλιτης

262 4914 396 4976 λαὸς
429 4912 527 4965 τὸν
550 4912 849 4984 νομοθέτην
878 4910 1069 4979 αὑτοῦ,
1100 4914 1345 4984 ἄτμητον
1364 4913 1421 4967 δὲ
1450 4913 1549 4985 τὴν
1581 4913 1861 4984 βασιλείαν

263 5006 363 5059 καὶ
398 5005 682 5076 ἄρρηκτον
714 5004 809 5058 τοῦ
855 5004 1068 5075 Πατρὸς
1125 5006 1220 5059 καὶ
1256 5005 1350 5059 τοῦ
1390 5005 1519 5060 Υἱοῦ
1560 5006 1590 5060 6
1653 5005 1865 5078 μύστης

268 5101 368 5152 καὶ
415 5097 786 5166 μυσταγωγὸς
824 5097 935 5150 τῶν
966 5098 1325 5170 ἀπορρήτων,
1361 5097 1521 5163 εἰδὼς
1544 5098 1603 5153 ὲν
1635 5098 1714 5170 τῷ
1746 5111 1867 5153 πει-

267 5191 544 5264 ράζεσθαι
571 5190 663 5245 τὸν
691 5190 786 5245 τοῦ
818 5189 1028 5259 ἀγαθοῦ
1088 5192 1287 5256 Παιδὸς
1326 5192 1551 5265 Πατέρα
1585 5194 1739 5259 Θεὸν,
1774 5194 1867 5249 καὶ

264 5284 362 5335 τὸν
408 5282 651 5352 Χριστὸν
700 5281 1063 5351 πειράζεσθαι
1114 5282 1460 5338 διατείνεται.
1505 5284 1595 5347 Ὣς
1654 5285 1713 5336 ὲν
1764 5302 1863 5338 πο-

268 5375 549 5447 ρίσματος
585 5375 842 5447 δὲ’μοίρᾳ
875 5375 1191 5438 ἐπισκόπει,
1212 5376 1295 5429 ὅτι
1324 5378 1418 5430 καὶ
1459 5377 1676 5450 πληγὴν
1702 5378 1868 5442 εὐθὺς

268 5468 492 5539 ἀφῆκεν
522 5468 553 5519 6
592 5467 828 5537 Χριστὸς
857 5467 1000 5521 κατὰ
1044 5467 1153 5522 τῶν
1203 5469 1651 5540 ὲκπειρασάντων
1702 5470 1866 5524 αὑτὸν

267 5557 363 5612 τὸν
404 5556 499 5609 διὰ
525 5556 633 5610 τῶν
661 5556 841 5627 δφεων
869 5556 1114 5628 ὖλεθρον.
1146 5559 1256 5612 Καὶ
1278 5559 1484 5627 ταύτην
1510 5559 1736 5630 ἐπάγων
1758 5562 1859 5617 οὐκ

1963 2155 2023 2201 ut
2047 2142 2243 2202 Filium
2271 2149 2339 2204 ad
2372 2149 2685 2221 exemplum
2711 2150 2834 2222 ejus
2864 2165 3139 2226 praecepta
3168 2173 3265 2212 sua
3292 2160 3551 2215 statuisse

1958 2236 2177 2294 innuat.
2219 2238 2367 2296 Idem
2422 2255 2556 2297 vero
2608 2238 3011 2300 connexioncm
3056 2256 3115 2301 et
3164 2250 3551 2318 cognationem

1958 2328 2097 2401 legis
2124 2338 2181 2387 et
2210 2328 2398 2403 gratia:
2430 2329 2612 2390 adhuc
2642 2337 2815 2406 magis
2841 2337 3195 2406 expositurus
3230 2355 3243 2391 :
3275 2335 3413 2393 Nolo
3435 2357 3547 2406 vos,

1958 2415 2157 2495 inquit,
2188 2427 2461 2497 ignorare,
2494 2429 2710 2499 fratres,
2761 2430 2901 2501 quod
2929 2436 3108 2500 patres
3158 2430 3325 2486 nostri
3368 2449 3549 2489 omnes

1956 2514 2051 2572 sub
2086 2515 2218 2572 nube
2271 2529 2448 2586 erant,
2482 2530 2531 2575 et
2564 2538 2743 2576 omnes
2766 2517 2884 2591 ’ρετ
2916 2541 3064 2578 mare
3117 2520 3465 2594 transierunt,
3499 2536 3549 2582 et

1958 2628 2136 2667 omnes
2166 2612 2221 2666 in
2262 2612 2445 2667 Mosen
2474 2609 2732 2682 baptizati
2767 2624 2910 2679 sunt,
2952 2614 3009 2670 in
3054 2612 3187 2671 nube
3219 2628 3267 2672 et
3302 2621 3467 2686 mari,
3498 2631 3550 2675 et

1960 2720 2143 2757 omnes
2174 2706 2415 2759 eumdem
2446 2700 2618 2760 cibum
2645 2700 2983 2775 spiritualem
3017 2710 3258 2776 ederunt,
3295 2720 3343 2764 et
3372 2727 3550 2766 omnes

1959 2792 2205 2847 eumdem
2254 2802 2436 2862 patum
2486 2792 2823 2863 spiritualem
2894 2792 3135 2850 biberunt
3186 2792 3252 2852 ‘°.
3307 2795 3551 2853 Ostende

1962 2882 2102 2940 mihi
2142 2884 2235 2940 hic
2290 2895 2637 2941 momentum
2687 2880 2775 2942 vel
2804 2882 3027 2942 unicum
3082 2887 3229 2958 quod
3276 2903 3388 2943 non
3442 2889 3550 2944 im-

1958 2993 2128 3033 mune
2156 2977 2229 3033 sit
2259 2994 2290 3033 a
2322 2978 2543 3034 furente
2573 2975 2749 3035 boStis
2772 2987 3045 3050 potestate
3069 2998 3082 3034 :
3105 2974 3361 3035 Biberunt
3386 2981 3549 3047 enim,

1959 3071 2159 3142 inquit,
2202 3088 2267 3127 ea:
2296 3069 2589 3142 spirituali,
2637 3088 2757 3143 qua:
2800 3074 3137 3144 sequebatur,
3173 3083 3327 3144 petra
3350 3090 3369 3129 :
3395 3083 3549 3144 petra

1958 3173 2141 3218 autem
2159 3174 2275 3219 erat
2293 3165 2532 3221 Christus
2555 3163 2618 3219 “.
2641 3165 2887 3221 Audisne
2908 3164 3184 3236 quomodo
3199 3166 3362 3222 Pater
3380 3167 3548 3223 Israel

1958 3253 2179 3312 duxerit
2214 3256 2282 3312 ad
2312 3256 2523 3312 cultum
2568 3249 2694 3311 Filii
2723 3255 2808 3311 sui
2844 3262 2900 3312 el.
2954 3253 3413 3314 conversionem?
3442 3237 3550 3314 Per

1880 3382 1927 3445 Ο
1959 3365 2099 3420 quos
2127 3360 2313 3405 autem
2343 3348 2481 3405 alios
2506 3350 2609 3406 nisi
2642 3365 2741 3421 per
2769 3349 2957 3406 Mosen
2974 3360 3043 3445 Let
3066 3348 3409 3422 prophetas?
3443 3349 3547 3407 Ubi

1960 3441 2127 3513 igitur
2176 3441 2267 3497 hic
2329 3450 2414 3498 est
2458 3440 2656 3509 malus,
2712 3442 2808 3499 ubi
2863 3438 2992 3499 mali
3040 3440 3297 3514 principii
3359 3444 3549 3515 opus?

1960 3533 2053 3589 ubi
2086 3533 2233 3605 leges
2262 3533 2527 3604 oppositae
2573 3536 2783 3604 partis?
2816 3540 2954 3590 cum
3005 3533 3243 3606 populus
3276 3535 3549 3593 Mosaicus

1959 3631 2015 3683 et
2044 3624 2311 3698 spirituali
2340 3625 2465 3682 cibo
2492 3627 2736 3682 nutritus
2783 3628 2874 3694 sit,
2905 3628 2961 3683 et
2987 3624 3325 3699 spiritualem
3357 3636 3549 3700 potum

1960 3715 2162 3773 biberit
2193 3733 2259 3773 ex
2293 3718 2591 3773 comitante
2620 3726 2675 3773 et
2700 3713 3027 3788 insequente
3058 3730 3234 3789 petra,
3282 3736 3403 3791 quae
3431 3729 3551 3775 erat

1960 3810 2255 3866 Christus?
2299 3806 2507 3866 Deinde
2561 3825 2749 3866 rursus
2784 3810 2929 3866 idem
2981 3811 3065 3865 vir
3105 3811 3281 3883 legem
3329 3812 3545 3879 doctus,

1960 3912 2125 3974 atque
2158 3902 2341 3959 omnia
2371 3901 2483 3968 illa,
2515 3902 2713 3974 quibus
2738 3906 2867 3959 olim
2894 3900 3247 3970 eﬂerebatur,
3280 3921 3381 3976 pro
3409 3907 3552 3977 reje-

1961 3995 2129 4051 ctiliis
2184 3994 2466 4052 declarans
2529 4009 2752 4067 propter
2789 3996 3093 4064 Christum,
3136 3998 3217 4054 Ne
3268 4010 3548 4062 tentemus.

1962 4086 2162 4157 inquit,
2195 4082 2481 4153 Christum,
2517 4086 2653 4143 sicut
2692 4083 2934 4144 nonnulli
2964 4104 3145 4145 eorum
3184 4102 3453 4146 tentarunt
3482 4094 3549 4147 ".

1961 4180 2194 4247 Quinam
2250 4181 2369 4235 illi?
2400 4197 2584 4238 nonne
2640 4181 2934 4239 Israelitze?
2986 4182 3120 4248 Quae
3174 4202 3306 4241 vero
3356 4203 3550 4243 eorum

1962 4278 2121 4326 erant
2184 4271 2450 4341 praemia?
2494 4268 2574 4327 Ex
2626 4272 2974 4344 serpentibus
3030 4275 3308 4345 peribant.
3365 4275 3552 4347 Itaque

1962 4363 2060 4431 illi,
2102 4364 2193 4435 qui
2240 4362 2416 4419 Deum
2448 4360 2505 4420 in
2551 4363 2670 4436 lege
2714 4372 3042 4436 praesentem
3095 4368 3402 4433 tentabant,
3456 4384 3554 4439 per

1963 4455 2181 4512 Patrem
2217 4455 2380 4512 etiam
2428 4452 2627 4512 Filium
2663 4457 2785 4528 ejus
2816 4457 3107 4513 Dominum
3142 4468 3394 4514 nostrum
3428 4467 3555 4514 ten—

1968 4556 2175 4603 tarunt.
2214 4545 2471 4604 Teutavit
2505 4546 2653 4603 enim
2688 4549 2923 4620 populus
2971 4548 3307 4604 lsraeliticus
3332 4546 3554 4619 legisla—

1966 4647 2144 4699 torem
2194 4656 2390 4711 suum;
2437 4650 2493 4696 et
2545 4639 2767 4707 Paulus,
2821 4656 3025 4712 gnarus
3075 4641 3192 4710 ipse
3243 4647 3300 4694 et
3362 4640 3553 4694 doctor

1964 4734 2374 4811 mysteriorum,
2424 4732 2716 4804 imperium
2760 4731 2937 4787 Patris
2967 4740 3023 4785 et
3052 4729 3175 4785 Filii
3219 4722 3556 4785 indivisibilo

1963 4840 2020 4888 et
2047 4829 2357 4886 inviolabile
2406 4841 2529 4882 esse
2577 4838 2899 4897 persuasus,
2950 4822 3255 4885 contendit,
3295 4836 3363 4877 eo
3411 4816 3553 4893 ipso,

1964 4938 2074 4994 quo
2102 4921 2232 4978 boni
2286 4918 2408 4976 Filii
2442 4919 2600 4974 Pater
2629 4916 2773 4972 Deus
2796 4924 3036 4971 tentatus
3062 4913 3156 4979 sit,
3188 4914 3355 4970 etiam
3397 4912 3559 4969 Chri-

1966 5026 2085 5069 tum
2115 5026 2238 5067 esse
2281 5018 2571 5066 tentatum.
2622 5005 2959 5063 Consectarii
3007 5018 3138 5060 vero
3168 5004 3343 5061 instar
3370 5000 3557 5060 ethoc

1967 5119 2124 5175 cape,
2145 5102 2291 5175 quod
2330 5100 2580 5156 Christus
2606 5096 2789 5153 statim
2817 5102 2990 5169 plagae
3040 5096 3162 5152 loco
3193 5095 3320 5161 illis,
3376 5095 3468 5165 qui
3498 5111 3557 5151 se
3628 5134 3629 5139 η

1966 5202 2329 5261 tentaverant,
2388 5190 2679 5248 immiserit
2708 5189 3011 5260 perniciem
3058 5202 3124 5243 ex
3185 5182 3552 5258 serpentibus.

1966 5288 2121 5344 lianc
2145 5303 2275 5343 vero
2331 5285 2435 5340 illis
2470 5284 2719 5354 irrogans
2766 5294 3008 5336 amorem
3062 5280 3116 5334 in
3162 5278 3413 5334 homines
3441 5292 3553 5333 non

1966 5381 2195 5438 dimisit.
2218 5378 2359 5434 Alibi
2397 5378 2563 5449 (idem
2598 5373 2917 5445 Apostolus)
2962 5382 3212 5437 testatur,
3255 5371 3553 5443 prophetas

1965 5489 2031 5529 ex
2059 5471 2320 5527 mandato
2374 5468 2564 5525 aeterni
2600 5467 2696 5523 Dei
2729 5468 2940 5523 locutos
2976 5480 3118 5530 esse,
3186 5473 3241 5517 et
3285 5476 3353 5515 ex
3421 5474 3551 5514 vero

1968 5566 2367 5636 prtenuntiasse
2421 5562 2739 5635 mysterium
2771 5570 2898 5617 ante
2941 5557 3136 5617 szecula
3171 5554 3554 5623 constitutum.

344 5735 369 5770 '
400 5736 421 5791 Ι
452 5735 580 5793 Cor.
614 5753 687 5807 Ix,
716 5738 771 5794 8.
847 5738 869 5771 ⁸
901 5737 1036 5797 ibid.
1064 5738 1119 5794 9.
1196 5741 1217 5773 ’
1243 5738 1372 5796 ibid.
1402 5739 1489 5795 l3.
1566 5737 1609 5773 "
1637 5758 1655 5796 ι
1682 5738 1811 5798 Cor.
1844 5755 1859 5798 t

1958 5742 1987 5799 ς.
2067 5742 2108 5775 ιι
2152 5738 2365 5799 ibid.6.
2453 5742 2495 5829 ξι
2526 5739 2656 5798 ibid.
2694 5740 2747 5795 9.
