3986 6442
444 324 546 391 143

1611 324 1877 387 ΡΙῙΟΤΙΙ
1916 320 2426 384 ΡΑΤΒΙΑΒΟΗᾸΕ
2460 323 2572 384 CP.

3615 330 3722 398 144

438 436 583 507 quod
642 414 982 510 principatus
1030 447 1085 493 et
1142 444 1445 509 potestates
1494 437 1709 508 mundi,
1746 437 2018 507 ipsumqut

2136 432 2420 505 ἀφῄρηται
2458 433 2521 488 τὸ
2565 431 2967 506 φιλάνθρωπον.
3010 430 3270 509 ’Δλλαχοῦ
3308 432 3366 493 δὲ
3387 438 3553 495 πάλιν
3595 432 3731 494 κατ⁴

436 527 575 582 adeo
623 529 813 583 mundi
856 527 1145 585 Dominum
1192 529 1435 586 latuerit.
1502 528 1791 597 Quomodo
1845 528 2029 600 itaque

434 620 719 690 propheta!
749 630 845 675 aut
888 621 975 677 lex
1011 638 1043 677 a
1094 624 1239 678 malo
1295 621 1545 694 inspirati
1600 638 1723 683 esse
1772 630 2026 694 possunt,

434 713 880 783 quandoquidem
919 714 995 769 illi
1030 714 1471 785 pncnuntiarunt
1501 714 1843 786 mysterium,
1879 713 2026 785 quod

436 804 740 860 artiﬁcibus
772 806 952 860 onmis
975 806 1272 876 impietatis
1301 805 1406 861 fuit
1436 806 1854 862 absconditum?
1882 805 2023 859 Ilur-

432 909 530 950 sus
564 894 687 950 aliis
728 895 781 961 in
827 894 963 951 locis
985 897 1244 952 eumdem
1279 898 1477 964 Deum,
1507 913 1619 952 non
1668 912 1800 953 vero
1855 895 2025 951 alium

434 995 600 1056 atque
627 986 818 1053 alium,
845 986 976 1042 olim
1005 1003 1105 1059 per
1136 988 1454 1060 prophetas,
1516 988 1733 1045 tandem
1763 1004 1897 1044 vero
1929 1003 2027 1060 per

436 1079 633 1134 Filium
658 1089 887 1136 testatur
913 1081 1153 1138 locutum
1198 1103 1223 1156 τε
1249 1083 1602 1155 Multifariam
1634 1084 1806 1146 enim,
1841 1083 1940 1149 ait,
1975 1093 2026 1139 et

432 1171 615 1227 multis
639 1173 808 1228 modis
834 1173 960 1227 olim
996 1174 1136 1229 Deus
1164 1176 1406 1244 patribus
1442 1177 1635 1230 nostris
1662 1192 1756 1246 per
1797 1176 2024 1246 prop/te-

430 1275 515 1320 (αδ
552 1264 776 1329 locutus,
813 1267 1021 1333 ultimis
1059 1267 1240 1322 diebus
1256 1268 1337 1322 his
1363 1285 1458 1339 per
1487 1268 1683 1322 Filium
1714 1268 1920 1323 locutus
1949 1277 2026 1323 est

433 1357 579 1411 nobis
601 1359 666 1412 ¹³.
709 1358 881 1427 Idem,
912 1359 1160 1430 inquam,
1194 1376 1304 1417 non
1344 1361 1486 1416 alius
1517 1372 1682 1431 atque
1707 1360 1869 1415 alius.
1919 1358 2024 1427 Qui

433 1449 597 1520 igitur
627 1447 839 1504 Novum
878 1448 1289 1507 Testamentum
1316 1467 1416 1522 per
1448 1449 1649 1507 Filium
1677 1452 1884 1507 mundo
1918 1452 2024 1506 lar-

430 1542 577 1612 gitus
614 1551 721 1608 est,
775 1544 945 1611 idem,
993 1544 1149 1614 juxta
1195 1544 1446 1610 Paulum,
1482 1544 1597 1615 qui,
1634 1544 1683 1601 si
1712 1545 1838 1616 quis
1860 1544 2021 1613 alius,

428 1634 611 1689 divina
635 1634 887 1701 callebat,
919 1635 1159 1692 et-Vctus
1190 1652 1288 1708 per
1319 1636 1616 1708 prophetas
1642 1636 1846 1692 sanxit.
1873 1634 2023 1703 Quo-

405 1710 594 1782 imodo
625 1726 812 1798 itaque
862 1728 1164 1783 errantium
1205 1728 1372 1785 factio
1408 1728 1577 1784 alium
1601 1727 1824 1800 quidem
1855 1727 2021 1795 illius,

2131 526 2400 599 ἐπιταγὴν
2427 527 2522 582 τοῦ
2554 528 2777 584 αἰωνίου
2806 530 2944 584 Θεοῦ
2964 570 2980 595 ,
3015 532 3110 585 καὶ
3140 532 3315 587 εἰπεῖν
3348 533 3478 598 τοὺς
3506 538 3729 606 προφή-

2127 634 2229 683 τας
2256 618 2713 692 διαμαρτύρεται,
2747 621 2843 676 καὶ
2870 622 3120 693 άψευδῶς
3141 623 3491 695 προκηρύξαι
3520 627 3582 679 τὸ
3611 626 3728 695 πρὸ

2129 710 2342 764 αἰώνων
2378 712 2711 783 μυστήριον,
2745 712 2775 766 6
2813 713 2913 778 τὰς
2952 711 3205 779 ἐξουσίας
3250 714 3344 769 τοῦ
3378 715 3591 788 κόσμου
3622 716 3728 772 καὶ

2130 804 2293 859 αὑτὸν
2318 805 2532 860 διέλαθε
2558 805 2650 860 τὸν
2674 806 3131 878 Κοσμοκράτορα.
3159 808 3271 862 Καὶ
3291 807 3409 873 πῶς
3433 808 3501 863 ἂν
3526 810 3725 880 εῑησαν

2128 899 2175 952 οἰ
2220 898 2499 971 προφῆται
2537 899 2570 971 ἢ
2602 900 2631 953 6
2680 899 2846 970 νόμος
2874 899 3167 965 ἐπιπνοίας
3194 902 3445 973 πονηρᾶς
3468 942 3483 967 ,
3513 902 3727 957 ὁπόταν

2127 982 2273 1046 οὗτοι
2310 990 2412 1061 μὲν
2442 991 2854 1063 προεκήρυττον
2875 991 2938 1046 τὸ
2967 993 3296 1064 μυστήριον,
3326 994 3429 1064 τῆς
3459 994 3518 1048 δέ
3546 1010 3725 1065 πονη-

2132 1081 2253 1153 ρίας
2281 1082 2466 1154 πάσης
2497 1081 2596 1155 τὴν
2626 1083 3041 1156 μηχανουργίαν
3070 1083 3418 1153 διελάνθανε;
3459 1086 3634 1140 Πάλιν
3660 1087 3725 1140 δὲ

2127 1174 2224 1229 καὶ
2255 1176 2314 1228 ἐν
2348 1173 2529 1240 ἄλλοις
2561 1175 2725 1229 αὑτὸν
2760 1176 2894 1230 Θεὸν
2929 1176 3026 1231 καὶ
3062 1177 3164 1232 οὐκ
3194 1177 3354 1231 ἄλλον
3380 1178 3475 1233 καί
3514 1178 3679 1233 ἄλλον
3703 1220 3723 1244 ,

2127 1265 2299 1320 πάλαι
2326 1265 2426 1337 μέν
2450 1267 2510 1320 ἐν
2529 1269 2639 1332 τοῖς
2667 1267 2977 1338 προφήταις
2993 1268 3428 1340 διαμαρτύρεται
3455 1270 3720 1343 λαλῆσαι,

2128 1355 2356 1430 ὓστερον
2381 1358 2441 1413 δέ
2471 1359 2530 1413 ἐν
2559 1359 2634 1429 τῷ
2677 1358 2812 1430 Υίῷ.
2853 1358 3213 1431 Πολυμερῶς
3241 1361 3379 1435 γὰρ,
3413 1363 3583 1433 φησὶ,
3612 1365 3723 1417 καί

2125 1451 2520 1519 πολυτρόπως
2549 1449 2737 1505 πάλαι
2768 1453 2803 1506 ό
2841 1452 2986 1519 Θεὸς
3008 1452 3295 1521 λαλήσας
3320 1453 3447 1521 τοῖς
3488 1456 3721 1525 πατρά·

2125 1557 2233 1596 σιν
2259 1543 2331 1597 ἐν
2359 1543 2486 1610 τοῖς
2515 1543 2873 1613 προφήταις,
2907 1544 3001 1599 ἐπ’
3030 1544 3298 1614 ἐσχάτου
3322 1547 3445 1602 τῶν
3472 1550 3722 1619 ἡμερῶν

2126 1635 2353 1689 τούτων
2381 1634 2695 1704 ἐλάλησεν
2723 1635 2870 1706 ἡμῖν
2895 1636 2967 1691 ἐν
2991 1635 3120 1703 Υἰῷ·
3170 1639 3200 1693 6
3228 1638 3413 1706 αὐτὸς,
3444 1639 3559 1695 ἀλλ’
3609 1644 3722 1696 οὐκ

2124 1724 2286 1791 ἄλλος
2314 1727 2410 1780 καὶ
2436 1725 2693 1791 ἄλλος.”υ
2721 1722 2815 1783 οὖν
2846 1728 2949 1800 τὴν
2982 1728 3194 1802 Καινὴν
3230 1731 3511 1801 Διαθήκην
3548 1734 3609 1788 ἐν
3635 1735 3721 1806 τῷ

430 1817 602 1873 alium
638 1833 768 1874 vero
801 1816 965 1886 Novi,
1015 1820 1384 1892 legislatorem
1435 1829 1494 1877 et
1527 1820 1702 1876 Deum
1733 1818 1927 1892 ﬁngit?
1961 1819 2018 1875 Si

2124 1815 2242 1885 Υἱῷ
2283 1820 2651 1886 χαρισάμενος
2687 1816 2766 1888 τῷ
2800 1819 3011 1889 κόσμῳ,
3055 1819 3083 1872 6
3120 1819 3289 1884 αὐτὸς
3334 1822 3477 1877 κατὰ
3520 1826 3616 1877 τὸν
3642 1825 3723 1879 τὰ

429 1924 563 1965 vero
621 1910 787 1965 etiam
830 1911 899 1965 ab
941 1910 1102 1966 initio
1130 1921 1335 1966 terram
1375 1911 1624 1969 fundavit
1668 1910 1835 1979 Deus,
1878 1910 2021 1967 sicut

428 2001 577 2058 idem
626 2000 1015 2072 mysteriorum
1061 2017 1266 2074 gnarus
1310 2010 1367 2059 et
1426 2003 1619 2060 doctor
1662 2002 2021 2074 scriptionem

428 2093 573 2149 hanc
611 2106 827 2147 sacram
856 2093 1129 2166 obsignat,
1160 2102 1217 2149 et
1241 2094 1367 2150 caeli
1394 2110 1562 2166 opera
1609 2109 1875 2150 manuum
1901 2093 2022 2164 ejus

425 2195 554 2241 sunt
611 2183 761 2257 (nam
793 2183 1043 2252 Davidis,
1084 2185 1180 2255 qui
1224 2185 1324 2241 Dei
1369 2195 1527 2258 pater
1570 2195 1679 2253 est,
1741 2188 2020 2243 canticum

424 2276 697 2333 adhibens
726 2278 951 2347 suisque
980 2276 1235 2349 cogitatis
1274 2286 1524 2335 attexens
1561 2277 1697 2334 illud
1721 2293 1753 2334 a
1788 2277 1901 2335 Deo
1931 2278 2017 2333 in-

424 2368 687 2440 spiratum
700 2383 824 2425 esse
845 2368 1047 2440 innuit)
1071 2387 1087 2439 ;
1103 2369 1377 2441 quomodo
1393 2368 1735 2425 defectorum
1755 2370 2020 2426 colluvies

424 2458 561 2514 falso
630 2459 877 2531 quidem,
942 2461 1041 2517 sed
1088 2471 1269 2518 tamen
1333 2469 1558 2517 externa
1627 2462 1831 2533 specie,
1899 2462 2019 2517 haec

340 2598 343 2601 λ
412 2551 818 2624 praedicantem
841 2552 1127 2609 doctorem
1157 2569 1320 2610 suum
1371 2554 1647 2626 appellare
1704 2570 1818 2610 non
1859 2571 2019 2611 vere-

426 2644 550 2699 tur?
580 2642 828 2716 Namque
850 2645 920 2700 ab
949 2660 1017 2701 eo
1040 2647 1224 2702 vocari
1266 2662 1328 2704 se
1363 2647 1577 2710 volunt,
1602 2649 1697 2719 qui
1726 2654 1783 2703 ct
1810 2663 1877 2703 eo
1900 2648 2019 2719 ipso

410 2752 454 2792 -a
486 2736 605 2810 lege
624 2737 747 2809 ejus
770 2738 1060 2795 recedunt.
1098 2739 1240 2795 Num
1284 2740 1434 2795 enim
1470 2738 1675 2795 Paulus
1722 2740 2020 2797 crucifixus

422 2838 510 2887 est
540 2846 641 2902 pro
672 2831 856 2897 nobis,
915 2841 1010 2888 aut
1045 2848 1178 2888 nu
1212 2832 1267 2888 in
1297 2832 1449 2889 Pauli
1497 2850 1701 2889 nomen
1756 2834 2017 2905 baptizati

424 2926 661 2982 sumus?
687 2925 814 2995 Aut,
847 2926 1003 2998 (num
1028 2927 1213 2984 dicere
1259 2928 1445 2999 licet?)
1505 2926 1617 3000 Ego
1661 2928 1870 3000 quidem
1899 2944 2018 2984 sum

424 3016 611 3085 Pauli,
639 3034 733 3089 ego
767 3018 977 3089 Apollo,
1010 3035 1105 3091 ego
1163 3035 1284 3074 vero
1335 3018 1558 3090 Cephise:
1622 3020 1888 3075 divisusne
1940 3029 2016 3075 est

413 3108 661 3166 Christus
688 3112 774 3166 “?
803 3110 1178 3167 Atenimvero
1209 3112 1482 3178 homines,
1506 3112 1623 3184 'qui
1667 3113 1832 3168 etiam
1872 3122 2011 3181 tum,

433 3202 1127 3275 ﬂiispecioscluqnuntur,
1166 3219 1450 3262 sermones
1479 3219 1630 3273 suos,
1675 3205 1744 3261 ad
1775 3206 2013 3278 gravita-

412 3302 537 3349 "tem
584 3295 943 3366 compositos,
1002 3296 1314 3354 actionibus
1340 3298 1658 3369 deturpant,
1699 3298 1766 3353 ad
1808 3313 2013 3354 nomen

416 3388 766 3462 confugiunt,
796 3399 858 3445 ut
879 3389 1113 3446 dedecus
1149 3389 1377 3456 evitent,
1411 3388 1468 3443 in
1495 3388 1641 3460 quod
1670 3403 1767 3444 eos
1787 3388 2015 3460 conjicit

423 3482 511 3537 vel
535 3482 714 3539 solum
738 3482 885 3538 illius
910 3498 1139 3550 nomen,
1165 3498 1329 3553 quem
1363 3481 1571 3537 erroris
1593 3481 1801 3539 habent
1823 3491 2013 3537 aucto-

424 3589 563 3629 rem.
595 3574 663 3629 At
685 3574 962 3645 quomodo
986 3590 1100 3629 non
1133 3573 1552 3630 confunduntur
1575 3574 1863 3642 homines,
1893 3573 2011 3645 qui,

423 3664 595 3720 Paulo
620 3680 754 3720 voce
785 3665 1045 3721 Davidica
1098 3665 1223 3721 caeli
1254 3674 1309 3721 et
1340 3673 1501 3721 teme
1527 3664 1884 3721 Conditorem
1913 3680 2014 3722 ve-

418 3772 547 3813 rum
578 3767 633 3814 et
661 3759 865 3814 bonum
899 3758 1069 3815 Deuln
1098 3774 1220 3815 esse
1251 3758 1615 3831 praedicante,
1675 3759 1845 3815 alium
1885 3759 2013 3831 qui-

422 3852 550 3906 dem
589 3852 734 3917 coeli,
788 3851 956 3906 alium
1003 3860 1165 3907 terra:
1216 3851 1561 3908 conditorem
1607 3866 1729 3907 esse
1766 3851 2010 3919 tradunt,

423 3958 604 4014 neque
635 3944 867 3999 audiunt
893 3944 1012 3998 haec
1035 3943 1396 3999 clamantem:
1434 3944 1625 3999 Decuit
1648 3960 1788 4011 eum,
1822 3944 1874 3999 id
1905 3952 2009 4010 est,

426 4035 663 4101 Patrem,
726 4046 941 4106 propter
968 4053 1123 4107 quem
1151 4038 1352 4105 omnia,
1410 4044 1459 4091 ct
1489 4052 1583 4106 per
1611 4054 1767 4108 quem
1806 4038 2008 4104 omnia,

424 4137 588 4198 atque
620 4127 727 4182 hoc
752 4126 869 4197 ipso
901 4142 1009 4183 non
1035 4126 1255 4197 quidem
1280 4127 1667 4199 quorumdam,
1703 4128 2012 4200 aliquorum

428 4233 559 4274 vero
587 4234 696 4272 non
731 4218 884 4285 item,
937 4218 1033 4273 sed
1062 4219 1306 4274 omnium
1337 4219 1500 4275 simul
1539 4220 1895 4278 Conditorem
1926 4237 2012 4278 re-

427 4311 804 4365 nuntiantem?
825 4309 983 4367 Unde
1010 4326 1140 4366 vero
1172 4323 1417 4382 apparet,
1437 4312 1582 4383 quod
1604 4312 1671 4367 de
1704 4311 1866 4368 Patre
1894 4313 2012 4367 hinc

424 4405 716 4477 loquatur?
768 4402 930 4461 Certe
982 4405 1291 4474 verborumj
1340 4405 1512 4461 series
1580 4406 1805 4463 exhibet
1865 4423 2007 4472 eum,

2123 1904 2264 1972 θεῖα,
2294 1907 2456 1978 εἰπερ
2491 1925 2577 1972 τις
2609 1907 2789 1973 ἄλλος,
2822 1909 3009 1979 σοφὸν,
3043 1913 3137 1964 καί
3166 1913 3225 1965 ἐν
3256 1914 3371 1976 τοῖς
3396 1915 3721 1985 προφήταις

2121 1997 2329 2053 διέθετο
2360 1999 2462 2072 τὴν
2507 2000 2777 2055 Παλαιὰν.
2814 2002 2927 2056 Καὶ
2972 2002 3092 2067 πῶς
3125 2004 3157 2074 ἡ
3192 2003 3371 2075 πλάνη
3404 2005 3563 2061 ἄλλον
3611 2008 3721 2077 μὲν

2122 2089 2360 2162 ἐκείνης,
2380 2092 2570 2163 ἓτερον
2591 2091 2647 2147 δὲ
2666 2093 2766 2163 τῆς
2790 2094 3020 2166 Καινῆς,
3053 2095 3388 2151 ἀναπλάττει
3412 2097 3720 2169 νομοθέτην

2122 2181 2219 2236 καὶ
2248 2182 2416 2249 Θεόν;
2447 2184 2510 2237 Εἰ
2543 2183 2603 2238 δέ
2633 2185 2727 2238 καὶ
2760 2184 2881 2239 κατ’
2911 2184 3089 2257 ἀρχάς
3122 2186 3220 2258 μὲν
3253 2186 3356 2259 τὴν
3386 2188 3491 2259 γῆν
3533 2191 3561 2242 6
3594 2188 3718 2243 Κύ-

2125 2290 2236 2344 ριος
2255 2273 2640 2346 ἐϐεμελίωσεν,
2665 2277 2742 2342 ὡς
2765 2277 2794 2330 6
2816 2278 2976 2341 αὐτὸς
3002 2276 3217 2351 μύστης
3242 2280 3351 2334 τῶν
3374 2281 3718 2354 ἀπορρήτων

2122 2368 2219 2422 καὶ
2262 2369 2620 2439 μυσταγωγὸς
2658 2369 2865 2443 ταύτην
2895 2370 2995 2444 τὴν
3042 2373 3195 2443 ἱερὰν
3244 2373 3718 2446 ἐπισφραγίξεται

2121 2458 2365 2531 Γραφὴν,
2404 2460 2497 2523 καὶ
2527 2460 2665 2532 ἔργα
2707 2460 2817 2514 τῶν
2845 2462 3050 2534 χειρῶν
3077 2463 3244 2518 αὑτοῦ
3275 2465 3417 2519 εἰσιν
3448 2467 3498 2519 οί
3539 2466 3719 2539 οὐρα-

2120 2552 2203 2605 νοὶ
2235 2550 2255 2623 (
2273 2551 2367 2605 καί
2394 2551 2504 2623 γὰρ
2532 2552 2633 2621 τὴν
2656 2551 2753 2606 τοῦ
2784 2552 3118 2625 θεοπάτορος
3153 2554 3266 2628 (38)
3300 2556 3573 2629 μελῳδίαν
3609 2557 3717 2612 λα-

2120 2641 2253 2711 ϐὼν,
2276 2642 2504 2708 καὶτοῖς
2528 2644 2755 2709 οἰκείοις
2772 2646 3077 2716 ἐνυφαίνων
3101 2648 3337 2719 νοήμασι
3362 2649 3425 2702 τὸ
3453 2648 3719 2703 θεόπνευ-

2121 2751 2247 2790 στον
2303 2735 2519 2808 ἐκείνης
2568 2736 2836 2809 βεϐαιοῖ),
2889 2738 3008 2803 πῶς
3054 2739 3156 2793 οὐκ
3206 2739 3557 2812 αἰσχύνονται
3605 2742 3717 2813 τῆς

2118 2828 2462 2892 άποστασίας
2514 2830 2577 2883 τὸ
2634 2829 2957 2903 σύνταγμα,
2991 2831 3170 2886 καίτοι
3215 2832 3425 2903 ψευδῶς
3462 2833 3593 2905 μὲν,
3630 2834 3717 2888 δι-

2117 2920 2387 2976 δάσκαλον
2424 2922 2482 2975 δέ
2522 2922 2694 2994 ὅμως,
2733 2924 2826 2977 τὸν
2858 2923 3034 2978 ταῦτα
3075 2923 3427 2997 κηρύσσοντα
3470 2926 3713 2998 ὐποκρι-

2115 3014 2335 3085 νόμενοι
2364 3014 2586 3083 καλεῖν;
2629 3015 2737 3068 Καὶ
2774 3014 2885 3090 γὰρ
2915 3016 3317 3088 ἐπιγράφονται
3345 3016 3535 3072 τοῦτον
3564 3019 3711 3089 (39),

2117 3105 2453 3179 πράττοντες
2483 3106 2583 3179 μὲν
2603 3106 2879 3161 καὶτοῦτο
2907 3109 3061 3179 παρὰ
3086 3109 3180 3163 τὸν
3206 3110 3370 3182 νόμον
3397 3110 3587 3164 αὑτοῦ.
3610 3112 3712 3182 Μὴ

2116 3200 2225 3273 γὰρ
2252 3200 2464 3264 Παῦλος
2501 3200 2821 3273 ἐσταυρώοη
2855 3202 2998 3274 ὑπὲρ
3036 3201 3218 3274 ἡμῶν,
3257 3201 3291 3273 ἢ
3324 3205 3406 3268 εἰς
3442 3202 3503 3258 τὸ
3531 3203 3711 3273 ὄνομα

2115 3291 2330 3347 Παύλου
2376 3292 2813 3365 ἐϐαπτίσθημεν;
2839 3294 3119 3363 καί,Ἐγὼ
3144 3296 3264 3365 μέν
3286 3298 3404 3367 εἰμι
3431 3298 3707 3366 Παύλου,

2112 3387 2230 3458 ἐγὼ
2255 3386 2326 3441 δὲ
2358 3386 2567 3457 Κηφᾶο
2601 3386 2955 3459 μεμέρισται
2986 3391 3020 3444 ό
3049 3392 3307 3460 Χριστός
3324 3407 3345 3456 ;
3375 3390 3524 3463 Πλὴν
3561 3391 3710 3447 ἀλλὰ

2114 3479 2213 3534 καὶ
2241 3482 2299 3535 ἐν
2323 3474 2368 3549 ᾧ
2393 3478 2848 3550 σεμνολογοῦνται
2879 3480 2971 3535 διὰ
3001 3482 3103 3553 τῆς
3129 3482 3496 3555 παραϐάσεως
3521 3484 3710 3538 αὐτῶν

2114 3574 2434 3646 ὑϐρίζοντες
2455 3574 2517 3627 τὸ
2547 3573 2851 3644 σεμνολόγη
2862 3591 2959 3644 μα,
2993 3575 3407 3645 καταφεύγουσι
3433 3577 3569 3648 πρὸς
3599 3577 3710 3649 τὴν

2113 3667 2330 3739 κλῆσιν,
2371 3667 2460 3721 ἶνα
2490 3666 2707 3738 φύγωσι
2735 3668 2835 3739 τὴν
2864 3667 3149 3741 αἰσχύνην,
3177 3671 3257 3734 εἰς
3283 3670 3351 3743 ἢν
3378 3670 3576 3736 αὐτοὺς
3600 3673 3711 3743 ἐμ-

2116 3760 2323 3825 ϐάλλει,
2349 3760 2446 3815 καὶ
2480 3760 2642 3832 μόνον
2676 3761 2864 3833 ῥηθεὶς
2890 3764 2919 3817 6
2943 3762 3045 3833 τῆς
3073 3763 3416 3827 ἁποστασίας
3444 3763 3710 3818 διδάσκα-

2113 3853 2224 3918 λος.
2262 3853 2424 3907 Ἀλλά
2446 3853 2556 3925 γάρ
2583 3852 2701 3918 πῶς
2727 3854 2787 3907 ού
2814 3853 3210 3922 καταδύονται;
3236 3855 3334 3909 τοῦ
3368 3855 3465 3926 μὲν
3482 3854 3706 3909 Παύλου

2113 3944 2204 3999 διὰ
2234 3945 2333 4015 τῆς
2360 3944 2652 4016 Δαυῖδικῆς
2684 3946 2907 4015 φωνῆς,
2940 3944 3174 4016 οὐρανοῦ
3206 3945 3301 4000 καὶ
3331 3947 3437 4018 γῆς
3467 3950 3709 4019 ποιητὴν

2113 4035 2204 4090 τὸν
2233 4035 2491 4107 ἀληθινὸν
2524 4036 2620 4089 καὶ
2650 4035 2855 4106 ἀγαθὸν
2901 4036 3037 4091 Θεὸν
3064 4036 3514 4104 ἐκδιδάσκοντος,
3544 4041 3708 4093 αὐτοὶ

2112 4126 2365 4193 λέγοντες
2409 4125 2570 4180 ἄλλον
2612 4125 2711 4198 μὲν
2740 4121 2882 4181 εἶναι
2913 4126 3005 4180 τὸν
3036 4126 3270 4197 ούρανοῦ
3300 4128 3554 4199 ποιητὴν,
3599 4130 3704 4198 δη·-

2116 4237 2239 4292 μιου
2249 4220 2378 4291 ργὺν
2405 4220 2461 4273 δέ
2478 4221 2577 4290 τῆς
2596 4218 2701 4289 γῆς
2726 4219 2938 4288 ἓτερον,
2957 4219 3077 4273 οὐδὲ
3102 4218 3264 4272 τοῦτο
3283 4220 3338 4273 δὲ
3358 4220 3708 4285 ἀναϐοῶντος

2113 4315 2375 4387 ἤκουσαν,
2413 4315 2498 4367 ὅτι
2535 4314 2840 4382 Ἔπρεπεν
2869 4311 3063 4378 αὐτῷ,
3096 4312 3344 4365 τουτέστι
3375 4312 3452 4384 τῷ
3498 4314 3705 4386 Πατρί,

2111 4405 2187 4459 δι’
2214 4404 2289 4459 ὃν
2316 4406 2389 4459 τὰ
2416 4404 2633 4470 πάντα,
2667 4403 2764 4458 καί
2792 4404 2868 4457 δι’
2895 4398 2969 4459 οὗ
2992 4403 3066 4458 τὰ
3097 4402 3318 4469 πάντα,
3348 4405 3496 4468 ὅπως
3521 4405 3580 4457 οὐ
3614 4424 3704 4460 τι-

421 4499 512 4570 qui
534 4499 672 4570 ﬁlios
704 4498 896 4552 multas
962 4498 1020 4551 in
1068 4496 1296 4569 gloriam
1344 4498 1552 4552 duxerit
1590 4499 1776 4554 ducem
1817 4500 2009 4556 salutis

2120 4497 2223 4552 νῶν
2244 4497 2365 4568 μὲν,
2396 4495 2561 4550 τινῶν
2586 4495 2641 4549 δὲ
2665 4494 2750 4561 οὒ,
2782 4494 2919 4548 ἀλλὰ
2951 4495 3167 4549 πάντων
3188 4495 3395 4565 ὁμοίως
3424 4498 3707 4568 Δημιουρ-

422 4605 623 4655 eorum,
643 4605 736 4658 per
759 4590 1027 4659 passiones
1054 4587 1664 4654 eonsummasse”.Quis
1691 4589 1840 4644 enim
1869 4606 2014 4661 prte-

425 4692 507 4738 ter
550 4696 743 4738 verum
786 4681 957 4737 Dettm
1020 4690 1076 4736 et
1128 4679 1345 4735 Patrem
1391 4678 1609 4734 Domini
1658 4681 1833 4736 nostri
1880 4679 2013 4737 Jesu

421 4771 647 4839 Christi,
671 4773 757 4828 vel
779 4774 977 4828 multos
998 4771 1139 4827 ﬁlios
1155 4770 1479 4837 introduxit,
1500 4771 1587 4826 vel
1607 4770 1801 4826 ducem
1819 4785 2011 4826 eorum

422 4878 522 4934 per
548 4864 831 4933 passiones
860 4863 1132 4934 perfecit?
1199 4863 1350 4918 Idem
1407 4878 1541 4919 vero
1587 4862 1673 4918 vir
1700 4864 1918 4921 divinus
1957 4874 2014 4920 et

422 4963 665 5018 sanctus.
714 4971 839 5012 cum
893 4957 1187 5013 Dominum
1226 4964 1477 5012 nostrum
1511 4956 1701 5013 Jesum
1729 4957 2010 5015 Christum

421 5056 615 5104 nosset
639 5048 840 5104 habere
864 5060 1188 5121 potestatem
1219 5059 1276 5106 et
1295 5049 1585 5122 imperium
1608 5064 1642 5105 a
1662 5050 1824 5106 Patre
1868 5051 2014 5107 indi-

424 5138 623 5205 visum,
657 5139 785 5193 alibi
808 5140 877 5195 de
895 5156 962 5195 eo
991 5145 1069 5196 ait
1095 5159 1109 5195 :
1141 5141 1295 5208 Quod
1325 5158 1390 5197 ea:
1418 5143 1554 5213 ipso,
1600 5148 1653 5196 et
1690 5159 1784 5212 per
1814 5144 2010 5213 ipsum,

497 5300 544 5333 "
560 5299 726 5357 Hebr.
750 5318 789 5369 I,
823 5302 873 5355 l.
952 5299 1045 5356 ιιι
1085 5300 1269 5368 Com,
1307 5301 1397 5369 12,
1429 5301 1521 5357 15.
1600 5301 1645 5334 ⁸⁸
1673 5300 1929 5375 Hebr.,tt,
1956 5304 2041 5360 l0.

2112 4588 2209 4659 γὸν
2238 4586 2611 4660 καταγγέλλῃ.
2638 4587 2748 4640 Καὶ
2777 4587 2941 4640 πόθεν
2969 4585 3151 4657 δῆλον,
3188 4586 3273 4640 ὅτι
3302 4587 3430 4658 περί
3461 4587 3557 4641 τοῦ
3591 4590 3708 4641 Πα-

2110 4680 2241 4754 τρὺς
2300 4680 2459 4735 τοῦτό
2532 4697 2733 4751 φησινς
2812 4679 2877 4732 Ἡ
2938 4680 3049 4735 τῶν
3118 4680 3384 4752 ῥημάτων
3446 4679 3707 4752 συνέχεια

2112 4774 2379 4845 παριστᾷ,
2409 4769 2884 4839 πολλοὺςοινίοὺς
2912 4774 2997 4838 εἰς
3032 4771 3222 4837 δόξαν
3259 4772 3562 4841 ἀγαγόντα
3594 4773 3710 4825 τὸν

2111 4867 2385 4938 ἀρχηγὸν
2443 4866 2555 4935 τῆς
2606 4866 2903 4935 σωτηρίας
2942 4865 3143 4920 αὐτῶν
3192 4864 3290 4920 διὰ
3336 4864 3710 4934 παθημάτων

2111 4958 2450 5015 τελειῶσαι.
2496 4958 2594 5021 Τίς
2627 4957 2738 5029 γὰρ
2776 4958 2930 5029 παρὰ
2978 4958 3072 5011 τὸν
3112 4956 3368 5029 ἀληθινὸν
3417 4956 3553 5009 Θεὸν
3607 4957 3710 5010 καὶ

2111 5054 2337 5125 Πατέρα
2366 5053 2462 5107 τοῦ
2493 5052 2702 5124 Κυρίου
2726 5051 2886 5122 ἡμῶν
2920 5050 3093 5120 Ἰησοῦ
3114 5050 3377 5121 Χριστοῦ,
3406 5049 3442 5122 ἢ
3471 5049 3712 5113 πολλοὺς

2111 5139 2413 5216 εἰσήγαγεν
2438 5144 2610 5208 υἱοὺς,
2637 5143 2670 5214 ἦ
2700 5143 2792 5197 τὸν
2815 5143 3059 5214 ἀρχηγὸν
3086 5141 3268 5197 αὐτῶν
3295 5142 3581 5197 ἐτελείωσε
3613 5142 3711 5196 διὰ

1553 5412 1790 5470 nam
1832 5412 2216 5472 LECTIONES
2252 5412 2342 5471 ET
2379 5398 2613 5470 nom.

491 5506 1035 5582 (58)γΘεοπὰτορος.
1087 5506 1165 5582 Ita
1208 5507 1515 5582 appellatur
1547 5506 1713 5560 David
1755 5515 2008 5582 respe_ctu

418 5576 649 5646 Christi,
669 5579 759 5649 qui
787 5593 855 5632 ex
879 5580 1098 5649 semine
1112 5576 1255 5647 ejus,
1289 5585 1348 5649 ut
1373 5577 1557 5640 homo,
1577 5576 2009 5649 natusest.__Eo-

420 5646 787 5718 demnom'ine
805 5652 851 5701 is
874 5647 1296 5718 venitlﬁonysio
1322 5647 1839 5718 Areopagitaerepi‘st.
1868 5646 2008 5712 VIII,

422 5733 477 5775 et
520 5716 662 5779 aliis.
709 5717 976 5774 Similiter
1019 5716 1188 5772 Maria
1219 5718 1523 5787 Θεομήτωρ
1546 5716 1709 5771 audit
1746 5716 2008 5788 Gregorio
2050 5735 2056 5741 ·

420 5790 667 5863 Nysseno
689 5790 743 5843 in
770 5787 921 5843 Orat.
951 5787 1020 5844 de
1041 5805 1271 5846 occursu
1306 5789 1543 5843 Domini.

2187 5507 2300 5578 (39)
2332 5507 2793 5580 'Emwdismat
2811 5506 3047 5562 τοῦτον.
3068 5506 3204 5562 llinc
3222 5508 3363 5564 forte
3377 5524 3485 5565 non
3502 5522 3712 5580 praeter

2116 5593 2232 5631 rem
2273 5578 2531 5647 colligas,
2587 5578 2933 5633 Paulicianos
2982 5594 3182 5633 nomen
3235 5596 3393 5635 suum
3446 5578 3707 5639 a'l’aulo

2115 5647 2697 5725 apostolorepcliissc,
2720 5648 2813 5725 qui
2842 5665 2971 5725 vere
2990 5691 3005 5714 ,
3037 5657 3097 5702 ttt
3118 5665 3278 5725 supra
3305 5650 3566 5707 traditum
3589 5663 3703 5721 est,

2115 5733 2146 5773 a
2178 5718 2348 5773 Paulo
2375 5718 2533 5789 longe
2560 5720 2866 5774 recentiore
2898 5720 2971 5775 ita
3009 5719 3446 5789 appellabantur.
