  <div class='ocr_page' id='page_1' title='image "/cluster/home/n/w/nwhite01/storage/ocr_20150623/102:no.2/coo.31924054870062/086.png"; bbox 0 0 3986 6504; ppageno 0'>
   <div class='ocr_carea' id='block_1_1' title="bbox 323 425 425 492">
    <p class='ocr_par' dir='ltr' id='par_1_1' title="bbox 323 425 425 492">
     <span class='ocr_line' id='line_1_1' title="bbox 323 425 425 492; baseline 0.02 -2"><span class='ocrx_word' id='word_1_1' title='bbox 323 425 425 492; x_wconf 76' lang='grc'><strong>145</strong></span> 
     </span>
    </p>
   </div>
   <div class='ocr_carea' id='block_1_2' title="bbox 1352 431 2556 497">
    <p class='ocr_par' dir='ltr' id='par_1_2' title="bbox 1352 431 2556 497">
     <span class='ocr_line' id='line_1_2' title="bbox 1352 431 2556 497; baseline 0.005 -6"><span class='ocrx_word' id='word_1_2' title='bbox 1352 431 1652 493; x_wconf 83' lang='lat' dir='ltr'><strong>CONTRA</strong></span> <span class='ocrx_word' id='word_1_3' title='bbox 1687 433 2149 497; x_wconf 73' lang='lat' dir='ltr'><strong>MANICH/EOS</strong></span> <span class='ocrx_word' id='word_1_4' title='bbox 2184 435 2416 496; x_wconf 81' lang='lat' dir='ltr'><strong>LIBER</strong></span> <span class='ocrx_word' id='word_1_5' title='bbox 2442 436 2556 497; x_wconf 90' lang='lat' dir='ltr'><strong>III.</strong></span> 
     </span>
    </p>
   </div>
   <div class='ocr_carea' id='block_1_3' title="bbox 3484 427 3585 518">
    <p class='ocr_par' dir='ltr' id='par_1_3' title="bbox 3484 427 3585 518">
     <span class='ocr_line' id='line_1_3' title="bbox 3484 427 3585 518; baseline -0.03 -23"><span class='ocrx_word' id='word_1_6' title='bbox 3484 427 3585 518; x_wconf 78' lang='grc'><strong>146</strong></span> 
     </span>
    </p>
   </div>
   <div class='ocr_carea' id='block_1_4' title="bbox 321 538 1917 618">
    <p class='ocr_par' dir='ltr' id='par_1_4' title="bbox 321 538 1901 614">
     <span class='ocr_line' id='line_1_4' title="bbox 321 538 1901 614; baseline 0.003 -20"><span class='ocrx_word' id='word_1_7' title='bbox 321 540 695 609; x_wconf 73' lang='grc' dir='ltr'>παθημάτωνς</span> <span class='ocrx_word' id='word_1_8' title='bbox 739 538 797 592; x_wconf 90' lang='grc' dir='ltr'>Ὀ</span> <span class='ocrx_word' id='word_1_9' title='bbox 837 539 1002 603; x_wconf 77' lang='grc' dir='ltr'>αὐτὸς</span> <span class='ocrx_word' id='word_1_10' title='bbox 1033 539 1090 592; x_wconf 84' lang='grc' dir='ltr'>δὲ</span> <span class='ocrx_word' id='word_1_11' title='bbox 1141 540 1434 612; x_wconf 77' lang='grc' dir='ltr'><strong>μετάρσιος</strong></span> <span class='ocrx_word' id='word_1_12' title='bbox 1478 544 1574 598; x_wconf 70' lang='grc' dir='ltr'><strong>καὶ</strong></span> <span class='ocrx_word' id='word_1_13' title='bbox 1633 544 1774 614; x_wconf 72' lang='grc' dir='ltr'>ἱερὸς</span> <span class='ocrx_word' id='word_1_14' title='bbox 1807 546 1901 599; x_wconf 81' lang='grc' dir='ltr'><strong>ἄν-</strong></span> 
     </span>
    </p>
   </div>
   <div class='ocr_carea' id='block_1_5' title="bbox 2023 538 3592 618">
    <p class='ocr_par' dir='ltr' id='par_1_5' title="bbox 2023 547 3592 618">
     <span class='ocr_line' id='line_1_5' title="bbox 2023 547 3592 618; baseline 0.001 -17"><span class='ocrx_word' id='word_1_15' title='bbox 2023 556 2057 601; x_wconf 69' lang='grc' dir='ltr'>τι</span> <span class='ocrx_word' id='word_1_16' title='bbox 2108 549 2161 602; x_wconf 87' lang='lat' dir='ltr'><strong>in</strong></span> <span class='ocrx_word' id='word_1_17' title='bbox 2216 550 2328 618; x_wconf 80' lang='lat' dir='ltr'><strong>ipso</strong></span> <span class='ocrx_word' id='word_1_18' title='bbox 2383 550 2561 602; x_wconf 87' lang='lat' dir='ltr'><strong>omnia</strong></span> <span class='ocrx_word' id='word_1_19' title='bbox 2621 549 2855 602; x_wconf 77' lang='lat' dir='ltr'><strong>suntzei</strong></span> <span class='ocrx_word' id='word_1_20' title='bbox 2900 548 2966 601; x_wconf 90' lang='lat' dir='ltr'><strong>sit</strong></span> <span class='ocrx_word' id='word_1_21' title='bbox 3015 547 3185 618; x_wconf 67' lang='lat' dir='ltr'><strong>gloria</strong></span> <span class='ocrx_word' id='word_1_22' title='bbox 3227 548 3281 600; x_wconf 89' lang='lat' dir='ltr'><strong>in</strong></span> <span class='ocrx_word' id='word_1_23' title='bbox 3317 556 3592 602; x_wconf 69' lang='lat' dir='ltr'><strong>retentum.</strong></span> 
     </span>
    </p>
   </div>
   <div class='ocr_carea' id='block_1_6' title="bbox 319 631 1906 706">
    <p class='ocr_par' dir='ltr' id='par_1_6' title="bbox 319 631 1906 706">
     <span class='ocr_line' id='line_1_6' title="bbox 319 631 1906 706; baseline 0.005 -24"><span class='ocrx_word' id='word_1_24' title='bbox 319 634 533 703; x_wconf 77' lang='grc' dir='ltr'>θρωπος</span> <span class='ocrx_word' id='word_1_25' title='bbox 558 631 655 685; x_wconf 74' lang='grc' dir='ltr'><strong>καὶ</strong></span> <span class='ocrx_word' id='word_1_26' title='bbox 683 631 775 685; x_wconf 84' lang='grc' dir='ltr'>τὸν</span> <span class='ocrx_word' id='word_1_27' title='bbox 805 632 1013 702; x_wconf 83' lang='grc' dir='ltr'><strong>Κύριον</strong></span> <span class='ocrx_word' id='word_1_28' title='bbox 1041 633 1198 704; x_wconf 76' lang='grc' dir='ltr'>ἡμῶν</span> <span class='ocrx_word' id='word_1_29' title='bbox 1235 633 1445 704; x_wconf 80' lang='grc' dir='ltr'><strong>Ἰησοῦν</strong></span> <span class='ocrx_word' id='word_1_30' title='bbox 1467 635 1705 706; x_wconf 78' lang='grc' dir='ltr'>Χριστὸν</span> <span class='ocrx_word' id='word_1_31' title='bbox 1732 637 1906 690; x_wconf 82' lang='grc' dir='ltr'>ἀδιαί-</span> 
     </span>
    </p>
   </div>
   <div class='ocr_carea' id='block_1_7' title="bbox 321 723 1907 797">
    <p class='ocr_par' dir='ltr' id='par_1_7' title="bbox 321 723 1907 797">
     <span class='ocr_line' id='line_1_7' title="bbox 321 723 1907 797; baseline 0.004 -21"><span class='ocrx_word' id='word_1_32' title='bbox 321 741 474 795; x_wconf 85' lang='grc' dir='ltr'>ρετον</span> <span class='ocrx_word' id='word_1_33' title='bbox 518 723 679 786; x_wconf 79' lang='grc' dir='ltr'>εἰδὼς</span> <span class='ocrx_word' id='word_1_34' title='bbox 726 723 923 794; x_wconf 74' lang='grc' dir='ltr'>ἔχοντα</span> <span class='ocrx_word' id='word_1_35' title='bbox 975 724 1039 778; x_wconf 78' lang='grc' dir='ltr'><strong>τὸ</strong></span> <span class='ocrx_word' id='word_1_36' title='bbox 1084 726 1288 794; x_wconf 83' lang='grc' dir='ltr'>κράτος</span> <span class='ocrx_word' id='word_1_37' title='bbox 1335 726 1434 779; x_wconf 68' lang='grc' dir='ltr'><strong>καὶ</strong></span> <span class='ocrx_word' id='word_1_38' title='bbox 1483 726 1586 797; x_wconf 78' lang='grc' dir='ltr'>τὴν</span> <span class='ocrx_word' id='word_1_39' title='bbox 1626 726 1907 797; x_wconf 78' lang='grc' dir='ltr'>βασιλείαν</span> 
     </span>
    </p>
   </div>
   <div class='ocr_carea' id='block_1_8' title="bbox 319 813 1908 887">
    <p class='ocr_par' dir='ltr' id='par_1_8' title="bbox 319 813 1908 887">
     <span class='ocr_line' id='line_1_8' title="bbox 319 813 1908 887; baseline 0.005 -22"><span class='ocrx_word' id='word_1_40' title='bbox 319 814 454 884; x_wconf 73' lang='grc' dir='ltr'>πρὸς</span> <span class='ocrx_word' id='word_1_41' title='bbox 485 813 581 866; x_wconf 82' lang='grc' dir='ltr'><strong>τὸν</strong></span> <span class='ocrx_word' id='word_1_42' title='bbox 612 813 860 886; x_wconf 80' lang='grc' dir='ltr'>Πατέρα,</span> <span class='ocrx_word' id='word_1_43' title='bbox 896 814 956 867; x_wconf 83' lang='grc' dir='ltr'>ὲν</span> <span class='ocrx_word' id='word_1_44' title='bbox 985 814 1194 885; x_wconf 81' lang='grc' dir='ltr'>ἑτέροις</span> <span class='ocrx_word' id='word_1_45' title='bbox 1217 815 1348 887; x_wconf 74' lang='grc' dir='ltr'>περὶ</span> <span class='ocrx_word' id='word_1_46' title='bbox 1376 815 1543 870; x_wconf 81' lang='grc' dir='ltr'>αὐτοῦ</span> <span class='ocrx_word' id='word_1_47' title='bbox 1571 816 1743 886; x_wconf 83' lang='grc' dir='ltr'><strong>λέγει,</strong></span> <span class='ocrx_word' id='word_1_48' title='bbox 1785 818 1908 873; x_wconf 84' lang='grc' dir='ltr'>Ὅτι</span> 
     </span>
    </p>
   </div>
   <div class='ocr_carea' id='block_1_9' title="bbox 316 906 1904 975">
    <p class='ocr_par' dir='ltr' id='par_1_9' title="bbox 316 906 1904 975">
     <span class='ocr_line' id='line_1_9' title="bbox 316 906 1904 975; baseline 0.003 -14"><span class='ocrx_word' id='word_1_49' title='bbox 316 906 385 971; x_wconf 77' lang='grc' dir='ltr'><strong><em>ἐξ</em></strong></span> <span class='ocrx_word' id='word_1_50' title='bbox 410 907 600 961; x_wconf 83' lang='grc' dir='ltr'>αὑτοῦ</span> <span class='ocrx_word' id='word_1_51' title='bbox 636 906 737 960; x_wconf 82' lang='grc' dir='ltr'>καὶ</span> <span class='ocrx_word' id='word_1_52' title='bbox 766 907 842 961; x_wconf 80' lang='grc' dir='ltr'>δι’</span> <span class='ocrx_word' id='word_1_53' title='bbox 877 907 1064 962; x_wconf 84' lang='grc' dir='ltr'>αὐτοῦ</span> <span class='ocrx_word' id='word_1_54' title='bbox 1094 907 1197 962; x_wconf 74' lang='grc' dir='ltr'>καὶ</span> <span class='ocrx_word' id='word_1_55' title='bbox 1227 911 1316 975; x_wconf 85' lang='grc' dir='ltr'><strong>εἰς</strong></span> <span class='ocrx_word' id='word_1_56' title='bbox 1345 907 1535 964; x_wconf 85' lang='grc' dir='ltr'>αὐτὸν</span> <span class='ocrx_word' id='word_1_57' title='bbox 1571 910 1643 964; x_wconf 83' lang='grc' dir='ltr'>τὰ</span> <span class='ocrx_word' id='word_1_58' title='bbox 1686 911 1904 966; x_wconf 81' lang='grc' dir='ltr'>πάντα·</span> 
     </span>
    </p>
   </div>
   <div class='ocr_carea' id='block_1_10' title="bbox 317 994 1904 1068">
    <p class='ocr_par' dir='ltr' id='par_1_10' title="bbox 317 994 1904 1068">
     <span class='ocr_line' id='line_1_10' title="bbox 317 994 1904 1068; baseline 0.006 -22"><span class='ocrx_word' id='word_1_59' title='bbox 317 994 474 1059; x_wconf 80' lang='grc' dir='ltr'><strong>αὑτῷ</strong></span> <span class='ocrx_word' id='word_1_60' title='bbox 497 994 537 1061; x_wconf 75' lang='grc' dir='ltr'>ἡ</span> <span class='ocrx_word' id='word_1_61' title='bbox 565 994 722 1060; x_wconf 81' lang='grc' dir='ltr'>δόξα</span> <span class='ocrx_word' id='word_1_62' title='bbox 753 998 844 1062; x_wconf 74' lang='grc' dir='ltr'><strong>εἰς</strong></span> <span class='ocrx_word' id='word_1_63' title='bbox 885 995 1028 1062; x_wconf 84' lang='grc' dir='ltr'>τοὺς</span> <span class='ocrx_word' id='word_1_64' title='bbox 1061 996 1307 1064; x_wconf 76' lang='grc' dir='ltr'><strong>αἰῶνας.</strong></span> <span class='ocrx_word' id='word_1_65' title='bbox 1352 997 1551 1068; x_wconf 78' lang='grc' dir='ltr'><strong>Ἀμήν.</strong></span> <span class='ocrx_word' id='word_1_66' title='bbox 1583 999 1665 1053; x_wconf 84' lang='grc' dir='ltr'><strong>Τὰ</strong></span> <span class='ocrx_word' id='word_1_67' title='bbox 1694 1000 1904 1066; x_wconf 86' lang='grc' dir='ltr'>πάντα,</span> 
     </span>
    </p>
   </div>
   <div class='ocr_carea' id='block_1_11' title="bbox 287 1086 1909 1162">
    <p class='ocr_par' dir='ltr' id='par_1_11' title="bbox 287 1086 1909 1162">
     <span class='ocr_line' id='line_1_11' title="bbox 287 1086 1909 1162; baseline 0.006 -25"><span class='ocrx_word' id='word_1_68' title='bbox 287 1137 293 1144; x_wconf 84' lang='grc'><strong>,</strong></span> <span class='ocrx_word' id='word_1_69' title='bbox 318 1089 500 1154; x_wconf 75' lang='grc' dir='ltr'>φησὶν,</span> <span class='ocrx_word' id='word_1_70' title='bbox 533 1086 663 1156; x_wconf 68' lang='grc' dir='ltr'>οὐχὶ</span> <span class='ocrx_word' id='word_1_71' title='bbox 685 1086 758 1140; x_wconf 75' lang='grc' dir='ltr'>τὰ</span> <span class='ocrx_word' id='word_1_72' title='bbox 783 1086 953 1158; x_wconf 88' lang='grc' dir='ltr'>νοητά</span> <span class='ocrx_word' id='word_1_73' title='bbox 987 1087 1171 1158; x_wconf 89' lang='grc' dir='ltr'>μόνον,</span> <span class='ocrx_word' id='word_1_74' title='bbox 1200 1087 1278 1152; x_wconf 88' lang='grc' dir='ltr'><strong>ὡς</strong></span> <span class='ocrx_word' id='word_1_75' title='bbox 1314 1088 1364 1142; x_wconf 85' lang='lat' dir='ltr'><strong>ol</strong></span> <span class='ocrx_word' id='word_1_76' title='bbox 1401 1091 1709 1162; x_wconf 83' lang='grc' dir='ltr'><strong>μεμηνότες</strong></span> <span class='ocrx_word' id='word_1_77' title='bbox 1729 1132 1742 1157; x_wconf 93' lang='grc'><strong>,</strong></span> <span class='ocrx_word' id='word_1_78' title='bbox 1773 1092 1909 1146; x_wconf 81' lang='grc' dir='ltr'>ἀλλὰ</span> 
     </span>
    </p>
   </div>
   <div class='ocr_carea' id='block_1_12' title="bbox 317 1177 1910 1252">
    <p class='ocr_par' dir='ltr' id='par_1_12' title="bbox 317 1177 1910 1252">
     <span class='ocr_line' id='line_1_12' title="bbox 317 1177 1910 1252; baseline 0.003 -20"><span class='ocrx_word' id='word_1_79' title='bbox 317 1178 411 1234; x_wconf 77' lang='grc' dir='ltr'>καὶ</span> <span class='ocrx_word' id='word_1_80' title='bbox 437 1178 508 1232; x_wconf 74' lang='grc' dir='ltr'><strong>τά</strong></span> <span class='ocrx_word' id='word_1_81' title='bbox 533 1177 750 1250; x_wconf 82' lang='grc' dir='ltr'>ἀόρατα</span> <span class='ocrx_word' id='word_1_82' title='bbox 776 1181 956 1233; x_wconf 87' lang='grc' dir='ltr'>πάντα</span> <span class='ocrx_word' id='word_1_83' title='bbox 975 1178 1074 1250; x_wconf 83' lang='grc' dir='ltr'><strong>τῆς</strong></span> <span class='ocrx_word' id='word_1_84' title='bbox 1093 1178 1498 1252; x_wconf 84' lang='grc' dir='ltr'><strong>δημιουργικῆς</strong></span> <span class='ocrx_word' id='word_1_85' title='bbox 1529 1183 1698 1237; x_wconf 83' lang='grc' dir='ltr'>αὐτοῦ</span> <span class='ocrx_word' id='word_1_86' title='bbox 1736 1184 1910 1238; x_wconf 84' lang='grc' dir='ltr'>παλά-</span> 
     </span>
    </p>
   </div>
   <div class='ocr_carea' id='block_1_13' title="bbox 316 1269 1910 1344">
    <p class='ocr_par' dir='ltr' id='par_1_13' title="bbox 316 1269 1910 1344">
     <span class='ocr_line' id='line_1_13' title="bbox 316 1269 1910 1344; baseline 0.006 -23"><span class='ocrx_word' id='word_1_87' title='bbox 316 1287 427 1342; x_wconf 78' lang='grc' dir='ltr'>μης</span> <span class='ocrx_word' id='word_1_88' title='bbox 457 1271 624 1340; x_wconf 76' lang='grc' dir='ltr'>ἔργον</span> <span class='ocrx_word' id='word_1_89' title='bbox 653 1269 784 1325; x_wconf 73' lang='grc' dir='ltr'>εἰσί.</span> <span class='ocrx_word' id='word_1_90' title='bbox 809 1270 922 1323; x_wconf 68' lang='grc' dir='ltr'><strong>Καὶ⁵</strong></span> <span class='ocrx_word' id='word_1_91' title='bbox 948 1271 982 1341; x_wconf 85' lang='grc' dir='ltr'>ή</span> <span class='ocrx_word' id='word_1_92' title='bbox 1017 1270 1226 1325; x_wconf 86' lang='grc' dir='ltr'>τούτων</span> <span class='ocrx_word' id='word_1_93' title='bbox 1257 1270 1479 1326; x_wconf 87' lang='grc' dir='ltr'>πάντων</span> <span class='ocrx_word' id='word_1_94' title='bbox 1511 1272 1781 1344; x_wconf 83' lang='grc' dir='ltr'>βασιλεία,</span> <span class='ocrx_word' id='word_1_95' title='bbox 1814 1276 1910 1330; x_wconf 80' lang='grc' dir='ltr'>καὶ</span> 
     </span>
    </p>
   </div>
   <div class='ocr_carea' id='block_1_14' title="bbox 315 1363 1910 1438">
    <p class='ocr_par' dir='ltr' id='par_1_14' title="bbox 315 1363 1910 1438">
     <span class='ocr_line' id='line_1_14' title="bbox 315 1363 1910 1438; baseline 0.003 -22"><span class='ocrx_word' id='word_1_96' title='bbox 315 1363 599 1434; x_wconf 73' lang='grc' dir='ltr'>ἠὲξουσεα</span> <span class='ocrx_word' id='word_1_97' title='bbox 638 1365 732 1417; x_wconf 79' lang='grc' dir='ltr'><strong>καὶ</strong></span> <span class='ocrx_word' id='word_1_98' title='bbox 758 1363 823 1415; x_wconf 76' lang='grc' dir='ltr'>τὺ</span> <span class='ocrx_word' id='word_1_99' title='bbox 861 1363 1065 1435; x_wconf 85' lang='grc' dir='ltr'>κράτος</span> <span class='ocrx_word' id='word_1_100' title='bbox 1093 1363 1191 1418; x_wconf 80' lang='grc' dir='ltr'>καὶ</span> <span class='ocrx_word' id='word_1_101' title='bbox 1230 1365 1262 1434; x_wconf 81' lang='grc' dir='ltr'>ἡ</span> <span class='ocrx_word' id='word_1_102' title='bbox 1299 1364 1530 1434; x_wconf 88' lang='grc' dir='ltr'>πρόνοια</span> <span class='ocrx_word' id='word_1_103' title='bbox 1551 1364 1648 1420; x_wconf 90' lang='grc' dir='ltr'><strong>τοῦ</strong></span> <span class='ocrx_word' id='word_1_104' title='bbox 1690 1366 1910 1438; x_wconf 80' lang='grc' dir='ltr'><strong>Πατρός</strong></span> 
     </span>
    </p>
   </div>
   <div class='ocr_carea' id='block_1_15' title="bbox 314 1453 1910 1528">
    <p class='ocr_par' dir='ltr' id='par_1_15' title="bbox 314 1453 1910 1528">
     <span class='ocr_line' id='line_1_15' title="bbox 314 1453 1910 1528; baseline 0.004 -22"><span class='ocrx_word' id='word_1_105' title='bbox 314 1456 430 1507; x_wconf 81' lang='grc' dir='ltr'>ἐστι</span> <span class='ocrx_word' id='word_1_106' title='bbox 472 1455 572 1507; x_wconf 81' lang='grc' dir='ltr'><strong>καὶ</strong></span> <span class='ocrx_word' id='word_1_107' title='bbox 614 1453 711 1508; x_wconf 86' lang='grc' dir='ltr'><strong>τοῦ</strong></span> <span class='ocrx_word' id='word_1_108' title='bbox 743 1453 876 1508; x_wconf 85' lang='grc' dir='ltr'>Υἱοῦ</span> <span class='ocrx_word' id='word_1_109' title='bbox 911 1454 1007 1508; x_wconf 75' lang='grc' dir='ltr'><strong>καὶ</strong></span> <span class='ocrx_word' id='word_1_110' title='bbox 1036 1454 1132 1508; x_wconf 86' lang='grc' dir='ltr'><strong>τοῦ</strong></span> <span class='ocrx_word' id='word_1_111' title='bbox 1168 1455 1327 1525; x_wconf 82' lang='grc' dir='ltr'>ἁγίου</span> <span class='ocrx_word' id='word_1_112' title='bbox 1369 1456 1710 1528; x_wconf 79' lang='grc' dir='ltr'>Πνεύματος.</span> <span class='ocrx_word' id='word_1_113' title='bbox 1747 1460 1821 1511; x_wconf 82' lang='grc' dir='ltr'><strong>Σὺ</strong></span> <span class='ocrx_word' id='word_1_114' title='bbox 1851 1459 1910 1513; x_wconf 80' lang='grc' dir='ltr'>δέ</span> 
     </span>
    </p>
   </div>
   <div class='ocr_carea' id='block_1_16' title="bbox 316 1543 1912 1619">
    <p class='ocr_par' dir='ltr' id='par_1_16' title="bbox 316 1543 1912 1619">
     <span class='ocr_line' id='line_1_16' title="bbox 316 1543 1912 1619; baseline 0.006 -24"><span class='ocrx_word' id='word_1_115' title='bbox 316 1562 407 1614; x_wconf 84' lang='grc' dir='ltr'><strong>μοι</strong></span> <span class='ocrx_word' id='word_1_116' title='bbox 434 1543 539 1616; x_wconf 75' lang='grc' dir='ltr'><strong>τὴν</strong></span> <span class='ocrx_word' id='word_1_117' title='bbox 561 1543 796 1615; x_wconf 82' lang='grc' dir='ltr'><strong>θεωρίαν</strong></span> <span class='ocrx_word' id='word_1_118' title='bbox 828 1546 1169 1616; x_wconf 83' lang='grc' dir='ltr'>παράπεμπε</span> <span class='ocrx_word' id='word_1_119' title='bbox 1207 1545 1304 1600; x_wconf 60' lang='grc' dir='ltr'><strong>καὶ⁸</strong></span> <span class='ocrx_word' id='word_1_120' title='bbox 1346 1547 1431 1616; x_wconf 79' lang='grc' dir='ltr'><strong>ἐφ’</strong></span> <span class='ocrx_word' id='word_1_121' title='bbox 1455 1548 1651 1619; x_wconf 81' lang='grc' dir='ltr'>ἐτέρας</span> <span class='ocrx_word' id='word_1_122' title='bbox 1680 1550 1912 1604; x_wconf 82' lang='grc' dir='ltr'>ἀποστο-</span> 
     </span>
    </p>
   </div>
   <div class='ocr_carea' id='block_1_17' title="bbox 313 1635 1908 1707">
    <p class='ocr_par' dir='ltr' id='par_1_17' title="bbox 313 1635 1908 1707">
     <span class='ocr_line' id='line_1_17' title="bbox 313 1635 1908 1707; baseline 0.002 -18"><span class='ocrx_word' id='word_1_123' title='bbox 313 1635 470 1698; x_wconf 72' lang='grc' dir='ltr'>λικᾶς</span> <span class='ocrx_word' id='word_1_124' title='bbox 503 1635 729 1704; x_wconf 72' lang='grc' dir='ltr'>φωνὰς,</span> <span class='ocrx_word' id='word_1_125' title='bbox 770 1635 831 1690; x_wconf 83' lang='grc' dir='ltr'>αϊ</span> <span class='ocrx_word' id='word_1_126' title='bbox 875 1637 1005 1699; x_wconf 82' lang='grc' dir='ltr'>τοὺς</span> <span class='ocrx_word' id='word_1_127' title='bbox 1056 1637 1500 1701; x_wconf 82' lang='grc' dir='ltr'><strong>πεπιστευκότας</strong></span> <span class='ocrx_word' id='word_1_128' title='bbox 1543 1638 1810 1707; x_wconf 84' lang='grc' dir='ltr'>ἀδελφούς</span> <span class='ocrx_word' id='word_1_129' title='bbox 1848 1657 1908 1692; x_wconf 87' lang='grc' dir='ltr'><strong>τε</strong></span> 
     </span>
    </p>
   </div>
   <div class='ocr_carea' id='block_1_18' title="bbox 311 1724 1910 1802">
    <p class='ocr_par' dir='ltr' id='par_1_18' title="bbox 311 1724 1910 1802">
     <span class='ocr_line' id='line_1_18' title="bbox 311 1724 1910 1802; baseline 0.003 -23"><span class='ocrx_word' id='word_1_130' title='bbox 311 1724 700 1796; x_wconf 68' lang='grc' dir='ltr'><strong>ὀνομάζουσιν,</strong></span> <span class='ocrx_word' id='word_1_131' title='bbox 735 1725 928 1794; x_wconf 84' lang='grc' dir='ltr'>ἁγίους</span> <span class='ocrx_word' id='word_1_132' title='bbox 954 1725 1051 1780; x_wconf 80' lang='grc' dir='ltr'><strong>καὶ</strong></span> <span class='ocrx_word' id='word_1_133' title='bbox 1075 1729 1339 1797; x_wconf 86' lang='grc' dir='ltr'>μετόχους</span> <span class='ocrx_word' id='word_1_134' title='bbox 1363 1728 1462 1798; x_wconf 79' lang='grc' dir='ltr'><strong>τῆς</strong></span> <span class='ocrx_word' id='word_1_135' title='bbox 1490 1729 1744 1800; x_wconf 70' lang='grc' dir='ltr'>οὐρανίου</span> <span class='ocrx_word' id='word_1_136' title='bbox 1775 1731 1910 1802; x_wconf 86' lang='grc' dir='ltr'>κλή-</span> 
     </span>
    </p>
   </div>
   <div class='ocr_carea' id='block_1_19' title="bbox 316 1819 1911 1892">
    <p class='ocr_par' dir='ltr' id='par_1_19' title="bbox 316 1819 1911 1892">
     <span class='ocr_line' id='line_1_19' title="bbox 316 1819 1911 1892; baseline 0.003 -21"><span class='ocrx_word' id='word_1_137' title='bbox 316 1836 486 1882; x_wconf 84' lang='grc' dir='ltr'>σεως,</span> <span class='ocrx_word' id='word_1_138' title='bbox 555 1820 710 1882; x_wconf 81' lang='grc' dir='ltr'>ὅπως</span> <span class='ocrx_word' id='word_1_139' title='bbox 776 1819 1143 1890; x_wconf 80' lang='grc' dir='ltr'>παρατιθέασι</span> <span class='ocrx_word' id='word_1_140' title='bbox 1202 1820 1438 1890; x_wconf 80' lang='grc' dir='ltr'>Χριστὸν</span> <span class='ocrx_word' id='word_1_141' title='bbox 1498 1821 1590 1874; x_wconf 87' lang='grc' dir='ltr'><strong>τὸν</strong></span> <span class='ocrx_word' id='word_1_142' title='bbox 1653 1822 1911 1892; x_wconf 79' lang='grc' dir='ltr'>ἀληθινὸν</span> 
     </span>
    </p>
   </div>
   <div class='ocr_carea' id='block_1_20' title="bbox 2012 637 3594 710">
    <p class='ocr_par' dir='ltr' id='par_1_20' title="bbox 2012 637 3594 710">
     <span class='ocr_line' id='line_1_20' title="bbox 2012 637 3594 710; baseline -0.003 -14"><span class='ocrx_word' id='word_1_143' title='bbox 2012 646 2177 697; x_wconf 76' lang='lat' dir='ltr'><strong>Amen</strong></span> <span class='ocrx_word' id='word_1_144' title='bbox 2215 643 2278 696; x_wconf 76' lang='grc'><strong>⁸⁸.</strong></span> <span class='ocrx_word' id='word_1_145' title='bbox 2306 640 2522 704; x_wconf 85' lang='lat' dir='ltr'><strong>Omnia,</strong></span> <span class='ocrx_word' id='word_1_146' title='bbox 2583 640 2779 710; x_wconf 86' lang='lat' dir='ltr'><strong>inquit,</strong></span> <span class='ocrx_word' id='word_1_147' title='bbox 2838 655 2947 694; x_wconf 90' lang='lat' dir='ltr'><strong>non</strong></span> <span class='ocrx_word' id='word_1_148' title='bbox 2970 637 3332 710; x_wconf 83' lang='lat' dir='ltr'><strong>intelligibilia</strong></span> <span class='ocrx_word' id='word_1_149' title='bbox 3358 648 3594 703; x_wconf 82' lang='lat' dir='ltr'><strong>tantum,</strong></span> 
     </span>
    </p>
   </div>
   <div class='ocr_carea' id='block_1_21' title="bbox 2012 730 3595 801">
    <p class='ocr_par' dir='ltr' id='par_1_21' title="bbox 2012 730 3595 801">
     <span class='ocr_line' id='line_1_21' title="bbox 2012 730 3595 801; baseline -0.003 -12"><span class='ocrx_word' id='word_1_150' title='bbox 2012 743 2072 790; x_wconf 90' lang='lat' dir='ltr'><strong>ut</strong></span> <span class='ocrx_word' id='word_1_151' title='bbox 2105 735 2181 789; x_wconf 89' lang='lat' dir='ltr'><strong>illi</strong></span> <span class='ocrx_word' id='word_1_152' title='bbox 2221 735 2528 801; x_wconf 89' lang='lat' dir='ltr'><strong>insaniunt,</strong></span> <span class='ocrx_word' id='word_1_153' title='bbox 2557 733 2654 789; x_wconf 87' lang='lat' dir='ltr'><strong>sed</strong></span> <span class='ocrx_word' id='word_1_154' title='bbox 2671 743 2726 789; x_wconf 88' lang='lat' dir='ltr'><strong>et</strong></span> <span class='ocrx_word' id='word_1_155' title='bbox 2743 732 2977 787; x_wconf 88' lang='lat' dir='ltr'><strong>visibilia</strong></span> <span class='ocrx_word' id='word_1_156' title='bbox 2995 731 3386 796; x_wconf 86' lang='lat' dir='ltr'><strong>etinvisibilia,</strong></span> <span class='ocrx_word' id='word_1_157' title='bbox 3410 730 3595 787; x_wconf 85' lang='lat' dir='ltr'><strong>omnia</strong></span> 
     </span>
    </p>
   </div>
   <div class='ocr_carea' id='block_1_22' title="bbox 2008 823 3596 896">
    <p class='ocr_par' dir='ltr' id='par_1_22' title="bbox 2008 823 3596 896">
     <span class='ocr_line' id='line_1_22' title="bbox 2008 823 3596 896; baseline -0.003 -14"><span class='ocrx_word' id='word_1_158' title='bbox 2008 842 2038 882; x_wconf 92' lang='lat' dir='ltr'><strong>a</strong></span> <span class='ocrx_word' id='word_1_159' title='bbox 2060 827 2240 895; x_wconf 43' lang='lat' dir='ltr'><strong>Lmanu</strong></span> <span class='ocrx_word' id='word_1_160' title='bbox 2266 826 2386 896; x_wconf 85' lang='lat' dir='ltr'><strong>ejus</strong></span> <span class='ocrx_word' id='word_1_161' title='bbox 2419 835 2642 881; x_wconf 92' lang='lat' dir='ltr'><strong>creante</strong></span> <span class='ocrx_word' id='word_1_162' title='bbox 2678 824 2921 894; x_wconf 83' lang='lat' dir='ltr'><strong>profecta</strong></span> <span class='ocrx_word' id='word_1_163' title='bbox 2939 833 3085 880; x_wconf 89' lang='lat' dir='ltr'><strong>sunt.</strong></span> <span class='ocrx_word' id='word_1_164' title='bbox 3110 823 3596 894; x_wconf 87' lang='lat' dir='ltr'><strong>Atqueimperium</strong></span> 
     </span>
    </p>
   </div>
   <div class='ocr_carea' id='block_1_23' title="bbox 2011 913 3599 985">
    <p class='ocr_par' dir='ltr' id='par_1_23' title="bbox 2011 913 3599 985">
     <span class='ocr_line' id='line_1_23' title="bbox 2011 913 3599 985; baseline -0.003 -14"><span class='ocrx_word' id='word_1_165' title='bbox 2011 918 2064 971; x_wconf 88' lang='lat' dir='ltr'><strong>in</strong></span> <span class='ocrx_word' id='word_1_166' title='bbox 2090 917 2206 972; x_wconf 79' lang='lat' dir='ltr'><strong>haec</strong></span> <span class='ocrx_word' id='word_1_167' title='bbox 2231 915 2436 981; x_wconf 85' lang='lat' dir='ltr'><strong>omnia,</strong></span> <span class='ocrx_word' id='word_1_168' title='bbox 2491 924 2549 970; x_wconf 91' lang='lat' dir='ltr'><strong>et</strong></span> <span class='ocrx_word' id='word_1_169' title='bbox 2571 923 2834 985; x_wconf 84' lang='lat' dir='ltr'><strong>potestas,</strong></span> <span class='ocrx_word' id='word_1_170' title='bbox 2884 923 2941 969; x_wconf 90' lang='lat' dir='ltr'><strong>et</strong></span> <span class='ocrx_word' id='word_1_171' title='bbox 2967 913 3071 978; x_wconf 90' lang='lat' dir='ltr'><strong>vis,</strong></span> <span class='ocrx_word' id='word_1_172' title='bbox 3115 922 3172 968; x_wconf 92' lang='lat' dir='ltr'><strong>et</strong></span> <span class='ocrx_word' id='word_1_173' title='bbox 3213 927 3344 969; x_wconf 89' lang='lat' dir='ltr'><strong>cura</strong></span> <span class='ocrx_word' id='word_1_174' title='bbox 3373 913 3599 982; x_wconf 87' lang='lat' dir='ltr'><strong>provida</strong></span> 
     </span>
    </p>
   </div>
   <div class='ocr_carea' id='block_1_24' title="bbox 2009 1003 3600 1077">
    <p class='ocr_par' dir='ltr' id='par_1_24' title="bbox 2009 1003 3600 1077">
     <span class='ocr_line' id='line_1_24' title="bbox 2009 1003 3600 1077; baseline -0.004 -14"><span class='ocrx_word' id='word_1_175' title='bbox 2009 1007 2184 1063; x_wconf 78' lang='lat' dir='ltr'><strong>Patris</strong></span> <span class='ocrx_word' id='word_1_176' title='bbox 2206 1018 2354 1073; x_wconf 89' lang='lat' dir='ltr'><strong>sunt,</strong></span> <span class='ocrx_word' id='word_1_177' title='bbox 2379 1015 2436 1062; x_wconf 89' lang='lat' dir='ltr'><strong>et</strong></span> <span class='ocrx_word' id='word_1_178' title='bbox 2465 1006 2609 1073; x_wconf 86' lang='lat' dir='ltr'><strong>Filii,</strong></span> <span class='ocrx_word' id='word_1_179' title='bbox 2634 1016 2688 1062; x_wconf 88' lang='lat' dir='ltr'><strong>et</strong></span> <span class='ocrx_word' id='word_1_180' title='bbox 2711 1005 2953 1077; x_wconf 88' lang='lat' dir='ltr'><strong>Spiritus</strong></span> <span class='ocrx_word' id='word_1_181' title='bbox 2981 1005 3176 1060; x_wconf 86' lang='lat' dir='ltr'><strong>sancti.</strong></span> <span class='ocrx_word' id='word_1_182' title='bbox 3217 1004 3301 1060; x_wconf 88' lang='lat' dir='ltr'><strong>Tu</strong></span> <span class='ocrx_word' id='word_1_183' title='bbox 3329 1019 3459 1059; x_wconf 89' lang='lat' dir='ltr'><strong>vero</strong></span> <span class='ocrx_word' id='word_1_184' title='bbox 3479 1003 3600 1057; x_wconf 80' lang='lat' dir='ltr'><strong>ani-</strong></span> 
     </span>
    </p>
   </div>
   <div class='ocr_carea' id='block_1_25' title="bbox 2011 1096 3600 1170">
    <p class='ocr_par' dir='ltr' id='par_1_25' title="bbox 2011 1096 3600 1170">
     <span class='ocr_line' id='line_1_25' title="bbox 2011 1096 3600 1170; baseline -0.003 -14"><span class='ocrx_word' id='word_1_185' title='bbox 2011 1117 2160 1156; x_wconf 88' lang='lat' dir='ltr'><strong>mum</strong></span> <span class='ocrx_word' id='word_1_186' title='bbox 2191 1100 2356 1156; x_wconf 79' lang='lat' dir='ltr'><strong>etiam</strong></span> <span class='ocrx_word' id='word_1_187' title='bbox 2397 1100 2467 1156; x_wconf 89' lang='lat' dir='ltr'><strong>ad</strong></span> <span class='ocrx_word' id='word_1_188' title='bbox 2497 1100 2603 1154; x_wconf 87' lang='lat' dir='ltr'><strong>alia</strong></span> <span class='ocrx_word' id='word_1_189' title='bbox 2635 1099 2883 1170; x_wconf 81' lang='lat' dir='ltr'><strong>Apostoli</strong></span> <span class='ocrx_word' id='word_1_190' title='bbox 2909 1098 3054 1154; x_wconf 87' lang='lat' dir='ltr'><strong>dicta</strong></span> <span class='ocrx_word' id='word_1_191' title='bbox 3084 1107 3366 1164; x_wconf 85' lang='lat' dir='ltr'><strong>converte,</strong></span> <span class='ocrx_word' id='word_1_192' title='bbox 3398 1096 3600 1167; x_wconf 84' lang='lat' dir='ltr'><strong>quibus</strong></span> 
     </span>
    </p>
   </div>
   <div class='ocr_carea' id='block_1_26' title="bbox 2001 1188 3600 1263">
    <p class='ocr_par' dir='ltr' id='par_1_26' title="bbox 2001 1188 3600 1263">
     <span class='ocr_line' id='line_1_26' title="bbox 2001 1188 3600 1263; baseline -0.004 -15"><span class='ocrx_word' id='word_1_193' title='bbox 2001 1193 2298 1248; x_wconf 79' lang='lat' dir='ltr'><strong>credentes</strong></span> <span class='ocrx_word' id='word_1_194' title='bbox 2321 1193 2516 1248; x_wconf 83' lang='lat' dir='ltr'><strong>fratres</strong></span> <span class='ocrx_word' id='word_1_195' title='bbox 2561 1193 2819 1263; x_wconf 89' lang='lat' dir='ltr'><strong>appellat,</strong></span> <span class='ocrx_word' id='word_1_196' title='bbox 2867 1201 2922 1246; x_wconf 89' lang='lat' dir='ltr'><strong>et</strong></span> <span class='ocrx_word' id='word_1_197' title='bbox 2966 1193 3188 1245; x_wconf 88' lang='lat' dir='ltr'><strong>sanctos</strong></span> <span class='ocrx_word' id='word_1_198' title='bbox 3218 1198 3274 1244; x_wconf 89' lang='lat' dir='ltr'><strong>et</strong></span> <span class='ocrx_word' id='word_1_199' title='bbox 3301 1188 3600 1259; x_wconf 82' lang='lat' dir='ltr'><strong>participes</strong></span> 
     </span>
    </p>
   </div>
   <div class='ocr_carea' id='block_1_27' title="bbox 2009 1283 3596 1356">
    <p class='ocr_par' dir='ltr' id='par_1_27' title="bbox 2009 1283 3596 1356">
     <span class='ocr_line' id='line_1_27' title="bbox 2009 1283 3596 1356; baseline -0.006 -13"><span class='ocrx_word' id='word_1_200' title='bbox 2009 1287 2312 1343; x_wconf 86' lang='lat' dir='ltr'><strong>vocationis</strong></span> <span class='ocrx_word' id='word_1_201' title='bbox 2343 1286 2602 1350; x_wconf 69' lang='lat' dir='ltr'><strong>cmlestis,</strong></span> <span class='ocrx_word' id='word_1_202' title='bbox 2656 1302 2778 1356; x_wconf 63' lang='lat' dir='ltr'><strong>qua:</strong></span> <span class='ocrx_word' id='word_1_203' title='bbox 2833 1293 2890 1340; x_wconf 90' lang='lat' dir='ltr'><strong>et</strong></span> <span class='ocrx_word' id='word_1_204' title='bbox 2933 1285 3050 1354; x_wconf 84' lang='lat' dir='ltr'><strong>ipsa</strong></span> <span class='ocrx_word' id='word_1_205' title='bbox 3093 1283 3374 1337; x_wconf 80' lang='lat' dir='ltr'><strong>Christum</strong></span> <span class='ocrx_word' id='word_1_206' title='bbox 3404 1296 3596 1334; x_wconf 88' lang='lat' dir='ltr'><strong>verum</strong></span> 
     </span>
    </p>
   </div>
   <div class='ocr_carea' id='block_1_28' title="bbox 2015 1374 3595 1444">
    <p class='ocr_par' dir='ltr' id='par_1_28' title="bbox 2015 1374 3595 1444">
     <span class='ocr_line' id='line_1_28' title="bbox 2015 1374 3595 1444; baseline -0.004 -13"><span class='ocrx_word' id='word_1_207' title='bbox 2015 1379 2183 1432; x_wconf 89' lang='lat' dir='ltr'><strong>Deum</strong></span> <span class='ocrx_word' id='word_1_208' title='bbox 2216 1388 2465 1433; x_wconf 88' lang='lat' dir='ltr'><strong>nostrum</strong></span> <span class='ocrx_word' id='word_1_209' title='bbox 2500 1377 2659 1444; x_wconf 83' lang='lat' dir='ltr'><strong>Mosi,</strong></span> <span class='ocrx_word' id='word_1_210' title='bbox 2693 1376 2783 1432; x_wconf 87' lang='lat' dir='ltr'><strong>Dei</strong></span> <span class='ocrx_word' id='word_1_211' title='bbox 2811 1391 2992 1439; x_wconf 86' lang='lat' dir='ltr'><strong>servo,</strong></span> <span class='ocrx_word' id='word_1_212' title='bbox 3025 1375 3090 1429; x_wconf 86' lang='lat' dir='ltr'><strong>ad</strong></span> <span class='ocrx_word' id='word_1_213' title='bbox 3113 1375 3256 1429; x_wconf 88' lang='lat' dir='ltr'><strong>latus</strong></span> <span class='ocrx_word' id='word_1_214' title='bbox 3281 1374 3595 1433; x_wconf 79' lang='lat' dir='ltr'><strong>collocant;</strong></span> 
     </span>
    </p>
   </div>
   <div class='ocr_carea' id='block_1_29' title="bbox 2013 1463 3594 1539">
    <p class='ocr_par' dir='ltr' id='par_1_29' title="bbox 2013 1463 3594 1539">
     <span class='ocr_line' id='line_1_29' title="bbox 2013 1463 3594 1539; baseline -0.004 -17"><span class='ocrx_word' id='word_1_215' title='bbox 2013 1468 2226 1522; x_wconf 85' lang='lat' dir='ltr'><strong>fidelem</strong></span> <span class='ocrx_word' id='word_1_216' title='bbox 2253 1467 2399 1521; x_wconf 89' lang='lat' dir='ltr'><strong>enim</strong></span> <span class='ocrx_word' id='word_1_217' title='bbox 2440 1475 2835 1539; x_wconf 60' lang='lat' dir='ltr'><strong>repraesentant</strong></span> <span class='ocrx_word' id='word_1_218' title='bbox 2860 1474 3152 1535; x_wconf 86' lang='lat' dir='ltr'><strong>utrumque</strong></span> <span class='ocrx_word' id='word_1_219' title='bbox 3189 1463 3298 1519; x_wconf 88' lang='lat' dir='ltr'><strong>Deo</strong></span> <span class='ocrx_word' id='word_1_220' title='bbox 3332 1472 3387 1518; x_wconf 90' lang='lat' dir='ltr'><strong>et</strong></span> <span class='ocrx_word' id='word_1_221' title='bbox 3423 1463 3594 1523; x_wconf 86' lang='lat' dir='ltr'><strong>Patri.</strong></span> 
     </span>
    </p>
   </div>
   <div class='ocr_carea' id='block_1_30' title="bbox 2010 1557 3598 1622">
    <p class='ocr_par' dir='ltr' id='par_1_30' title="bbox 2010 1557 3598 1622">
     <span class='ocr_line' id='line_1_30' title="bbox 2010 1557 3598 1622; baseline -0.006 -6"><span class='ocrx_word' id='word_1_222' title='bbox 2010 1559 2212 1616; x_wconf 85' lang='lat' dir='ltr'><strong>Paulus</strong></span> <span class='ocrx_word' id='word_1_223' title='bbox 2236 1559 2380 1613; x_wconf 91' lang='lat' dir='ltr'><strong>enim</strong></span> <span class='ocrx_word' id='word_1_224' title='bbox 2425 1559 2619 1613; x_wconf 86' lang='lat' dir='ltr'><strong>iisdem</strong></span> <span class='ocrx_word' id='word_1_225' title='bbox 2648 1558 2831 1613; x_wconf 81' lang='lat' dir='ltr'><strong>verbis</strong></span> <span class='ocrx_word' id='word_1_226' title='bbox 2858 1558 2990 1613; x_wconf 87' lang='lat' dir='ltr'><strong>dicit</strong></span> <span class='ocrx_word' id='word_1_227' title='bbox 3023 1576 3036 1611; x_wconf 77' lang='grc' dir='ltr'>ε</span> <span class='ocrx_word' id='word_1_228' title='bbox 3072 1557 3413 1610; x_wconf 84' lang='lat' dir='ltr'><strong>Considerate</strong></span> <span class='ocrx_word' id='word_1_229' title='bbox 3463 1570 3598 1622; x_wconf 84' lang='lat' dir='ltr'><strong>apo-</strong></span> 
     </span>
    </p>
   </div>
   <div class='ocr_carea' id='block_1_31' title="bbox 2011 1648 3598 1718">
    <p class='ocr_par' dir='ltr' id='par_1_31' title="bbox 2011 1648 3598 1718">
     <span class='ocr_line' id='line_1_31' title="bbox 2011 1648 3598 1718; baseline -0.004 -12"><span class='ocrx_word' id='word_1_230' title='bbox 2011 1651 2203 1706; x_wconf 76' lang='lat' dir='ltr'><strong>stolum</strong></span> <span class='ocrx_word' id='word_1_231' title='bbox 2247 1660 2294 1705; x_wconf 89' lang='lat' dir='ltr'><strong>et</strong></span> <span class='ocrx_word' id='word_1_232' title='bbox 2330 1651 2655 1705; x_wconf 82' lang='lat' dir='ltr'><strong>sacerdotem</strong></span> <span class='ocrx_word' id='word_1_233' title='bbox 2702 1650 2992 1718; x_wconf 82' lang='lat' dir='ltr'><strong>principem</strong></span> <span class='ocrx_word' id='word_1_234' title='bbox 3023 1648 3359 1718; x_wconf 76' lang='lat' dir='ltr'><strong>confessionis</strong></span> <span class='ocrx_word' id='word_1_235' title='bbox 3385 1655 3598 1710; x_wconf 77' lang='lat' dir='ltr'><strong>nostrtc,</strong></span> 
     </span>
    </p>
   </div>
   <div class='ocr_carea' id='block_1_32' title="bbox 2010 1740 3601 1814">
    <p class='ocr_par' dir='ltr' id='par_1_32' title="bbox 2010 1740 3601 1814">
     <span class='ocr_line' id='line_1_32' title="bbox 2010 1740 3601 1814; baseline -0.004 -15"><span class='ocrx_word' id='word_1_236' title='bbox 2010 1745 2190 1799; x_wconf 82' lang='lat' dir='ltr'><strong>Jesum</strong></span> <span class='ocrx_word' id='word_1_237' title='bbox 2218 1743 2507 1810; x_wconf 80' lang='lat' dir='ltr'><strong>Christum,</strong></span> <span class='ocrx_word' id='word_1_238' title='bbox 2543 1744 2634 1813; x_wconf 85' lang='lat' dir='ltr'><strong>qui</strong></span> <span class='ocrx_word' id='word_1_239' title='bbox 2663 1742 2830 1812; x_wconf 84' lang='lat' dir='ltr'><strong>ﬁdelis</strong></span> <span class='ocrx_word' id='word_1_240' title='bbox 2862 1743 2961 1814; x_wconf 74' lang='lat' dir='ltr'><strong>fuit</strong></span> <span class='ocrx_word' id='word_1_241' title='bbox 2989 1743 3036 1796; x_wconf 90' lang='lat' dir='ltr'><strong>ei</strong></span> <span class='ocrx_word' id='word_1_242' title='bbox 3070 1742 3162 1812; x_wconf 86' lang='lat' dir='ltr'><strong>qui</strong></span> <span class='ocrx_word' id='word_1_243' title='bbox 3199 1742 3378 1810; x_wconf 83' lang='lat' dir='ltr'><strong>ipsum</strong></span> <span class='ocrx_word' id='word_1_244' title='bbox 3407 1740 3601 1793; x_wconf 84' lang='lat' dir='ltr'><strong>consti-</strong></span> 
     </span>
    </p>
   </div>
   <div class='ocr_carea' id='block_1_33' title="bbox 2016 1830 3604 1903">
    <p class='ocr_par' dir='ltr' id='par_1_33' title="bbox 2016 1830 3604 1903">
     <span class='ocr_line' id='line_1_33' title="bbox 2016 1830 3604 1903; baseline -0.005 -12"><span class='ocrx_word' id='word_1_245' title='bbox 2016 1839 2115 1891; x_wconf 86' lang='lat' dir='ltr'><strong>tuit</strong></span> <span class='ocrx_word' id='word_1_246' title='bbox 2143 1839 2207 1903; x_wconf 86' lang='lat'><strong>”,</strong></span> <span class='ocrx_word' id='word_1_247' title='bbox 2245 1837 2454 1892; x_wconf 89' lang='lat' dir='ltr'><strong>scilicet</strong></span> <span class='ocrx_word' id='word_1_248' title='bbox 2481 1836 2847 1891; x_wconf 90' lang='lat' dir='ltr'><strong>sacerdotem.</strong></span> <span class='ocrx_word' id='word_1_249' title='bbox 2890 1834 3084 1890; x_wconf 83' lang='lat' dir='ltr'><strong>Postea</strong></span> <span class='ocrx_word' id='word_1_250' title='bbox 3119 1833 3286 1898; x_wconf 82' lang='lat' dir='ltr'><strong>idem,</strong></span> <span class='ocrx_word' id='word_1_251' title='bbox 3327 1830 3604 1901; x_wconf 88' lang='lat' dir='ltr'><strong>quomodo</strong></span> 
     </span>
    </p>
   </div>
   <div class='ocr_carea' id='block_1_34' title="bbox 312 1889 1917 1998">
    <p class='ocr_par' dir='ltr' id='par_1_34' title="bbox 312 1889 1910 1984">
     <span class='ocr_line' id='line_1_34' title="bbox 312 1889 1910 1984; baseline 0.002 -19"><span class='ocrx_word' id='word_1_252' title='bbox 312 1912 471 1982; x_wconf 68' lang='grc' dir='ltr'>ἡμῶν</span> <span class='ocrx_word' id='word_1_253' title='bbox 493 1913 632 1966; x_wconf 75' lang='grc' dir='ltr'>Θεὸν</span> <span class='ocrx_word' id='word_1_254' title='bbox 661 1913 742 1983; x_wconf 84' lang='grc' dir='ltr'>τῷ</span> <span class='ocrx_word' id='word_1_255' title='bbox 771 1889 1064 1983; x_wconf 79' lang='grc' dir='ltr'>θεράποντί</span> <span class='ocrx_word' id='word_1_256' title='bbox 1093 1930 1187 1966; x_wconf 87' lang='grc' dir='ltr'><strong>σου</strong></span> <span class='ocrx_word' id='word_1_257' title='bbox 1223 1889 1337 1984; x_wconf 58' lang='grc'><strong>(40)</strong></span> <span class='ocrx_word' id='word_1_258' title='bbox 1368 1913 1447 1984; x_wconf 83' lang='grc' dir='ltr'>τῷ</span> <span class='ocrx_word' id='word_1_259' title='bbox 1470 1916 1680 1968; x_wconf 56' lang='grc' dir='ltr'><strong>Μωσεῦ</strong></span> <span class='ocrx_word' id='word_1_260' title='bbox 1718 1889 1910 1969; x_wconf 80' lang='grc' dir='ltr'>πιστὸν</span> 
     </span>
    </p>
   </div>
   <div class='ocr_carea' id='block_1_35' title="bbox 2023 1889 3602 1998">
    <p class='ocr_par' dir='ltr' id='par_1_35' title="bbox 2023 1889 3602 1998">
     <span class='ocr_line' id='line_1_35' title="bbox 2023 1889 3602 1998; baseline -0.005 -14"><span class='ocrx_word' id='word_1_261' title='bbox 2023 1889 2804 1998; x_wconf 26' lang='lat' dir='ltr'><strong>fuerit,vexplicaturus</strong></span> <span class='ocrx_word' id='word_1_262' title='bbox 2840 1942 2936 1998; x_wconf 91' lang='lat' dir='ltr'><strong>per</strong></span> <span class='ocrx_word' id='word_1_263' title='bbox 2964 1926 3152 1980; x_wconf 87' lang='lat' dir='ltr'><strong>Mosen</strong></span> <span class='ocrx_word' id='word_1_264' title='bbox 3185 1925 3238 1979; x_wconf 91' lang='lat' dir='ltr'><strong>id</strong></span> <span class='ocrx_word' id='word_1_265' title='bbox 3267 1889 3398 1978; x_wconf 49' lang='lat' dir='ltr'><strong>fac-it</strong></span> <span class='ocrx_word' id='word_1_266' title='bbox 3427 1941 3440 1977; x_wconf 88' lang='lat'><strong>:</strong></span> <span class='ocrx_word' id='word_1_267' title='bbox 3483 1921 3602 1982; x_wconf 79' lang='lat' dir='ltr'><strong>Sic-</strong></span> 
     </span>
    </p>
   </div>
   <div class='ocr_carea' id='block_1_36' title="bbox 319 2005 1911 2079">
    <p class='ocr_par' dir='ltr' id='par_1_36' title="bbox 319 2005 1911 2079">
     <span class='ocr_line' id='line_1_36' title="bbox 319 2005 1911 2079; baseline 0.003 -22"><span class='ocrx_word' id='word_1_268' title='bbox 319 2007 417 2076; x_wconf 79' lang='grc' dir='ltr'>μὲν</span> <span class='ocrx_word' id='word_1_269' title='bbox 468 2006 587 2075; x_wconf 76' lang='grc' dir='ltr'><strong>γάρ</strong></span> <span class='ocrx_word' id='word_1_270' title='bbox 632 2005 896 2078; x_wconf 82' lang='grc' dir='ltr'>ἑκάτερον</span> <span class='ocrx_word' id='word_1_271' title='bbox 941 2005 1255 2074; x_wconf 71' lang='grc' dir='ltr'>εἰσάγουσιν</span> <span class='ocrx_word' id='word_1_272' title='bbox 1291 2006 1370 2077; x_wconf 82' lang='grc' dir='ltr'>τῷ</span> <span class='ocrx_word' id='word_1_273' title='bbox 1415 2006 1534 2077; x_wconf 86' lang='grc' dir='ltr'><strong>Θεῷ</strong></span> <span class='ocrx_word' id='word_1_274' title='bbox 1577 2009 1672 2061; x_wconf 76' lang='grc' dir='ltr'><strong>καὶ</strong></span> <span class='ocrx_word' id='word_1_275' title='bbox 1715 2008 1911 2079; x_wconf 85' lang='grc' dir='ltr'>Πατρὶ.</span> 
     </span>
    </p>
   </div>
   <div class='ocr_carea' id='block_1_37' title="bbox 314 2097 1914 2170">
    <p class='ocr_par' dir='ltr' id='par_1_37' title="bbox 314 2097 1914 2170">
     <span class='ocr_line' id='line_1_37' title="bbox 314 2097 1914 2170; baseline 0.002 -18"><span class='ocrx_word' id='word_1_276' title='bbox 314 2098 480 2166; x_wconf 82' lang='grc' dir='ltr'>Λέγει</span> <span class='ocrx_word' id='word_1_277' title='bbox 505 2099 620 2168; x_wconf 76' lang='grc' dir='ltr'>γὰρ</span> <span class='ocrx_word' id='word_1_278' title='bbox 651 2098 681 2152; x_wconf 85' lang='grc' dir='ltr'><strong>ὁ</strong></span> <span class='ocrx_word' id='word_1_279' title='bbox 723 2097 937 2161; x_wconf 79' lang='grc' dir='ltr'>Παῦλος</span> <span class='ocrx_word' id='word_1_280' title='bbox 967 2098 1154 2162; x_wconf 78' lang='grc' dir='ltr'>αὐτοῖς</span> <span class='ocrx_word' id='word_1_281' title='bbox 1199 2100 1408 2169; x_wconf 79' lang='grc' dir='ltr'>ῥήμασι</span> <span class='ocrx_word' id='word_1_282' title='bbox 1434 2116 1448 2128; x_wconf 90' lang='grc'>·</span> <span class='ocrx_word' id='word_1_283' title='bbox 1481 2101 1914 2170; x_wconf 78' lang='grc' dir='ltr'>Κατανοήσατε</span> 
     </span>
    </p>
   </div>
   <div class='ocr_carea' id='block_1_38' title="bbox 316 2188 1913 2262">
    <p class='ocr_par' dir='ltr' id='par_1_38' title="bbox 316 2188 1913 2262">
     <span class='ocr_line' id='line_1_38' title="bbox 316 2188 1913 2262; baseline 0.001 -18"><span class='ocrx_word' id='word_1_284' title='bbox 316 2189 422 2244; x_wconf 72' lang='grc' dir='ltr'>τεν</span> <span class='ocrx_word' id='word_1_285' title='bbox 495 2188 857 2244; x_wconf 68' lang='grc' dir='ltr'>ἀπόστολον</span> <span class='ocrx_word' id='word_1_286' title='bbox 918 2188 1016 2243; x_wconf 73' lang='grc' dir='ltr'>καὶ</span> <span class='ocrx_word' id='word_1_287' title='bbox 1078 2189 1358 2259; x_wconf 81' lang='grc' dir='ltr'>ἀρχιερέα</span> <span class='ocrx_word' id='word_1_288' title='bbox 1417 2189 1530 2258; x_wconf 81' lang='grc' dir='ltr'><strong>τῆς</strong></span> <span class='ocrx_word' id='word_1_289' title='bbox 1588 2193 1913 2262; x_wconf 77' lang='grc' dir='ltr'>ὁμολογίας</span> 
     </span>
    </p>
   </div>
   <div class='ocr_carea' id='block_1_39' title="bbox 313 2279 1914 2351">
    <p class='ocr_par' dir='ltr' id='par_1_39' title="bbox 313 2279 1914 2351">
     <span class='ocr_line' id='line_1_39' title="bbox 313 2279 1914 2351; baseline 0.002 -16"><span class='ocrx_word' id='word_1_290' title='bbox 313 2279 486 2350; x_wconf 65' lang='grc' dir='ltr'><strong>ἡμῶν</strong></span> <span class='ocrx_word' id='word_1_291' title='bbox 524 2280 777 2348; x_wconf 78' lang='grc' dir='ltr'><strong>Ἰησοῦν</strong></span> <span class='ocrx_word' id='word_1_292' title='bbox 825 2281 1119 2350; x_wconf 83' lang='grc' dir='ltr'>Χριστὸν,</span> <span class='ocrx_word' id='word_1_293' title='bbox 1147 2282 1370 2337; x_wconf 82' lang='grc' dir='ltr'>πιστὸν</span> <span class='ocrx_word' id='word_1_294' title='bbox 1417 2282 1564 2337; x_wconf 79' lang='grc' dir='ltr'>ὄντα</span> <span class='ocrx_word' id='word_1_295' title='bbox 1612 2282 1693 2350; x_wconf 82' lang='grc' dir='ltr'>τῷ</span> <span class='ocrx_word' id='word_1_296' title='bbox 1741 2284 1914 2351; x_wconf 80' lang='grc' dir='ltr'>ποιή-</span> 
     </span>
    </p>
   </div>
   <div class='ocr_carea' id='block_1_40' title="bbox 313 2373 1914 2450">
    <p class='ocr_par' dir='ltr' id='par_1_40' title="bbox 313 2373 1914 2450">
     <span class='ocr_line' id='line_1_40' title="bbox 313 2373 1914 2450; baseline 0.002 -20"><span class='ocrx_word' id='word_1_297' title='bbox 313 2391 493 2430; x_wconf 77' lang='grc' dir='ltr'>σαντι</span> <span class='ocrx_word' id='word_1_298' title='bbox 547 2373 778 2441; x_wconf 78' lang='grc' dir='ltr'>αὐτὸν,</span> <span class='ocrx_word' id='word_1_299' title='bbox 803 2373 1048 2444; x_wconf 82' lang='grc' dir='ltr'>δηλονότι</span> <span class='ocrx_word' id='word_1_300' title='bbox 1081 2375 1348 2448; x_wconf 78' lang='grc' dir='ltr'>ἀρχιερέα</span> <span class='ocrx_word' id='word_1_301' title='bbox 1373 2375 1507 2448; x_wconf 76' lang='grc'><strong>(41).</strong></span> <span class='ocrx_word' id='word_1_302' title='bbox 1540 2373 1673 2433; x_wconf 75' lang='grc' dir='ltr'>Εἶτα</span> <span class='ocrx_word' id='word_1_303' title='bbox 1705 2378 1823 2442; x_wconf 84' lang='grc' dir='ltr'>πῶς</span> <span class='ocrx_word' id='word_1_304' title='bbox 1845 2375 1914 2450; x_wconf 78' lang='grc' dir='ltr'><strong>ἦν</strong></span> 
     </span>
    </p>
   </div>
   <div class='ocr_carea' id='block_1_41' title="bbox 319 2467 1910 2538">
    <p class='ocr_par' dir='ltr' id='par_1_41' title="bbox 319 2467 1910 2538">
     <span class='ocr_line' id='line_1_41' title="bbox 319 2467 1910 2538; baseline 0.001 -16"><span class='ocrx_word' id='word_1_305' title='bbox 319 2470 534 2532; x_wconf 70' lang='grc' dir='ltr'>πιστὸς,</span> <span class='ocrx_word' id='word_1_306' title='bbox 571 2468 1051 2538; x_wconf 78' lang='grc' dir='ltr'>ἐπεξηγούμενος,</span> <span class='ocrx_word' id='word_1_307' title='bbox 1087 2469 1175 2524; x_wconf 82' lang='grc' dir='ltr'>διὰ</span> <span class='ocrx_word' id='word_1_308' title='bbox 1217 2467 1311 2522; x_wconf 89' lang='grc' dir='ltr'><strong>τοῦ</strong></span> <span class='ocrx_word' id='word_1_309' title='bbox 1356 2468 1604 2533; x_wconf 78' lang='grc' dir='ltr'><strong>Μωσέως</strong></span> <span class='ocrx_word' id='word_1_310' title='bbox 1643 2469 1910 2538; x_wconf 81' lang='grc' dir='ltr'>δεικνύει,</span> 
     </span>
    </p>
   </div>
   <div class='ocr_carea' id='block_1_42' title="bbox 313 2558 1916 2632">
    <p class='ocr_par' dir='ltr' id='par_1_42' title="bbox 313 2558 1916 2632">
     <span class='ocr_line' id='line_1_42' title="bbox 313 2558 1916 2632; baseline -0.002 -15"><span class='ocrx_word' id='word_1_311' title='bbox 313 2565 390 2630; x_wconf 83' lang='grc' dir='ltr'><strong>ὡς</strong></span> <span class='ocrx_word' id='word_1_312' title='bbox 415 2562 521 2617; x_wconf 75' lang='grc' dir='ltr'>καὶ</span> <span class='ocrx_word' id='word_1_313' title='bbox 553 2560 805 2630; x_wconf 81' lang='grc' dir='ltr'>Μωσῆς,</span> <span class='ocrx_word' id='word_1_314' title='bbox 837 2561 1023 2632; x_wconf 75' lang='grc' dir='ltr'>φησὶν,</span> <span class='ocrx_word' id='word_1_315' title='bbox 1063 2561 1133 2615; x_wconf 77' lang='grc' dir='ltr'><strong><em>ὲν</em></strong></span> <span class='ocrx_word' id='word_1_316' title='bbox 1159 2561 1283 2625; x_wconf 83' lang='grc' dir='ltr'><strong>ὅλῳ</strong></span> <span class='ocrx_word' id='word_1_317' title='bbox 1303 2558 1384 2627; x_wconf 82' lang='grc' dir='ltr'>τῷ</span> <span class='ocrx_word' id='word_1_318' title='bbox 1409 2562 1554 2627; x_wconf 79' lang='grc' dir='ltr'>οἴκῳ</span> <span class='ocrx_word' id='word_1_319' title='bbox 1581 2563 1792 2617; x_wconf 83' lang='grc' dir='ltr'>αὐτοῦ.</span> <span class='ocrx_word' id='word_1_320' title='bbox 1818 2563 1916 2616; x_wconf 81' lang='grc' dir='ltr'><strong>Τι-</strong></span> 
     </span>
    </p>
   </div>
   <div class='ocr_carea' id='block_1_43' title="bbox 313 2652 1915 2727">
    <p class='ocr_par' dir='ltr' id='par_1_43' title="bbox 313 2652 1915 2727">
     <span class='ocr_line' id='line_1_43' title="bbox 313 2652 1915 2727; baseline -0.001 -17"><span class='ocrx_word' id='word_1_321' title='bbox 313 2675 402 2720; x_wconf 88' lang='grc' dir='ltr'>νος</span> <span class='ocrx_word' id='word_1_322' title='bbox 447 2655 624 2727; x_wconf 77' lang='grc' dir='ltr'>οἴκῳ;</span> <span class='ocrx_word' id='word_1_323' title='bbox 657 2654 691 2725; x_wconf 82' lang='grc' dir='ltr'>ἢ</span> <span class='ocrx_word' id='word_1_324' title='bbox 739 2652 983 2723; x_wconf 88' lang='grc' dir='ltr'>δηλονότι</span> <span class='ocrx_word' id='word_1_325' title='bbox 1027 2655 1123 2708; x_wconf 90' lang='grc' dir='ltr'><strong>τοῦ</strong></span> <span class='ocrx_word' id='word_1_326' title='bbox 1151 2653 1480 2724; x_wconf 85' lang='grc' dir='ltr'>ποιήσαντος</span> <span class='ocrx_word' id='word_1_327' title='bbox 1516 2654 1782 2726; x_wconf 82' lang='grc' dir='ltr'>ἀρχιερέα</span> <span class='ocrx_word' id='word_1_328' title='bbox 1822 2654 1915 2708; x_wconf 85' lang='grc' dir='ltr'><strong>τὸν</strong></span> 
     </span>
    </p>
   </div>
   <div class='ocr_carea' id='block_1_44' title="bbox 311 2744 1913 2822">
    <p class='ocr_par' dir='ltr' id='par_1_44' title="bbox 311 2744 1913 2822">
     <span class='ocr_line' id='line_1_44' title="bbox 311 2744 1913 2822; baseline -0.006 -13"><span class='ocrx_word' id='word_1_329' title='bbox 311 2751 535 2822; x_wconf 64' lang='grc' dir='ltr'>Κύριον,</span> <span class='ocrx_word' id='word_1_330' title='bbox 567 2749 739 2820; x_wconf 78' lang='grc' dir='ltr'>ἡμῶν</span> <span class='ocrx_word' id='word_1_331' title='bbox 773 2748 984 2818; x_wconf 85' lang='grc' dir='ltr'>Ἰησοῦν</span> <span class='ocrx_word' id='word_1_332' title='bbox 1012 2747 1278 2819; x_wconf 78' lang='grc' dir='ltr'>Χριστόν;</span> <span class='ocrx_word' id='word_1_333' title='bbox 1310 2744 1450 2802; x_wconf 78' lang='grc' dir='ltr'>Εἶτα</span> <span class='ocrx_word' id='word_1_334' title='bbox 1481 2746 1579 2801; x_wconf 57' lang='grc' dir='ltr'><strong>καλ¹</strong></span> <span class='ocrx_word' id='word_1_335' title='bbox 1608 2746 1709 2816; x_wconf 82' lang='grc' dir='ltr'><strong>τὴν</strong></span> <span class='ocrx_word' id='word_1_336' title='bbox 1738 2749 1913 2816; x_wconf 82' lang='grc' dir='ltr'>ἀσύγ-</span> 
     </span>
    </p>
   </div>
   <div class='ocr_carea' id='block_1_45' title="bbox 311 2838 1915 2914">
    <p class='ocr_par' dir='ltr' id='par_1_45' title="bbox 311 2838 1915 2914">
     <span class='ocr_line' id='line_1_45' title="bbox 311 2838 1915 2914; baseline -0.002 -16"><span class='ocrx_word' id='word_1_337' title='bbox 311 2860 506 2913; x_wconf 77' lang='grc' dir='ltr'>κριτον</span> <span class='ocrx_word' id='word_1_338' title='bbox 551 2840 825 2912; x_wconf 79' lang='grc' dir='ltr'>διαφορὰν</span> <span class='ocrx_word' id='word_1_339' title='bbox 847 2838 959 2914; x_wconf 41' lang='grc' dir='ltr'>,τοῦ</span> <span class='ocrx_word' id='word_1_340' title='bbox 1003 2838 1278 2892; x_wconf 82' lang='grc' dir='ltr'>Δεσπότου</span> <span class='ocrx_word' id='word_1_341' title='bbox 1312 2838 1450 2910; x_wconf 75' lang='grc' dir='ltr'>πρὸς</span> <span class='ocrx_word' id='word_1_342' title='bbox 1477 2839 1570 2893; x_wconf 79' lang='grc' dir='ltr'>τὸν</span> <span class='ocrx_word' id='word_1_343' title='bbox 1595 2838 1783 2895; x_wconf 81' lang='grc' dir='ltr'>δοῦλον</span> <span class='ocrx_word' id='word_1_344' title='bbox 1831 2840 1915 2894; x_wconf 90' lang='grc' dir='ltr'>δι-</span> 
     </span>
    </p>
   </div>
   <div class='ocr_carea' id='block_1_46' title="bbox 311 2932 1916 3006">
    <p class='ocr_par' dir='ltr' id='par_1_46' title="bbox 311 2932 1916 3006">
     <span class='ocr_line' id='line_1_46' title="bbox 311 2932 1916 3006; baseline -0.001 -16"><span class='ocrx_word' id='word_1_345' title='bbox 311 2937 566 2999; x_wconf 79' lang='grc' dir='ltr'>δάσκων,</span> <span class='ocrx_word' id='word_1_346' title='bbox 593 2935 690 2988; x_wconf 86' lang='grc' dir='ltr'><strong>τὸν</strong></span> <span class='ocrx_word' id='word_1_347' title='bbox 725 2933 826 3005; x_wconf 81' lang='grc' dir='ltr'>μὲν</span> <span class='ocrx_word' id='word_1_348' title='bbox 852 2932 1161 3004; x_wconf 84' lang='grc' dir='ltr'>οεράποντα</span> <span class='ocrx_word' id='word_1_349' title='bbox 1194 2932 1352 2986; x_wconf 85' lang='grc' dir='ltr'>καλεί</span> <span class='ocrx_word' id='word_1_350' title='bbox 1381 2933 1479 2986; x_wconf 76' lang='grc' dir='ltr'>καὶ</span> <span class='ocrx_word' id='word_1_351' title='bbox 1504 2933 1696 2987; x_wconf 84' lang='grc' dir='ltr'>πιστὸν</span> <span class='ocrx_word' id='word_1_352' title='bbox 1722 2933 1781 2986; x_wconf 77' lang='grc' dir='ltr'>ἐν</span> <span class='ocrx_word' id='word_1_353' title='bbox 1809 2933 1916 3006; x_wconf 85' lang='grc' dir='ltr'>ὅλῳ</span> 
     </span>
    </p>
   </div>
   <div class='ocr_carea' id='block_1_47' title="bbox 313 3024 1916 3100">
    <p class='ocr_par' dir='ltr' id='par_1_47' title="bbox 313 3024 1916 3100">
     <span class='ocr_line' id='line_1_47' title="bbox 313 3024 1916 3100; baseline -0.002 -16"><span class='ocrx_word' id='word_1_354' title='bbox 313 3029 390 3100; x_wconf 81' lang='grc' dir='ltr'>τῷ</span> <span class='ocrx_word' id='word_1_355' title='bbox 439 3032 583 3100; x_wconf 74' lang='grc' dir='ltr'>οἴκῳ</span> <span class='ocrx_word' id='word_1_356' title='bbox 612 3026 710 3082; x_wconf 88' lang='grc' dir='ltr'><strong>τοῦ</strong></span> <span class='ocrx_word' id='word_1_357' title='bbox 741 3025 906 3094; x_wconf 78' lang='grc' dir='ltr'>Θεοῦ,</span> <span class='ocrx_word' id='word_1_358' title='bbox 955 3025 1047 3078; x_wconf 79' lang='grc' dir='ltr'>τὸν</span> <span class='ocrx_word' id='word_1_359' title='bbox 1093 3024 1162 3079; x_wconf 84' lang='grc' dir='ltr'><strong>δὲ-</strong></span> <span class='ocrx_word' id='word_1_360' title='bbox 1197 3027 1608 3080; x_wconf 84' lang='grc' dir='ltr'>κατασκευάσαι</span> <span class='ocrx_word' id='word_1_361' title='bbox 1662 3025 1776 3097; x_wconf 71' lang='grc'>(42)</span> <span class='ocrx_word' id='word_1_362' title='bbox 1825 3025 1916 3081; x_wconf 81' lang='grc' dir='ltr'>τὸν</span> 
     </span>
    </p>
   </div>
   <div class='ocr_carea' id='block_1_48' title="bbox 311 3117 1917 3185">
    <p class='ocr_par' dir='ltr' id='par_1_48' title="bbox 311 3117 1917 3185">
     <span class='ocr_line' id='line_1_48' title="bbox 311 3117 1917 3185; baseline -0.004 -7"><span class='ocrx_word' id='word_1_363' title='bbox 311 3121 486 3179; x_wconf 64' lang='grc' dir='ltr'>οἴκεον.</span> <span class='ocrx_word' id='word_1_364' title='bbox 517 3123 669 3176; x_wconf 81' lang='grc' dir='ltr'>Διότι</span> <span class='ocrx_word' id='word_1_365' title='bbox 692 3122 721 3175; x_wconf 83' lang='grc' dir='ltr'><strong>ὁ</strong></span> <span class='ocrx_word' id='word_1_366' title='bbox 750 3120 930 3174; x_wconf 82' lang='grc' dir='ltr'>πάντα</span> <span class='ocrx_word' id='word_1_367' title='bbox 959 3117 1387 3183; x_wconf 76' lang='grc' dir='ltr'>κατασκευάζων</span> <span class='ocrx_word' id='word_1_368' title='bbox 1411 3119 1564 3185; x_wconf 80' lang='grc' dir='ltr'>Θεὸς,</span> <span class='ocrx_word' id='word_1_369' title='bbox 1590 3121 1799 3182; x_wconf 80' lang='grc' dir='ltr'>ἐκεῖνος</span> <span class='ocrx_word' id='word_1_370' title='bbox 1822 3120 1917 3173; x_wconf 79' lang='grc' dir='ltr'><strong>καὶ</strong></span> 
     </span>
    </p>
   </div>
   <div class='ocr_carea' id='block_1_49' title="bbox 2015 2015 3604 2090">
    <p class='ocr_par' dir='ltr' id='par_1_49' title="bbox 2015 2015 3604 2090">
     <span class='ocr_line' id='line_1_49' title="bbox 2015 2015 3604 2090; baseline -0.006 -16"><span class='ocrx_word' id='word_1_371' title='bbox 2015 2031 2090 2082; x_wconf 85' lang='lat' dir='ltr'><strong>ut,</strong></span> <span class='ocrx_word' id='word_1_372' title='bbox 2125 2021 2400 2090; x_wconf 80' lang='lat' dir='ltr'><strong>inquiens,</strong></span> <span class='ocrx_word' id='word_1_373' title='bbox 2437 2019 2606 2074; x_wconf 83' lang='lat' dir='ltr'><strong>Moses</strong></span> <span class='ocrx_word' id='word_1_374' title='bbox 2647 2020 2705 2073; x_wconf 85' lang='lat' dir='ltr'><strong>in</strong></span> <span class='ocrx_word' id='word_1_375' title='bbox 2742 2027 2851 2072; x_wconf 88' lang='lat' dir='ltr'><strong>tota</strong></span> <span class='ocrx_word' id='word_1_376' title='bbox 2885 2019 3038 2071; x_wconf 89' lang='lat' dir='ltr'><strong>domo</strong></span> <span class='ocrx_word' id='word_1_377' title='bbox 3083 2017 3217 2085; x_wconf 85' lang='lat' dir='ltr'><strong>ejus.</strong></span> <span class='ocrx_word' id='word_1_378' title='bbox 3276 2015 3446 2084; x_wconf 86' lang='lat' dir='ltr'><strong>Cujus</strong></span> <span class='ocrx_word' id='word_1_379' title='bbox 3472 2029 3604 2068; x_wconf 68' lang='lat' dir='ltr'><strong>vero</strong></span> 
     </span>
    </p>
   </div>
   <div class='ocr_carea' id='block_1_50' title="bbox 2013 2103 3600 2180">
    <p class='ocr_par' dir='ltr' id='par_1_50' title="bbox 2013 2103 3600 2180">
     <span class='ocr_line' id='line_1_50' title="bbox 2013 2103 3600 2180; baseline -0.006 -14"><span class='ocrx_word' id='word_1_380' title='bbox 2013 2112 2196 2175; x_wconf 91' lang='lat' dir='ltr'><strong>domo,</strong></span> <span class='ocrx_word' id='word_1_381' title='bbox 2255 2109 2362 2165; x_wconf 88' lang='lat' dir='ltr'><strong>uisi</strong></span> <span class='ocrx_word' id='word_1_382' title='bbox 2407 2111 2547 2180; x_wconf 85' lang='lat' dir='ltr'><strong>ejus,</strong></span> <span class='ocrx_word' id='word_1_383' title='bbox 2606 2110 2699 2180; x_wconf 89' lang='lat' dir='ltr'><strong>qui</strong></span> <span class='ocrx_word' id='word_1_384' title='bbox 2750 2108 3044 2164; x_wconf 89' lang='lat' dir='ltr'><strong>Dominum</strong></span> <span class='ocrx_word' id='word_1_385' title='bbox 3093 2116 3342 2162; x_wconf 90' lang='lat' dir='ltr'><strong>nostrum</strong></span> <span class='ocrx_word' id='word_1_386' title='bbox 3415 2103 3600 2159; x_wconf 85' lang='lat' dir='ltr'><strong>Jesum</strong></span> 
     </span>
    </p>
   </div>
   <div class='ocr_carea' id='block_1_51' title="bbox 2011 2195 3605 2270">
    <p class='ocr_par' dir='ltr' id='par_1_51' title="bbox 2011 2195 3605 2270">
     <span class='ocr_line' id='line_1_51' title="bbox 2011 2195 3605 2270; baseline -0.004 -14"><span class='ocrx_word' id='word_1_387' title='bbox 2011 2201 2292 2257; x_wconf 87' lang='lat' dir='ltr'><strong>Christum</strong></span> <span class='ocrx_word' id='word_1_388' title='bbox 2323 2200 2664 2256; x_wconf 85' lang='lat' dir='ltr'><strong>sacerdotem</strong></span> <span class='ocrx_word' id='word_1_389' title='bbox 2704 2199 3010 2270; x_wconf 87' lang='lat' dir='ltr'><strong>principem</strong></span> <span class='ocrx_word' id='word_1_390' title='bbox 3040 2197 3365 2255; x_wconf 87' lang='lat' dir='ltr'><strong>constituit?</strong></span> <span class='ocrx_word' id='word_1_391' title='bbox 3397 2195 3605 2256; x_wconf 85' lang='lat' dir='ltr'><strong>Deinde</strong></span> 
     </span>
    </p>
   </div>
   <div class='ocr_carea' id='block_1_52' title="bbox 2014 2287 3602 2364">
    <p class='ocr_par' dir='ltr' id='par_1_52' title="bbox 2014 2287 3602 2364">
     <span class='ocr_line' id='line_1_52' title="bbox 2014 2287 3602 2364; baseline -0.005 -16"><span class='ocrx_word' id='word_1_392' title='bbox 2014 2294 2157 2349; x_wconf 89' lang='lat' dir='ltr'><strong>idem</strong></span> <span class='ocrx_word' id='word_1_393' title='bbox 2181 2292 2686 2364; x_wconf 86' lang='lat' dir='ltr'><strong>incomparabilem,</strong></span> <span class='ocrx_word' id='word_1_394' title='bbox 2714 2307 2836 2362; x_wconf 82' lang='lat' dir='ltr'><strong>quae</strong></span> <span class='ocrx_word' id='word_1_395' title='bbox 2859 2289 3182 2354; x_wconf 88' lang='lat' dir='ltr'><strong>intercedat,</strong></span> <span class='ocrx_word' id='word_1_396' title='bbox 3237 2287 3602 2344; x_wconf 79' lang='lat' dir='ltr'><strong>differentiam</strong></span> 
     </span>
    </p>
   </div>
   <div class='ocr_carea' id='block_1_53' title="bbox 2015 2378 3604 2454">
    <p class='ocr_par' dir='ltr' id='par_1_53' title="bbox 2015 2378 3604 2454">
     <span class='ocr_line' id='line_1_53' title="bbox 2015 2378 3604 2454; baseline -0.006 -13"><span class='ocrx_word' id='word_1_397' title='bbox 2015 2394 2358 2454; x_wconf 89' lang='lat' dir='ltr'><strong>ostensurus,</strong></span> <span class='ocrx_word' id='word_1_398' title='bbox 2415 2385 2652 2439; x_wconf 89' lang='lat' dir='ltr'><strong>alterum</strong></span> <span class='ocrx_word' id='word_1_399' title='bbox 2703 2383 2922 2454; x_wconf 90' lang='lat' dir='ltr'><strong>quidem</strong></span> <span class='ocrx_word' id='word_1_400' title='bbox 2970 2396 3185 2437; x_wconf 88' lang='lat' dir='ltr'><strong>servum</strong></span> <span class='ocrx_word' id='word_1_401' title='bbox 3233 2389 3290 2435; x_wconf 89' lang='lat' dir='ltr'><strong>et</strong></span> <span class='ocrx_word' id='word_1_402' title='bbox 3337 2379 3509 2433; x_wconf 82' lang='lat' dir='ltr'><strong>filium</strong></span> <span class='ocrx_word' id='word_1_403' title='bbox 3548 2378 3604 2432; x_wconf 89' lang='lat' dir='ltr'><strong>in</strong></span> 
     </span>
    </p>
   </div>
   <div class='ocr_carea' id='block_1_54' title="bbox 2015 2471 3604 2539">
    <p class='ocr_par' dir='ltr' id='par_1_54' title="bbox 2015 2471 3604 2539">
     <span class='ocr_line' id='line_1_54' title="bbox 2015 2471 3604 2539; baseline -0.005 -6"><span class='ocrx_word' id='word_1_404' title='bbox 2015 2487 2128 2534; x_wconf 86' lang='lat' dir='ltr'><strong>tota</strong></span> <span class='ocrx_word' id='word_1_405' title='bbox 2157 2478 2322 2533; x_wconf 88' lang='lat' dir='ltr'><strong>domo</strong></span> <span class='ocrx_word' id='word_1_406' title='bbox 2362 2477 2457 2532; x_wconf 91' lang='lat' dir='ltr'><strong>Dei</strong></span> <span class='ocrx_word' id='word_1_407' title='bbox 2489 2487 2669 2539; x_wconf 85' lang='lat' dir='ltr'><strong>vocat,</strong></span> <span class='ocrx_word' id='word_1_408' title='bbox 2703 2477 2936 2531; x_wconf 88' lang='lat' dir='ltr'><strong>alterum</strong></span> <span class='ocrx_word' id='word_1_409' title='bbox 2956 2489 3086 2530; x_wconf 89' lang='lat' dir='ltr'><strong>vero</strong></span> <span class='ocrx_word' id='word_1_410' title='bbox 3109 2474 3185 2528; x_wconf 88' lang='lat' dir='ltr'><strong>ait</strong></span> <span class='ocrx_word' id='word_1_411' title='bbox 3209 2474 3432 2529; x_wconf 87' lang='lat' dir='ltr'><strong>domum</strong></span> <span class='ocrx_word' id='word_1_412' title='bbox 3457 2471 3604 2526; x_wconf 89' lang='lat' dir='ltr'><strong>illam</strong></span> 
     </span>
    </p>
   </div>
   <div class='ocr_carea' id='block_1_55' title="bbox 2016 2567 3607 2640">
    <p class='ocr_par' dir='ltr' id='par_1_55' title="bbox 2016 2567 3607 2640">
     <span class='ocr_line' id='line_1_55' title="bbox 2016 2567 3607 2640; baseline -0.004 -14"><span class='ocrx_word' id='word_1_413' title='bbox 2016 2571 2304 2626; x_wconf 80' lang='lat' dir='ltr'><strong>struxisse.</strong></span> <span class='ocrx_word' id='word_1_414' title='bbox 2338 2570 2524 2640; x_wconf 87' lang='lat' dir='ltr'><strong>Itaque</strong></span> <span class='ocrx_word' id='word_1_415' title='bbox 2551 2569 2696 2625; x_wconf 91' lang='lat' dir='ltr'><strong>Deus</strong></span> <span class='ocrx_word' id='word_1_416' title='bbox 2722 2568 2903 2624; x_wconf 87' lang='lat' dir='ltr'><strong>omnia</strong></span> <span class='ocrx_word' id='word_1_417' title='bbox 2926 2567 3238 2640; x_wconf 89' lang='lat' dir='ltr'><strong>perficiens,</strong></span> <span class='ocrx_word' id='word_1_418' title='bbox 3271 2575 3607 2622; x_wconf 88' lang='lat' dir='ltr'><strong>structuram</strong></span> 
     </span>
    </p>
   </div>
   <div class='ocr_carea' id='block_1_56' title="bbox 2015 2658 3604 2733">
    <p class='ocr_par' dir='ltr' id='par_1_56' title="bbox 2015 2658 3604 2733">
     <span class='ocr_line' id='line_1_56' title="bbox 2015 2658 3604 2733; baseline -0.005 -15"><span class='ocrx_word' id='word_1_419' title='bbox 2015 2677 2235 2733; x_wconf 91' lang='lat' dir='ltr'><strong>quoque</strong></span> <span class='ocrx_word' id='word_1_420' title='bbox 2263 2663 2541 2717; x_wconf 88' lang='lat' dir='ltr'><strong>terrestris</strong></span> <span class='ocrx_word' id='word_1_421' title='bbox 2565 2661 2761 2717; x_wconf 91' lang='lat' dir='ltr'><strong>domus</strong></span> <span class='ocrx_word' id='word_1_422' title='bbox 2778 2677 2890 2716; x_wconf 68' lang='lat' dir='ltr'><strong>sum</strong></span> <span class='ocrx_word' id='word_1_423' title='bbox 2913 2661 3197 2732; x_wconf 79' lang='lat' dir='ltr'><strong>praecepit.</strong></span> <span class='ocrx_word' id='word_1_424' title='bbox 3222 2658 3414 2714; x_wconf 84' lang='lat' dir='ltr'><strong>Omnia</strong></span> <span class='ocrx_word' id='word_1_425' title='bbox 3441 2658 3604 2723; x_wconf 87' lang='lat' dir='ltr'><strong>enim,</strong></span> 
     </span>
    </p>
   </div>
   <div class='ocr_carea' id='block_1_57' title="bbox 2016 2743 3608 2828">
    <p class='ocr_par' dir='ltr' id='par_1_57' title="bbox 2016 2743 3608 2828">
     <span class='ocr_line' id='line_1_57' title="bbox 2016 2743 3608 2828; baseline -0.004 -18"><span class='ocrx_word' id='word_1_426' title='bbox 2016 2755 2214 2828; x_wconf 90' lang='lat' dir='ltr'><strong>inquit,</strong></span> <span class='ocrx_word' id='word_1_427' title='bbox 2250 2743 2472 2825; x_wconf 71' lang='lat' dir='ltr'><strong>eﬁicieus</strong></span> <span class='ocrx_word' id='word_1_428' title='bbox 2508 2755 2645 2809; x_wconf 87' lang='lat' dir='ltr'><strong>Deus</strong></span> <span class='ocrx_word' id='word_1_429' title='bbox 2675 2763 2768 2820; x_wconf 86' lang='lat' dir='ltr'><strong>est,</strong></span> <span class='ocrx_word' id='word_1_430' title='bbox 2796 2755 2954 2824; x_wconf 85' lang='lat' dir='ltr'><strong>cujus</strong></span> <span class='ocrx_word' id='word_1_431' title='bbox 2993 2752 3264 2824; x_wconf 84' lang='lat' dir='ltr'><strong>genuinus</strong></span> <span class='ocrx_word' id='word_1_432' title='bbox 3286 2750 3455 2806; x_wconf 84' lang='lat' dir='ltr'><strong>Filius</strong></span> <span class='ocrx_word' id='word_1_433' title='bbox 3481 2765 3608 2805; x_wconf 88' lang='lat' dir='ltr'><strong>cum</strong></span> 
     </span>
    </p>
   </div>
   <div class='ocr_carea' id='block_1_58' title="bbox 2014 2842 3610 2913">
    <p class='ocr_par' dir='ltr' id='par_1_58' title="bbox 2014 2842 3610 2913">
     <span class='ocr_line' id='line_1_58' title="bbox 2014 2842 3610 2913; baseline -0.004 -10"><span class='ocrx_word' id='word_1_434' title='bbox 2014 2845 2178 2903; x_wconf 84' lang='lat' dir='ltr'><strong>Jesus</strong></span> <span class='ocrx_word' id='word_1_435' title='bbox 2205 2845 2456 2900; x_wconf 79' lang='lat' dir='ltr'><strong>Christus</strong></span> <span class='ocrx_word' id='word_1_436' title='bbox 2486 2846 2576 2913; x_wconf 87' lang='lat' dir='ltr'><strong>sit,</strong></span> <span class='ocrx_word' id='word_1_437' title='bbox 2627 2846 2770 2901; x_wconf 86' lang='lat' dir='ltr'><strong>idem</strong></span> <span class='ocrx_word' id='word_1_438' title='bbox 2817 2846 2902 2900; x_wconf 85' lang='lat' dir='ltr'><strong>vel</strong></span> <span class='ocrx_word' id='word_1_439' title='bbox 2950 2845 3073 2899; x_wconf 91' lang='lat' dir='ltr'><strong>ideo</strong></span> <span class='ocrx_word' id='word_1_440' title='bbox 3109 2842 3372 2898; x_wconf 91' lang='lat' dir='ltr'><strong>Dominus</strong></span> <span class='ocrx_word' id='word_1_441' title='bbox 3414 2842 3610 2896; x_wconf 89' lang='lat' dir='ltr'><strong>domus</strong></span> 
     </span>
    </p>
   </div>
   <div class='ocr_carea' id='block_1_59' title="bbox 2017 2934 3606 3004">
    <p class='ocr_par' dir='ltr' id='par_1_59' title="bbox 2017 2934 3606 3004">
     <span class='ocr_line' id='line_1_59' title="bbox 2017 2934 3606 3004; baseline -0.006 -9"><span class='ocrx_word' id='word_1_442' title='bbox 2017 2947 2122 3002; x_wconf 86' lang='lat' dir='ltr'><strong>est,</strong></span> <span class='ocrx_word' id='word_1_443' title='bbox 2156 2953 2268 2992; x_wconf 92' lang='lat' dir='ltr'><strong>non</strong></span> <span class='ocrx_word' id='word_1_444' title='bbox 2293 2953 2422 2992; x_wconf 89' lang='lat' dir='ltr'><strong>vero</strong></span> <span class='ocrx_word' id='word_1_445' title='bbox 2453 2952 2667 3002; x_wconf 89' lang='lat' dir='ltr'><strong>servus,</strong></span> <span class='ocrx_word' id='word_1_446' title='bbox 2725 2946 2785 2990; x_wconf 88' lang='lat' dir='ltr'><strong>ut</strong></span> <span class='ocrx_word' id='word_1_447' title='bbox 2830 2935 3032 2992; x_wconf 86' lang='lat' dir='ltr'><strong>Moses.</strong></span> <span class='ocrx_word' id='word_1_448' title='bbox 3085 2934 3215 2990; x_wconf 88' lang='lat' dir='ltr'><strong>Post</strong></span> <span class='ocrx_word' id='word_1_449' title='bbox 3238 2948 3409 3004; x_wconf 88' lang='lat' dir='ltr'><strong>pauca</strong></span> <span class='ocrx_word' id='word_1_450' title='bbox 3439 2947 3606 2987; x_wconf 83' lang='lat' dir='ltr'><strong>vero:</strong></span> 
     </span>
    </p>
   </div>
   <div class='ocr_carea' id='block_1_60' title="bbox 2018 3025 3608 3102">
    <p class='ocr_par' dir='ltr' id='par_1_60' title="bbox 2018 3025 3608 3102">
     <span class='ocr_line' id='line_1_60' title="bbox 2018 3025 3608 3102; baseline -0.006 -17"><span class='ocrx_word' id='word_1_451' title='bbox 2018 3029 2291 3102; x_wconf 84' lang='lat' dir='ltr'><strong>Siquidem</strong></span> <span class='ocrx_word' id='word_1_452' title='bbox 2331 3030 2600 3083; x_wconf 86' lang='lat' dir='ltr'><strong>credentes</strong></span> <span class='ocrx_word' id='word_1_453' title='bbox 2630 3029 2939 3098; x_wconf 69' lang='lat' dir='ltr'><strong>pra’sidium</strong></span> <span class='ocrx_word' id='word_1_454' title='bbox 2969 3027 3079 3098; x_wconf 85' lang='lat' dir='ltr'><strong>spei</strong></span> <span class='ocrx_word' id='word_1_455' title='bbox 3118 3035 3166 3080; x_wconf 90' lang='lat' dir='ltr'><strong>et</strong></span> <span class='ocrx_word' id='word_1_456' title='bbox 3215 3025 3470 3095; x_wconf 85' lang='lat' dir='ltr'><strong>ﬁduciam</strong></span> <span class='ocrx_word' id='word_1_457' title='bbox 3515 3039 3608 3077; x_wconf 86' lang='lat' dir='ltr'><strong>us-</strong></span> 
     </span>
    </p>
   </div>
   <div class='ocr_carea' id='block_1_61' title="bbox 2019 3114 3611 3193">
    <p class='ocr_par' dir='ltr' id='par_1_61' title="bbox 2019 3114 3611 3193">
     <span class='ocr_line' id='line_1_61' title="bbox 2019 3114 3611 3193; baseline -0.004 -17"><span class='ocrx_word' id='word_1_458' title='bbox 2019 3139 2118 3193; x_wconf 85' lang='lat' dir='ltr'><strong>que</strong></span> <span class='ocrx_word' id='word_1_459' title='bbox 2143 3123 2214 3176; x_wconf 87' lang='lat' dir='ltr'><strong>ad</strong></span> <span class='ocrx_word' id='word_1_460' title='bbox 2257 3122 2414 3192; x_wconf 82' lang='lat' dir='ltr'><strong>ﬁnem</strong></span> <span class='ocrx_word' id='word_1_461' title='bbox 2452 3121 2667 3188; x_wconf 85' lang='lat' dir='ltr'><strong>ﬁrmam</strong></span> <span class='ocrx_word' id='word_1_462' title='bbox 2699 3119 3184 3173; x_wconf 83' lang='lat' dir='ltr'><strong>conservaverimus</strong></span> <span class='ocrx_word' id='word_1_463' title='bbox 3214 3115 3279 3168; x_wconf 70' lang='lat'><strong>‘8.</strong></span> <span class='ocrx_word' id='word_1_464' title='bbox 3312 3114 3611 3174; x_wconf 79' lang='lat' dir='ltr'><strong>Pollicetur</strong></span> 
     </span>
    </p>
   </div>
   <div class='ocr_carea' id='block_1_62' title="bbox 311 3206 1917 3308">
    <p class='ocr_par' dir='ltr' id='par_1_62' title="bbox 311 3209 1912 3286">
     <span class='ocr_line' id='line_1_62' title="bbox 311 3209 1912 3286; baseline -0.002 -18"><span class='ocrx_word' id='word_1_465' title='bbox 311 3215 410 3286; x_wconf 77' lang='grc' dir='ltr'><strong>τὴν</strong></span> <span class='ocrx_word' id='word_1_466' title='bbox 441 3212 804 3282; x_wconf 83' lang='grc' dir='ltr'>κατασκευὴν</span> <span class='ocrx_word' id='word_1_467' title='bbox 823 3211 1108 3276; x_wconf 78' lang='grc' dir='ltr'>διετάξατο</span> <span class='ocrx_word' id='word_1_468' title='bbox 1133 3211 1229 3264; x_wconf 84' lang='grc' dir='ltr'><strong>τοῦ</strong></span> <span class='ocrx_word' id='word_1_469' title='bbox 1262 3210 1506 3278; x_wconf 75' lang='grc' dir='ltr'>ἐπιγείου</span> <span class='ocrx_word' id='word_1_470' title='bbox 1538 3209 1719 3286; x_wconf 31' lang='grc' dir='ltr'>αὐτοῦ,</span> <span class='ocrx_word' id='word_1_471' title='bbox 1739 3209 1912 3264; x_wconf 84' lang='grc' dir='ltr'>οἴκου·</span> 
     </span>
    </p>
   </div>
   <div class='ocr_carea' id='block_1_63' title="bbox 2023 3206 3614 3308">
    <p class='ocr_par' dir='ltr' id='par_1_63' title="bbox 2023 3206 3614 3275">
     <span class='ocr_line' id='line_1_63' title="bbox 2023 3206 3614 3275; baseline -0.008 -4"><span class='ocrx_word' id='word_1_472' title='bbox 2023 3232 2122 3272; x_wconf 91' lang='lat' dir='ltr'><strong>nos</strong></span> <span class='ocrx_word' id='word_1_473' title='bbox 2143 3216 2368 3271; x_wconf 89' lang='lat' dir='ltr'><strong>domum</strong></span> <span class='ocrx_word' id='word_1_474' title='bbox 2398 3213 2494 3268; x_wconf 90' lang='lat' dir='ltr'><strong>Dei</strong></span> <span class='ocrx_word' id='word_1_475' title='bbox 2526 3218 2777 3268; x_wconf 88' lang='lat' dir='ltr'><strong>vocatum</strong></span> <span class='ocrx_word' id='word_1_476' title='bbox 2813 3210 2902 3275; x_wconf 91' lang='lat' dir='ltr'><strong>iri,</strong></span> <span class='ocrx_word' id='word_1_477' title='bbox 2937 3219 2991 3263; x_wconf 89' lang='lat' dir='ltr'><strong>et</strong></span> <span class='ocrx_word' id='word_1_478' title='bbox 3020 3209 3073 3261; x_wconf 92' lang='lat' dir='ltr'><strong>in</strong></span> <span class='ocrx_word' id='word_1_479' title='bbox 3123 3207 3284 3262; x_wconf 83' lang='lat' dir='ltr'><strong>ﬁdem</strong></span> <span class='ocrx_word' id='word_1_480' title='bbox 3337 3206 3614 3262; x_wconf 85' lang='lat' dir='ltr'><strong>dictorum</strong></span> 
     </span>
    </p>
   </div>
   <div class='ocr_carea' id='block_1_64' title="bbox 324 3295 1916 3376">
    <p class='ocr_par' dir='ltr' id='par_1_64' title="bbox 324 3295 1916 3376">
     <span class='ocr_line' id='line_1_64' title="bbox 324 3295 1916 3376; baseline -0.002 -15"><span class='ocrx_word' id='word_1_481' title='bbox 324 3306 378 3361; x_wconf 86' lang='grc' dir='ltr'><strong><em>Ὀ</em></strong></span> <span class='ocrx_word' id='word_1_482' title='bbox 411 3306 532 3376; x_wconf 84' lang='grc' dir='ltr'><strong>τὰρ</strong></span> <span class='ocrx_word' id='word_1_483' title='bbox 558 3305 639 3359; x_wconf 86' lang='grc' dir='ltr'>τὰ</span> <span class='ocrx_word' id='word_1_484' title='bbox 667 3303 888 3370; x_wconf 72' lang='grc' dir='ltr'>πάντα,</span> <span class='ocrx_word' id='word_1_485' title='bbox 939 3303 1096 3374; x_wconf 69' lang='grc' dir='ltr'>φησι,</span> <span class='ocrx_word' id='word_1_486' title='bbox 1139 3302 1607 3367; x_wconf 79' lang='grc' dir='ltr'>κατασκευάσας</span> <span class='ocrx_word' id='word_1_487' title='bbox 1641 3301 1822 3368; x_wconf 83' lang='grc' dir='ltr'><strong>Θεὸς,</strong></span> <span class='ocrx_word' id='word_1_488' title='bbox 1853 3295 1916 3358; x_wconf 77' lang='grc' dir='ltr'><strong>οῦ</strong></span> 
     </span>
    </p>
   </div>
   <div class='ocr_carea' id='block_1_65' title="bbox 312 3391 1919 3472">
    <p class='ocr_par' dir='ltr' id='par_1_65' title="bbox 312 3391 1919 3472">
     <span class='ocr_line' id='line_1_65' title="bbox 312 3391 1919 3472; baseline -0.002 -21"><span class='ocrx_word' id='word_1_489' title='bbox 312 3400 546 3472; x_wconf 80' lang='grc' dir='ltr'>γνήσιος</span> <span class='ocrx_word' id='word_1_490' title='bbox 583 3395 662 3450; x_wconf 83' lang='grc' dir='ltr'>ὣν</span> <span class='ocrx_word' id='word_1_491' title='bbox 693 3395 820 3458; x_wconf 80' lang='grc' dir='ltr'><strong>Υἱὸς</strong></span> <span class='ocrx_word' id='word_1_492' title='bbox 865 3394 1073 3463; x_wconf 83' lang='grc' dir='ltr'>Ἰησοῦς</span> <span class='ocrx_word' id='word_1_493' title='bbox 1119 3395 1148 3446; x_wconf 89' lang='grc' dir='ltr'>ὁ</span> <span class='ocrx_word' id='word_1_494' title='bbox 1187 3391 1445 3464; x_wconf 76' lang='grc' dir='ltr'>Χριστὸς,</span> <span class='ocrx_word' id='word_1_495' title='bbox 1487 3392 1577 3446; x_wconf 86' lang='grc' dir='ltr'>διὰ</span> <span class='ocrx_word' id='word_1_496' title='bbox 1624 3391 1782 3446; x_wconf 85' lang='grc' dir='ltr'>τοῦτο</span> <span class='ocrx_word' id='word_1_497' title='bbox 1823 3394 1919 3448; x_wconf 76' lang='grc' dir='ltr'><strong>καὶ</strong></span> 
     </span>
    </p>
   </div>
   <div class='ocr_carea' id='block_1_66' title="bbox 313 3481 1917 3560">
    <p class='ocr_par' dir='ltr' id='par_1_66' title="bbox 313 3481 1917 3560">
     <span class='ocr_line' id='line_1_66' title="bbox 313 3481 1917 3560; baseline -0.006 -15"><span class='ocrx_word' id='word_1_498' title='bbox 313 3481 660 3560; x_wconf 19' lang='grc' dir='ltr'>Κύριοξμτοῦ</span> <span class='ocrx_word' id='word_1_499' title='bbox 694 3488 867 3551; x_wconf 71' lang='grc' dir='ltr'>οἴκου,</span> <span class='ocrx_word' id='word_1_500' title='bbox 904 3485 1018 3539; x_wconf 80' lang='grc' dir='ltr'>ἀλλ’</span> <span class='ocrx_word' id='word_1_501' title='bbox 1049 3485 1172 3557; x_wconf 72' lang='grc' dir='ltr'>οὐχὶ</span> <span class='ocrx_word' id='word_1_502' title='bbox 1200 3484 1477 3556; x_wconf 81' lang='grc' dir='ltr'>Θεράπων,</span> <span class='ocrx_word' id='word_1_503' title='bbox 1510 3482 1701 3555; x_wconf 82' lang='grc' dir='ltr'>ὥσπερ</span> <span class='ocrx_word' id='word_1_504' title='bbox 1730 3485 1758 3538; x_wconf 86' lang='grc' dir='ltr'>ὁ</span> <span class='ocrx_word' id='word_1_505' title='bbox 1784 3486 1917 3540; x_wconf 87' lang='grc' dir='ltr'><strong>Μω-</strong></span> 
     </span>
    </p>
   </div>
   <div class='ocr_carea' id='block_1_67' title="bbox 318 3577 1919 3652">
    <p class='ocr_par' dir='ltr' id='par_1_67' title="bbox 318 3577 1919 3652">
     <span class='ocr_line' id='line_1_67' title="bbox 318 3577 1919 3652; baseline -0.002 -16"><span class='ocrx_word' id='word_1_506' title='bbox 318 3582 441 3652; x_wconf 75' lang='grc' dir='ltr'><strong>σῆς.</strong></span> <span class='ocrx_word' id='word_1_507' title='bbox 479 3579 623 3636; x_wconf 83' lang='grc' dir='ltr'>Μετ’</span> <span class='ocrx_word' id='word_1_508' title='bbox 660 3578 845 3648; x_wconf 79' lang='grc' dir='ltr'>ὀλίγον</span> <span class='ocrx_word' id='word_1_509' title='bbox 880 3579 960 3646; x_wconf 79' lang='grc' dir='ltr'><strong>δὲ,</strong></span> <span class='ocrx_word' id='word_1_510' title='bbox 987 3577 1059 3632; x_wconf 87' lang='grc' dir='ltr'><strong>Τὸ</strong></span> <span class='ocrx_word' id='word_1_511' title='bbox 1083 3579 1373 3648; x_wconf 79' lang='grc' dir='ltr'>καύχημα</span> <span class='ocrx_word' id='word_1_512' title='bbox 1399 3577 1510 3646; x_wconf 76' lang='grc' dir='ltr'><strong>τῆς</strong></span> <span class='ocrx_word' id='word_1_513' title='bbox 1540 3577 1793 3646; x_wconf 79' lang='grc' dir='ltr'>ἐλπίδος</span> <span class='ocrx_word' id='word_1_514' title='bbox 1819 3580 1919 3634; x_wconf 77' lang='grc' dir='ltr'>καὶ</span> 
     </span>
    </p>
   </div>
   <div class='ocr_carea' id='block_1_68' title="bbox 314 3671 1920 3744">
    <p class='ocr_par' dir='ltr' id='par_1_68' title="bbox 314 3671 1920 3744">
     <span class='ocr_line' id='line_1_68' title="bbox 314 3671 1920 3744; baseline -0.001 -15"><span class='ocrx_word' id='word_1_515' title='bbox 314 3676 432 3744; x_wconf 65' lang='grc' dir='ltr'>τὴν·</span> <span class='ocrx_word' id='word_1_516' title='bbox 455 3673 813 3744; x_wconf 71' lang='grc' dir='ltr'>παρρησίαν</span> <span class='ocrx_word' id='word_1_517' title='bbox 832 3671 1008 3743; x_wconf 81' lang='grc' dir='ltr'>μέχρι</span> <span class='ocrx_word' id='word_1_518' title='bbox 1033 3671 1146 3744; x_wconf 73' lang='grc'>(45)</span> <span class='ocrx_word' id='word_1_519' title='bbox 1174 3671 1410 3738; x_wconf 76' lang='grc' dir='ltr'>τέλους,</span> <span class='ocrx_word' id='word_1_520' title='bbox 1445 3671 1555 3725; x_wconf 80' lang='grc' dir='ltr'><strong>ἐὰν</strong></span> <span class='ocrx_word' id='word_1_521' title='bbox 1580 3671 1839 3736; x_wconf 79' lang='grc' dir='ltr'>βεϐαίαν</span> <span class='ocrx_word' id='word_1_522' title='bbox 1866 3675 1920 3728; x_wconf 83' lang='grc' dir='ltr'>οἱ</span> 
     </span>
    </p>
   </div>
   <div class='ocr_carea' id='block_1_69' title="bbox 315 3759 1916 3835">
    <p class='ocr_par' dir='ltr' id='par_1_69' title="bbox 315 3759 1916 3835">
     <span class='ocr_line' id='line_1_69' title="bbox 315 3759 1916 3835; baseline -0.002 -13"><span class='ocrx_word' id='word_1_523' title='bbox 315 3767 804 3832; x_wconf 70' lang='grc' dir='ltr'>πεπιστευκότες</span> <span class='ocrx_word' id='word_1_524' title='bbox 841 3763 1274 3835; x_wconf 80' lang='grc' dir='ltr'>κατάσχωμεν,</span> <span class='ocrx_word' id='word_1_525' title='bbox 1322 3759 1470 3818; x_wconf 71' lang='grc' dir='ltr'>οἶκον</span> <span class='ocrx_word' id='word_1_526' title='bbox 1501 3765 1652 3833; x_wconf 79' lang='grc' dir='ltr'>ἡμᾶς</span> <span class='ocrx_word' id='word_1_527' title='bbox 1682 3766 1916 3834; x_wconf 77' lang='grc' dir='ltr'>εὐαγγεο</span> 
     </span>
    </p>
   </div>
   <div class='ocr_carea' id='block_1_70' title="bbox 315 3854 1922 3927">
    <p class='ocr_par' dir='ltr' id='par_1_70' title="bbox 315 3854 1922 3927">
     <span class='ocr_line' id='line_1_70' title="bbox 315 3854 1922 3927; baseline 0.001 -18"><span class='ocrx_word' id='word_1_528' title='bbox 315 3857 612 3927; x_wconf 78' lang='grc' dir='ltr'>λιζὸμενος</span> <span class='ocrx_word' id='word_1_529' title='bbox 637 3855 978 3927; x_wconf 77' lang='grc' dir='ltr'>χρηματίσαι</span> <span class='ocrx_word' id='word_1_530' title='bbox 1002 3854 1116 3926; x_wconf 73' lang='grc'><strong>(44)</strong></span> <span class='ocrx_word' id='word_1_531' title='bbox 1151 3854 1247 3908; x_wconf 90' lang='grc' dir='ltr'><strong>τοῦ</strong></span> <span class='ocrx_word' id='word_1_532' title='bbox 1290 3855 1460 3921; x_wconf 84' lang='grc' dir='ltr'>Θεοῦ,</span> <span class='ocrx_word' id='word_1_533' title='bbox 1493 3858 1592 3919; x_wconf 77' lang='grc' dir='ltr'><strong>τὰς</strong></span> <span class='ocrx_word' id='word_1_534' title='bbox 1629 3857 1922 3920; x_wconf 74' lang='grc' dir='ltr'>Δαυῖδικὰς</span> 
     </span>
    </p>
   </div>
   <div class='ocr_carea' id='block_1_71' title="bbox 317 3943 1920 4019">
    <p class='ocr_par' dir='ltr' id='par_1_71' title="bbox 317 3943 1920 4019">
     <span class='ocr_line' id='line_1_71' title="bbox 317 3943 1920 4019; baseline 0.001 -22"><span class='ocrx_word' id='word_1_535' title='bbox 317 3945 509 4015; x_wconf 69' lang='grc' dir='ltr'>φωνὰς</span> <span class='ocrx_word' id='word_1_536' title='bbox 549 3945 632 4008; x_wconf 76' lang='grc' dir='ltr'><strong>εἰς</strong></span> <span class='ocrx_word' id='word_1_537' title='bbox 677 3943 863 3998; x_wconf 85' lang='grc' dir='ltr'>πίστιν</span> <span class='ocrx_word' id='word_1_538' title='bbox 911 3944 1020 3998; x_wconf 86' lang='grc' dir='ltr'><strong>τῶν</strong></span> <span class='ocrx_word' id='word_1_539' title='bbox 1077 3945 1385 4019; x_wconf 77' lang='grc' dir='ltr'>εἰρημένων</span> <span class='ocrx_word' id='word_1_540' title='bbox 1425 3946 1822 4018; x_wconf 73' lang='grc' dir='ltr'>προϐάλλεται,</span> <span class='ocrx_word' id='word_1_541' title='bbox 1861 3947 1920 3998; x_wconf 83' lang='grc' dir='ltr'><strong>ὲν</strong></span> 
     </span>
    </p>
   </div>
   <div class='ocr_carea' id='block_1_72' title="bbox 317 4032 1919 4110">
    <p class='ocr_par' dir='ltr' id='par_1_72' title="bbox 317 4032 1919 4110">
     <span class='ocr_line' id='line_1_72' title="bbox 317 4032 1919 4110; baseline 0.002 -21"><span class='ocrx_word' id='word_1_542' title='bbox 317 4032 410 4101; x_wconf 66' lang='grc' dir='ltr'><strong>οἷς</strong></span> <span class='ocrx_word' id='word_1_543' title='bbox 437 4035 668 4109; x_wconf 82' lang='grc' dir='ltr'>πρῶτον</span> <span class='ocrx_word' id='word_1_544' title='bbox 700 4035 801 4107; x_wconf 87' lang='grc' dir='ltr'>μὲν</span> <span class='ocrx_word' id='word_1_545' title='bbox 829 4037 890 4091; x_wconf 80' lang='grc' dir='ltr'>τὸ</span> <span class='ocrx_word' id='word_1_546' title='bbox 923 4035 1152 4108; x_wconf 85' lang='grc' dir='ltr'>Πνεῦμα</span> <span class='ocrx_word' id='word_1_547' title='bbox 1182 4037 1242 4090; x_wconf 77' lang='grc' dir='ltr'>τὸ</span> <span class='ocrx_word' id='word_1_548' title='bbox 1270 4037 1427 4107; x_wconf 75' lang='grc' dir='ltr'>ἅγιον</span> <span class='ocrx_word' id='word_1_549' title='bbox 1449 4039 1691 4108; x_wconf 84' lang='grc' dir='ltr'>λαλῆσαι</span> <span class='ocrx_word' id='word_1_550' title='bbox 1721 4039 1821 4110; x_wconf 82' lang='grc' dir='ltr'><strong>βοᾷ</strong></span> <span class='ocrx_word' id='word_1_551' title='bbox 1851 4038 1919 4092; x_wconf 87' lang='grc' dir='ltr'>δι’</span> 
     </span>
    </p>
   </div>
   <div class='ocr_carea' id='block_1_73' title="bbox 314 4127 1920 4204">
    <p class='ocr_par' dir='ltr' id='par_1_73' title="bbox 314 4127 1920 4204">
     <span class='ocr_line' id='line_1_73' title="bbox 314 4127 1920 4204; baseline 0.001 -21"><span class='ocrx_word' id='word_1_552' title='bbox 314 4128 518 4197; x_wconf 66' lang='grc' dir='ltr'>αὐτοῦ,</span> <span class='ocrx_word' id='word_1_553' title='bbox 548 4128 744 4184; x_wconf 74' lang='grc' dir='ltr'>ἔπειτα</span> <span class='ocrx_word' id='word_1_554' title='bbox 765 4129 824 4183; x_wconf 81' lang='grc' dir='ltr'>δὲ</span> <span class='ocrx_word' id='word_1_555' title='bbox 854 4127 952 4201; x_wconf 80' lang='grc' dir='ltr'>τὴν</span> <span class='ocrx_word' id='word_1_556' title='bbox 992 4129 1114 4200; x_wconf 78' lang='grc' dir='ltr'>ἴσην</span> <span class='ocrx_word' id='word_1_557' title='bbox 1147 4129 1496 4187; x_wconf 82' lang='grc' dir='ltr'>ἀπαιτεῖσθαι</span> <span class='ocrx_word' id='word_1_558' title='bbox 1524 4131 1680 4204; x_wconf 84' lang='grc' dir='ltr'>δίκην</span> <span class='ocrx_word' id='word_1_559' title='bbox 1706 4131 1834 4196; x_wconf 84' lang='grc' dir='ltr'>τούς</span> <span class='ocrx_word' id='word_1_560' title='bbox 1859 4149 1920 4186; x_wconf 88' lang='grc' dir='ltr'><strong>τε</strong></span> 
     </span>
    </p>
   </div>
   <div class='ocr_carea' id='block_1_74' title="bbox 315 4220 1926 4292">
    <p class='ocr_par' dir='ltr' id='par_1_74' title="bbox 315 4220 1926 4292">
     <span class='ocr_line' id='line_1_74' title="bbox 315 4220 1926 4292; baseline 0.004 -16"><span class='ocrx_word' id='word_1_561' title='bbox 315 4220 418 4277; x_wconf 86' lang='grc' dir='ltr'><strong>νῦν</strong></span> <span class='ocrx_word' id='word_1_562' title='bbox 449 4222 692 4292; x_wconf 83' lang='grc' dir='ltr'>ἀνήκοον</span> <span class='ocrx_word' id='word_1_563' title='bbox 724 4221 1027 4292; x_wconf 82' lang='grc' dir='ltr'>ὑπέχοντας</span> <span class='ocrx_word' id='word_1_564' title='bbox 1052 4224 1174 4286; x_wconf 86' lang='grc' dir='ltr'>ταῖς</span> <span class='ocrx_word' id='word_1_565' title='bbox 1197 4224 1557 4287; x_wconf 85' lang='grc' dir='ltr'>Δεσποτικαῖς</span> <span class='ocrx_word' id='word_1_566' title='bbox 1590 4224 1830 4289; x_wconf 84' lang='grc' dir='ltr'>ἐντολαῖς</span> <span class='ocrx_word' id='word_1_567' title='bbox 1859 4226 1926 4282; x_wconf 80' lang='grc' dir='ltr'><strong>τὸ,</strong></span> 
     </span>
    </p>
   </div>
   <div class='ocr_carea' id='block_1_75' title="bbox 317 4309 1922 4388">
    <p class='ocr_par' dir='ltr' id='par_1_75' title="bbox 317 4309 1922 4388">
     <span class='ocr_line' id='line_1_75' title="bbox 317 4309 1922 4388; baseline 0.001 -18"><span class='ocrx_word' id='word_1_568' title='bbox 317 4309 447 4378; x_wconf 73' lang='grc' dir='ltr'>οὖς,</span> <span class='ocrx_word' id='word_1_569' title='bbox 489 4315 588 4368; x_wconf 80' lang='grc' dir='ltr'><strong>καὶ</strong></span> <span class='ocrx_word' id='word_1_570' title='bbox 620 4315 748 4377; x_wconf 82' lang='grc' dir='ltr'>τοὺς</span> <span class='ocrx_word' id='word_1_571' title='bbox 775 4313 834 4367; x_wconf 83' lang='grc' dir='ltr'><strong>ὲν</strong></span> <span class='ocrx_word' id='word_1_572' title='bbox 863 4314 942 4388; x_wconf 82' lang='grc' dir='ltr'>τῷ</span> <span class='ocrx_word' id='word_1_573' title='bbox 972 4314 1427 4386; x_wconf 85' lang='grc' dir='ltr'>παραπικρασμῷ</span> <span class='ocrx_word' id='word_1_574' title='bbox 1466 4315 1635 4371; x_wconf 83' lang='grc' dir='ltr'>πάλαι</span> <span class='ocrx_word' id='word_1_575' title='bbox 1683 4317 1922 4388; x_wconf 87' lang='grc' dir='ltr'>σκληρύ-</span> 
     </span>
    </p>
   </div>
   <div class='ocr_carea' id='block_1_76' title="bbox 320 4399 1920 4480">
    <p class='ocr_par' dir='ltr' id='par_1_76' title="bbox 320 4399 1920 4480">
     <span class='ocr_line' id='line_1_76' title="bbox 320 4399 1920 4480; baseline -0.001 -17"><span class='ocrx_word' id='word_1_576' title='bbox 320 4424 536 4472; x_wconf 84' lang='grc' dir='ltr'>ναντας</span> <span class='ocrx_word' id='word_1_577' title='bbox 566 4407 668 4477; x_wconf 75' lang='grc' dir='ltr'><strong>τὴν</strong></span> <span class='ocrx_word' id='word_1_578' title='bbox 713 4408 941 4478; x_wconf 78' lang='grc' dir='ltr'>καρδίαν</span> <span class='ocrx_word' id='word_1_579' title='bbox 975 4407 1178 4464; x_wconf 83' lang='grc' dir='ltr'>αὐτῶν.</span> <span class='ocrx_word' id='word_1_580' title='bbox 1207 4399 1308 4460; x_wconf 71' lang='grc' dir='ltr'><strong>⁷Ων</strong></span> <span class='ocrx_word' id='word_1_581' title='bbox 1348 4407 1406 4460; x_wconf 83' lang='grc' dir='ltr'><strong>δὲ</strong></span> <span class='ocrx_word' id='word_1_582' title='bbox 1445 4408 1478 4478; x_wconf 79' lang='grc' dir='ltr'>ἡ</span> <span class='ocrx_word' id='word_1_583' title='bbox 1518 4408 1761 4478; x_wconf 80' lang='grc' dir='ltr'>τιμωρία</span> <span class='ocrx_word' id='word_1_584' title='bbox 1809 4409 1920 4480; x_wconf 77' lang='grc' dir='ltr'>ἴση,</span> 
     </span>
    </p>
   </div>
   <div class='ocr_carea' id='block_1_77' title="bbox 323 4493 1925 4573">
    <p class='ocr_par' dir='ltr' id='par_1_77' title="bbox 323 4493 1925 4573">
     <span class='ocr_line' id='line_1_77' title="bbox 323 4493 1925 4573; baseline 0.001 -19"><span class='ocrx_word' id='word_1_585' title='bbox 323 4501 452 4554; x_wconf 73' lang='grc' dir='ltr'>οὐδὲ</span> <span class='ocrx_word' id='word_1_586' title='bbox 485 4501 550 4553; x_wconf 75' lang='grc' dir='ltr'>τὸ</span> <span class='ocrx_word' id='word_1_587' title='bbox 588 4501 896 4571; x_wconf 82' lang='grc' dir='ltr'>ἁμάρτημα</span> <span class='ocrx_word' id='word_1_588' title='bbox 933 4501 1203 4572; x_wconf 80' lang='grc' dir='ltr'>διαφέρει·</span> <span class='ocrx_word' id='word_1_589' title='bbox 1238 4493 1314 4554; x_wconf 84' lang='grc' dir='ltr'><strong>ὧν</strong></span> <span class='ocrx_word' id='word_1_590' title='bbox 1348 4500 1406 4554; x_wconf 86' lang='grc' dir='ltr'>δὲ</span> <span class='ocrx_word' id='word_1_591' title='bbox 1436 4501 1822 4573; x_wconf 81' lang='grc' dir='ltr'>παραπλήσιον</span> <span class='ocrx_word' id='word_1_592' title='bbox 1861 4503 1925 4557; x_wconf 83' lang='grc' dir='ltr'>τὸ</span> 
     </span>
    </p>
   </div>
   <div class='ocr_carea' id='block_1_78' title="bbox 2020 3297 3609 3372">
    <p class='ocr_par' dir='ltr' id='par_1_78' title="bbox 2020 3297 3609 3372">
     <span class='ocr_line' id='line_1_78' title="bbox 2020 3297 3609 3372; baseline -0.008 -10"><span class='ocrx_word' id='word_1_593' title='bbox 2020 3309 2240 3364; x_wconf 90' lang='lat' dir='ltr'><strong>Davidis</strong></span> <span class='ocrx_word' id='word_1_594' title='bbox 2283 3307 2443 3361; x_wconf 79' lang='lat' dir='ltr'><strong>aﬂ&#39;ert</strong></span> <span class='ocrx_word' id='word_1_595' title='bbox 2475 3306 2664 3371; x_wconf 86' lang='lat' dir='ltr'><strong>verba,</strong></span> <span class='ocrx_word' id='word_1_596' title='bbox 2714 3305 2768 3358; x_wconf 92' lang='lat' dir='ltr'><strong>in</strong></span> <span class='ocrx_word' id='word_1_597' title='bbox 2826 3301 3027 3372; x_wconf 89' lang='lat' dir='ltr'><strong>quibus</strong></span> <span class='ocrx_word' id='word_1_598' title='bbox 3081 3299 3320 3370; x_wconf 90' lang='lat' dir='ltr'><strong>primum</strong></span> <span class='ocrx_word' id='word_1_599' title='bbox 3386 3297 3609 3367; x_wconf 89' lang='lat' dir='ltr'><strong>quidem</strong></span> 
     </span>
    </p>
   </div>
   <div class='ocr_carea' id='block_1_79' title="bbox 2022 3391 3610 3472">
    <p class='ocr_par' dir='ltr' id='par_1_79' title="bbox 2022 3391 3610 3472">
     <span class='ocr_line' id='line_1_79' title="bbox 2022 3391 3610 3472; baseline -0.009 -17"><span class='ocrx_word' id='word_1_600' title='bbox 2022 3399 2283 3472; x_wconf 88' lang='lat' dir='ltr'><strong>Spiritum</strong></span> <span class='ocrx_word' id='word_1_601' title='bbox 2316 3408 2567 3455; x_wconf 86' lang='lat' dir='ltr'><strong>sanctum</strong></span> <span class='ocrx_word' id='word_1_602' title='bbox 2603 3413 2700 3469; x_wconf 91' lang='lat' dir='ltr'><strong>per</strong></span> <span class='ocrx_word' id='word_1_603' title='bbox 2730 3396 2881 3451; x_wconf 89' lang='lat' dir='ltr'><strong>illum</strong></span> <span class='ocrx_word' id='word_1_604' title='bbox 2909 3392 3058 3463; x_wconf 88' lang='lat' dir='ltr'><strong>loqui</strong></span> <span class='ocrx_word' id='word_1_605' title='bbox 3101 3392 3197 3455; x_wconf 86' lang='lat' dir='ltr'><strong>ait,</strong></span> <span class='ocrx_word' id='word_1_606' title='bbox 3250 3391 3449 3446; x_wconf 90' lang='lat' dir='ltr'><strong>deinde</strong></span> <span class='ocrx_word' id='word_1_607' title='bbox 3477 3403 3610 3443; x_wconf 85' lang='lat' dir='ltr'><strong>vero</strong></span> 
     </span>
    </p>
   </div>
   <div class='ocr_carea' id='block_1_80' title="bbox 2019 3481 3611 3557">
    <p class='ocr_par' dir='ltr' id='par_1_80' title="bbox 2019 3481 3611 3557">
     <span class='ocr_line' id='line_1_80' title="bbox 2019 3481 3611 3557; baseline -0.01 -8"><span class='ocrx_word' id='word_1_608' title='bbox 2019 3490 2616 3557; x_wconf 83' lang='lat' dir='ltr'><strong>conﬁrmat,eamdem</strong></span> <span class='ocrx_word' id='word_1_609' title='bbox 2665 3488 2734 3544; x_wconf 90' lang='lat' dir='ltr'><strong>ab</strong></span> <span class='ocrx_word' id='word_1_610' title='bbox 2787 3486 2898 3542; x_wconf 90' lang='lat' dir='ltr'><strong>illis</strong></span> <span class='ocrx_word' id='word_1_611' title='bbox 2943 3484 3082 3556; x_wconf 78' lang='lat' dir='ltr'><strong>exigi</strong></span> <span class='ocrx_word' id='word_1_612' title='bbox 3133 3497 3373 3554; x_wconf 59' lang='lat' dir='ltr'><strong>poenam,</strong></span> <span class='ocrx_word' id='word_1_613' title='bbox 3411 3481 3501 3552; x_wconf 89' lang='lat' dir='ltr'><strong>qui</strong></span> <span class='ocrx_word' id='word_1_614' title='bbox 3556 3487 3611 3534; x_wconf 87' lang='lat' dir='ltr'><strong>et</strong></span> 
     </span>
    </p>
   </div>
   <div class='ocr_carea' id='block_1_81' title="bbox 2020 3578 3609 3653">
    <p class='ocr_par' dir='ltr' id='par_1_81' title="bbox 2020 3578 3609 3653">
     <span class='ocr_line' id='line_1_81' title="bbox 2020 3578 3609 3653; baseline -0.007 -14"><span class='ocrx_word' id='word_1_615' title='bbox 2020 3599 2168 3639; x_wconf 91' lang='lat' dir='ltr'><strong>nunc</strong></span> <span class='ocrx_word' id='word_1_616' title='bbox 2193 3582 2482 3653; x_wconf 81' lang='lat' dir='ltr'><strong>praeceptis</strong></span> <span class='ocrx_word' id='word_1_617' title='bbox 2543 3579 2756 3636; x_wconf 87' lang='lat' dir='ltr'><strong>Domini</strong></span> <span class='ocrx_word' id='word_1_618' title='bbox 2811 3578 3192 3647; x_wconf 82' lang='lat' dir='ltr'><strong>immorigeras</strong></span> <span class='ocrx_word' id='word_1_619' title='bbox 3251 3591 3415 3630; x_wconf 89' lang='lat' dir='ltr'><strong>aures</strong></span> <span class='ocrx_word' id='word_1_620' title='bbox 3467 3589 3609 3645; x_wconf 62' lang='lat' dir='ltr'><strong>prae—</strong></span> 
     </span>
    </p>
   </div>
   <div class='ocr_carea' id='block_1_82' title="bbox 2020 3668 3612 3746">
    <p class='ocr_par' dir='ltr' id='par_1_82' title="bbox 2020 3668 3612 3746">
     <span class='ocr_line' id='line_1_82' title="bbox 2020 3668 3612 3746; baseline -0.008 -13"><span class='ocrx_word' id='word_1_621' title='bbox 2020 3678 2207 3741; x_wconf 86' lang='lat' dir='ltr'><strong>beant,</strong></span> <span class='ocrx_word' id='word_1_622' title='bbox 2258 3684 2316 3731; x_wconf 87' lang='lat' dir='ltr'><strong>et</strong></span> <span class='ocrx_word' id='word_1_623' title='bbox 2367 3674 2461 3746; x_wconf 90' lang='lat' dir='ltr'><strong>qui</strong></span> <span class='ocrx_word' id='word_1_624' title='bbox 2500 3674 2629 3729; x_wconf 90' lang='lat' dir='ltr'><strong>olim</strong></span> <span class='ocrx_word' id='word_1_625' title='bbox 2691 3682 2940 3742; x_wconf 90' lang='lat' dir='ltr'><strong>tempore</strong></span> <span class='ocrx_word' id='word_1_626' title='bbox 3015 3668 3455 3736; x_wconf 81' lang='lat' dir='ltr'><strong>exacerbationis</strong></span> <span class='ocrx_word' id='word_1_627' title='bbox 3515 3681 3612 3722; x_wconf 90' lang='lat' dir='ltr'><strong>cor</strong></span> 
     </span>
    </p>
   </div>
   <div class='ocr_carea' id='block_1_83' title="bbox 2021 3759 3608 3834">
    <p class='ocr_par' dir='ltr' id='par_1_83' title="bbox 2021 3759 3608 3834">
     <span class='ocr_line' id='line_1_83' title="bbox 2021 3759 3608 3834; baseline -0.007 -10"><span class='ocrx_word' id='word_1_628' title='bbox 2021 3767 2556 3824; x_wconf 69' lang='lat' dir='ltr'><strong>suum—obfirmarint.</strong></span> <span class='ocrx_word' id='word_1_629' title='bbox 2618 3765 2864 3834; x_wconf 86' lang='lat' dir='ltr'><strong>Quorum</strong></span> <span class='ocrx_word' id='word_1_630' title='bbox 2914 3779 3044 3818; x_wconf 80' lang='lat' dir='ltr'><strong>vero</strong></span> <span class='ocrx_word' id='word_1_631' title='bbox 3090 3775 3253 3832; x_wconf 78' lang='lat' dir='ltr'><strong>poena</strong></span> <span class='ocrx_word' id='word_1_632' title='bbox 3282 3769 3368 3816; x_wconf 90' lang='lat' dir='ltr'><strong>est</strong></span> <span class='ocrx_word' id='word_1_633' title='bbox 3391 3759 3608 3822; x_wconf 85' lang='lat' dir='ltr'><strong>eadem,</strong></span> 
     </span>
    </p>
   </div>
   <div class='ocr_carea' id='block_1_84' title="bbox 2022 3851 3612 3927">
    <p class='ocr_par' dir='ltr' id='par_1_84' title="bbox 2022 3851 3612 3927">
     <span class='ocr_line' id='line_1_84' title="bbox 2022 3851 3612 3927; baseline -0.008 -10"><span class='ocrx_word' id='word_1_634' title='bbox 2022 3876 2213 3917; x_wconf 88' lang='lat' dir='ltr'><strong>eorum</strong></span> <span class='ocrx_word' id='word_1_635' title='bbox 2237 3875 2344 3916; x_wconf 91' lang='lat' dir='ltr'><strong>nec</strong></span> <span class='ocrx_word' id='word_1_636' title='bbox 2375 3858 2578 3916; x_wconf 81' lang='lat' dir='ltr'><strong>delicta</strong></span> <span class='ocrx_word' id='word_1_637' title='bbox 2623 3857 2911 3924; x_wconf 79' lang='lat' dir='ltr'><strong>ditlerunt;</strong></span> <span class='ocrx_word' id='word_1_638' title='bbox 2981 3869 3216 3927; x_wconf 87' lang='lat' dir='ltr'><strong>quorum</strong></span> <span class='ocrx_word' id='word_1_639' title='bbox 3255 3868 3386 3908; x_wconf 91' lang='lat' dir='ltr'><strong>vero</strong></span> <span class='ocrx_word' id='word_1_640' title='bbox 3430 3851 3612 3906; x_wconf 90' lang='lat' dir='ltr'><strong>simile</strong></span> 
     </span>
    </p>
   </div>
   <div class='ocr_carea' id='block_1_85' title="bbox 2023 3942 3610 4019">
    <p class='ocr_par' dir='ltr' id='par_1_85' title="bbox 2023 3942 3610 4019">
     <span class='ocr_line' id='line_1_85' title="bbox 2023 3942 3610 4019; baseline -0.006 -15"><span class='ocrx_word' id='word_1_641' title='bbox 2023 3956 2420 4019; x_wconf 87' lang='lat' dir='ltr'><strong>cstpeccatum</strong></span> <span class='ocrx_word' id='word_1_642' title='bbox 2453 3990 2469 4015; x_wconf 93' lang='lat'><strong>,</strong></span> <span class='ocrx_word' id='word_1_643' title='bbox 2534 3962 2727 4002; x_wconf 88' lang='lat' dir='ltr'><strong>eorum</strong></span> <span class='ocrx_word' id='word_1_644' title='bbox 2777 3956 3016 4016; x_wconf 88' lang='lat' dir='ltr'><strong>utraque</strong></span> <span class='ocrx_word' id='word_1_645' title='bbox 3068 3958 3196 4014; x_wconf 88' lang='lat' dir='ltr'><strong>pars</strong></span> <span class='ocrx_word' id='word_1_646' title='bbox 3245 3943 3299 3997; x_wconf 88' lang='lat' dir='ltr'><strong>in</strong></span> <span class='ocrx_word' id='word_1_647' title='bbox 3349 3942 3610 3996; x_wconf 88' lang='lat' dir='ltr'><strong>eumdem</strong></span> 
     </span>
    </p>
   </div>
   <div class='ocr_carea' id='block_1_86' title="bbox 2023 4032 3610 4109">
    <p class='ocr_par' dir='ltr' id='par_1_86' title="bbox 2023 4032 3610 4109">
     <span class='ocr_line' id='line_1_86' title="bbox 2023 4032 3610 4109; baseline -0.004 -17"><span class='ocrx_word' id='word_1_648' title='bbox 2023 4038 2194 4094; x_wconf 90' lang='lat' dir='ltr'><strong>Deum</strong></span> <span class='ocrx_word' id='word_1_649' title='bbox 2247 4053 2504 4109; x_wconf 85' lang='lat' dir='ltr'><strong>peccasse</strong></span> <span class='ocrx_word' id='word_1_650' title='bbox 2558 4035 2927 4092; x_wconf 90' lang='lat' dir='ltr'><strong>convincitur.</strong></span> <span class='ocrx_word' id='word_1_651' title='bbox 2965 4034 3036 4089; x_wconf 82' lang='lat' dir='ltr'><strong>At</strong></span> <span class='ocrx_word' id='word_1_652' title='bbox 3092 4043 3356 4088; x_wconf 89' lang='lat' dir='ltr'><strong>strenuus</strong></span> <span class='ocrx_word' id='word_1_653' title='bbox 3408 4032 3498 4086; x_wconf 91' lang='lat' dir='ltr'><strong>ille</strong></span> <span class='ocrx_word' id='word_1_654' title='bbox 3555 4039 3610 4086; x_wconf 91' lang='lat' dir='ltr'><strong>et</strong></span> 
     </span>
    </p>
   </div>
   <div class='ocr_carea' id='block_1_87' title="bbox 2023 4123 3613 4196">
    <p class='ocr_par' dir='ltr' id='par_1_87' title="bbox 2023 4123 3613 4196">
     <span class='ocr_line' id='line_1_87' title="bbox 2023 4123 3613 4196; baseline -0.006 -10"><span class='ocrx_word' id='word_1_655' title='bbox 2023 4130 2267 4188; x_wconf 83' lang='lat' dir='ltr'><strong>fervidus</strong></span> <span class='ocrx_word' id='word_1_656' title='bbox 2294 4129 2545 4185; x_wconf 88' lang='lat' dir='ltr'><strong>veritatis</strong></span> <span class='ocrx_word' id='word_1_657' title='bbox 2570 4139 2782 4185; x_wconf 89' lang='lat' dir='ltr'><strong>amator</strong></span> <span class='ocrx_word' id='word_1_658' title='bbox 2838 4143 2910 4184; x_wconf 90' lang='lat' dir='ltr'><strong>ne</strong></span> <span class='ocrx_word' id='word_1_659' title='bbox 2939 4127 2994 4182; x_wconf 89' lang='lat' dir='ltr'><strong>in</strong></span> <span class='ocrx_word' id='word_1_660' title='bbox 3027 4128 3116 4182; x_wconf 90' lang='lat' dir='ltr'><strong>his</strong></span> <span class='ocrx_word' id='word_1_661' title='bbox 3146 4127 3367 4196; x_wconf 89' lang='lat' dir='ltr'><strong>quidem</strong></span> <span class='ocrx_word' id='word_1_662' title='bbox 3392 4123 3613 4194; x_wconf 87' lang='lat' dir='ltr'><strong>acquie-</strong></span> 
     </span>
    </p>
   </div>
   <div class='ocr_carea' id='block_1_88' title="bbox 2025 4217 3611 4295">
    <p class='ocr_par' dir='ltr' id='par_1_88' title="bbox 2025 4217 3611 4295">
     <span class='ocr_line' id='line_1_88' title="bbox 2025 4217 3611 4295; baseline -0.006 -16"><span class='ocrx_word' id='word_1_663' title='bbox 2025 4223 2150 4289; x_wconf 90' lang='lat' dir='ltr'><strong>scit,</strong></span> <span class='ocrx_word' id='word_1_664' title='bbox 2181 4230 2242 4278; x_wconf 88' lang='lat' dir='ltr'><strong>ut</strong></span> <span class='ocrx_word' id='word_1_665' title='bbox 2271 4223 2459 4294; x_wconf 67' lang='lat' dir='ltr'><strong>gratia:</strong></span> <span class='ocrx_word' id='word_1_666' title='bbox 2485 4223 2661 4295; x_wconf 78' lang='lat' dir='ltr'><strong>legem</strong></span> <span class='ocrx_word' id='word_1_667' title='bbox 2690 4223 2906 4293; x_wconf 81' lang='lat' dir='ltr'><strong>jungat,</strong></span> <span class='ocrx_word' id='word_1_668' title='bbox 2933 4231 3097 4292; x_wconf 88' lang='lat' dir='ltr'><strong>atque</strong></span> <span class='ocrx_word' id='word_1_669' title='bbox 3151 4222 3267 4276; x_wconf 83' lang='lat' dir='ltr'><strong>haec</strong></span> <span class='ocrx_word' id='word_1_670' title='bbox 3300 4217 3611 4276; x_wconf 87' lang='lat' dir='ltr'><strong>communia</strong></span> 
     </span>
    </p>
   </div>
   <div class='ocr_carea' id='block_1_89' title="bbox 2026 4311 3612 4380">
    <p class='ocr_par' dir='ltr' id='par_1_89' title="bbox 2026 4311 3612 4380">
     <span class='ocr_line' id='line_1_89' title="bbox 2026 4311 3612 4380; baseline -0.004 -11"><span class='ocrx_word' id='word_1_671' title='bbox 2026 4315 2200 4370; x_wconf 88' lang='lat' dir='ltr'><strong>Patris</strong></span> <span class='ocrx_word' id='word_1_672' title='bbox 2233 4323 2289 4370; x_wconf 91' lang='lat' dir='ltr'><strong>et</strong></span> <span class='ocrx_word' id='word_1_673' title='bbox 2311 4313 2433 4369; x_wconf 85' lang='lat' dir='ltr'><strong>Filii</strong></span> <span class='ocrx_word' id='word_1_674' title='bbox 2459 4330 2584 4372; x_wconf 88' lang='lat' dir='ltr'><strong>esse</strong></span> <span class='ocrx_word' id='word_1_675' title='bbox 2609 4315 2885 4380; x_wconf 88' lang='lat' dir='ltr'><strong>ostendat,</strong></span> <span class='ocrx_word' id='word_1_676' title='bbox 2912 4314 3008 4370; x_wconf 92' lang='lat' dir='ltr'><strong>sed</strong></span> <span class='ocrx_word' id='word_1_677' title='bbox 3035 4322 3243 4379; x_wconf 87' lang='lat' dir='ltr'><strong>monet,</strong></span> <span class='ocrx_word' id='word_1_678' title='bbox 3280 4311 3612 4367; x_wconf 81' lang='lat' dir='ltr'><strong>exacerban-</strong></span> 
     </span>
    </p>
   </div>
   <div class='ocr_carea' id='block_1_90' title="bbox 2026 4402 3610 4474">
    <p class='ocr_par' dir='ltr' id='par_1_90' title="bbox 2026 4402 3610 4474">
     <span class='ocr_line' id='line_1_90' title="bbox 2026 4402 3610 4474; baseline -0.005 -14"><span class='ocrx_word' id='word_1_679' title='bbox 2026 4414 2106 4460; x_wconf 87' lang='lat' dir='ltr'><strong>tes</strong></span> <span class='ocrx_word' id='word_1_680' title='bbox 2162 4402 2293 4459; x_wconf 90' lang='lat' dir='ltr'><strong>olim</strong></span> <span class='ocrx_word' id='word_1_681' title='bbox 2324 4402 2554 4471; x_wconf 88' lang='lat' dir='ltr'><strong>Mosen,</strong></span> <span class='ocrx_word' id='word_1_682' title='bbox 2605 4413 2661 4460; x_wconf 88' lang='lat' dir='ltr'><strong>et</strong></span> <span class='ocrx_word' id='word_1_683' title='bbox 2710 4419 2808 4474; x_wconf 92' lang='lat' dir='ltr'><strong>per</strong></span> <span class='ocrx_word' id='word_1_684' title='bbox 2849 4421 2975 4460; x_wconf 91' lang='lat' dir='ltr'><strong>eum</strong></span> <span class='ocrx_word' id='word_1_685' title='bbox 3021 4404 3188 4458; x_wconf 84' lang='lat' dir='ltr'><strong>Deum</strong></span> <span class='ocrx_word' id='word_1_686' title='bbox 3236 4405 3414 4473; x_wconf 89' lang='lat' dir='ltr'><strong>ipsum</strong></span> <span class='ocrx_word' id='word_1_687' title='bbox 3442 4443 3456 4466; x_wconf 93' lang='lat'><strong>,</strong></span> <span class='ocrx_word' id='word_1_688' title='bbox 3498 4415 3610 4454; x_wconf 90' lang='lat' dir='ltr'><strong>non</strong></span> 
     </span>
    </p>
   </div>
   <div class='ocr_carea' id='block_1_91' title="bbox 2027 4497 3610 4571">
    <p class='ocr_par' dir='ltr' id='par_1_91' title="bbox 2027 4497 3610 4571">
     <span class='ocr_line' id='line_1_91' title="bbox 2027 4497 3610 4571; baseline -0.007 -14"><span class='ocrx_word' id='word_1_689' title='bbox 2027 4503 2191 4557; x_wconf 90' lang='lat' dir='ltr'><strong>alium</strong></span> <span class='ocrx_word' id='word_1_690' title='bbox 2223 4511 2486 4568; x_wconf 88' lang='lat' dir='ltr'><strong>tentasse,</strong></span> <span class='ocrx_word' id='word_1_691' title='bbox 2521 4516 2685 4571; x_wconf 91' lang='lat' dir='ltr'><strong>quam</strong></span> <span class='ocrx_word' id='word_1_692' title='bbox 2718 4500 2869 4555; x_wconf 90' lang='lat' dir='ltr'><strong>illum</strong></span> <span class='ocrx_word' id='word_1_693' title='bbox 2896 4515 3060 4569; x_wconf 89' lang='lat' dir='ltr'><strong>quem</strong></span> <span class='ocrx_word' id='word_1_694' title='bbox 3102 4497 3343 4568; x_wconf 88' lang='lat' dir='ltr'><strong>Spiritus</strong></span> <span class='ocrx_word' id='word_1_695' title='bbox 3385 4504 3610 4548; x_wconf 82' lang='lat' dir='ltr'><strong>sanctus</strong></span> 
     </span>
    </p>
   </div>
   <div class='ocr_carea' id='block_1_92' title="bbox 325 4587 1917 4663">
    <p class='ocr_par' dir='ltr' id='par_1_92' title="bbox 325 4591 1917 4663">
     <span class='ocr_line' id='line_1_92' title="bbox 325 4591 1917 4663; baseline 0.003 -20"><span class='ocrx_word' id='word_1_696' title='bbox 325 4591 669 4663; x_wconf 73' lang='grc' dir='ltr'>ἁμάρτημα,</span> <span class='ocrx_word' id='word_1_697' title='bbox 690 4591 896 4646; x_wconf 81' lang='grc' dir='ltr'>τούτων</span> <span class='ocrx_word' id='word_1_698' title='bbox 919 4591 1155 4662; x_wconf 77' lang='grc' dir='ltr'>ἑκατέρα</span> <span class='ocrx_word' id='word_1_699' title='bbox 1187 4591 1345 4662; x_wconf 73' lang='grc' dir='ltr'>μερὶς</span> <span class='ocrx_word' id='word_1_700' title='bbox 1368 4592 1449 4657; x_wconf 75' lang='grc' dir='ltr'><strong>εἰς</strong></span> <span class='ocrx_word' id='word_1_701' title='bbox 1479 4592 1570 4645; x_wconf 83' lang='grc' dir='ltr'><strong>τὸν</strong></span> <span class='ocrx_word' id='word_1_702' title='bbox 1598 4593 1762 4647; x_wconf 72' lang='grc' dir='ltr'>αὑτὸν</span> <span class='ocrx_word' id='word_1_703' title='bbox 1785 4593 1917 4648; x_wconf 84' lang='grc' dir='ltr'>Θεὺν</span> 
     </span>
    </p>
   </div>
   <div class='ocr_carea' id='block_1_93' title="bbox 2023 4587 3612 4663">
    <p class='ocr_par' dir='ltr' id='par_1_93' title="bbox 2028 4587 3612 4663">
     <span class='ocr_line' id='line_1_93' title="bbox 2028 4587 3612 4663; baseline -0.006 -13"><span class='ocrx_word' id='word_1_704' title='bbox 2028 4597 2346 4658; x_wconf 81' lang='lat' dir='ltr'><strong>annuntiet:</strong></span> <span class='ocrx_word' id='word_1_705' title='bbox 2372 4594 2437 4648; x_wconf 84' lang='lat' dir='ltr'><strong>In</strong></span> <span class='ocrx_word' id='word_1_706' title='bbox 2461 4594 2546 4648; x_wconf 88' lang='lat' dir='ltr'><strong>die</strong></span> <span class='ocrx_word' id='word_1_707' title='bbox 2575 4593 2747 4659; x_wconf 87' lang='lat' dir='ltr'><strong>enim,</strong></span> <span class='ocrx_word' id='word_1_708' title='bbox 2780 4593 2975 4663; x_wconf 87' lang='lat' dir='ltr'><strong>inquit,</strong></span> <span class='ocrx_word' id='word_1_709' title='bbox 3000 4590 3327 4655; x_wconf 85' lang='lat' dir='ltr'><strong>tentationis,</strong></span> <span class='ocrx_word' id='word_1_710' title='bbox 3353 4589 3409 4642; x_wconf 89' lang='lat' dir='ltr'><strong>in</strong></span> <span class='ocrx_word' id='word_1_711' title='bbox 3434 4587 3612 4642; x_wconf 80' lang='lat' dir='ltr'><strong>deser-</strong></span> 
     </span>
    </p>
   </div>
   <div class='ocr_carea' id='block_1_94' title="bbox 404 4709 1936 4782">
    <p class='ocr_par' dir='ltr' id='par_1_94' title="bbox 404 4709 1936 4782">
     <span class='ocr_line' id='line_1_94' title="bbox 404 4709 1936 4782; baseline 0.001 -14"><span class='ocrx_word' id='word_1_712' title='bbox 404 4714 449 4746; x_wconf 87' lang='grc'><strong><em>²⁶</em></strong></span> <span class='ocrx_word' id='word_1_713' title='bbox 477 4713 644 4769; x_wconf 76' lang='lat' dir='ltr'><strong>Rom.</strong></span> <span class='ocrx_word' id='word_1_714' title='bbox 677 4727 754 4777; x_wconf 77' lang='lat' dir='ltr'><strong>xl,</strong></span> <span class='ocrx_word' id='word_1_715' title='bbox 783 4711 852 4767; x_wconf 81' lang='grc'><strong>’56</strong></span> <span class='ocrx_word' id='word_1_716' title='bbox 954 4713 997 4745; x_wconf 78' lang='grc'><strong>⁸⁷</strong></span> <span class='ocrx_word' id='word_1_717' title='bbox 1033 4709 1201 4766; x_wconf 80' lang='lat' dir='ltr'><strong>llebr.</strong></span> <span class='ocrx_word' id='word_1_718' title='bbox 1240 4726 1326 4776; x_wconf 91' lang='grc' dir='ltr'>ιιι,</span> <span class='ocrx_word' id='word_1_719' title='bbox 1359 4709 1415 4764; x_wconf 74' lang='lat'><strong>2.</strong></span> <span class='ocrx_word' id='word_1_720' title='bbox 1494 4713 1538 4744; x_wconf 80' lang='grc'><strong>¹⁸</strong></span> <span class='ocrx_word' id='word_1_721' title='bbox 1562 4710 1729 4767; x_wconf 88' lang='lat' dir='ltr'><strong>Hebr.</strong></span> <span class='ocrx_word' id='word_1_722' title='bbox 1765 4729 1848 4782; x_wconf 89' lang='grc' dir='ltr'>ιιι,</span> <span class='ocrx_word' id='word_1_723' title='bbox 1881 4715 1936 4770; x_wconf 87' lang='lat'><strong>6.</strong></span> 
     </span>
    </p>
   </div>
   <div class='ocr_carea' id='block_1_95' title="bbox 1443 4849 2499 4908">
    <p class='ocr_par' dir='ltr' id='par_1_95' title="bbox 1443 4849 2499 4908">
     <span class='ocr_line' id='line_1_95' title="bbox 1443 4849 2499 4908; baseline -0.001 -3"><span class='ocrx_word' id='word_1_724' title='bbox 1443 4849 1680 4905; x_wconf 73' lang='lat' dir='ltr'><strong>VARUE</strong></span> <span class='ocrx_word' id='word_1_725' title='bbox 1723 4850 2108 4908; x_wconf 82' lang='lat' dir='ltr'><strong>LECTIONES</strong></span> <span class='ocrx_word' id='word_1_726' title='bbox 2146 4851 2234 4906; x_wconf 88' lang='lat' dir='ltr'><strong>ET</strong></span> <span class='ocrx_word' id='word_1_727' title='bbox 2263 4850 2403 4906; x_wconf 86' lang='lat' dir='ltr'><strong>NOT</strong></span> <span class='ocrx_word' id='word_1_728' title='bbox 2409 4851 2499 4906; x_wconf 55' lang='lat' dir='ltr'><strong>1E.</strong></span> 
     </span>
    </p>
   </div>
   <div class='ocr_carea' id='block_1_96' title="bbox 398 4969 1906 5048">
    <p class='ocr_par' dir='ltr' id='par_1_96' title="bbox 398 4969 1906 5048">
     <span class='ocr_line' id='line_1_96' title="bbox 398 4969 1906 5048; baseline -0.003 -18"><span class='ocrx_word' id='word_1_729' title='bbox 398 4974 520 5048; x_wconf 72' lang='grc'><strong>(40)</strong></span> <span class='ocrx_word' id='word_1_730' title='bbox 542 4971 625 5048; x_wconf 83' lang='lat' dir='ltr'><strong>lt_a_</strong></span> <span class='ocrx_word' id='word_1_731' title='bbox 639 4986 770 5038; x_wconf 87' lang='lat' dir='ltr'><strong>ms.;</strong></span> <span class='ocrx_word' id='word_1_732' title='bbox 785 4971 888 5048; x_wconf 78' lang='lat' dir='ltr'><strong>sed</strong></span> <span class='ocrx_word' id='word_1_733' title='bbox 914 4971 1055 5048; x_wconf 70' lang='lat' dir='ltr'><strong>forte</strong></span> <span class='ocrx_word' id='word_1_734' title='bbox 1075 4970 1362 5048; x_wconf 79' lang='lat' dir='ltr'><strong>legendum</strong></span> <span class='ocrx_word' id='word_1_735' title='bbox 1385 4977 1470 5024; x_wconf 90' lang='lat' dir='ltr'><strong>est</strong></span> <span class='ocrx_word' id='word_1_736' title='bbox 1493 4969 1651 5048; x_wconf 63' lang='grc' dir='ltr'>φεοῦ,</span> <span class='ocrx_word' id='word_1_737' title='bbox 1668 4971 1813 5048; x_wconf 80' lang='lat' dir='ltr'><strong>quod</strong></span> <span class='ocrx_word' id='word_1_738' title='bbox 1840 4987 1906 5025; x_wconf 70' lang='lat' dir='ltr'><strong>ev</strong></span> 
     </span>
    </p>
   </div>
   <div class='ocr_carea' id='block_1_97' title="bbox 323 5040 1924 5114">
    <p class='ocr_par' dir='ltr' id='par_1_97' title="bbox 323 5040 1924 5114">
     <span class='ocr_line' id='line_1_97' title="bbox 323 5040 1924 5114; baseline -0.004 -13"><span class='ocrx_word' id='word_1_739' title='bbox 323 5040 665 5114; x_wconf 75' lang='lat' dir='ltr'><strong>compendio</strong></span> <span class='ocrx_word' id='word_1_740' title='bbox 693 5042 1091 5114; x_wconf 77' lang='lat' dir='ltr'><strong>scriptionisin</strong></span> <span class='ocrx_word' id='word_1_741' title='bbox 1116 5040 1249 5114; x_wconf 66' lang='lat' dir='ltr'><strong>mss.</strong></span> <span class='ocrx_word' id='word_1_742' title='bbox 1273 5042 1474 5114; x_wconf 82' lang='lat' dir='ltr'><strong>usitato</strong></span> <span class='ocrx_word' id='word_1_743' title='bbox 1499 5041 1561 5114; x_wconf 84' lang='grc' dir='ltr'>ου</span> <span class='ocrx_word' id='word_1_744' title='bbox 1591 5040 1748 5114; x_wconf 77' lang='lat' dir='ltr'><strong>facile</strong></span> <span class='ocrx_word' id='word_1_745' title='bbox 1774 5042 1924 5097; x_wconf 82' lang='lat' dir='ltr'><strong>nasci</strong></span> 
     </span>
    </p>
   </div>
   <div class='ocr_carea' id='block_1_98' title="bbox 325 5111 1927 5185">
    <p class='ocr_par' dir='ltr' id='par_1_98' title="bbox 325 5111 1927 5185">
     <span class='ocr_line' id='line_1_98' title="bbox 325 5111 1927 5185; baseline -0.003 -15"><span class='ocrx_word' id='word_1_746' title='bbox 325 5111 533 5185; x_wconf 75' lang='lat' dir='ltr'><strong>potuit.</strong></span> <span class='ocrx_word' id='word_1_747' title='bbox 567 5111 760 5185; x_wconf 73' lang='lat' dir='ltr'><strong>Neque</strong></span> <span class='ocrx_word' id='word_1_748' title='bbox 801 5111 950 5167; x_wconf 82' lang='lat' dir='ltr'><strong>enim</strong></span> <span class='ocrx_word' id='word_1_749' title='bbox 979 5111 1042 5164; x_wconf 85' lang='grc' dir='ltr'><strong>τὸ</strong></span> <span class='ocrx_word' id='word_1_750' title='bbox 1083 5111 1179 5164; x_wconf 89' lang='grc' dir='ltr'><strong>σοῦ</strong></span> <span class='ocrx_word' id='word_1_751' title='bbox 1226 5111 1407 5166; x_wconf 86' lang='lat' dir='ltr'><strong>locum</strong></span> <span class='ocrx_word' id='word_1_752' title='bbox 1456 5111 1657 5167; x_wconf 87' lang='lat' dir='ltr'><strong>habere</strong></span> <span class='ocrx_word' id='word_1_753' title='bbox 1697 5112 1786 5167; x_wconf 91' lang='lat' dir='ltr'><strong>hic</strong></span> <span class='ocrx_word' id='word_1_754' title='bbox 1830 5128 1927 5182; x_wconf 86' lang='lat' dir='ltr'><strong>per</strong></span> 
     </span>
    </p>
   </div>
   <div class='ocr_carea' id='block_1_99' title="bbox 325 5182 1074 5252">
    <p class='ocr_par' dir='ltr' id='par_1_99' title="bbox 325 5182 1074 5252">
     <span class='ocr_line' id='line_1_99' title="bbox 325 5182 1074 5252; baseline -0.007 -11"><span class='ocrx_word' id='word_1_755' title='bbox 325 5182 610 5242; x_wconf 59' lang='lat' dir='ltr'><strong>Sermonis</strong></span> <span class='ocrx_word' id='word_1_756' title='bbox 641 5182 840 5238; x_wconf 85' lang='lat' dir='ltr'><strong>seriem</strong></span> <span class='ocrx_word' id='word_1_757' title='bbox 871 5190 1074 5252; x_wconf 89' lang='lat' dir='ltr'><strong>potest.</strong></span> 
     </span>
    </p>
   </div>
   <div class='ocr_carea' id='block_1_100' title="bbox 402 5249 1931 5324">
    <p class='ocr_par' dir='ltr' id='par_1_100' title="bbox 402 5249 1931 5324">
     <span class='ocr_line' id='line_1_100' title="bbox 402 5249 1931 5324; baseline -0.001 -16"><span class='ocrx_word' id='word_1_758' title='bbox 402 5256 520 5324; x_wconf 75' lang='lat'><strong>(4|)</strong></span> <span class='ocrx_word' id='word_1_759' title='bbox 554 5255 844 5324; x_wconf 74' lang='grc' dir='ltr'>Δηλονότι</span> <span class='ocrx_word' id='word_1_760' title='bbox 875 5249 1178 5322; x_wconf 64' lang='grc' dir='ltr'>ἀρχιερέα.</span> <span class='ocrx_word' id='word_1_761' title='bbox 1217 5251 1387 5324; x_wconf 77' lang='lat' dir='ltr'><strong>[lecte</strong></span> <span class='ocrx_word' id='word_1_762' title='bbox 1418 5250 1516 5324; x_wconf 59' lang='lat' dir='ltr'><strong>ita</strong></span> <span class='ocrx_word' id='word_1_763' title='bbox 1573 5251 1748 5307; x_wconf 89' lang='lat' dir='ltr'><strong>eludit</strong></span> <span class='ocrx_word' id='word_1_764' title='bbox 1786 5249 1931 5307; x_wconf 10' lang='lat' dir='ltr'><strong>Phoe-</strong></span> 
     </span>
    </p>
   </div>
   <div class='ocr_carea' id='block_1_101' title="bbox 330 5321 1927 5392">
    <p class='ocr_par' dir='ltr' id='par_1_101' title="bbox 330 5321 1927 5392">
     <span class='ocr_line' id='line_1_101' title="bbox 330 5321 1927 5392; baseline -0.003 -12"><span class='ocrx_word' id='word_1_765' title='bbox 330 5321 446 5382; x_wconf 80' lang='lat' dir='ltr'><strong>tius</strong></span> <span class='ocrx_word' id='word_1_766' title='bbox 479 5321 789 5380; x_wconf 82' lang='lat' dir='ltr'><strong>calumnias</strong></span> <span class='ocrx_word' id='word_1_767' title='bbox 815 5321 1010 5378; x_wconf 85' lang='lat' dir='ltr'><strong>omnes</strong></span> <span class='ocrx_word' id='word_1_768' title='bbox 1039 5323 1353 5392; x_wconf 10' lang='lat' dir='ltr'><strong>quatinasci</strong></span> <span class='ocrx_word' id='word_1_769' title='bbox 1385 5321 1626 5391; x_wconf 88' lang='lat' dir='ltr'><strong>alioquin</strong></span> <span class='ocrx_word' id='word_1_770' title='bbox 1650 5333 1927 5392; x_wconf 86' lang='lat' dir='ltr'><strong>poterant,</strong></span> 
     </span>
    </p>
   </div>
   <div class='ocr_carea' id='block_1_102' title="bbox 328 5391 1928 5462">
    <p class='ocr_par' dir='ltr' id='par_1_102' title="bbox 328 5391 1928 5462">
     <span class='ocr_line' id='line_1_102' title="bbox 328 5391 1928 5462; baseline -0.003 -12"><span class='ocrx_word' id='word_1_771' title='bbox 328 5397 379 5450; x_wconf 90' lang='lat' dir='ltr'><strong>si</strong></span> <span class='ocrx_word' id='word_1_772' title='bbox 429 5395 496 5448; x_wconf 75' lang='grc' dir='ltr'>τὸ</span> <span class='ocrx_word' id='word_1_773' title='bbox 528 5395 705 5448; x_wconf 83' lang='grc' dir='ltr'>ποιεῖν</span> <span class='ocrx_word' id='word_1_774' title='bbox 748 5394 913 5448; x_wconf 82' lang='grc' dir='ltr'>αὐτὸν</span> <span class='ocrx_word' id='word_1_775' title='bbox 950 5393 1017 5448; x_wconf 89' lang='lat' dir='ltr'><strong>ad</strong></span> <span class='ocrx_word' id='word_1_776' title='bbox 1056 5391 1341 5447; x_wconf 76' lang='lat' dir='ltr'><strong>Christum</strong></span> <span class='ocrx_word' id='word_1_777' title='bbox 1393 5392 1572 5462; x_wconf 89' lang='lat' dir='ltr'><strong>ipsum</strong></span> <span class='ocrx_word' id='word_1_778' title='bbox 1609 5391 1928 5448; x_wconf 83' lang='lat' dir='ltr'><strong>referretur.</strong></span> 
     </span>
    </p>
   </div>
   <div class='ocr_carea' id='block_1_103' title="bbox 334 5462 1930 5530">
    <p class='ocr_par' dir='ltr' id='par_1_103' title="bbox 334 5462 1930 5530">
     <span class='ocr_line' id='line_1_103' title="bbox 334 5462 1930 5530; baseline -0.003 -10"><span class='ocrx_word' id='word_1_779' title='bbox 334 5465 570 5521; x_wconf 85' lang='lat' dir='ltr'><strong>Scilicet</strong></span> <span class='ocrx_word' id='word_1_780' title='bbox 611 5463 836 5518; x_wconf 89' lang='lat' dir='ltr'><strong>verbum</strong></span> <span class='ocrx_word' id='word_1_781' title='bbox 872 5464 1046 5517; x_wconf 77' lang='grc' dir='ltr'>ποιεῖν</span> <span class='ocrx_word' id='word_1_782' title='bbox 1088 5462 1175 5518; x_wconf 90' lang='lat' dir='ltr'><strong>hic</strong></span> <span class='ocrx_word' id='word_1_783' title='bbox 1209 5463 1355 5518; x_wconf 90' lang='lat' dir='ltr'><strong>idem</strong></span> <span class='ocrx_word' id='word_1_784' title='bbox 1398 5470 1507 5530; x_wconf 80' lang='lat' dir='ltr'><strong>est,</strong></span> <span class='ocrx_word' id='word_1_785' title='bbox 1546 5463 1691 5530; x_wconf 90' lang='lat' dir='ltr'><strong>quod</strong></span> <span class='ocrx_word' id='word_1_786' title='bbox 1736 5466 1930 5518; x_wconf 87' lang='lat' dir='ltr'><strong>consti-</strong></span> 
     </span>
    </p>
   </div>
   <div class='ocr_carea' id='block_1_104' title="bbox 336 5532 1932 5604">
    <p class='ocr_par' dir='ltr' id='par_1_104' title="bbox 336 5532 1932 5604">
     <span class='ocr_line' id='line_1_104' title="bbox 336 5532 1932 5604; baseline -0.001 -16"><span class='ocrx_word' id='word_1_787' title='bbox 336 5547 519 5602; x_wconf 79' lang='lat' dir='ltr'><strong>tuere,</strong></span> <span class='ocrx_word' id='word_1_788' title='bbox 553 5535 904 5604; x_wconf 82' lang='lat' dir='ltr'><strong>inaugurare.</strong></span> <span class='ocrx_word' id='word_1_789' title='bbox 937 5533 1054 5604; x_wconf 84' lang='lat' dir='ltr'><strong>Hoc</strong></span> <span class='ocrx_word' id='word_1_790' title='bbox 1087 5548 1253 5604; x_wconf 84' lang='lat' dir='ltr'><strong>sensu</strong></span> <span class='ocrx_word' id='word_1_791' title='bbox 1283 5532 1522 5604; x_wconf 77' lang='lat' dir='ltr'><strong>Joannis</strong></span> <span class='ocrx_word' id='word_1_792' title='bbox 1559 5549 1674 5597; x_wconf 68' lang='grc' dir='ltr'>χιχ,</span> <span class='ocrx_word' id='word_1_793' title='bbox 1712 5533 1810 5604; x_wconf 72' lang='lat'><strong>12,</strong></span> <span class='ocrx_word' id='word_1_794' title='bbox 1846 5534 1932 5588; x_wconf 91' lang='lat' dir='ltr'><strong>di-</strong></span> 
     </span>
    </p>
   </div>
   <div class='ocr_carea' id='block_1_105' title="bbox 334 5602 1932 5672">
    <p class='ocr_par' dir='ltr' id='par_1_105' title="bbox 334 5602 1932 5672">
     <span class='ocr_line' id='line_1_105' title="bbox 334 5602 1932 5672; baseline -0.001 -12"><span class='ocrx_word' id='word_1_795' title='bbox 334 5605 485 5660; x_wconf 87' lang='lat' dir='ltr'><strong>citur</strong></span> <span class='ocrx_word' id='word_1_796' title='bbox 522 5602 703 5658; x_wconf 79' lang='grc' dir='ltr'>ποιεῖν</span> <span class='ocrx_word' id='word_1_797' title='bbox 743 5605 939 5657; x_wconf 84' lang='grc' dir='ltr'>ἑαυτὸν</span> <span class='ocrx_word' id='word_1_798' title='bbox 989 5602 1239 5672; x_wconf 78' lang='grc' dir='ltr'>βασιλέα,</span> <span class='ocrx_word' id='word_1_799' title='bbox 1280 5612 1336 5658; x_wconf 91' lang='lat' dir='ltr'><strong>et</strong></span> <span class='ocrx_word' id='word_1_800' title='bbox 1365 5603 1434 5658; x_wconf 90' lang='lat' dir='ltr'><strong>de</strong></span> <span class='ocrx_word' id='word_1_801' title='bbox 1464 5602 1685 5658; x_wconf 90' lang='lat' dir='ltr'><strong>Christo</strong></span> <span class='ocrx_word' id='word_1_802' title='bbox 1719 5603 1932 5659; x_wconf 82' lang='lat' dir='ltr'><strong>Marcus</strong></span> 
     </span>
    </p>
   </div>
   <div class='ocr_carea' id='block_1_106' title="bbox 335 5672 1932 5744">
    <p class='ocr_par' dir='ltr' id='par_1_106' title="bbox 335 5672 1932 5744">
     <span class='ocr_line' id='line_1_106' title="bbox 335 5672 1932 5744; baseline -0.002 -13"><span class='ocrx_word' id='word_1_803' title='bbox 335 5676 417 5732; x_wconf 82' lang='lat' dir='ltr'><strong>ait</strong></span> <span class='ocrx_word' id='word_1_804' title='bbox 439 5691 491 5730; x_wconf 90' lang='lat' dir='ltr'><strong>c.</strong></span> <span class='ocrx_word' id='word_1_805' title='bbox 530 5690 613 5738; x_wconf 87' lang='grc' dir='ltr'>ιιι,</span> <span class='ocrx_word' id='word_1_806' title='bbox 646 5674 737 5738; x_wconf 75' lang='grc' dir='ltr'>Μ,</span> <span class='ocrx_word' id='word_1_807' title='bbox 767 5673 914 5743; x_wconf 90' lang='lat' dir='ltr'><strong>quod</strong></span> <span class='ocrx_word' id='word_1_808' title='bbox 941 5673 1165 5744; x_wconf 79' lang='grc' dir='ltr'>ἐποίησε</span> <span class='ocrx_word' id='word_1_809' title='bbox 1188 5673 1417 5738; x_wconf 86' lang='grc' dir='ltr'>δώδεκα,</span> <span class='ocrx_word' id='word_1_810' title='bbox 1449 5673 1504 5728; x_wconf 90' lang='lat' dir='ltr'><strong>id</strong></span> <span class='ocrx_word' id='word_1_811' title='bbox 1527 5683 1629 5737; x_wconf 90' lang='lat' dir='ltr'><strong>est,</strong></span> <span class='ocrx_word' id='word_1_812' title='bbox 1656 5672 1808 5743; x_wconf 83' lang='lat' dir='ltr'><strong>elegit</strong></span> <span class='ocrx_word' id='word_1_813' title='bbox 1837 5690 1932 5729; x_wconf 83' lang='lat' dir='ltr'><strong>seu</strong></span> 
     </span>
    </p>
   </div>
   <div class='ocr_carea' id='block_1_107' title="bbox 339 5743 1929 5840">
    <p class='ocr_par' dir='ltr' id='par_1_107' title="bbox 339 5743 1929 5840">
     <span class='ocr_line' id='line_1_107' title="bbox 339 5743 1929 5840; baseline -0.001 -41"><span class='ocrx_word' id='word_1_814' title='bbox 339 5746 941 5840; x_wconf 55' lang='lat' dir='ltr'><strong>faustituitldupdecim‘.</strong></span> <span class='ocrx_word' id='word_1_815' title='bbox 973 5743 1117 5840; x_wconf 42' lang='lat' dir='ltr'><strong>[iege</strong></span> <span class='ocrx_word' id='word_1_816' title='bbox 1299 5745 1369 5798; x_wconf 88' lang='lat' dir='ltr'><strong>ad</strong></span> <span class='ocrx_word' id='word_1_817' title='bbox 1397 5744 1929 5840; x_wconf 44' lang='lat' dir='ltr'><strong>huncnposteriorem</strong></span> 
     </span>
    </p>
   </div>
   <div class='ocr_carea' id='block_1_108' title="bbox 2017 4962 3612 5034">
    <p class='ocr_par' dir='ltr' id='par_1_108' title="bbox 2017 4962 3612 5034">
     <span class='ocr_line' id='line_1_108' title="bbox 2017 4962 3612 5034; baseline -0.004 -7"><span class='ocrx_word' id='word_1_818' title='bbox 2017 4971 2151 5028; x_wconf 91' lang='lat' dir='ltr'><strong>sitas</strong></span> <span class='ocrx_word' id='word_1_819' title='bbox 2193 4970 2686 5026; x_wconf 84' lang='lat' dir='ltr'><strong>Animadversiones</strong></span> <span class='ocrx_word' id='word_1_820' title='bbox 2729 4969 2799 5021; x_wconf 87' lang='lat' dir='ltr'><strong>ad</strong></span> <span class='ocrx_word' id='word_1_821' title='bbox 2827 4965 2898 5021; x_wconf 84' lang='lat' dir='ltr'><strong>N.</strong></span> <span class='ocrx_word' id='word_1_822' title='bbox 2932 4964 2989 5019; x_wconf 88' lang='grc' dir='ltr'><strong>Τ.</strong></span> <span class='ocrx_word' id='word_1_823' title='bbox 3031 4979 3196 5034; x_wconf 86' lang='lat' dir='ltr'><strong>super</strong></span> <span class='ocrx_word' id='word_1_824' title='bbox 3248 4962 3414 5020; x_wconf 90' lang='lat' dir='ltr'><strong>Hebr.</strong></span> <span class='ocrx_word' id='word_1_825' title='bbox 3441 4980 3524 5027; x_wconf 84' lang='grc' dir='ltr'>ιιι,</span> <span class='ocrx_word' id='word_1_826' title='bbox 3553 4965 3612 5020; x_wconf 77' lang='grc'><strong>2.</strong></span> 
     </span>
    </p>
   </div>
   <div class='ocr_carea' id='block_1_109' title="bbox 2097 5035 3610 5112">
    <p class='ocr_par' dir='ltr' id='par_1_109' title="bbox 2097 5035 3610 5112">
     <span class='ocr_line' id='line_1_109' title="bbox 2097 5035 3610 5112; baseline -0.005 -17"><span class='ocrx_word' id='word_1_827' title='bbox 2097 5042 2209 5112; x_wconf 69' lang='grc'><strong>(42)</strong></span> <span class='ocrx_word' id='word_1_828' title='bbox 2241 5039 2724 5096; x_wconf 77' lang='grc' dir='ltr'>Κατασκευάσαι.</span> <span class='ocrx_word' id='word_1_829' title='bbox 2757 5038 2836 5092; x_wconf 89' lang='lat' dir='ltr'><strong>lta</strong></span> <span class='ocrx_word' id='word_1_830' title='bbox 2867 5037 2986 5109; x_wconf 83' lang='lat' dir='ltr'><strong>lego</strong></span> <span class='ocrx_word' id='word_1_831' title='bbox 3016 5052 3117 5107; x_wconf 84' lang='lat' dir='ltr'><strong>pro</strong></span> <span class='ocrx_word' id='word_1_832' title='bbox 3143 5035 3610 5100; x_wconf 82' lang='grc' dir='ltr'>κατεσκευάσθαι,</span> 
     </span>
    </p>
   </div>
   <div class='ocr_carea' id='block_1_110' title="bbox 2026 5112 2540 5183">
    <p class='ocr_par' dir='ltr' id='par_1_110' title="bbox 2026 5112 2540 5183">
     <span class='ocr_line' id='line_1_110' title="bbox 2026 5112 2540 5183; baseline -0.004 -18"><span class='ocrx_word' id='word_1_833' title='bbox 2026 5112 2173 5183; x_wconf 83' lang='lat' dir='ltr'><strong>quod</strong></span> <span class='ocrx_word' id='word_1_834' title='bbox 2204 5119 2327 5183; x_wconf 77' lang='lat' dir='ltr'><strong>erat</strong></span> <span class='ocrx_word' id='word_1_835' title='bbox 2350 5112 2404 5165; x_wconf 94' lang='lat' dir='ltr'><strong>in</strong></span> <span class='ocrx_word' id='word_1_836' title='bbox 2437 5125 2540 5164; x_wconf 91' lang='lat' dir='ltr'><strong>ms.</strong></span> 
     </span>
    </p>
   </div>
   <div class='ocr_carea' id='block_1_111' title="bbox 2102 5175 3612 5253">
    <p class='ocr_par' dir='ltr' id='par_1_111' title="bbox 2102 5175 3612 5253">
     <span class='ocr_line' id='line_1_111' title="bbox 2102 5175 3612 5253; baseline -0.005 -15"><span class='ocrx_word' id='word_1_837' title='bbox 2102 5183 2213 5253; x_wconf 70' lang='grc'><strong>(45)</strong></span> <span class='ocrx_word' id='word_1_838' title='bbox 2253 5180 2614 5253; x_wconf 30' lang='grc' dir='ltr'><strong>-Τέλουςηῑιιι</strong></span> <span class='ocrx_word' id='word_1_839' title='bbox 2646 5177 2875 5253; x_wconf 79' lang='lat' dir='ltr'><strong>restituo</strong></span> <span class='ocrx_word' id='word_1_840' title='bbox 2905 5193 2970 5232; x_wconf 85' lang='lat' dir='ltr'><strong>ex</strong></span> <span class='ocrx_word' id='word_1_841' title='bbox 3013 5176 3133 5253; x_wconf 82' lang='lat' dir='ltr'><strong>ipso</strong></span> <span class='ocrx_word' id='word_1_842' title='bbox 3159 5176 3282 5232; x_wconf 89' lang='lat' dir='ltr'><strong>loco</strong></span> <span class='ocrx_word' id='word_1_843' title='bbox 3331 5175 3560 5232; x_wconf 82' lang='lat' dir='ltr'><strong>Paulino</strong></span> <span class='ocrx_word' id='word_1_844' title='bbox 3596 5192 3612 5230; x_wconf 89' lang='lat'><strong>:</strong></span> 
     </span>
    </p>
   </div>
   <div class='ocr_carea' id='block_1_112' title="bbox 2029 5249 3187 5308">
    <p class='ocr_par' dir='ltr' id='par_1_112' title="bbox 2029 5249 3187 5308">
     <span class='ocr_line' id='line_1_112' title="bbox 2029 5249 3187 5308; baseline -0.004 -1"><span class='ocrx_word' id='word_1_845' title='bbox 2029 5249 2132 5308; x_wconf 70' lang='lat' dir='ltr'><strong>ms.</strong></span> <span class='ocrx_word' id='word_1_846' title='bbox 2177 5251 2322 5306; x_wconf 92' lang='lat' dir='ltr'><strong>enim</strong></span> <span class='ocrx_word' id='word_1_847' title='bbox 2359 5251 2623 5306; x_wconf 89' lang='lat' dir='ltr'><strong>mendose</strong></span> <span class='ocrx_word' id='word_1_848' title='bbox 2654 5249 2950 5304; x_wconf 78' lang='lat' dir='ltr'><strong>exhibebat</strong></span> <span class='ocrx_word' id='word_1_849' title='bbox 2975 5249 3187 5302; x_wconf 82' lang='grc' dir='ltr'>τοῦτον.</span> 
     </span>
    </p>
   </div>
   <div class='ocr_carea' id='block_1_113' title="bbox 2105 5317 3616 5392">
    <p class='ocr_par' dir='ltr' id='par_1_113' title="bbox 2105 5317 3616 5392">
     <span class='ocr_line' id='line_1_113' title="bbox 2105 5317 3616 5392; baseline -0.004 -16"><span class='ocrx_word' id='word_1_850' title='bbox 2105 5323 2216 5392; x_wconf 67' lang='lat' dir='ltr'><strong>(t4)</strong></span> <span class='ocrx_word' id='word_1_851' title='bbox 2266 5321 2659 5392; x_wconf 81' lang='grc' dir='ltr'>Χρηματίσαι.</span> <span class='ocrx_word' id='word_1_852' title='bbox 2714 5319 2917 5392; x_wconf 84' lang='lat' dir='ltr'><strong>Eadem</strong></span> <span class='ocrx_word' id='word_1_853' title='bbox 2967 5317 3464 5392; x_wconf 72' lang='lat' dir='ltr'><strong>notioneyerhum</strong></span> <span class='ocrx_word' id='word_1_854' title='bbox 3510 5317 3616 5371; x_wconf 90' lang='lat' dir='ltr'><strong>hoc</strong></span> 
     </span>
    </p>
   </div>
   <div class='ocr_carea' id='block_1_114' title="bbox 2034 5387 3614 5462">
    <p class='ocr_par' dir='ltr' id='par_1_114' title="bbox 2034 5387 3614 5462">
     <span class='ocr_line' id='line_1_114' title="bbox 2034 5387 3614 5462; baseline -0.003 -18"><span class='ocrx_word' id='word_1_855' title='bbox 2034 5387 2330 5462; x_wconf 81' lang='lat' dir='ltr'><strong>usurpatur</strong></span> <span class='ocrx_word' id='word_1_856' title='bbox 2354 5387 2407 5444; x_wconf 78' lang='lat' dir='ltr'><strong>in</strong></span> <span class='ocrx_word' id='word_1_857' title='bbox 2425 5391 2652 5462; x_wconf 84' lang='lat' dir='ltr'><strong>Actibus</strong></span> <span class='ocrx_word' id='word_1_858' title='bbox 2670 5390 2901 5462; x_wconf 84' lang='lat' dir='ltr'><strong>apostol.</strong></span> <span class='ocrx_word' id='word_1_859' title='bbox 2920 5389 3100 5462; x_wconf 71' lang='lat' dir='ltr'><strong>x1,26.</strong></span> <span class='ocrx_word' id='word_1_860' title='bbox 3122 5389 3210 5462; x_wconf 84' lang='lat' dir='ltr'><strong>ubi</strong></span> <span class='ocrx_word' id='word_1_861' title='bbox 3227 5389 3382 5462; x_wconf 83' lang='lat' dir='ltr'><strong>Joan.</strong></span> <span class='ocrx_word' id='word_1_862' title='bbox 3407 5387 3614 5462; x_wconf 72' lang='lat' dir='ltr'><strong>Grego-</strong></span> 
     </span>
    </p>
   </div>
   <div class='ocr_carea' id='block_1_115' title="bbox 2034 5457 3616 5529">
    <p class='ocr_par' dir='ltr' id='par_1_115' title="bbox 2034 5457 3616 5529">
     <span class='ocr_line' id='line_1_115' title="bbox 2034 5457 3616 5529; baseline -0.003 -13"><span class='ocrx_word' id='word_1_863' title='bbox 2034 5457 2274 5529; x_wconf 53' lang='lat' dir='ltr'><strong>rius,&#39;vir</strong></span> <span class='ocrx_word' id='word_1_864' title='bbox 2297 5461 2669 5526; x_wconf 86' lang='lat' dir='ltr'><strong>doctissimus,</strong></span> <span class='ocrx_word' id='word_1_865' title='bbox 2693 5462 2745 5514; x_wconf 91' lang='lat' dir='ltr'><strong>in</strong></span> <span class='ocrx_word' id='word_1_866' title='bbox 2771 5460 2917 5514; x_wconf 82' lang='lat' dir='ltr'><strong>notis</strong></span> <span class='ocrx_word' id='word_1_867' title='bbox 2942 5461 3006 5513; x_wconf 87' lang='lat' dir='ltr'><strong>ad</strong></span> <span class='ocrx_word' id='word_1_868' title='bbox 3035 5459 3280 5528; x_wconf 78' lang='lat' dir='ltr'><strong>quzedam</strong></span> <span class='ocrx_word' id='word_1_869' title='bbox 3309 5457 3616 5529; x_wconf 62' lang='lat' dir='ltr'><strong>Scriptura)</strong></span> 
     </span>
    </p>
   </div>
   <div class='ocr_carea' id='block_1_116' title="bbox 2032 5527 3614 5603">
    <p class='ocr_par' dir='ltr' id='par_1_116' title="bbox 2032 5527 3614 5603">
     <span class='ocr_line' id='line_1_116' title="bbox 2032 5527 3614 5603; baseline -0.006 -16"><span class='ocrx_word' id='word_1_870' title='bbox 2032 5527 2174 5595; x_wconf 77' lang='lat' dir='ltr'><strong>loca,</strong></span> <span class='ocrx_word' id='word_1_871' title='bbox 2203 5549 2258 5603; x_wconf 89' lang='lat' dir='ltr'><strong>p.</strong></span> <span class='ocrx_word' id='word_1_872' title='bbox 2293 5533 2415 5597; x_wconf 73' lang='lat'><strong>162,</strong></span> <span class='ocrx_word' id='word_1_873' title='bbox 2436 5532 2718 5603; x_wconf 84' lang='lat' dir='ltr'><strong>observat,</strong></span> <span class='ocrx_word' id='word_1_874' title='bbox 2745 5531 3010 5603; x_wconf 80' lang='lat' dir='ltr'><strong>ejusmodi</strong></span> <span class='ocrx_word' id='word_1_875' title='bbox 3038 5527 3614 5603; x_wconf 56' lang='lat' dir='ltr'><strong>nominisjnipositm-</strong></span> 
     </span>
    </p>
   </div>
   <div class='ocr_carea' id='block_1_117' title="bbox 2034 5595 3622 5672">
    <p class='ocr_par' dir='ltr' id='par_1_117' title="bbox 2034 5595 3622 5672">
     <span class='ocr_line' id='line_1_117' title="bbox 2034 5595 3622 5672; baseline -0.005 -15"><span class='ocrx_word' id='word_1_876' title='bbox 2034 5620 2160 5658; x_wconf 90' lang='lat' dir='ltr'><strong>nem</strong></span> <span class='ocrx_word' id='word_1_877' title='bbox 2184 5595 2409 5672; x_wconf 74' lang='lat' dir='ltr'><strong>proprie</strong></span> <span class='ocrx_word' id='word_1_878' title='bbox 2433 5601 2682 5672; x_wconf 79' lang='lat' dir='ltr'><strong>indicari,</strong></span> <span class='ocrx_word' id='word_1_879' title='bbox 2715 5595 2835 5672; x_wconf 78' lang='lat' dir='ltr'><strong>quae</strong></span> <span class='ocrx_word' id='word_1_880' title='bbox 2857 5599 3173 5672; x_wconf 70' lang='lat' dir='ltr'><strong>solemniter</strong></span> <span class='ocrx_word' id='word_1_881' title='bbox 3199 5595 3308 5652; x_wconf 76' lang='lat' dir='ltr'><strong>tiat&#39;.</strong></span> <span class='ocrx_word' id='word_1_882' title='bbox 3340 5595 3540 5672; x_wconf 63' lang='lat' dir='ltr'><strong>genier</strong></span> <span class='ocrx_word' id='word_1_883' title='bbox 3561 5604 3622 5650; x_wconf 81' lang='lat' dir='ltr'><strong>et.</strong></span> 
     </span>
    </p>
   </div>
   <div class='ocr_carea' id='block_1_118' title="bbox 2034 5666 3614 5731">
    <p class='ocr_par' dir='ltr' id='par_1_118' title="bbox 2034 5666 3614 5731">
     <span class='ocr_line' id='line_1_118' title="bbox 2034 5666 3614 5731; baseline -0.006 -4"><span class='ocrx_word' id='word_1_884' title='bbox 2034 5666 2309 5728; x_wconf 76' lang='lat' dir='ltr'><strong>Lamberti</strong></span> <span class='ocrx_word' id='word_1_885' title='bbox 2370 5672 2476 5726; x_wconf 85' lang='lat' dir='ltr'><strong>Bos</strong></span> <span class='ocrx_word' id='word_1_886' title='bbox 2523 5666 2917 5727; x_wconf 80' lang='lat' dir='ltr'><strong>Observationes</strong></span> <span class='ocrx_word' id='word_1_887' title='bbox 2977 5671 3046 5722; x_wconf 89' lang='lat' dir='ltr'><strong>ad</strong></span> <span class='ocrx_word' id='word_1_888' title='bbox 3100 5666 3307 5721; x_wconf 86' lang='lat' dir='ltr'><strong>Novum</strong></span> <span class='ocrx_word' id='word_1_889' title='bbox 3344 5666 3571 5719; x_wconf 75' lang='lat' dir='ltr'><strong>Testem.</strong></span> <span class='ocrx_word' id='word_1_890' title='bbox 3599 5705 3614 5731; x_wconf 95' lang='lat'><strong>,</strong></span> 
     </span>
    </p>
   </div>
   <div class='ocr_carea' id='block_1_119' title="bbox 2033 5739 3632 5814">
    <p class='ocr_par' dir='ltr' id='par_1_119' title="bbox 2033 5739 3632 5814">
     <span class='ocr_line' id='line_1_119' title="bbox 2033 5739 3632 5814; baseline -0.005 -16"><span class='ocrx_word' id='word_1_891' title='bbox 2033 5761 2088 5812; x_wconf 88' lang='lat' dir='ltr'><strong>p.</strong></span> <span class='ocrx_word' id='word_1_892' title='bbox 2125 5744 2247 5811; x_wconf 73' lang='grc'><strong>107,</strong></span> <span class='ocrx_word' id='word_1_893' title='bbox 2276 5743 2369 5814; x_wconf 90' lang='lat' dir='ltr'><strong>qui</strong></span> <span class='ocrx_word' id='word_1_894' title='bbox 2403 5742 2545 5814; x_wconf 76' lang='lat' dir='ltr'><strong>facta</strong></span> <span class='ocrx_word' id='word_1_895' title='bbox 2577 5741 2851 5813; x_wconf 86' lang='lat' dir='ltr'><strong>inprimis,</strong></span> <span class='ocrx_word' id='word_1_896' title='bbox 2891 5739 3090 5809; x_wconf 85' lang='lat' dir='ltr'><strong>quibus</strong></span> <span class='ocrx_word' id='word_1_897' title='bbox 3126 5753 3323 5793; x_wconf 90' lang='lat' dir='ltr'><strong>nomen</strong></span> <span class='ocrx_word' id='word_1_898' title='bbox 3371 5746 3632 5806; x_wconf 72' lang='lat' dir='ltr'><strong>paretur,</strong></span> 
     </span>
    </p>
   </div>
   <div class='ocr_carea' id='block_1_120' title="bbox 343 5813 2530 5880">
    <p class='ocr_par' dir='ltr' id='par_1_120' title="bbox 343 5813 2530 5880">
     <span class='ocr_line' id='line_1_120' title="bbox 343 5813 2530 5880; baseline -0.001 -12"><span class='ocrx_word' id='word_1_899' title='bbox 343 5816 527 5870; x_wconf 81' lang='lat' dir='ltr'><strong>locum</strong></span> <span class='ocrx_word' id='word_1_900' title='bbox 563 5814 850 5869; x_wconf 87' lang='lat' dir='ltr'><strong>adnotavit</strong></span> <span class='ocrx_word' id='word_1_901' title='bbox 877 5816 949 5869; x_wconf 92' lang='lat' dir='ltr'><strong>cl.</strong></span> <span class='ocrx_word' id='word_1_902' title='bbox 987 5813 1103 5868; x_wconf 79' lang='lat' dir='ltr'><strong>Jac.</strong></span> <span class='ocrx_word' id='word_1_903' title='bbox 1138 5814 1420 5880; x_wconf 87' lang='lat' dir='ltr'><strong>Elsnerus,</strong></span> <span class='ocrx_word' id='word_1_904' title='bbox 1449 5815 1506 5868; x_wconf 87' lang='lat' dir='ltr'><strong>in</strong></span> <span class='ocrx_word' id='word_1_905' title='bbox 1540 5813 1694 5870; x_wconf 82' lang='lat' dir='ltr'><strong>Notis</strong></span> <span class='ocrx_word' id='word_1_906' title='bbox 1721 5814 1836 5870; x_wconf 90' lang='lat' dir='ltr'><strong>suis</strong></span> <span class='ocrx_word' id='word_1_907' title='bbox 1867 5815 1921 5868; x_wconf 90' lang='lat' dir='ltr'><strong>in</strong></span> <span class='ocrx_word' id='word_1_908' title='bbox 2013 5814 2189 5872; x_wconf 67' lang='lat' dir='ltr'><strong>~innui</strong></span> <span class='ocrx_word' id='word_1_909' title='bbox 2225 5813 2530 5870; x_wconf 85' lang='lat' dir='ltr'><strong>contendit.</strong></span> 
     </span>
    </p>
   </div>
   <div class='ocr_carea' id='block_1_121' title="bbox 343 5883 1925 5956">
    <p class='ocr_par' dir='ltr' id='par_1_121' title="bbox 343 5883 1925 5956">
     <span class='ocr_line' id='line_1_121' title="bbox 343 5883 1925 5956; baseline -0.005 -11"><span class='ocrx_word' id='word_1_910' title='bbox 343 5885 409 5945; x_wconf 69' lang='grc' dir='ltr'><strong>Ν.</strong></span> <span class='ocrx_word' id='word_1_911' title='bbox 440 5885 504 5944; x_wconf 86' lang='grc' dir='ltr'><strong>Τ.</strong></span> <span class='ocrx_word' id='word_1_912' title='bbox 532 5903 547 5953; x_wconf 88' lang='grc'><strong>;</strong></span> <span class='ocrx_word' id='word_1_913' title='bbox 581 5900 645 5940; x_wconf 86' lang='lat' dir='ltr'><strong>ac</strong></span> <span class='ocrx_word' id='word_1_914' title='bbox 671 5884 862 5941; x_wconf 86' lang='lat' dir='ltr'><strong>confer</strong></span> <span class='ocrx_word' id='word_1_915' title='bbox 892 5892 1155 5956; x_wconf 64' lang='lat' dir='ltr'><strong>praeterea</strong></span> <span class='ocrx_word' id='word_1_916' title='bbox 1188 5884 1400 5941; x_wconf 83' lang='lat' dir='ltr'><strong>Erasmi</strong></span> <span class='ocrx_word' id='word_1_917' title='bbox 1441 5884 1706 5941; x_wconf 79' lang='lat' dir='ltr'><strong>Schmidii</strong></span> <span class='ocrx_word' id='word_1_918' title='bbox 1737 5883 1925 5954; x_wconf 82' lang='lat' dir='ltr'><strong>exqui-</strong></span> 
     </span>
    </p>
   </div>
  </div>
