3986 6438
455 392 558 500 ui
656 392 662 397 ’

1628 443 1894 505 ΡΗΟΤΙΙ
1932 443 2441 507 PATRIARCHIE
2479 445 2591 508 (ΣΡ.

3638 433 3739 502 148

451 554 525 608 to,
553 542 641 598 ubi
664 551 937 600 tentarunt
963 561 1047 602 me
1075 555 1256 618 patres
1286 552 1446 606 vestri
1467 593 1484 620 ,
1534 567 1646 622 me,
1691 572 1804 611 non
1859 566 2046 612 autem

2150 557 2501 628 ἐξελέγχεται
2531 555 2928 628 διαμαρτοῦσα.
2975 555 3034 610 '0
3066 555 3124 610 δὲ
3157 553 3362 627 θερμὸς
3392 551 3604 616 ἐκεῖνος
3638 554 3736 607 καί

449 636 617 690 alium
657 645 708 690 et
745 637 1041 706 probarunt
1074 657 1190 708 me,
1247 650 1298 696 et
1351 659 1513 713 opera
1566 661 1681 700 mea
1711 647 2034 701 viderunt”.

450 727 752 799 Propterea
785 730 1019 798 seducti,
1049 733 1181 803 quia
1208 733 1326 790 vias
1356 751 1512 791 meas
1551 751 1892 808 cognoscere
1945 753 2040 793 no-

449 817 695 884 luerunt,
725 825 779 874 in
805 823 1052 892 requiem
1079 839 1259 880 meam
1287 840 1402 881 non
1424 827 1811 885 introiverunt.
1845 830 2039 902 Itaque

447 925 541 976 ne,
567 921 626 966 ut
648 913 724 968 illi
746 915 1148 973 exacerbarunt
1164 917 1360 986 Deum,
1382 929 1438 976 et
1460 935 1569 975 non
1593 921 1965 988 crediderunt,
1984 933 2040 981 et

447 1013 793 1060 recesserunt
822 1006 891 1061 ab
905 1021 993 1074 eo,
1023 1024 1120 1066 vos
1136 1025 1355 1082 quoque
1372 1013 1640 1070 recedatis
1654 1029 1685 1070 a
1703 1015 1838 1080 Deo,
1855 1031 2038 1088 neque

449 1091 722 1151 induretis
757 1097 922 1153 corda
954 1108 1154 1167 vestra,
1181 1109 1246 1156 ut
1271 1103 1368 1170 illi,
1400 1119 1580 1174 neque
1607 1105 1899 1161 imitemini
1917 1123 2035 1175 eos,

447 1185 649 1255 quibus
682 1187 932 1245 infensus
961 1190 1062 1247 fuit
1090 1193 1236 1251 Deus
1265 1211 1365 1266 per
1391 1197 1746 1268 quadraginta
1775 1215 1950 1256 annos
1981 1202 2037 1256 in

410 1305 434 1358 ,τ
448 1276 690 1344 deserto,
714 1295 946 1348 quorum
967 1291 1024 1339 et
1041 1286 1285 1342 membra
1307 1287 1360 1342 in
1383 1305 1449 1344 eo
1472 1289 1711 1359 collapsa
1728 1300 1876 1346 sunt.
1899 1292 2036 1348 Nam

414 1381 548 1436 ,per
577 1369 1012 1427 lncredulitatem
1061 1373 1138 1427 illi
1189 1391 1298 1430 non
1349 1386 1648 1447 potuerunt
1713 1379 1924 1449 ingredi
1981 1381 2037 1435 in

415 1513 417 1516 ι
447 1457 690 1525 quietem
714 1457 831 1515 Dei.
864 1458 1168 1517 Vereamur
1198 1464 1405 1534 itaque,
1443 1480 1516 1520 ne
1549 1465 1605 1520 in
1661 1466 1774 1521 ullo
1823 1483 2035 1537 eorum,

412 1541 420 1575 ν’
449 1563 570 1618 quae
591 1559 866 1621 praecepta
891 1562 1021 1611 sunt
1052 1593 1068 1619 ,
1109 1554 1432 1610 deﬁciamus
1465 1597 1482 1623 ,
1513 1565 1610 1611 aut
1653 1556 2038 1615 incredulitate

413 1639 783 1722 laboremus.
815 1641 918 1709 Qui
941 1644 1088 1701 enim
1113 1645 1446 1702 crediderint
1466 1663 1532 1702 ex
1562 1649 1725 1705 nobis
1755 1649 1912 1722 ipsis,
1950 1651 2038 1705 in-

453 1731 776 1803 gredientur
805 1733 860 1788 in
890 1734 1132 1804 quietem
1156 1737 1298 1807 eius.
1323 1737 1502 1808 thue
1530 1719 1887 1812 intelligatur,
1913 1742 2038 1812 quis

453 1820 560 1878 ista
581 1824 856 1886 statuerit,
885 1825 1029 1881 dicta
1058 1827 1175 1885 haec
1199 1843 1296 1883 sua
1325 1830 1562 1900 amplius
1587 1847 1813 1898 acuens,
1851 1843 1907 1889 et
1938 1834 2038 1890 do-

2146 649 2409 720 διάπυρος
2436 647 2537 718 τῆς
2560 646 2822 719 ἀληθείας
2853 646 3092 718 ἐραστής
3112 646 3236 700 ούδέ
3275 647 3389 709 τοῖς
3419 643 3736 715 εἰρημένοις

2147 739 2438 811 ἀρκεσθεὶς
2481 741 2562 802 εἰς
2592 739 2654 792 τὸ
2684 738 2919 808 συνάψαι
2959 741 3052 793 τὸν
3085 737 3253 809 νόμον
3295 738 3362 808 τῇ
3390 735 3611 807 χάριτι,
3642 735 3736 787 καὶ

2143 828 2312 896 δεῖξαι
2335 826 2512 884 ταῦτα
2535 828 2694 882 κοινά
2714 825 2809 881 τοῦ
2839 827 3054 900 Πατρδς
3084 825 3294 881 καὶτοῦ
3319 823 3474 889 Υίοῦ,
3505 823 3609 877 σύκ
3642 822 3738 877 ἀλ-

2144 919 2238 974 λον
2261 918 2529 990 πειράσαι
2553 919 2682 982 τοὺς
2710 916 3246 990 παραπικράναντας
3278 914 3506 978 Μωσέα,
3540 913 3639 967 καὶ
3666 911 3736 966 δι’

2145 1010 2312 1066 αὐτοῦ
2353 1011 2448 1066 τὸν
2483 1010 2654 1078 Θεὸν,
2703 1011 2820 1065 ἀλλ’
2870 1013 3101 1073 ἐκεῖνον,
3143 1009 3203 1062 ὃν
3252 1005 3621 1076 καταγγέλλει
3677 1004 3738 1058 τὸ

2146 1101 2373 1172 Πνεῦμα
2397 1099 2460 1154 τὸ
2481 1100 2657 1170 ἅγιον·
2679 1101 2841 1155 Κατὰ
2859 1099 2974 1170 τὴν
2993 1097 3357 1168 ἡμέραν-γὰρ
3371 1135 3386 1160 ,
3415 1097 3605 1169 φησὶν,
3629 1093 3740 1150 τοῦ

2145 1190 2480 1262 πειρασμοῦ
2515 1192 2586 1246 ἐν
2613 1189 2690 1260 τῇ
2723 1189 2923 1261 ἐρήμῳ
2953 1185 3027 1246 οὗ
3063 1187 3396 1258 ἐπείρασίίν
3424 1205 3502 1257 με
3528 1189 3584 1240 οι
3623 1201 3736 1239 πα-

2143 1284 2315 1352 τέρες
2360 1283 2554 1354 ὑμῶν,
2603 1282 2705 1353 ἐμὲ
2747 1282 2844 1337 καὶ
2896 1282 2998 1335 ούκ
3053 1280 3243 1346 ἀλλον,
3303 1279 3403 1332 καί
3446 1278 3739 1345 ἐδοκίμα-

2144 1376 2268 1431 mir
2288 1376 2510 1446 με,καί
2560 1371 2724 1429 εἶδον
2761 1374 2834 1427 τὰ
2885 1373 3030 1445 ἔργα
3085 1389 3225 1441 μου.
3286 1371 3385 1425 Διά
3437 1370 3598 1424 τοῦτο
3636 1369 3739 1422 καὶ

2146 1467 2534 1539 πλανηθέντες,
2565 1467 2690 1520 ἐπεὶ⁵
2730 1466 2807 1537 μὴ
2828 1465 3034 1534 γνῶναι
3057 1465 3158 1528 τὰς
3199 1462 3356 1526 ὁδούς
3404 1478 3509 1531 μου
3545 1461 3739 1533 ᾑρετί-

2146 1576 2331 1622 σαντο,
2353 1559 2454 1613 οὐκ
2482 1557 2734 1629 εἰσῆλθον
2779 1560 2859 1622 εἰς
2889 1558 2988 1629 τὴν
3045 1555 3394 1611 κατάπαυσίν
3430 1571 3555 1624 μου.
3602 1550 3739 1606 Εἶτα

2148 1652 2225 1722 μὴ
2253 1648 2370 1718 οὖν,
2405 1649 2586 1714 καθὼς
2619 1652 2821 1704 ἐκεῖνοι
2869 1649 3296 1721 παρεπίκραναν
3315 1646 3412 1700 τὸν
3437 1644 3597 1709 Θεὸν,
3636 1645 3740 1697 καὶ

2144 1743 2457 1818 ἠπίστησαν
2483 1742 2578 1796 καὶ
2605 1741 2931 1812 ἀπέστησαν
2955 1739 3146 1804 αὐτοῦ,
3185 1738 3262 1811 μή
3305 1740 3402 1792 καὶ
3436 1739 3599 1808 ὑμεῖς
3635 1735 3737 1790 τοῦ

2146 1835 2349 1900 ζῶντος
2396 1834 2675 1904 ἀποστῆτε
2717 1831 2877 1899 Θεοῦ,
2916 1832 3054 1904 μηδέ
3090 1830 3437 1902 σκληρύνητε
3468 1829 3572 1892 τὰς
3609 1845 3739 1900 καρ-

453 1931 588 1975 cens
617 1919 875 1975 eumdem
915 1921 1087 1978 Deum
1129 1923 1186 1978 in
1215 1923 1402 1979 Veteri
1431 1937 1485 1982 et
1505 1925 1659 1982 Novo
1687 1927 2042 1985 Testamento

2150 1929 2261 1992 Βίας
2289 1927 2444 1999 ὑμῶν
2472 1929 2548 1990 ὡς
2577 1928 2799 1992 ἐκεῖνοι,
2837 1925 2973 1996 μηδὲ
2999 1924 3253 1996 ζηλοῦτε,
3301 1920 3385 1988 οἷς
3422 1921 3738 1994 προσώχθι-

454 2018 511 2067 et
539 2013 798 2077 condere,
830 2021 885 2068 et
913 2029 1156 2082 servare,
1191 2025 1248 2071 et
1295 2018 1510 2088 punire,
1547 2026 1604 2072 et
1650 2019 1880 2088 implere
1910 2037 2042 2091 pro-

451 2100 642 2167 missa,
675 2118 798 2157 cum
829 2104 1091 2176 singulari
1120 2107 1314 2162 ﬁducia
1341 2108 1492 2162 addit
1516 2127 1530 2163 :
1559 2110 1647 2164 Ita
1669 2120 1726 2165 ut
1740 2111 2041 2181 juraverim

450 2191 507 2252 in
534 2193 617 2247 ira
655 2212 790 2261 mea,
821 2197 867 2251 si
890 2197 1251 2269 iugredieutur
1272 2200 1325 2253 in
1357 2201 1584 2271 requiem
1601 2219 1776 2257 meam
1803 2204 1870 2258 ‘°.
1891 2204 2040 2261 Idem

450 2283 636 2356 igitur,
669 2286 761 2356 qui
793 2296 924 2342 tunc
945 2289 1167 2359 quidem
1211 2291 1331 2346 illos
1363 2290 1676 2349 incredulos
1721 2310 1831 2350 non
1868 2296 2044 2353 intro-

450 2375 629 2442 duxit,
651 2379 816 2432 etiam
843 2395 990 2436 nunc
1033 2382 1286 2438 similiter
1321 2400 1432 2439 nou
1462 2386 1752 2442 credentes
1783 2404 1814 2443 a
1854 2389 2044 2459 requie

451 2465 711 2525 excludit.
744 2469 815 2527 Et
850 2469 1064 2529 inﬁnita
1105 2472 1212 2528 alia
1252 2473 1519 2544 ejusmodi
1550 2475 1605 2530 in
1635 2477 1810 2533 sacris
1848 2495 2046 2536 oracu-

450 2557 540 2624 lis,
569 2559 730 2646 nobis
753 2559 827 2619 ob
871 2563 1065 2618 oculos
1107 2564 1300 2634 positis
1326 2604 1342 2630 ,
1399 2567 1718 2636 expendens
1774 2569 2046 2626 invenerit

450 2651 707 2712 eumdem
748 2653 944 2721 Deum,
979 2670 1075 2725 per
1109 2655 1294 2710 Mosen
1319 2697 1334 2722 ,
1363 2658 1623 2728 populum
1662 2658 2042 2728 lsracliticum,

450 2751 509 2800 et
533 2759 630 2814 per
649 2743 835 2802 Iesum
859 2747 1136 2803 Christum
1168 2749 1419 2818 homines
1440 2750 1496 2805 in
1520 2749 1672 2806 Novo
1690 2752 2046 2812 Testamento

453 2833 782 2905 gubernare.
842 2836 992 2897 Idem
1023 2836 1113 2892 ille
1159 2838 1296 2895 alios
1349 2839 1572 2909 quidem
1629 2841 1932 2898 introducit
1989 2853 2048 2900 et

452 2923 587 2981 olim
612 2934 669 2983 et
697 2942 844 2986 nunc
877 2927 935 2987 in
978 2928 1156 2986 locum
1179 2930 1404 3000 quietis,
1457 2931 1593 2987 alios
1623 2949 1754 2988 vero
1810 2936 2042 3005 repellit.

453 3015 552 3076 Yir
602 3018 754 3077 enim}
802 3021 1283 3091 contemplationis
1326 3022 1761 3081 studiosissimus
1795 3027 2043 3096 ejusdem

454 3107 607 3168 videt
647 3124 771 3165 esse
828 3119 884 3166 et
929 3121 1171 3169 veterem
1216 3113 1364 3168 illam
1412 3115 1691 3184 requiem,
1727 3131 1851 3186 qua
1903 3126 2045 3173 terra

454 3200 726 3270 promissa
775 3213 915 3272 erat,
963 3212 1020 3260 et
1053 3204 1282 3260 alteram
1333 3206 1480 3261 illam
1525 3223 1758 3274 novam,
1808 3225 1932 3280 quae
1960 3221 2047 3267 est

455 3304 690 3361 regnum
736 3295 959 3350 caeleste
995 3313 1010 3351 :
1042 3296 1196 3352 videt
1220 3297 1474 3353 eumdem
1521 3307 1578 3354 et
1624 3300 1891 3370 supplicio
1920 3319 2050 3374 pm-

457 3383 658 3440 merito
699 3385 958 3452 allicere,
1015 3397 1071 3444 et
1114 3389 1346 3444 salutem
1382 3391 1592 3461 praemii
1646 3392 1820 3447 instar
1870 3395 2055 3452 distri-

2073 3261 2119 3323 C

2145 2038 2238 2074 σεν
2266 2022 2295 2074 ὁ
2321 2020 2454 2082 Θεὸς
2480 2019 2574 2072 ἐπὶ
2617 2021 3028 2090 τεσσαράκοντα
3060 2016 3155 2086 ἐτη
3192 2015 3252 2068 ἐν
3295 2016 3362 2087 τῇ
3407 2015 3626 2083 ἐρήμῳ,
3656 2005 3736 2066 ὧν

2145 2114 2240 2168 καὶ
2257 2112 2326 2166 τὰ
2348 2111 2504 2166 κῶλα
2526 2110 2738 2180 ζέπεσον
2766 2112 2826 2164 ἐν
2876 2109 3040 2179 αὐτῇ.
3072 2107 3183 2161 Καὶ
3212 2107 3321 2177 γάρ
3358 2105 3424 2159 δι’
3468 2106 3738 2158 ἀπιστίαν
3783 2115 3788 2122 ·

2145 2204 2344 2258 ἐκεῖνοι
2381 2203 2484 2255 οὐκ
2515 2200 2867 2272 ἠδυνήθησαν
2894 2199 3160 2252 εἰσελθεῖν
3192 2198 3274 2260 εἰς
3311 2195 3412 2266 τήν
3436 2195 3733 2248 κατάπαυ-

2147 2312 2231 2349 σιν
2256 2293 2350 2348 τοῦ
2371 2293 2530 2347 Θεοῦ.
2562 2291 2898 2362 ΦοϐηΘῶμεν
2929 2287 3022 2343 οὖν
3051 2289 3112 2342 ἐν
3147 2287 3340 2360 μηδενὶ
3363 2287 3473 2340 τῶν
3502 2302 3738 2357 προστε-

2144 2387 2434 2459 ταγμένων
2491 2384 2814 2456 ὑστερῆσαι,
2851 2383 2884 2454 ἢ
2932 2381 3195 2438 ἀπιστίαν
3229 2377 3480 2449 νοσῆσαι.
3514 2378 3577 2430 Οἰ
3635 2374 3738 2446 μὲν

2145 2479 2256 2550 γὰρ
2288 2476 2688 2539 πιστεύσαντες
2732 2473 2794 2539 ἐξ
2839 2473 2999 2545 ήμῶν
3054 2470 3276 2538 αὐτῶν,
3325 2467 3734 2522 εἰσελεύσονται

2146 2571 2226 2632 εἰς
2251 2569 2352 2638 τὴν
2387 2566 2738 2622 κατάπαυσιν
2782 2563 2974 2617 αὐτού.
3007 2562 3118 2615 Καὶ
3155 2561 3239 2624 τίς
3285 2559 3315 2612 ὁ
3345 2557 3738 2629 ψηφισάμενος

2145 2658 2327 2723 τοῦτο,
2363 2657 2710 2727 ἐπισφίγγων
2750 2655 2910 2708 πλέον
2961 2651 3032 2706 τὰ
3060 2651 3350 2723 εἰρημένα,
3396 2649 3490 2702 καὶ
3516 2647 3739 2711 δεικνὺς

2144 2750 2238 2805 τὸν
2267 2750 2432 2804 αύτδν
2464 2747 2600 2802 Θεὸν
2626 2747 2720 2800 καὶ
2754 2748 2812 2799 ἐν
2839 2747 2906 2816 τῇ
2947 2743 3160 2814 Παλαιᾷ
3191 2741 3286 2795 καὶ
3329 2741 3389 2792 ἐν
3417 2741 3484 2810 τῇ
3523 2738 3737 2809 χάριτι,

2146 2839 2242 2897 καὶ
2265 2837 2626 2910 δημιουργεῖν
2659 2835 2758 2890 καὶ⁵
2786 2833 2982 2898 σώζειν
3013 2832 3108 2886 καὶ
3157 2828 3407 2901 κολάζειν
3444 2827 3545 2882 καὶ
3593 2827 3740 2897 πλη-

2151 2931 2277 3004 ροῦν
2305 2929 2374 2983 τά
2393 2927 2806 3000 ἐπηγγελμένα,
2847 2926 2984 2997 μετά
3036 2925 3302 2995 λαμπρᾶς
3332 2919 3588 2992 ἐπιφέρει
3635 2917 3740 2987 τῆς

2148 3020 2483 3094 παρρησίας,
2523 3019 2623 3086 Ὠς
2654 3017 2865 3088 ὤμοσα
2905 3017 2976 3070 ἐν
3014 3015 3090 3084 τῇ
3139 3014 3288 3084 ὁρτῇ
3317 3031 3462 3084 μου,
3513 3013 3565 3066 εἰ
3613 3011 3738 3064 εἰσ-

2149 3114 2508 3169 ελεύσονται
2524 3113 2611 3178 εἰς
2636 3110 2753 3180 τὴν
2777 3109 3168 3163 κατάπαυσίν
3188 3125 3329 3178 μου.
3349 3106 3406 3160 '0
3435 3103 3600 3168 αὐτὸς
3619 3097 3739 3162 οῦν.

2149 3208 2209 3272 ὃς
2236 3207 2359 3261 τότε
2381 3207 2480 3279 μὲν
2502 3206 2746 3268 ἐκείνους
2761 3203 3172 3274 ἀντιστήσαντας
3192 3200 3293 3253 οὐκ
3307 3199 3619 3270 εἰσήνεγκε,
3643 3196 3742 3249 καὶ

2153 3300 2248 3355 νῦν
2275 3299 2477 3371 ὁμοίως
2514 3300 2643 3360 τοὺς
2685 3295 3054 3358 ἀπιστοῦντας
3078 3291 3399 3365 ύπερορίζει
3430 3291 3533 3360 τῆς
3563 3306 3741 3343 κατα-

2153 3391 2432 3452 παύσεως.
2473 3390 2583 3442 Καὶ
2645 3387 2819 3459 μυρὲα
2865 3386 3002 3442 ἄλλα
3046 3387 3105 3440 ἐν
3165 3387 3286 3449 ταῖς
3347 3381 3742 3454 προκειμέναις

457 3475 649 3543 buere,
678 3487 735 3536 et
755 3478 859 3537 alia
905 3479 1095 3537 multa.
1143 3478 1200 3537 Si
1230 3497 1361 3537 vero
1395 3521 1411 3546 ,
1465 3483 1612 3555 quod
1663 3495 2039 3556 apostatarum

2151 3483 2381 3545 ταύταις
2409 3483 2584 3554 ἱεραῖς
2602 3483 2810 3550 φωναῖς
2830 3482 2859 3534 ὁ
2879 3478 3196 3532 διασκοπῶν
3215 3477 3580 3548 ἐπιθεωρήσει
3601 3473 3742 3544 (45),

458 3585 625 3632 luens.
651 3571 800 3637 vult,
851 3581 1036 3632 vetera
1085 3573 1176 3629 illa
1209 3589 1242 3630 ιι
1291 3575 1439 3630 malo
1486 3585 1707 3642 essent,
1765 3580 2048 3648 oportebat

2152 3573 2248 3627 τὸν
2281 3571 2445 3625 αὐτὸν
2479 3571 2614 3625 Θεὸν
2642 3572 2890 3643 εὑρήσει,
2934 3571 3032 3624 καὶ
3067 3570 3157 3625 διὰ
3200 3568 3446 3632 Μωσέως
3489 3565 3582 3619 τὸν
3633 3565 3745 3617 ἰσ-

459 3677 578 3730 eos,
605 3663 697 3734 qui
729 3665 798 3720 ad
827 3664 1008 3736 ipsum
1035 3667 1381 3731 accederent,
1413 3676 1469 3723 et
1489 3669 1729 3738 prmmiis
1755 3678 1812 3724 et
1834 3671 2048 3728 coronis

2163 3664 2429 3738 ραηλίτην
2455 3663 2587 3718 λαὸν
2616 3663 3085 3735 διακυϐερνῶντα,
3128 3662 3224 3716 καὶ
3251 3661 3341 3715 διὰ
3385 3658 3563 3729 Ἰησοῦ
3602 3657 3743 3726 Χρι-

460 3755 634 3822 ofﬁci,
656 3758 899 3828 atquein
925 3759 1165 3829 quietem
1194 3759 1443 3828 introire,
1467 3761 1716 3831 adeoque
1744 3777 1853 3818 nec
1877 3779 2052 3818 mem-

461 3847 562 3907 bra
595 3847 656 3902 in
683 3849 902 3906 deserto
927 3851 1239 3921 relinquere
1271 3892 1286 3918 ,
1331 3867 1437 3907 nec
1469 3851 1689 3924 poenas}
1714 3853 1846 3909 dare
1891 3854 2050 3923 tales,

2157 3757 2286 3813 στοῦ
2318 3757 2411 3811 τὸν
2460 3758 2561 3828 τῆς
2605 3756 2849 3828 χάριτος.
2891 3757 2952 3810 '0
2993 3755 3154 3819 αὐτὸς
3187 3755 3394 3816 ἐκεῖνος
3441 3754 3570 3814 τοὺς
3637 3748 3740 3820 μὲν

2159 3847 2500 3917 εἰσάγει’καὶ
2527 3847 2696 3902 πάλαι
2719 3848 2814 3900 καὶ
2847 3845 2943 3902 νῦν
2973 3849 3052 3911 εἰς
3083 3847 3175 3900 τὸν
3198 3845 3297 3916 τῆς
3338 3841 3744 3904 καταπαύσεως

463 3938 656 4008 quales
685 3949 891 4012 paratae
916 3950 1048 4003 sunt
1075 3942 1205 4009 illis,
1239 3944 1334 4015 qui
1364 3943 1420 4001 in
1470 3959 1666 4001 verum
1715 3944 1890 4002 Deum
1919 3961 2048 4017 pec-

2158 3943 2346 4007 τόπον,
2405 3941 2532 4005 τοὺς
2566 3940 2624 3994 δὲ
2676 3938 3068 4011 ἀποκηρύττει.
3121 3937 3230 3992 Τοῦ
3261 3935 3429 3990 αὐτοῦ
3472 3933 3670 4004 θεωρεῖ
3718 3933 3750 3984 ὀ

465 4037 618 4088 cant.
2160 4034 2507 4107 φιλοθεάμων
2556 4033 2650 4086 καὶ
2702 4033 2802 4104 τὴν
2861 4031 3104 4086 παλαιὰν
3155 4031 3505 4084 κατάπαυσιν
3566 4021 3734 4086 εἶναι,

464 4124 592 4195 ἥτις
607 4117 732 4196 ἦνῆ
771 4125 1160 4199 ἐπηγγελμὲνη
1190 4128 1284 4199 γῆ,
1315 4131 1408 4184 καὶ
1437 4130 1539 4196 τήν
1588 4129 1820 4204 ὓστερον
1865 4134 2236 4199 κατάπαυσιν,
2263 4130 2388 4200 ήτις
2430 4129 2577 4182 ἐστὶν
2601 4128 2636 4195 ἡ
2691 4125 2943 4197 οὐράνιος
2997 4122 3266 4193 βασιλεία,
3322 4121 3415 4174 τὸν
3437 4117 3600 4172 αὐτὸν
3648 4115 3749 4168 καὶ

467 4215 568 4288 τὴν
591 4220 834 4292 τιμωρὸν
866 4221 1093 4290 ἐπάγειν
1137 4222 1314 4295 δίκην,
1340 4225 1436 4278 καὶ
1480 4227 1578 4298 τὴν
1611 4226 1888 4298 σωτηρίαν
1920 4229 2234 4300 βραῦεύειν,
2267 4226 2365 4280 καὶ
2431 4223 2605 4278 πολλά
2641 4222 2778 4277 ἄλλα
2812 4221 2949 4294 (46).
3003 4221 3066 4274 Εἰ
3129 4219 3189 4273 δέ
3234 4215 3304 4292 ἧν
3327 4258 3342 4284 ,
3391 4215 3468 4280 ὡς
3533 4216 3564 4268 ὁ
3610 4214 3753 4267 ἀπο-

471 4307 676 4381 στάτης
707 4309 957 4380 βούλεται
987 4311 1268 4384 λογισμὸς,
1295 4315 1365 4368 τά
1392 4315 1603 4370 παλαιά
1629 4315 1728 4370 τοῦ
1767 4318 2038 4392 Πονηροῦ,
2079 4318 2187 4372 έδει
2225 4318 2354 4380 τοὺς
2394 4315 2496 4385 μὲν
2535 4312 3053 4386 προσκεκρουκότας
3090 4311 3240 4384 αὐτῷ
3291 4311 3387 4365 καὶ
3411 4307 3594 4380 γερῶν
3653 4302 3752 4358 καὶ

470 4406 756 4476 στεφάνων
784 4405 1106 4479 ἀξιωθῆναι,
1134 4408 1233 4464 καὶ
1284 4410 1366 4474 εἰς
1394 4410 1494 4482 τὴν
1558 4411 1906 4468 κατάπαυσιν
1964 4413 2257 4468 εἰσελθεῖν·
2325 4411 2422 4466 καὶ
2480 4411 2619 4481 μήτε
2663 4410 2747 4464 τά-
2790 4407 2940 4464 κῶλα
2985 4407 3162 4462 λιπεῖν
3228 4409 3287 4461 ἐν
3345 4407 3560 4478 ἐρήμῳ,
3610 4402 3755 4474 μήτε

468 4501 655 4558 δοῦναι
679 4502 832 4566 δίκας
879 4503 1157 4572 τοιαύτας,
1209 4500 1320 4560 οἷαι
1350 4508 1464 4570 τοῖς
1499 4507 1908 4578 ἁμαρτάνουσιν
1969 4512 2050 4574 εἰς
2087 4510 2181 4563 τὸν
2217 4506 2474 4579 ἀληθινὸν
2511 4505 2834 4558 ἀπόκεινται
2864 4503 3020 4558 Θεύν.
3719 4587 3723 4589 _

539 4595 662 4651 ΧΠ.
707 4595 779 4648 At
824 4596 1105 4666 quomodo
1157 4596 1286 4652 alibi
1321 4596 1468 4653 idem
1520 4598 1610 4655 ille
1661 4599 1811 4656 orbis
1867 4600 2048 4657 doctor

2235 4599 2336 4652 lB'.
2365 4597 2531 4652 Ἀλλά
2561 4596 2680 4661 πῶς
2734 4597 2899 4651 πάλιν
2930 4596 3024 4649 τὸν
3075 4591 3312 4665 ’Λαρὼν,
3368 4594 3398 4646 ὁ
3444 4591 3610 4655 αὐτὸς
3651 4591 3758 4662 τῆς

471 4687 744 4742 Aaronem
768 4687 846 4742 ait
875 4703 906 4742 a
941 4687 1054 4744 Deo
1097 4696 1351 4744 vocatum
1387 4705 1508 4745 esse
1541 4707 1820 4747 summum
1877 4708 2062 4749 sacer-

471 4779 652 4834 dotem
674 4819 689 4844 ,
734 4779 875 4836 sicut
903 4789 960 4836 et
1005 4781 1286 4837 Christum
1307 4783 1334 4836 ?
1354 4783 1476 4837 Non
1508 4785 1654 4838 enim
1675 4785 1774 4845 sibi
1812 4786 1929 4855 ipsi,
1963 4786 2063 4855 ait,|

474 4870 754 4940 quisquam
771 4873 932 4925 sumit
959 4873 1229 4939 honorem,
1255 4877 1345 4927 sed
1396 4873 1487 4945 qui
1516 4885 1731 4930 uocatus
1757 4884 1834 4930 est
1871 4893 1905 4929 a
1935 4875 2048 4941 Deo,

2163 4875 2322 4946 φησί,
2353 4874 2445 4939 εἰς
2464 4872 2756 4942 λαμϐάνει
2794 4871 2911 4938 τὴν
2947 4869 3150 4939 τιμὴν,
3177 4869 3318 4922 ἀλλ’
3354 4869 3387 4920 d
3446 4865 3750 4932 καλούμε-

475 4961 609 5013 sicut
636 4972 686 5014 et
712 4961 927 5015 Aaron:
950 4963 1028 5016 ita
1060 4973 1111 5019 et
1139 4964 1380 5020 Christus
1411 4981 1515 5018 non
1547 4983 1603 5020 se
1639 4967 1812 5034 ipsum
1836 4969 2048 5022 honorat

2160 4985 2268 5033 νος
2299 4965 2420 5022 ὑπὸ
2453 4965 2560 5019 τοῦ
2595 4963 2766 5027 Θεοῦ,
2815 4961 3085 5029 καθάπερ
3135 4959 3235 5013 καί
3291 4956 3543 5028 Ἀαρὼν,
3591 4956 3754 5010 οὕτω

473 5049 568 5112 uit,
598 5057 654 5102 ut
683 5050 830 5118 ﬁeret
853 5067 1089 5107 summus
1118 5055 1384 5118 sacerdos,
1412 5055 1504 5108 sed
1526 5057 1618 5125 qui
1650 5055 1854 5111 locruus
1884 5067 1959 5112 est
1991 5075 2048 5112 aa

2171 5059 2272 5112 καὶ
2303 5061 2336 5112 ό
2391 5059 2670 5128 Χριστὸς,
2727 5057 2840 5123 οὐχ
2895 5053 3116 5108 ἑαυτὸν
3164 5051 3424 5118 ἐδόξασε
3469 5049 3760 5119 γενέσθαι

476 5141 688 5212 ipsum:
721 5141 894 5198 Filius
920 5160 1064 5199 meus
1090 5162 1142 5202 es
1168 5154 1245 5212 tu,
1270 5164 1362 5219 ego
1382 5148 1536 5202 hodie
1555 5150 1711 5220 genui
1738 5159 1786 5204 te
1807 5150 1874 5202 “.
1891 5149 1947 5207 Si
1967 5167 2048 5207 ve-

2171 5151 2462 5222 ἀρχιερέα,
2499 5152 2636 5206 ἀλλ’
2660 5153 2692 5205 ό
2713 5148 2997 5218 λαλήσας
3021 5147 3171 5215 πρὸς
3199 5145 3410 5210 αὐτὸν,
3452 5144 3586 5207 Υἱός
3628 5157 3756 5210 μου

2161 4691 2487 4762 οἰκουμένης
2519 4690 2669 4759 λέγει
2699 4688 3022 4750 διδάσκαλος
3044 4687 3149 4740 ύπδ
3177 4685 3270 4739 τοῦ
3298 4682 3435 4738 Θεοῦ
3466 4681 3748 4753 κληθῆναι

2163 4784 2428 4856 ἀρχιερέα
2447 4823 2462 4847 ,
2495 4781 2684 4851 ὥσπερ
2704 4781 2801 4834 καὶ⁹
2822 4780 2914 4833 τδν
2939 4777 3174 4849 Χριστόν
3190 4795 3210 4844 ;
3243 4778 3368 4844 Οὐχ
3399 4773 3592 4840 ἑαυτῷ
3620 4772 3757 4843 γάρ,

478 5232 698 5303 ro,qui
744 5233 1026 5295 Christum
1087 5237 1305 5297 vocavit
1361 5238 1704 5298 sacerdotem
1760 5256 2062 5308 summum,

477 5322 622 5379 idem
648 5333 759 5387 est,
785 5325 878 5395 qui
911 5333 968 5382 et
994 5325 1265 5382 Aaronem
1295 5343 1392 5398 per
1414 5325 1602 5383 Mosen
1628 5329 1804 5398 unxit,
1829 5340 1886 5386 et
1920 5348 2062 5387 neu-

541 5457 586 5498 ”
615 5457 784 5517 Hebr.
811 5475 892 5525 ιιι,
925 5459 980 5515 9.
1057 5460 1103 5494 '°
1127 5459 1270 5522 Psal.
1298 5462 1544 5529 1cm“.
1624 5464 1668 5502 ⁸⁸
1711 5462 1869 5519 Hebr.
1904 5483 1963 5536 ν,
1997 5466 2054 5534 4,
2083 5466 2139 5528 5.

2171 5239 2231 5298 εἴ
2254 5243 2373 5310 σὺ,
2403 5243 2518 5311 ἐγὼ
2564 5242 2835 5313 σήμερον
2866 5237 3201 5311 γεγέννηκὰ
3235 5253 3331 5293 a'e.
3381 5238 3444 5291 Εἰ
3493 5235 3552 5289 δὲ
3591 5236 3622 5288 ὁ
3669 5233 3766 5286 τὸν

2179 5335 2415 5412 Χριστὸν
2456 5335 2693 5398 καλέσας
2721 5332 3008 5407 ἀρχιερέα,
3049 5327 3208 5398 οὗτός
3255 5333 3406 5392 ἐστιν
3460 5331 3489 5387 ὁ
3523 5329 3618 5388 καὶ
3667 5327 3764 5382 τὸν

1599 5573 1832 5634 varum
1872 5537 2257 5638 LECTIONE'S
2295 5578 2386 5634 ET
2419 5579 2654 5636 norm.

559 5663 675 5736 (45)
713 5667 1157 5738 Ἑπιθεωρήσει.
1185 5665 1349 5723 Forte
1377 5677 1500 5738 post
1524 5667 1630 5724 hoc
1657 5669 1882 5724 verbum
1918 5670 2068 5725 exci-

2176 5672 2396 5752 lineolis
2425 5675 2634 5752 aliquot
2665 5673 2972 5752 impletum,
3005 5672 3254 5752 relictum
3299 5680 3435 5728 erat.
3493 5669 3631 5752 Non_
3660 5688 3767 5752 pu-

487 5735 566 5794 dit
592 5735 856 5813 particula
885 5739 1021 5813 ual,
1069 5755 1193 5809 qua:
1255 5735 1504 5813 sequens
1531 5739 1761 5813 verbum
1790 5755 1927 5813 cum
1959 5741 2064 5813 isto
2176 5751 2286 5797 tem
2337 5760 2404 5800 eo
2454 5735 2680 5799 indicari
2711 5735 2968 5799 debuisse
3019 5743 3291 5813 lacunam,
3331 5758 3456 5803 cum
3494 5735 3766 5803 orationis

489 5805 812 5880 coniungat,
844 5808 950 5863 nisi
982 5805 1468 5878 pro-antecedente
1491 5811 1550 5863 ἐν
1575 5810 1760 5880 legere
1804 5810 1961 5865 malis
1992 5812 2060 5862 ei.

563 5876 676 5946 (ιδ)
711 5876 930 5934 Ἄλλα.
985 5876 1115 5937 Post
1172 5881 1292 5938 haec
1338 5881 1502 5937 verba
1565 5876 1799 5955 spatium
1847 5881 2068 5954 aliquod

2175 5813 2345 5872 series
2378 5815 2458 5871 sic
2494 5815 2622 5871 satis
2652 5815 2791 5876 belle
2829 5813 3108 5893 procedat.
