3986 6446
313 417 423 482 H9

1343 406 1641 489 CONTRA
1679 411 2136 494 MANlCH/EOS
2175 434 2409 495 LIBER
2443 435 2560 494 111.

3487 430 3590 494 150

324 529 540 600 Ἀαρὼν
582 529 672 584 διὰ
700 532 946 597 Μωσέως
976 534 1193 604 χρίσας,
1251 535 1347 589 καὶ
1396 538 1680 612 οὐδέτερος
1709 540 1905 594 ἑαυτὸν

2016 551 2092 595 ter
2123 557 2315 598 eorum
2361 543 2664 600 sacerdotis
2710 543 2907 598 sumini
2938 541 3148 595 honore
3192 556 3251 595 se
3294 542 3586 608 mactavit,

307 623 571 686 ἐδόξασεν
597 623 883 694 ἀρχιερέα,
915 624 1030 677 ἀλλ’
1061 627 1090 679 6
1108 626 1344 692 καλέσας
1370 629 1568 693 αὐτούς
1587 647 1598 658 ·
1630 629 1749 694 πῶς
1781 630 1902 701 οὐχὶ

313 715 409 767 καὶ
431 715 501 767 τὰ
521 713 626 783 τῆς
646 713 792 779 Νέας
822 717 917 769 καὶ
936 717 1006 770 τὰ
1047 717 1148 786 τῆς
1171 719 1415 784 Παλαιᾶς
1441 720 1535 773 τοῦ
1565 721 1730 774 αὐτοῦ
1764 723 1903 777 εἰσιν

323 804 564 871 Ἀγαθοῦ
587 805 686 858 καὶ
730 806 870 876 ἔργα
902 808 998 860 καὶ
1021 809 1216 879 νόμοι;
1257 806 1405 882 Ἀρα
1452 812 1508 865 δὲ
1538 813 1571 882 ἡ
1597 813 1904 867 ἀποστασία

309 897 410 948 ἐπὶ
434 896 600 949 πλέον
631 897 1074 968 ἀναισχυντοῦσα
1100 902 1196 953 καὶ
1220 901 1318 973 τὴν
1341 901 1603 974 ἀλήθειαν
1642 904 1734 958 τὸν
1773 905 1818 956 Χ
1828 921 1908 972 ρι-

313 987 441 1040 στὸν
467 986 836 1055 ψευδολογίας
911 990 1176 1059 γράφοιτο
1232 992 1492 1062 γραφήν;
1559 991 1616 1045 '0
1659 992 1760 1061 μὲν
1797 992 1906 1064 γὰρ

313 1073 501 1141 λέγει·
548 1077 903 1130 Ἐλεύσεται
940 1081 974 1132 ὁ
1006 1078 1113 1132 τοῦ
1143 1081 1380 1148 κόσμου
1417 1081 1639 1150 ἄρχων,
1691 1081 1788 1135 καὶ
1837 1082 1908 1135 ἐν

311 1161 446 1230 ἐμοὶ
479 1163 740 1232 εὑρήσει
773 1165 976 1220 οὐδέν.
1023 1167 1088 1219 'H
1139 1167 1196 1219 δὲ
1242 1168 1476 1237 λέγουσα
1525 1171 1588 1223 τὸ
1639 1171 1820 1242 σῶμα,
1879 1171 1908 1223 ὃ

312 1256 532 1326 ἐφόρει.
568 1257 798 1328 πλάσμα
825 1254 966 1315 εἶναι
1013 1259 1111 1313 τοῦ
1163 1262 1433 1332 Πονηροῦ,
1477 1263 1576 1333 τῆς
1619 1265 1908 1336 Ἀληθείας

313 1348 381 1399 τὸ
427 1345 634 1415 ψεῦδος
667 1349 930 1420 καταχέει
981 1349 1218 1421 πικρῶς.
1254 1353 1363 1405 Καὶ
1400 1353 1429 1405 6
1475 1356 1572 1424 μὲν
1606 1354 1683 1419 ὡς
1714 1356 1910 1408 Δεσπό-

312 1453 418 1506 της
443 1437 677 1490 πάντων
707 1439 801 1492 καὶ
849 1440 1057 1510 Κύριος
1084 1443 1180 1495 καὶ
1235 1443 1590 1514 δημιουργὸς,
1641 1446 1731 1499 ὅτε
1771 1447 1909 1520 πρὸς

313 1527 576 1581 ἑκούσιον
598 1531 698 1583 καὶ
744 1532 1016 1602 σωτήριον
1065 1533 1158 1588 τοῦ
1210 1535 1421 1606 κόσμου
1457 1537 1634 1602 πάθος
1670 1539 1911 1609 παρεγέ-

314 1639 458 1683 νετο,
494 1623 709 1694 Κύριον
765 1627 960 1678 ἑαυτὸν
1001 1627 1094 1681 καὶ
1143 1627 1244 1699 τῆς
1278 1629 1401 1682 ὄνου
1443 1630 1540 1700 καὶ
1595 1627 1690 1683 τοῦ
1726 1629 1908 1684 πώλου

315 1713 578 1784 ἀπέφηνε
602 1715 743 1786 πρὸς
776 1716 905 1780 τοὺς
939 1716 1208 1788 μαθητάς.
1258 1720 1367 1773 Kal
1416 1720 1524 1791 γὰρ
1574 1721 1912 1793 δημιουργή-

317 1822 470 1874 ματα
521 1808 622 1860 καὶ
675 1808 777 1878 τῆς
809 1807 1008 1863 ἑαυτοῦ
1045 1810 1369 1881 κυριότητος
1421 1814 1517 1865 καὶ
1561 1813 1906 1876 δεσποτείας,

2012 633 2108 688 sed
2147 635 2194 688 is
2217 634 2311 704 qui
2358 651 2454 690 eos
2485 635 2730 698 vocavit,
2775 633 3051 703 quomodo
3087 647 3196 686 non
3224 646 3311 685 res
3351 629 3488 685 Novi
3537 641 3592 685 et

2011 721 2224 779 Veteris
2255 723 2588 779 Testamenti
2617 723 2862 795 ejusdem
2886 722 3013 776 boni
3040 721 3136 776 Dei
3167 730 3222 776 et
3248 736 3414 791 opera
3467 729 3593 774 sunt

2012 823 2068 870 et
2096 815 2439 887 leges?Num
2471 833 2601 872 vero
2622 815 2942 872 defectionis
2975 815 3132 869 turba
3159 853 3175 880 ,
3227 813 3370 868 facta
3407 813 3592 882 impu-

2013 907 2251 971 dentior,
2274 906 2574 974 Christum,
2609 908 2894 962 veritatem
2919 907 3117 978 ipsam,
3147 905 3417 962 mendacii
3461 912 3593 958 nota

2012 997 2326 1052 insimulare
2353 999 2709 1053 audeat?llle
2764 998 2909 1052 enim
2968 998 3084 1053 ait:
3125 997 3298 1051 Veniet
3347 997 3592 1066 princeps

2012 1089 2216 1156 mundi,
2239 1099 2286 1143 et
2317 1091 2373 1144 in
2406 1106 2485 1143 me
2517 1091 2747 1145 inveniet
2779 1089 2910 1143 nihil
2938 1090 3004 1142 ²².
3043 1089 3162 1158 Ipsa
3191 1102 3325 1143 vero
3367 1103 3590 1158 corpus,

2012 1180 2159 1249 quod
2185 1180 2625 1247 circumferebat,
2651 1189 2959 1236 creaturam
2984 1179 3112 1234 mali
3145 1179 3454 1244 venditans,
3487 1177 3595 1232 Vc-

2013 1271 2229 1325 ritatem
2271 1271 2541 1326 virulente
2567 1272 2837 1326 mendacii
2886 1270 3085 1341 arguit.
3145 1270 3325 1338 Atque
3353 1269 3441 1322 ille
3468 1269 3596 1337 qui-

2015 1361 2160 1424 dem,
2185 1370 2246 1415 ut
2283 1361 2544 1417 Dominus
2574 1363 2817 1417 omnium
2843 1372 2897 1417 et
2929 1362 3197 1432 superior,
3229 1369 3283 1415 et
3309 1359 3595 1422 Conditor,

2015 1452 2232 1522 quando
2260 1452 2326 1507 ad
2358 1452 2691 1522 passionem,
2747 1455 2953 1508 mundo
2986 1452 3329 1524 profuturam
3353 1492 3368 1517 ,
3403 1462 3598 1522 sponte

2016 1557 2112 1594 sua
2134 1540 2404 1604 veniebat,
2433 1556 2492 1595 se
2518 1549 2573 1596 et
2601 1541 2768 1596 asinae
2788 1550 2843 1596 et
2865 1542 2994 1611 pulli
3022 1542 3304 1596 dominum
3331 1542 3598 1596 adversus

2015 1633 2310 1703 discipulos
2365 1634 2694 1689 declarabat.
2750 1631 2884 1687 Nam
2913 1642 3191 1688 creaturas
3223 1633 3469 1688 dominio
3495 1648 3598 1688 suo

2016 1733 2072 1779 et
2106 1726 2336 1796 imperio
2363 1742 2516 1797 teque
2545 1727 2806 1792 vindicat,
2846 1743 2909 1782 ac
2957 1727 3241 1791 mundum,
3276 1736 3330 1781 et
3377 1743 3498 1797 quae
3537 1726 3595 1781 in

2018 1832 2083 1871 eo
2110 1826 2254 1873 sunt.
2285 1817 2412 1874 Ideo
2441 1820 2542 1874 ait:
2578 1818 2636 1874 Si
2663 1819 2780 1890 quis
2805 1819 3096 1888 quidquam
3135 1818 3274 1872 vobis
3303 1819 3495 1872 dixerit
3517 1819 3600 1872 di-

315 1895 516 1969 ὥσπερ
546 1900 575 1952 6
600 1898 810 1969 stooqu
839 1901 935 1954 καὶ
965 1901 1033 1954 τὰ
1062 1904 1122 1954 ὲν
1151 1903 1322 1974 αὐτῷ,
1357 1901 1506 1956 οὕτω
1553 1905 1649 1958 καὶ
1709 1905 1905 1959 ταῦτα.

2016 1909 2146 1963 cite:
2174 1910 2433 1964 Dominus
2473 1911 2581 1964 illis
2612 1927 2741 1978 opus
2790 1911 2966 1964 habet.
2999 1909 3192 1964 Statim
3222 1927 3341 1964 vero
3370 1911 3599 1964 dimittet

312 1991 411 2043 Διὸ
438 2008 611 2061 φησιν
631 2007 646 2021 ο
692 1990 834 2045 Ἐάν
865 2009 953 2059 τις
977 1992 1116 2061 εἴπῃ
1152 1994 1296 2062 ὑμῖν
1350 2013 1424 2062 τι,
1449 1996 1652 2064 ἐρεῖτε,
1706 1998 1796 2052 ὅτι
1849 1999 1911 2051 '0

314 2083 543 2150 Κύριος
567 2081 772 2136 αὐτῶν
801 2083 1013 2151 χρείαν
1059 2083 1205 2153 ἔχει.
1247 2085 1492 2153 Εὐθέως
1531 2087 1599 2140 δὲ
1657 2089 1914 2143 ἀποστε-

313 2173 549 2244 λεῖμτ)
586 2173 763 2227 αὑτά.
789 2175 897 2228 Kal.
916 2175 944 2226 6
987 2176 1085 2246 μὲν
1121 2177 1359 2247 Χριστὸς
1381 2177 1586 2248 Κύριον
1617 2179 1811 2233 ἑαυτὸν
1836 2180 1912 2244 ὡς

313 2266 555 2336 κτίστης
582 2267 684 2336 τῆς
714 2283 774 2319 τε
819 2267 944 2320 ὄνου
997 2269 1092 2321 καὶ
1153 2268 1251 2321 τοῦ
1289 2267 1474 2322 πώλου
1520 2269 1710 2338 λέγει’
1771 2273 1804 2341 ἡ
1853 2271 1911 2325 δὲ

311 2357 637 2410 ἀποστασία
702 2357 801 2411 οὐκ
839 2358 1091 2428 ἀνέχεται
1147 2357 1328 2423 τοῦτο,
1393 2359 1534 2414 ἀλλὰ
1587 2360 1688 2431 τῆς
1742 2360 1909 2414 αὐτοῦ

316 2448 575 2510 ἐξουσίας
593 2448 918 2518 ἁρπάζουσα
948 2449 1054 2502 ὑπὸ
1075 2450 1177 2520 τὴν
1199 2450 1565 2522 δημιουργίαν
1597 2454 1784 2507 τάττει
1813 2453 1908 2506 τοῦ

329 2540 592 2612 Ἐχθροῦ.
631 2542 779 2595 Ἔδει
807 2541 950 2608 δὲ,εί
999 2544 1129 2613 μήτι
1154 2543 1302 2607 ἄλλο,
1346 2544 1739 2617 δυσωπηθῆναι
1781 2547 1910 2612 τοὺς

309 2634 720 2703 ἁδυσωπὴτους
761 2635 853 2687 καὶ
877 2633 976 2698 τὰς
1011 2634 1178 2699 ἄλλας
1212 2634 1309 2688 τοῦ
1351 2636 1642 2691 θεσπεσίου
1696 2637 1909 2692 Παύλου

308 2725 536 2792 φωνάς.
577 2725 807 2792 Λέγουσι
861 2724 971 2796 γὰρ
1017 2718 1202 2792 αὗται,
1238 2727 1465 2798 μείζονα
1492 2729 1591 2798 μὲν
1614 2727 1711 2781 τοῦ
1771 2730 1908 2800 όμω.

311 2817 565 2884 μοκότος
606 2816 684 2886 τῷ
731 2816 982 2889 Ἀϐραὰμ
1036 2820 1111 2891 μὴ
1160 2817 1299 2874 εἶναι
1353 2820 1538 2892 ἕτερον
1594 2821 1758 2887 Θεὸν,
1818 2821 1911 2876 καὶ

307 2911 667 2980 ἀμετάθετον
693 2912 752 2964 έν
775 2913 896 2974 ταῖς
938 2911 1296 2981 ἐπαγγελίαις
1320 2951 1335 2976 ,
1385 2913 1478 2965 καὶ
1515 2913 1780 2967 ἀδύνατον
1809 2913 1909 2966 αὺ-

311 3000 424 3055 τὸν
440 2998 744 3069 ψεύσασθαι
777 3000 988 3071 (οὕτως
1012 3001 1164 3072 αὐτῷ
1191 3001 1252 3055 τὸ
1290 3003 1389 3072 τῆς
1405 3002 1664 3073 ἀληθείας
1693 3004 1912 3074 ἀξίωμα

314 3091 730 3162 συνουσίωται)
763 3093 856 3145 καὶ
883 3093 984 3162 τῆς
1019 3093 1179 3163 ἡμῶν
1205 3092 1315 3146 τῶν
1370 3093 1716 3164 Χριστιανῶν
1760 3095 1912 3148 ἐλπί-

309 3186 422 3247 δος
450 3185 711 3255 παροχέα.
743 3185 852 3237 Kal.
883 3185 993 3254 γάρ
1019 3200 1189 3254 φησι·
1227 3184 1311 3249 Τῷ
1337 3183 1406 3238 δὲ
1449 3185 1707 3255 Ἀϐραὰμ
1727 3186 1910 3257 ἐπαγ·
1937 3233 1980 3292 C

312 3281 686 3352 τειλάμενος
717 3283 751 3334 ό
797 3281 962 3345 Θεὸς,
991 3279 1122 3333 ἐπει
1177 3281 1306 3334 κατ’
1333 3279 1584 3347 οὐδενὸς
1637 3276 1765 3350 εἶχε
1784 3283 1912 3353 μεί-

319 3375 510 3440 ﬁbrar-
564 3372 795 3442 ὀμόσαι,
821 3369 1021 3442 ὤμοσε
1041 3371 1172 3426 καθ’
1191 3371 1413 3426 ἑαυτοῦ
1436 3372 1656 3441 λέγων,
1687 3391 1743 3428 κ.
1781 3391 1834 3428 τ.
1859 3373 1910 3428 λ.

317 3466 434 3519 καί
455 3463 534 3527 ὡς
581 3463 1058 3533 μακροθυμήσας
1119 3465 1153 3516 ό
1208 3463 1463 3533 Ἀϐραὰμ
1515 3464 1774 3533 ἐπέτυχε
1801 3464 1912 3533 τῆς

322 3553 736 3623 ἐπαγγελίας-ο
787 3553 882 3605 καὶΙ
928 3552 1033 3616 ὅτι,
1063 3550 1446 3619 βουλόμενος
1478 3553 1511 3605 ό
1541 3552 1727 3618 αὐτὸς
1768 3552 1914 3618 Θεὸς

321 3646 772 3715 περισσότερον
824 3641 1122 3707 ἐπιδεῖξαι
1180 3641 1307 3708 τοῖς
1348 3643 1755 3712 κληρονόμοις
1803 3642 1915 3712 τῆς

319 3737 719 3810 ὲκαγγεᾘας,
743 3735 942 3797 οῑτινές
993 3734 1376 3804 ἐσμενιὴμείς,
1430 3733 1498 3787 τὸ
1548 3732 1915 3803 ἀμετάθετον

317 3829 448 3900 τῆς
477 3826 720 3897 βουλῆς
748 3826 936 3882 αὐτοῦ
976 3824 1369 3894 ἐμεσίτευσεν
1427 3822 1618 3893 ὅρκῳο
1671 3824 1774 3879 ἵνα
1815 3823 1916 3879 διὰ

319 3923 448 3978 δύο
497 3918 854 3990 πραγμάτιον
908 3917 1301 3986 ἀμεταθέτων,
1331 3917 1427 3970 έν
1480 3913 1572 3983 οἷς
1614 3916 1918 3972 ἀδύνατον

320 4014 685 4085 ψεύσασθαι
728 4009 898 4074 Θεὸν,
940 4011 1199 4079 ἰσχυρὰν
1220 4007 1608 4078 παράκλησιν
1649 4009 1908 4079 ἔχωμεν.

221 4112 236 4118 ’
320 4107 496 4168 Τίνες
515 4103 626 4176 (48)
645 4119 658 4168 ;
689 4103 881 4171 Ἡμεῖς
897 4101 947 4155 οἱ
960 4101 1368 4170 καταφυγόντες
1386 4101 1662 4172 κρατῆσαι
1678 4101 1776 4172 τῆς
1792 4118 1918 4173 προ-

324 4195 601 4265 κειμένης
629 4193 864 4256 ἐλπίδος.
892 4192 1200 4264 Προσέσχες
1223 4190 1336 4262 (49)
1363 4191 1510 4254 ὅπως
1539 4191 1764 4262 μείζονα
1785 4192 1918 4246 Θεὸν

322 4287 532 4342 οὐδένα
557 4284 705 4354 λέγει
729 4284 915 4356 ἕτερον
952 4282 1048 4336 τοῦ
1093 4282 1470 4354 παρασχόντος
1491 4281 1599 4350 ,τὸν
1645 4283 1807 4352 ὅρκον
1839 4282 1918 4354 τῷ

341 4378 640 4449 Ἀϐραάμ
683 4377 802 4440 πῶς
839 4377 896 4430 δὲ
949 4376 1132 4445 πάσης
1181 4376 1346 4430 αὐτὸν
1403 4374 1661 4446 ἀληθείας
1704 4377 1914 4447 ἀνακη-

326 4473 523 4544 ρύττει
552 4471 738 4543 πηγήν
761 4487 776 4537 ;
803 4470 950 4533 ὅπως
971 4469 1029 4522 δὲ
1061 4468 1223 4538 ἡμεῖς
1263 4468 1314 4521 oi
1345 4469 1781 4532 πεπιστευκότες
1834 4471 1916 4534 είς

2014 1999 2109 2053 illa
2139 2000 2207 2055 ”.
2245 2001 2314 2056 Et
2339 2001 2590 2057 Christus
2623 2002 2867 2072 quidem,
2901 2009 2962 2056 ut
2991 2001 3265 2067 conditor,
3304 2002 3596 2056 Dominum

2013 2107 2072 2146 se
2095 2102 2151 2148 et
2173 2094 2342 2149 asina:
2363 2103 2419 2150 et
2442 2095 2573 2164 pulli
2603 2103 2792 2150 vocat:
2821 2103 2878 2150 at
2907 2103 3277 2166 apostatarum
3309 2093 3596 2149 factiohoc

2011 2198 2122 2238 non
2143 2183 2269 2249 fert,
2297 2185 2392 2240 sed
2416 2185 2669 2255 potestati
2704 2186 2822 2256 ejus
2856 2185 3163 2256 surripicns
3193 2186 3450 2256 potestati
3498 2187 3597 2240 ho-

2012 2275 2109 2330 stis
2125 2275 2364 2344 subjicit.
2389 2277 2458 2330 At
2486 2275 2734 2330 homines
2761 2276 2909 2330 omni
2932 2277 3142 2345 pudore
3159 2291 3362 2331 vacuos
3390 2277 3597 2346 pudere

2012 2363 2243 2418 debebat
2265 2365 2349 2418 vel
2375 2364 2445 2419 ob
2471 2365 2637 2419 divini
2669 2365 2820 2419 Pauli
2844 2367 3082 2421 oracula.
3125 2367 3218 2420 llla
3245 2367 3394 2424 enim
3447 2365 3595 2420 affir-

2011 2463 2184 2520 mant,
2219 2455 2484 2526 majorem
2516 2471 2603 2522 eo,
2653 2455 2745 2525 qui
2776 2456 3044 2526 juraverit
3071 2457 3384 2516 Abrahamo
3416 2499 3432 2524 ,
3482 2473 3595 2513 non

2011 2558 2136 2598 esse
2165 2543 2331 2598 alium
2370 2544 2564 2609 Deum,
2593 2555 2828 2614 eumque
2858 2545 2915 2599 in
2967 2545 3428 2619 promissionibus
3479 2548 3597 2601 suis

2012 2634 2428 2701 immutabilem,
2465 2641 2521 2690 et
2571 2635 2662 2704 qui
2693 2636 2912 2690 mentiri
2966 2651 3075 2691 non
3112 2636 3284 2707 possit
3316 2637 3446 2709 (quo
3473 2637 3596 2710 ipso

2011 2729 2214 2784 veritas
2259 2737 2514 2798 tanquam
2545 2729 2613 2782 ad
2642 2729 2935 2784 essentiam
2959 2731 3077 2801 ejus
3094 2731 3384 2802 pertinens
3413 2733 3596 2788 decla-

2013 2821 2201 2890 ratur)
2246 2829 2553 2890 nostrzeque
2593 2820 3032 2876 Christianorum
3065 2822 3181 2892 spei
3233 2833 3423 2878 auctor
3453 2825 3598 2880 exsi-

2012 2920 2138 2966 stat.
2170 2910 2256 2964 Ait
2279 2909 2424 2965 enim
2467 2929 2480 2965 :
2507 2911 2808 2966 Abrahamo
2839 2929 2959 2967 vero
2978 2912 3254 2982 pollicitus
3278 2915 3437 2982 Deus,
3469 2917 3595 2986 quia

2011 3019 2104 3070 per
2131 3003 2388 3071 majorem
2406 3003 2595 3072 jurare
2635 3021 2739 3058 non
2789 3005 2980 3075 potuit,
3016 3023 3110 3074 per
3173 3009 3405 3076 seipsum
3433 3009 3598 3078 jura-
3657 3065 3660 3070 ,

2013 3093 2107 3158 vit,
2135 3093 2313 3147 dicens
2344 3093 2430 3160 “;
2464 3103 2594 3161 etc.;
2619 3094 2750 3150 item
2772 3096 2916 3165 quod
2952 3097 3305 3164 Abrahamus,
3339 3100 3600 3167 patientia

2013 3185 2234 3254 probata
2260 3187 2658 3254 promissionem
2689 3197 2874 3241 nactus
2913 3197 2988 3243 est
3023 3190 3105 3255 ",‘
3150 3206 3254 3246 nec
3285 3207 3418 3256 non,
3452 3192 3600 3262 quod

2016 3277 2160 3332 idem
2189 3276 2347 3341 Deus,
2383 3278 2556 3331 adhuc
2578 3280 2750 3349 magis
2776 3281 3068 3336 Ittvrea'ilms
3091 3283 3473 3350 promissionis,
3506 3284 3598 3354 qui

2015 3383 2117 3423 nos
2145 3383 2357 3432 sumus,
2390 3370 2672 3424 consilium
2693 3388 2847 3425 suum
2879 3381 2938 3425 ut
2969 3387 3068 3426 non
3099 3374 3354 3428 mutabile
3383 3376 3599 3429 demon-

2014 3468 2298 3525 straturus,
2333 3460 2724 3529 jusjurandum
2767 3463 3099 3533 interposuit,
3139 3472 3198 3518 ut
3229 3481 3322 3533 per
3350 3465 3453 3519 (luo
3495 3482 3598 3520 non

2017 3549 2314 3615 mutabilia,
2336 3550 2391 3602 in
2413 3551 2598 3627 quibus
2627 3553 2815 3623 fallere
2843 3553 2987 3608 Deus
3009 3572 3112 3608 non
3141 3565 3332 3626 potest,
3384 3557 3599 3626 ﬁrmum

2015 3639 2266 3696 solatium
2301 3641 2589 3696 habeamus
2621 3642 2689 3696 “.
2730 3642 3006 3708 Quinam?
3047 3645 3159 3700 Nos
3198 3647 3456 3711 omnino,
3501 3647 3594 3718 qui

2018 3731 2364 3803 confugimus
2392 3733 2460 3788 ad
2481 3733 2774 3789 tenendam
2807 3749 2960 3805 spem
2992 3737 3362 3806 propositam?
3400 3738 3601 3794 Obser-

2017 3827 2230 3886 vastine
2277 3827 2426 3901 quod
2453 3827 2627 3884 Deum
2651 3827 2784 3883 dicit
2813 3843 2922 3881 non
2954 3827 3119 3881 alium
3148 3829 3217 3884 ab
3248 3843 3316 3883 eo
3362 3830 3455 3900 qui
3482 3830 3601 3900 jus-

2013 3921 2310 3994 jurandum
2339 3922 2650 3978 Abrahamo
2679 3922 2967 3992 praestitit;
2994 3921 3142 3992 quod
3171 3921 3424 3979 eumdem
3453 3923 3599 3978 veri-

2025 4016 2151 4069 tatis
2182 4014 2397 4069 fontem.
2425 4013 2721 4083 praedicat;
2768 4013 2910 4083 quod
2942 4020 2998 4067 et
3032 4029 3156 4078 nos,
3187 4013 3280 4084 qui
3327 4015 3601 4072 credimus

2019 4106 2076 4161 in
2115 4106 2414 4172 Christum,
2448 4105 2577 4161 inde
2606 4105 2876 4161 habemus
2906 4106 3160 4162 solatium
3192 4116 3249 4162 et
3275 4108 3422 4163 vires
3447 4124 3602 4178 spem

2018 4198 2356 4270 propositam
2390 4198 2797 4268 consequendi?
2829 4198 2931 4254 Ubi
2982 4199 3148 4272 igitur
3184 4200 3370 4256 Bonus
3420 4201 3512 4256 ille
3545 4209 3602 4256 et

2018 4288 2192 4346 Malus
2223 4299 2329 4353 est.
2357 4290 2452 4345 ubi
2500 4298 2588 4346 est
2629 4289 2722 4350 illa
2759 4291 2964 4346 veteris
3005 4299 3061 4346 et
3113 4292 3244 4346 novi
3287 4293 3603 4347 testamenti

2019 4382 2258 4438 divisio?
2290 4381 2426 4449 Quis
2453 4396 2585 4438 vero
2641 4391 2760 4446 est,
2817 4382 2909 4456 qui
2969 4398 3170 4438 novum
3211 4393 3600 4439 testamentum

2020 4472 2184 4527 etiam
2225 4487 2391 4542 super
2437 4471 2659 4526 domum
2708 4471 2847 4527 Juda
2880 4471 3151 4550 perfecit?
3197 4471 3314 4526 Nisi
3367 4471 3470 4541 ipsi
3503 4472 3599 4526 tibi

321 4563 574 4634 Χριστὸν
605 4561 816 4615 ἐκεῖθεν
837 4560 1035 4631 ἔχομεν
1081 4558 1429 4630 παράκλησιν
1454 4559 1553 4612 καὶ
1605 4559 1761 4630 ἰσχὺν
1815 4561 1911 4632 τῆς

2021 4561 2353 4632 respondere
2383 4561 2579 4630 placet,
2611 4561 2740 4616 audi
2773 4561 2998 4615 Paulum
3047 4562 3332 4617 doctorem
3366 4575 3598 4632 respon-
3639 4601 3644 4604 .

323 4655 711 4726 προκειμένης
779 4653 994 4716 ἐλπίδος
1067 4651 1382 4723 κρατῆσαι;
1445 4651 1556 4705 Ποῦ
1628 4652 1809 4706 τοίνυν
1889 4653 1920 4706 6

339 4747 578 4817 ’Δγαθδς
605 4749 699 4801 καὶ
723 4748 752 4801 6
805 4744 1072 4816 Πονηρὸς,
1105 4745 1199 4796 καὶ
1225 4745 1259 4814 η
1301 4745 1401 4814 τῆς
1451 4744 1698 4807 Παλαιᾶς
1751 4762 1921 4801 κατα-

324 4839 518 4909 τομής
565 4837 661 4900 Τίς
712 4835 771 4890 δὲ
812 4835 974 4890 πάλιν
1021 4834 1170 4888 ἐστὶν
1201 4835 1230 4888 6
1277 4833 1375 4906 τὴν
1405 4835 1600 4905 καινὴν
1648 4835 1919 4908 διαθήκην

329 4930 684 4993 συντελέσας,
712 4928 808 4983 καὶ
841 4928 935 4981 ἐπὶ
958 4929 1052 4982 τὸν
1087 4923 1236 4980 οἷκον
1279 4926 1448 4983 Ἰούδα
1472 4944 1486 4994 ;
1512 4928 1575 4980 Εἰ
1624 4927 1703 4998 μὴ.
1739 4927 1918 4998 βούλει

323 5022 522 5092 λέγειν
572 5020 754 5086 αὐτὸς,
802 5019 1036 5080 ἄκουσον
1093 5016 1189 5076 τοῦ
1255 5017 1618 5093 μυσταγωγοῦ
1658 5019 1912 5087 λέγοντος

331 5113 555 5180 Παύλου
583 5127 598 5142 ο
641 5111 790 5181 λέγει
840 5109 950 5181 γὰρ
997 5107 1100 5173 τὰς
1147 5108 1496 5181 προφητικὰς
1534 5109 1910 5181 οἰκειούμενος

2017 4656 2237 4711 dentem
2264 4672 2279 4722 ;
2311 4654 2606 4725 respondet
2628 4653 2774 4708 enim
2814 4653 3132 4724 prophetica
3162 4653 3420 4708 vaticinia
3441 4652 3602 4707 adhi—

2017 4745 2193 4801 bens:
2230 4744 2361 4804 Ecce
2385 4746 2495 4799 dies
2535 4744 2767 4809 veniunt,
2799 4743 2879 4796 ait
2911 4743 3186 4808 Dominus,
3218 4751 3269 4797 et
3321 4744 3601 4812 perﬁciam

2016 4855 2170 4907 super
2198 4838 2410 4892 domum
2440 4837 2582 4892 Juda
2611 4845 2984 4891 testamentum
3029 4851 3240 4891 novum.
3269 4836 3488 4891 Adhibe
3515 4877 3531 4902 ,
3566 4852 3602 4893 0

2018 4933 2205 4994 homo,
2239 4931 2518 4987 mentem!
2549 4929 2669 4984 Non
2705 4929 2994 4984 secundum
3042 4937 3416 4984 testamentum
3461 4931 3603 4999 quod

2021 5026 2117 5096 feci
2151 5025 2388 5093 patribus
2434 5038 2614 5077 eorum
2634 5061 2649 5086 ,
2681 5021 2737 5074 in
2764 5021 2848 5073 die
2884 5019 2978 5073 illo
3005 5057 3020 5084 ,
3060 5035 3162 5090 quo
3211 5037 3400 5075 manus
3421 5036 3603 5075 eorum

2023 5115 2377 5185 apprehendi,
2417 5130 2535 5167 cum
2574 5113 2873 5166 reducerem
2919 5128 3006 5166 eos
3043 5127 3106 5166 ea:
3157 5111 3388 5184 {Egypto
3417 5128 3435 5168 :
3463 5109 3602 5180 quod

406 5259 453 5298 aa
484 5255 644 5318 10m,
668 5271 782 5323 ιιγ,
814 5254 906 5312 50.
981 5255 1031 5287 ’³
1050 5217 1247 5308 Μαιιιι.
1274 5269 1348 5320 χι,
1381 5253 1436 5308 5.
1515 5255 1559 5284 ’δ
1589 5251 1756 5307 llehr.
1802 5271 1876 5318 Vl.

2075 5258 2121 5289 ’⁵
2147 5257 2282 5318 ibid.
2322 5255 2410 5312 15.
2487 5255 2533 5287 ²⁶
2562 5254 2695 5312 ibid.
2728 5255 2815 5311 i7.

1362 5385 1603 5441 VARIA']
1645 5385 2032 5447 LECTIONES
2073 5389 2162 5444 ΕΤ
2192 5388 2429 5446 NOTAE.

409 5502 972 5578 (67)__‘Aaoote.tei.
1032 5501 1352 5578 Itascripsi
1423 5514 1488 5578 ex
1527 5505 1678 5578 textu
1736 5503 1922 5578 sancti

329 5568 708 5646 evangelistas
737 5589 837 5643 pro
893 5572 1236 5646 ᾁποστέλλει,
1271 5568 1446 5646 lquor!
1500 5583 1602 5622 ms.
1661 5568 1918 5646 habebat.

327 5637 600 5715 Quamvis
623 5637 768 5718 enim
810 5643 953 5718 et_in
979 5642 1212 5718 reliquis
1241 5637 1447 5718 aliquid
1492 5647 1668 5718 tnutet
1703 5637 1918 5718 Noster,

331 5707 456 5773 haec
479 5726 664 5770 tamen
693 5713 746 5766 in
781 5713 949 5784 verbo
979 5713 1086 5767 isto
1105 5707 1416 5768 'diversitas
1456 5707 1524 5762 ab
1563 5709 1682 5777 ejus
1728 5707 1914 5784 Vconsi-i

327 5791 406 5845 lio
432 5802 539 5840 non
579 5783 818 5854 profecta
847 5783 1086 5854 videtur.

404 5855 522 5920 (48)
557 5853 765 5921 Τίνες;
795 5853 871 5910 lta
912 5853 1408 5925 interpungendam
1449 5873 1650 5914 censeo
1700 5855 1912 5914 oratio-

2023 5519 2148 5576 nem
2189 5505 2334 5576 hanc
2364 5520 2464 5576 pro
2484 5520 2571 5569 eo,
2608 5505 2754 5576 quod
2780 5521 2885 5560 ms.
2922 5514 3115 5576 notam
3156 5503 3601 5574 interrogationis

2023 5575 2194 5629 refert
2224 5575 2290 5629 ad
2321 5575 2646 5645 sequentem
2655 5591 2861 5645 #vocem
2889 5575 3126 5645 ἐλπίδος.

2092 5645 2203 5713 (49)
2230 5643 2600 5714 Προσέσχες.
2633 5643 2886 5700 Fortasse
2931 5644 3220 5714 legendum
3257 5643 3597 5712 imperative,

2017 5715 2279 5838 §p6cxe;,
2335 5717 2388 5772 id
2447 5727 2531 5772 cst
2580 5717 2811 5782 attende,
2873 5729 2977 5786 qua
3025 5728 3156 5768 voce
3221 5728 3366 5785 διηΡο
3429 5717 3600 5777 utitur

2065 5795 2232 5838 USICI’.

2065 5795 2232 5840 oster.
