3886 6430
253 400 361 472 153

1286 408 1582 471 CONTRA
1619 410 2078 476 MANICH/EOS
2115 413 2346 474 LIBER
2376 414 2488 481 III.

3427 421 3529 485 154

253 537 348 575 σαι
381 521 472 574 τὸν
499 520 948 592 προσερχόμενον
971 519 1048 592 τῷ
1085 519 1231 592 Θεῷ,
1281 522 1360 593 τῷ
1397 522 1574 578 ταῦτα
1603 525 1836 595 ἐνεργη-

1951 525 2214 594 posuisse,
2236 541 2404 596 seque
2428 527 2748 598 peregrinos
2768 539 2825 585 et
2858 529 3101 586 advenas
3126 531 3330 603 fragilis
3361 534 3527 604 hujus

252 614 392 679 διότι,
423 612 644 684 πρῶτον
679 611 780 682 μὲν
811 613 896 666 ὅτι
918 611 1083 675 αὐτός
1129 613 1278 668 ἐστιν
1305 615 1332 666 ὁ
1370 613 1574 683 κυρίως
1613 612 1711 680 ὢν,
1743 615 1840 667 καὶ

249 707 334 760 ὅτι
365 701 776 775 μισθαποδότης
826 701 1062 770 γίνεται,
1092 702 1141 756 εί
1161 701 1399 773 πονηρὸς
1443 696 1512 772 ἦν
1544 702 1641 754 καὶ
1672 719 1841 772 πονη-

255 797 363 868 ρῶν
394 795 579 866 ἔργων
599 791 947 864 αὑτουργός;
988 792 1101 846 Καὶ
1125 792 1175 845 τί
1199 793 1282 846 δεῖ
1306 791 1431 845 καθ’
1456 791 1690 846 ἕκαστον
1753 790 1840 844 λέ-

250 905 369 957 γειν
395 887 508 941 τῶν
539 889 599 942 ἐν
627 890 695 957 τῇ
729 887 950 957 Παλαιᾷ
979 884 1425 954 διαπρεψάντων,
1463 902 1537 938 ων
1581 884 1841 938 ἁπάντων

250 981 432 1034 πίστιν
463 979 915 1051 ἐπιμαρτύρεται
942 976 1041 1048 τὴν
1066 979 1146 1039 είς
1183 977 1275 1030 τὸν
1307 977 1462 1040 Θεὸν,
1492 975 1586 1029 τοῦ
1615 995 1675 1030 τε
1700 977 1827 1030 Νῶε

251 1072 414 1142 φημὶ,
445 1071 546 1124 καὶ
573 1071 670 1125 τοῦ
720 1070 991 1140 Ἀϐραὰμ,
1025 1070 1124 1124 καὶ
1193 1069 1399 1134 Ἰσαὰκ,
1443 1071 1536 1122 καὶ
1580 1071 1642 1123 οὐ
1678 1070 1840 1140 μόνον

249 1163 476 1226 πιστοὺς
509 1165 570 1217 ἐν
608 1162 720 1234 ὅλῳ
745 1161 824 1232 τῷ
855 1161 974 1234 βίῳ,
1007 1161 1145 1214 ἀλλὰ
1187 1162 1284 1216 καὶ
1313 1163 1457 1216 κατὰ
1483 1161 1585 1234 τὴν
1632 1162 1840 1231 πίστιν,

248 1254 450 1317 αὐτοὺς
495 1253 789 1312 ἀπολιπεῖν
835 1253 939 1324 τὴν
989 1252 1275 1323 παροῦσαν
1326 1252 1497 1322 ζωὴν,
1532 1254 1627 1307 καὶ
1655 1253 1840 1321 ξένους

249 1345 480 1408 ἑαυτοὺς
513 1345 609 1397 καὶ
634 1343 940 1413 παροίκους
964 1344 1066 1413 τῆς
1113 1343 1279 1415 ἐπική
1291 1360 1386 1414 ρου
1415 1342 1660 1415 νομίζειν
1685 1347 1840 1401 πολι-

1938 619 2386 694 commorationis
2416 620 2738 686 credidisse,
2762 638 2942 692 neque
2967 625 3142 679 vereri
3164 624 3354 689 Deum,
3380 626 3529 695 ipsos

1939 708 2272 764 domesticos
2298 725 2428 766 suos
2461 727 2677 779 vocare,
2712 721 2808 770 aut
2842 721 2899 768 ut
2939 715 3182 785 ipsorum
3222 716 3394 771 Deum
3445 719 3530 773 in-

1937 801 2154 866 vocari;
2185 817 2347 872 quem
2381 806 2600 858 autem?
2645 819 2795 869 eum,
2829 807 2924 875 qui
2951 807 3083 876 ipsis
3119 809 3410 865 caelestem
3445 811 3528 865 ci—

1940 891 2161 946 vitatem
2191 904 2498 962 paraverat.
2524 895 2810 962 Quomodo
2836 913 2968 953 vero
2997 898 3109 954 illis
3163 901 3390 956 creleste
3436 917 3530 956 re-

1944 999 2110 1055 gnum
2138 993 2404 1053 parasset,
2439 985 2545 1042 nisi
2577 989 2633 1042 in
2657 989 2765 1043 vita
2805 999 2865 1044 ut
2901 991 3042 1046 servi
3066 991 3188 1061 ejus
3222 1003 3530 1063 praecepto-

1945 1093 2176 1148 rumquc
2199 1079 2320 1150 ejus
2350 1081 2736 1138 observatores
2772 1085 2942 1155 agniti
2965 1084 3223 1152 fuissent,
3254 1087 3532 1157 ﬁdemque

1946 1166 2101 1240 ipsi,
2167 1188 2402 1242 quorum
2435 1175 2667 1232 omnino
2711 1177 2954 1233 caelestis
3001 1178 3196 1234 civitas
3240 1181 3531 1249 praemium

1945 1271 2051 1328 est,
2081 1279 2209 1320 cum
2241 1281 2378 1336 pura
2426 1275 2482 1323 et
2531 1267 2855 1326 intemerata
2911 1270 3261 1328 confessione
3313 1287 3534 1329 servas-

1947 1354 2116 1410 sent?

246 1436 422 1501 τείας,
471 1437 682 1506 καὶμὴ
726 1435 1157 1528 ἐπαισχύνεσθαι
1210 1435 1303 1528 τὸν
1363 1436 1519 1528 Θεὸν,
1576 1438 1815 1504 οἰκείους
1850 1460 1911 1496 τε
1947 1445 2061 1518 (53)
2108 1446 2275 1503 αὐτοῦ
2315 1451 2579 1523 νομίζειν,
2606 1452 2704 1507 καὶ
2764 1452 2902 1508 Θεὸν
2940 1455 3106 1510 αὐτὸν
3152 1456 3268 1528 (54)
3333 1457 3534 1510 ἐπικα-

248 1528 462 1592 λεῖσθαι
489 1545 507 1562 ο
567 1530 753 1596 ποῖον;
801 1527 894 1581 τὸν
947 1527 1290 1600 ἡτοιμακὸτα
1347 1527 1449 1598 τὴν
1499 1530 1828 1602 ἐπουράνιον
1873 1536 2028 1591 πόλιν
2057 1539 2264 1604 αὐτοῖς.
2291 1543 2416 1608 Πῶς
2448 1544 2560 1616 γάρ
2591 1545 2779 1610 αὐτοῖς
2821 1546 2922 1617 τὴν
2986 1527 3243 1619 οὐράνιον
3302 1546 3535 1619 ἡτοιμά-

250 1643 388 1679 σατο
427 1624 734 1696 βασιλείαν,
797 1623 848 1682 εί
879 1625 956 1697 μὴ
1001 1623 1194 1680 τούτου
1237 1623 1333 1678 καὶ
1368 1622 1704 1713 θεράποντες
1753 1629 1848 1683 καὶ
1883 1631 1994 1686 τῶν
2055 1639 2504 1709 προσταγμάτων
2535 1639 2780 1709 φύλακες
2831 1642 3195 1713 ἐγνωρίζοντο
3235 1642 3326 1696 διὰ
3393 1641 3533 1712 βίου,

248 1718 348 1772 καὶ
403 1717 508 1788 τὴν
564 1717 751 1770 πίστιν
797 1714 949 1786 αύτῷ
995 1714 1347 1783 διεσώσαντο,
1394 1709 1478 1779 οἷς
1531 1715 1834 1792 ἐπαθλονή
1912 1725 2169 1796 οὐράνιος
2218 1729 2396 1797 πόλις,
2446 1730 2698 1804 καθαράν
2735 1748 2796 1786 τε
2845 1709 2944 1787 zeal.
2981 1709 3227 1804 -ᾶμικτον
3297 1709 3536 1805 (ἕιμεριϐο⁶

247 1811 370 1866 λίαν
399 1811 515 1882 (55)
539 1827 555 1877 ;

323 1909 426 1965 ΙΓ³.
451 1910 529 1962 Σὺ
552 1907 608 1962 δέ
631 1909 769 1979 μηδέ
787 1909 887 1978 τὴν
902 1907 1100 1962 ἄθυτον
1121 1909 1215 1962 καὶ
1235 1909 1552 1979 Θαυμασίαν
1591 1913 1846 1984 Ἀϐραάμ

2018 1911 2165 1968 ΧΙΙΙ.
2200 1914 2282 1968 Tu
2315 1929 2445 1970 vero
2465 1930 2570 1970 nec
2591 1915 2843 1970 mirabile
2869 1915 3002 1971 illud
3026 1924 3081 1970 et
3107 1932 3215 1971 non
3238 1926 3532 1973 mactatum

249 1998 450 2053 θυσίαν
479 1998 875 2069 παραδράμῃς,
935 1997 1071 2050 Θεοῦ
1119 1999 1220 2069 μὲν
1274 1998 1680 2070 ἐκζητήσαντος
1711 2003 1844 2054 ταύ-

247 2105 382 2156 την,
414 2087 514 2141 καὶ
548 2087 645 2157 τὴν
670 2086 900 2158 γνώμην
937 2087 1347 2158 ἀποδεξαμένου
1379 2106 1393 2120 ο
1423 2091 1518 2142 τοῦ
1549 2091 1605 2143 δὲ
1633 2090 1842 2162 προθύ-

253 2198 380 2249 μως
427 2179 766 2243 πεισθέντος,
800 2179 896 2232 καὶ
936 2180 996 2233 οὐ
1027 2181 1346 2245 πεισθέντος
1372 2183 1556 2252 μόνον,
1586 2183 1724 2237 ἀλλὰ
1751 2185 1845 2238 καὶ

251 2269 675 2333 πιστεύσαντος,
707 2270 790 2324 ὅτι
817 2270 1042 2334 δυνατός
1071 2273 1222 2325 ἐστιν
1260 2273 1288 2325 6
1319 2272 1453 2336 Θεὸς
1487 2274 1583 2332 καὶ
1612 2276 1844 2348 νεκροὺς

250 2361 496 2432 ἐγεῖραι.
531 2362 629 2414 Διά
655 2362 816 2415 τοῦτο
850 2363 1128 2432 λογίζεται
1157 2365 1256 2434 μὲν
1284 2364 1436 2436 αὐτῷ
1463 2365 1542 2429 είς
1564 2365 1845 2420 δικαιοσύ-

252 2470 384 2522 νην,
415 2453 474 2506 τὸ
508 2454 776 2526 πατρικὸν
800 2454 857 2506 δέ
889 2455 1112 2524 ἀξίωμα
1136 2456 1196 2507 οὐ
1231 2455 1375 2509 κατὰ
1406 2459 1506 2526 τῆς
1531 2457 1654 2510 τότε
1683 2457 1846 2527 μόνον

251 2546 480 2612 γενεᾶς,
543 2545 679 2598 ἀλλὰ
735 2548 828 2600 καὶ
863 2548 1001 2616 μετὰ
1051 2547 1250 2608 ταῦτα.
1310 2548 1602 2618 λαμϐάνει,
1663 2548 1846 2612 καθὼς

249 2637 605 2708 γέγραπται,
633 2639 714 2691 ὅτι
740 2638 974 2706 Πατέρα
1012 2638 1265 2699 πολλῶν
1281 2639 1472 2695 ἐθνῶν
1499 2639 1733 2694 τέθεικά
1749 2655 1844 2708 σε,

247 2731 584 2784 κατέναντι
613 2726 686 2786 οὗ
715 2731 1046 2785 ἐπίστευσε
1089 2727 1230 2799 Θεῷ.
1267 2732 1379 2785 Καὶ
1413 2732 1654 2803 πρόσχες
1687 2733 1848 2804 ἀκρι-

248 2825 401 2887 ϐῶς,
433 2824 579 2888 τίνος
617 2824 764 2892 λέγει
807 2823 968 2878 Θεοῦ.
1050 2825 1279 2892 Ἐπάγει
1331 2826 1439 2896 γὰρ
1490 2826 1760 2880 διδάσκων
1818 2829 1847 2880 6

248 2917 498 2981 Παῦλος,
528 2917 632 2972 τοῦ
659 2916 1090 2984 ζωοποιοῦντος
1111 2917 1256 2985 τοὺς
1290 2919 1566 2988 νεκροὺς,
1604 2920 1703 2972 καὶ
1741 2936 1848 2972 κα-

244 3009 526 3074 λοῦντος
544 3007 612 3061 τὰ
634 3009 721 3077 μὴ
755 3008 902 3062 ὄντα
929 3010 1007 3074 ὡς
1053 3009 1232 3062 ὀνταο
1264 3009 1362 3064 καὶ
1397 3010 1558 3063 πάλιν
1589 3027 1601 3040 ·
1636 3015 1746 3077 Εἰς
1780 3009 1849 3064 δὲ

245 3099 382 3163 τὴν
412 3099 776 3168 ἐπαγγελίαν
794 3099 900 3153 τοῦ
928 3099 1075 3153 Θεοῦ
1102 3101 1174 3154 οὐ
1195 3099 1460 3169 διεκρίθη
1479 3100 1555 3169 τῇ
1570 3101 1846 3170 ἀπιστίῃ,

245 3190 405 3249 ἀλλ’
435 3189 855 3260 ἐνεδυναμώθη
909 3189 986 3259 τῇ
1038 3191 1263 3256 πίστει,
1323 3191 1469 3257 δοὺς
1533 3191 1726 3255 δόξαν
1769 3191 1850 3257 τῷ

1945 1992 2242 2060 Abrahaini
2273 2007 2598 2063 sacriﬁcium
2632 2009 2945 2078 prmterito,
3002 2009 3149 2079 quod
3177 2010 3323 2064 Deus
3350 2013 3537 2082 requi—

1946 2099 2119 2163 rebat,
2148 2101 2600 2170 propositumque
2635 2101 2754 2171 ejus
2783 2102 3050 2171 probabat
3077 2119 3092 2168 ;
3122 2103 3267 2158 sicut
3290 2102 3535 2158 vicissim

1945 2189 1991 2244 is
2017 2191 2401 2260 (Abrahamus)
2437 2206 2548 2244 non
2576 2190 2784 2246 invitus
2823 2193 3091 2261 parebat,
3151 2209 3255 2247 nec
3307 2195 3535 2263 parebat

1945 2279 2144 2344 solum,
2165 2279 2260 2332 sed
2288 2287 2343 2333 et
2366 2279 2646 2343 credebat,
2670 2281 2843 2334 Deum
2877 2289 2933 2336 et
2993 2290 3242 2336 mortuos
3295 2283 3534 2337 excitare

1946 2389 2127 2443 posse.
2160 2372 2455 2442 Propterea
2488 2373 2792 2443 imputatur
2821 2374 2924 2429 hoc
2948 2375 2996 2428 ei
3025 2374 3078 2428 in
3102 2374 3370 2445 justitiam
3399 2415 3414 2439 ,
3448 2375 3534 2445 ip-

1947 2480 2112 2534 seque
2135 2476 2398 2536 przeterea
2429 2467 2600 2535 patris
2644 2467 2863 2521 titulum
2895 2483 3007 2521 non
3046 2468 3100 2521 in
3139 2467 3286 2521 illam
3320 2475 3534 2521 tantum

1947 2557 2040 2610 sed
2078 2565 2134 2611 et
2191 2568 2479 2611 secuturas
2531 2558 2918 2627 generationes
2959 2557 3175 2627 accipit,
3207 2557 3349 2612 sicut
3395 2557 3534 2612 scri-

1949 2656 2099 2715 ptum
2151 2655 2236 2701 est
2269 2666 2282 2701 :
2312 2646 2612 2702 Multarum
2657 2649 2890 2719 gentium
2921 2658 3128 2716 patrem
3174 2658 3223 2702 te
3265 2646 3532 2701 constitui.

1949 2738 2055 2792 Pro
2079 2756 2180 2809 quo
2208 2740 2430 2793 credidit
2461 2739 2571 2792 Deo
2629 2739 2697 2794 ”.
2735 2739 2819 2794 Tu
2869 2756 2998 2796 vero
3047 2741 3219 2812 probe
3274 2740 3532 2803 observa,

1949 2847 2109 2900 quem
2134 2833 2224 2888 hic
2264 2833 2518 2902 loquatur
2550 2833 2744 2886 Deum.
2780 2833 3076 2904 Subjungit
3129 2834 3276 2887 enim
3333 2833 3540 2887 docens

1951 2922 2180 2976 Paulus:
2221 2923 2518 2990 Vivi/icanti
2557 2931 2816 2985 mortuos,
2849 2931 2898 2977 et
2934 2924 3144 2977 vocanti
3172 2941 3234 2978 ea
3281 2937 3398 2993 qua?
3435 2937 3540 2976 non

1949 3026 2092 3078 sunt,
2119 3024 2377 3084 tanquam
2425 3016 2530 3069 sint
2557 3016 2622 3070 ³³.
2663 3014 2728 3067 Et
2785 3017 3023 3070 iterum:
3077 3015 3154 3068 De
3195 3016 3542 3084 promissione

1950 3123 2070 3160 vero
2099 3106 2193 3160 Dei
2219 3122 2320 3158 non
2345 3106 2611 3159 dubitavit
2641 3123 2736 3175 per
2762 3106 3218 3165 incredulitatem,
3241 3106 3333 3159 sed
3368 3109 3542 3175 potius

1953 3198 2296 3265 conﬁrmatus
2334 3206 2406 3251 est
2434 3197 2556 3265 ﬁde,
2599 3199 2733 3251 dans
2771 3198 2880 3251 Deo
2911 3197 3142 3268 gloriam
3178 3197 3242 3249 ³⁸.
3279 3195 3539 3260 Videsne,

247 3279 412 3345 θεῷ.
446 3281 630 3352 Ὁρᾷς,
660 3280 744 3342 τίς
780 3275 850 3352 ἦν
877 3281 907 3338 6
934 3282 992 3333 ἐν
1015 3281 1166 3350 νόμῳ
1203 3279 1302 3334 καὶ¹
1327 3281 1645 3352 προφήταις
1675 3280 1847 3350 λαλή-

1953 3290 2078 3359 quis
2111 3290 2275 3344 fuerit
2298 3290 2361 3353 is,
2399 3291 2494 3359 qui
2535 3289 2590 3342 in
2612 3289 2731 3360 lege
2773 3301 2830 3343 et
2867 3289 3153 3359 prephctis
3183 3289 3402 3343 loeutus
3435 3297 3541 3353 est,

247 3393 390 3437 σας,
419 3374 502 3427 ὅτι
533 3374 633 3426 οὐκ
667 3372 823 3437 ἀλλος
854 3373 1002 3444 παρὰ
1049 3375 1140 3432 τὸν
1184 3374 1558 3444 χαρισάμενον
1581 3376 1717 3444 ἡμῖν
1745 3375 1845 3446 τὴν

244 3467 448 3538 χάριν,
463 3465 578 3519 ἀλλ’
606 3466 786 3528 αὐτός.
828 3466 1058 3534 Ἐπάγει
1082 3468 1191 3538 γάρ
1216 3485 1229 3498 ·
1257 3485 1276 3520 ι
1304 3467 1419 3521 Οὐκ
1445 3468 1663 3538 ἐγράφη
1695 3468 1749 3520 δὲ
1780 3469 1848 3521 δι’

245 3558 430 3611 αὑτὸν
473 3557 653 3628 μόνον,
678 3557 814 3610 ἀλλὰ
841 3556 938 3610 καὶ
966 3557 1033 3611 δι’
1089 3560 1258 3628 ἡμᾶς,
1293 3553 1375 3621 οἷς
1429 3559 1612 3628 μέλλει
1639 3559 1851 3626 λογίζε-

249 3649 394 3703 σθαι
421 3649 536 3712 τοῖς
567 3648 957 3703 πιστεύσουσιν
990 3650 1085 3702 ἐπὶ
1111 3651 1200 3703 τὸν
1245 3650 1540 3720 ἐγείραντα
1584 3651 1675 3703 τὸν
1733 3651 1850 3704 Κύ-

252 3757 385 3812 ριον
419 3738 579 3810 ἡμῶν
635 3740 846 3810 Ἰησοῦν
897 3740 1134 3811 Χριστὸν
1163 3743 1226 3794 ἐκ
1280 3740 1513 3812 νεκρῶνᾳ
1546 3760 1564 3792 ι
1593 3741 1851 3796 Οὑκοῦνὸ

249 3818 482 3901 πατέρα
510 3829 721 3885 πολλῶν
755 3831 928 3889 ἐθνῶν
973 3832 1200 3903 θέμενος
1230 3832 1325 3885 τὸν
1369 3831 1646 3903 Ἀϐραὰμ,
1680 3834 1848 3903 ὅρκον

249 3923 524 3993 ὑποσχὼν
554 3922 730 3994 αὐτῷ,
759 3923 788 3975 6
828 3924 886 3977 ὲν
913 3925 1032 3986 ταῖς
1067 3923 1432 3991 ἐπαγγελίαις
1460 3921 1848 3992 ἀδιάψευστος,

248 4019 283 4074 6
336 4016 411 4069 τά
441 4014 521 4086 μὴ
573 4015 704 4070 ὄντα
755 4013 939 4070 καλῶν
969 4015 1047 4080 ώς
1097 4014 1248 4082 ὄντα,
1306 4015 1337 4067 6
1390 4015 1673 4080 ζωοποιῶν
1723 4015 1850 4078 τοὺς

251 4108 523 4178 νεκροὺς,
567 4106 733 4171 αὐτός
761 4107 912 4162 ἐστιν
955 4107 984 4160 6
1025 4107 1248 4178 ἐγείρας
1299 4106 1391 4160 τὸν
1436 4107 1640 4177 Κύριον
1692 4105 1852 4176 ἡμῶν

265 4199 492 4271 Ἰησοῦν
523 4200 760 4270 Χριστὸν
791 4201 855 4252 ἐκ
873 4199 1108 4270 νεκρῶν⁹
1141 4199 1247 4253 κᾶν
1275 4199 1353 4262 ¹’τὸ
1376 4199 1478 4269 τῆς
1507 4200 1853 4263 άποστασίας

246 4291 511 4362 ὀλέθριον
549 4292 808 4363 φρόνημα
832 4293 912 4354 εἰς
941 4291 1034 4344 δύο
1057 4290 1380 4354 δεσποτείας
1417 4292 1512 4346 καὶ
1561 4290 1720 4355 θεοὺς
1752 4308 1852 4344 κα-

246 4382 540 4455 ταμερξζῃ
594 4383 814 4443 αὐτούς.
861 4384 933 4436 Συ
963 4381 1022 4435 δέ
1059 4399 1150 4453 μοι
1204 4383 1300 4438 καὶ
1338 4383 1469 4446 τοὺς
1516 4382 1766 4449 λοιποὺς,
1799 4382 1849 4436 οἳ

250 4475 586 4546 περιφανῶς
628 4474 951 4545 ἐδείχθησαν
993 4476 1052 4528 ἐν
1105 4476 1170 4546 τῇ
1227 4473 1447 4545 Παλαιᾷ
1502 4474 1851 4544 βεϐιωκότες,

250 4568 609 4636 ἐπιλογίζου,
643 4568 737 4622 τὸν
779 4567 1055 4639 Ἀϐραὰμ,
1086 4567 1191 4645 ,τὸν
1239 4565 1459 4633 Ἰακὼϐ,
1496 4567 1588 4619 τὸν
1629 4565 1850 4638 Ἰωσὴφ,

1955 3380 2164 3435 scilicet
2191 3396 2308 3434 non.
2336 3381 2590 3436 diversus
2624 3383 2694 3436 ab
2727 3397 2816 3445 eo,
2865 3381 2960 3451 qui
2989 3381 3150 3435 nobis
3190 3381 3420 3451 largitus
3458 3389 3545 3434 est

1954 3473 2200 3543 gratiam,
2234 3472 2330 3527 sed
2355 3473 2520 3526 idem.
2553 3474 2720 3528 Addit
2761 3475 2942 3528 enim:
2972 3493 2990 3526 ι
3022 3472 3143 3527 Νοιι
3171 3489 3301 3529 vero
3339 3472 3545 3542 scripta

1954 3565 2074 3618 haec
2095 3573 2224 3618 sunt
2250 3572 2475 3633 propter
2508 3566 2689 3634 ipsum
2721 3567 2925 3632 solum,
2953 3566 3047 3621 sed
3075 3573 3132 3620 et
3159 3573 3385 3636 propter
3416 3580 3542 3631 nos,

1951 3657 2151 3727 quibus
2192 3657 2449 3726 imputari
2498 3657 2682 3720 debet,
2716 3657 3010 3712 creditoris
3058 3673 3262 3728 nempe
3293 3658 3349 3712 in
3390 3673 3542 3722 eum,

1952 3749 2043 3818 qui
2071 3748 2361 3802 Dominum
2387 3756 2640 3802 nostrum
2675 3747 2864 3802 Jesum
2892 3747 3173 3802 Christum
3208 3763 3274 3803 ex
3307 3747 3546 3801 mortuis

1953 3843 2211 3897 excitavit
2237 3840 2338 3898 3"“.
2369 3860 2386 3892 ι
2410 3841 2678 3912 ltaqueis,
2703 3840 3194 3911 qui‘Abrahamum
3247 3843 3545 3894 multarum

1954 3933 2194 4004 gentium
2242 3941 2454 4003 patrem
2497 3931 2804 3997 constituit,
2839 3932 2936 4002 qui
2998 3931 3386 4003 jusjurandum
3439 3932 3545 4002 ipsi

1954 4025 2226 4094 praestitit,
2253 4025 2346 4094 qui
2376 4025 2431 4078 in
2463 4024 2926 4095 promissionibus
2954 4039 3068 4079 non
3098 4024 3257 4088 fallit,
3301 4023 3393 4095 qui
3428 4040 3542 4086 non

1953 4115 2272 4170 exsistentia
2305 4123 2463 4170 vocat
2489 4124 2551 4170 ut
2580 4115 2902 4171 exsistentia
2924 4154 2941 4183 ,
2982 4115 3077 4186 qui
3118 4113 3361 4171 viviﬁcat
3395 4130 3547 4168 mor-

1957 4215 2098 4269 tuos,
2123 4205 2266 4260 idem
2293 4215 2398 4271 est,
2423 4205 2516 4276 qui
2547 4206 2838 4262 suscitavit
2862 4207 3157 4262 Dominum
3183 4215 3435 4262 nostrum
3456 4205 3548 4261 Je-

1954 4313 2072 4354 smn
2096 4298 2373 4354 Christum
2401 4315 2466 4354 ex
2494 4299 2730 4355 mortuis
2777 4317 2790 4356 :
2819 4299 3034 4355 etiamsi
3063 4299 3371 4370 perniciosa
3419 4298 3538 4352 h:ec

1954 4398 2322 4462 apostatarum
2349 4392 2596 4447 doctrina
2626 4393 2681 4448 in
2705 4393 2815 4448 duo
2844 4392 3074 4464 imperia
3110 4401 3167 4448 et
3199 4391 3332 4450 deos
3354 4389 3549 4446 distin-

1953 4497 2101 4556 guat.
2141 4483 2224 4540 Tu
2249 4501 2379 4540 vero
2409 4493 2464 4540 et
2486 4485 2752 4556 reliquos,
2775 4487 2869 4555 qui
2901 4485 2957 4539 in
2995 4483 3168 4540 veteri
3210 4489 3544 4539 testamento

1956 4593 2067 4646 pra:
2100 4578 2314 4632 caeteris
2336 4586 2840 4633 commonstrantur
2868 4619 2882 4644 ,
2937 4576 3238 4648 perpende,
3284 4573 3539 4630 Abraha-

251 4662 429 4715 αὑτὸν
463 4659 554 4712 τὸν
579 4661 803 4723 Μωσέα,
839 4656 930 4720 οῦς
961 4659 1020 4712 ἐν
1055 4658 1264 4728 ἐπαίνῳ
1293 4657 1620 4728 ποιούμενος
1654 4658 1682 4710 6
1708 4656 1847 4710 Παῦ-

1958 4681 2128 4730 mum,
2163 4665 2449 4732 Iacobum,
2499 4663 2802 4737 Josephum
2840 4709 2855 4733 ,
2903 4647 3082 4736 ipsum
3129 4662 3294 4718 etiam
3329 4661 3542 4722 Mosen,

249 4758 356 4817 λος
386 4755 486 4808 καὶ
507 4758 607 4823 τὴν
653 4753 838 4805 πίστιν
894 4751 1075 4805 αὐτῶν
1109 4750 1384 4821 ἐξυμνῶν,
1435 4751 1565 4823 περὶ
1593 4749 1691 4803 τοῦ
1724 4752 1855 4804 Μω-

251 4849 405 4910 σέως
426 4845 809 4918 προστίθησινσ
837 4845 969 4898 Ὀτι
995 4843 1096 4898 καὶ
1128 4844 1235 4898 τὸν
1259 4843 1605 4913 ὀνειδισμὸν
1619 4843 1854 4910 ὑπέστη

249 4943 373 5000 τοῦ
403 4941 689 5011 Χριστοῦ.
746 4942 912 5010 Λέγει
947 4942 1057 5012 γάρ
1105 4942 1347 5013 ῥήμασιν
1385 4941 1571 5004 αὐτοῖς
1621 4940 1855 5012 μείζονα

249 5036 378 5090 τῶν
430 5034 713 5104 Αἰγύπτου
765 5035 1060 5106 θησαυρῶν
1114 5033 1471 5107 ἡγησάμενος
1522 5033 1614 5088 τὸν
1657 5034 1882 5090 ὀνειδιο,

255 5128 407 5198 σμὸν
436 5125 536 5181 τοῦ
565 5127 828 5198 Χριστοῦ,
887 5127 984 5182 καὶ
1033 5126 1134 5198 τὴν
1181 5126 1362 5180 αἰτίαν
1384 5143 1398 5158 ⁸
1436 5125 1716 5179 ἀπέϐλεπε
1743 5125 1853 5196 γὰρ

253 5222 350 5282 εἰς
395 5218 498 5289 τὴν
573 5217 1027 5289 μισθαποδοσίαν,
1078 5217 1150 5288 ἣν
1200 5215 1448 5286 δηλονότι
1506 5216 1736 5280 δυνατὸς
1780 5212 1851 5288 ἦν

1955 4776 2094 4831 quos
2114 4758 2291 4830 dignis
2322 4758 2576 4812 laudibus
2602 4759 2889 4828 excipiens
2943 4755 3144 4811 Paulus
3168 4795 3183 4822 ,
3238 4767 3544 4821 eorumque

1954 4853 2117 4909 ﬁdem
2149 4852 2454 4915 celebrans,
2474 4851 2542 4906 de
2566 4849 2714 4905 Mose
2745 4850 2894 4904 addit
2915 4866 2928 4902 :
2947 4847 3099 4914 Quod
3120 4855 3170 4900 et
3195 4843 3547 4916 ignominiam

1954 4943 2148 5000 Christi
2175 4945 2452 5011 pertulerit
2475 4944 2540 4996 ³⁷.
2577 4942 2718 4996 Dicit
2750 4941 2896 4996 enim
2924 4980 2938 5004 ,
2995 4939 3142 5010 quod
3180 4935 3544 5009 ignominiam

1952 5037 2158 5093 Christi
2196 5036 2467 5092 thesauris
2492 5034 2710 5107 [Egypti
2739 5034 3007 5105 potiorem
3034 5033 3308 5097 habuerit,
3354 5046 3419 5086 ea
3473 5030 3542 5083 de

1959 5146 2143 5196 causa,
2181 5130 2309 5200 quia
2360 5129 2664 5200 respexerit
2711 5128 3061 5192 mercedem,
3115 5142 3280 5197 quam
3336 5124 3549 5179 scilicet

1959 5219 2105 5276 Deus
2125 5220 2226 5291 ipsi
2258 5230 2516 5292 prmstare
2537 5220 2800 5292 potuerit.
2839 5220 2950 5277 Sed
2981 5218 3122 5276 nihil
3152 5219 3370 5284 attinet,
3401 5216 3548 5270 viros

331 5365 379 5398 ⁸⁵
400 5366 566 5423 Rom.
596 5381 671 5432 Iv,
698 5365 787 5427 17.
852 5365 898 5399 ³⁸
921 5364 1052 5424 ibid.
1091 5365 1181 5423 19.
1258 5365 1304 5398 ³⁸
1334 5365 1469 5421 ibid.
1493 5365 1585 5421 20.
1662 5365 1728 5398 ³⁸*
1753 5365 1847 5421 ibit

1954 5367 2008 5429 δ,
2085 5352 2130 5398 ⁵⁷
2161 5365 2429 5433 Hebr.x1,
2461 5365 2552 5421 26.

1329 5480 1604 5538 .VARL/E
1638 5481 2030 5539 LECTIONES
2059 5480 2147 5536 ET
2178 5481 2415 5536 NOTAE.

281 5649 302 5660 η
338 5575 457 5660 (βὸ)
513 5575 787 5660 οὶθεεέους
809 5591 893 5630 τε.
955 5574 1281 5632 Subindicat
1349 5575 1532 5630 locum
1561 5572 1850 5628 Paulinum

255 5646 473 5717 Ephes.
509 5660 570 5710 ιι,
602 5643 691 5698 19.

305 5715 457 5789 ,(ῧῇ
494 5715 710 5789 Αιῖζόντ
746 5714 928 5789 Malim
981 5716 1163 5789 legere
1196 5715 1400 5789 αὐτῶν.
1431 5714 1488 5771 ld
1539 5714 1688 5789 enim
1724 5712 1850 5789 sibi,

257 5787 320 5849 ni
345 5783 522 5849 fallor,
555 5784 784 5841 Photius
828 5787 966 5851 vult,
995 5783 1168 5842 Deum
1195 5786 1485 5843 credentes
1522 5783 1856 5840 domesticos

260 5872 397 5922 suos
437 5856 736 5928 appellare,
771 5872 830 5913 se
867 5873 998 5915 vero
1028 5873 1218 5915 eorum
1257 5857 1425 5922 Deum
1460 5856 1644 5913 vocari
1692 5853 1852 5918 velle.

447 5971 734 5990 ν-ν--ιι-νι-ει-

2028 5571 2139 5642 (55)
2185 5570 2585 5642 Ἀμφιϐολίᾳν.
2617 5567 2818 5642 Nescio
2848 5563 2978 5642 quid
3026 5561 3137 5642 sibi
3163 5560 3266 5642 hoc
3292 5559 3413 5642 loco
3444 5556 3546 5642 ista

1955 5628 2060 5697 ι’οὲ
2094 5628 2252 5707 velit:
2277 5628 2458 5696 Malim
2492 5641 2675 5712 legere
2699 5628 3015 5712 ὁμολογίαν,
3050 5641 3146 5688 aut
3186 5629 3364 5712 simile
3389 5628 3545 5698 quid,

1957 5705 2219 5840 pes-quod
2255 5705 2767 5784 confessio,scilicct
2795 5707 2940 5775 ﬁdei,
2971 5705 3037 5762 de
3053 5718 3162 5773 qua
3190 5710 3545 5768 ante'scrmo,

1960 5801 2016 5838 ιιι
2063 5792 2254 5840 tectur.
3145 5836 3150 5840 .
