3886 6430
451 421 556 487 155

1597 417 1859 480 ΡΗΟΤΙΙ
1895 411 2407 476 ΡΑΤΒΙΑΒΟΗΑΞ
2444 410 2551 471 CP.

3604 395 3708 469 155.

448 535 716 606 ejusmodi
747 533 1124 591 enumerando
1175 546 1528 604 percensere.
1579 531 1826 604 Occupat
1879 529 2020 586 enim

2133 528 2439 596 παρασχεῖν
2487 522 2639 596 αὖτῷ
2679 525 2708 578 ὁ
2751 522 2907 587 Θεός.
2945 521 3056 575 Καὶ
3112 521 3165 574 τί
3219 519 3300 574 δεῖ
3358 520 3722 592 καταριθμεῖν

447 640 552 682 nos
584 627 803 682 divinus
829 627 933 692 vir,
963 625 1217 695 inquiens
1249 642 1263 677 :
1295 623 1510 678 Deseret
1538 640 1621 677 me
1640 623 1860 693 ftempus
1893 622 2032 677 reci-

450 729 650 774 tantem
681 720 746 773 de
777 719 1028 781 Gideone,
1059 716 1290 783 Baraco,
1315 715 1552 771 Simsone
1573 724 1623 769 et
1637 715 1885 785 Jephtlta,
1924 713 2033 768 Da-

453 811 567 865 side
601 810 746 876 item,
770 808 1022 864 Samuele
1047 816 1097 860 et
1122 805 1415 876 prophetis,
1448 805 1540 875 qui
1564 821 1657 872 per
1673 805 1832 873 ﬁdem
1851 803 2029 858 debel-

450 900 628 952 larunt
650 913 835 968 regna,
876 897 1084 966 operati
1111 905 1236 950 sunt
1259 895 1567 964 justitiam,
1610 894 1875 948 consecuti
1907 901 2031 947 sunt

447 988 846 1058 promissiones,
881 1001 980 1039 ora
1009 985 1218 1038 leonum
1246 983 1634 1044 continuerunt,
1667 981 2030 1035 cxstinxerunt

445 1079 551 1132 vim
599 1077 758 1148 ignis,
813 1077 1106 1146 effugerunt
1153 1091 1249 1128 ora
1299 1074 1495 1145 gladii,
1539 1071 1865 1126 corroborati
1905 1079 2028 1124 sunt

445 1175 514 1228 ab
553 1173 868 1243 inﬁrmitate
889 1171 956 1225 ³⁸.
1008 1170 1207 1226 Postea
1254 1177 1475 1224 sanctas
1518 1183 1710 1222 eorum
1759 1175 1817 1220 et
1860 1165 2028 1219 mira-

445 1266 586 1321 biles
622 1265 874 1319 actiones
897 1274 950 1318 et
966 1261 1355 1334 perpessiones
1385 1257 2028 1314 utetcommorationem

446 1357 500 1412 in
531 1358 752 1412 deserto
804 1371 869 1410 ac
899 1355 1222 1425 patientiam
1256 1351 1492 1408 dicendo
1522 1359 1848 1420 persecutus
1892 1351 2028 1406 sub-

441 1448 643 1520 iungit,
675 1447 877 1514 Quibus
909 1447 1134 1500 mundus
1159 1461 1262 1499 non
1287 1455 1401 1499 erat
1431 1443 1621 1514 dignus
1652 1443 1722 1497 ”.
1753 1442 1867 1498 lmo
1897 1457 2028 1498 vero

444 1541 513 1597 ad
535 1540 898 1596 imitationem
915 1553 1105 1595 eorum
1128 1552 1228 1594 nos
1251 1537 1612 1600 excitaturus,
1628 1551 1834 1605 eosque
1854 1535 2029 1590 instar

447 1633 796 1688 incitamenti
833 1633 900 1687 ad
953 1631 1196 1686 studium
1230 1631 1452 1686 virtutis
1493 1629 1654 1684 nobis
1685 1643 2024 1699 proponens,

447 1723 602 1779 addit
631 1741 647 1781 :
681 1724 906 1778 Tantam
952 1726 1201 1778 habentes
1250 1723 1651 1792 circumiectam
1683 1723 1895 1776 testium
1927 1738 2027 1776 nu-

444 1811 579 1878 bem,
610 1811 848 1879 deposito
872 1813 1014 1865 omni
1053 1828 1228 1878 onere,
1269 1820 1316 1864 et
1347 1821 1560 1880 peccato
1590 1828 1681 1864 nos
1706 1810 2021 1865 circumval-

446 1898 610 1965 lante,
648 1901 702 1953 in
736 1902 1001 1970 patientia
1033 1917 1313 1954 curramus
1343 1903 1400 1953 in
1430 1900 1607 1954 stadio
1639 1901 1786 1954 nobis
1834 1917 2025 1971 propo-

442 1989 566 2055 sito,
602 1990 935 2058 respicientes
964 1991 1018 2042 in
1057 1989 1180 2058 ﬁdei
1232 1999 1504 2043 auctorem
1553 1999 1600 2042 et
1631 1979 2025 2043 consummato-

443 2093 556 2130 rem
581 2076 781 2139 Jesum,
812 2079 902 2148 qui
924 2085 998 2131 est
1029 2077 1290 2131 Dominus
1320 2087 1498 2131 noster
1520 2075 1680 2131 Iesus
1696 2076 2020 2133 Christus“.

441 2167 634 2237 Itaque
679 2168 727 2223 is
762 2168 886 2223 lidei
925 2167 1095 2234 illius,
1149 2167 1205 2220 in
1236 2183 1341 2236 qua
1373 2177 1558 2237 patres
1593 2169 1766 2223 nostri
1805 2167 2022 2223 candidi

439 2266 499 2311 et
524 2256 661 2311 ﬁrmi
692 2266 1128 2328 permanserant,
1161 2268 1353 2312 auctor
1377 2257 1498 2322 fuit,
1529 2267 1583 2312 et
1631 2269 1834 2314 nostrae
1866 2275 2023 2329 aeque

440 2359 507 2400 ac
539 2344 756 2400 illorum
787 2345 979 2400 salutis
1008 2355 1439 2399 consummator.
1471 2344 1628 2411 Quod
1655 2347 1701 2400 si
1723 2361 1853 2402 vero
1883 2347 2024 2402 nihil

437 2438 589 2492 aliud
615 2438 684 2493 ab
714 2452 902 2493 errore
928 2438 1050 2492 illos
1081 2452 1360 2500 revocare,
1403 2446 1458 2492 et
1503 2439 1569 2493 ad
1600 2441 1858 2509 pietatem
1899 2457 2024 2511 per-

441 2530 657 2584 trahere
707 2537 916 2599 posset,
961 2537 1112 2584 certe
1145 2530 1375 2584 decebat
1406 2546 1502 2584 eos
1553 2531 1641 2586 vel
1690 2533 1858 2588 exiis
1901 2549 2024 2602 qum

441 2633 570 2674 mox
625 2618 952 2685 aﬂ‘erentur,
1019 2620 1305 2674 veritatem
1361 2623 1826 2690 agnoscere._;Ait
1873 2623 2021 2679 enim

441 2707 650 2764 Paulus
689 2726 703 2762 :
741 2706 881 2772 Quid
910 2709 1076 2778 igitur
1107 2710 1388 2764 dicemus?
1439 2709 1584 2764 Num
1627 2711 1710 2766 lea:
1747 2724 2022 2781 peccatum

439 2803 553 2856 est?
596 2802 744 2856 Absit
765 2801 806 2832 δ’
833 2803 846 2856 l
877 2801 944 2856 Et
969 2802 1098 2857 alibi
1132 2820 1146 2856 :
1181 2800 1322 2856 Novi
1356 2804 1520 2868 enim,
1553 2811 1691 2874 quod
1735 2805 1820 2859 lex
1864 2807 2022 2875 spiri-

440 2894 604 2948 tualis
629 2905 726 2958 est,
757 2913 850 2968 ego
884 2912 1005 2951 vero
1027 2896 1264 2950 carnalis
1308 2913 1425 2950 sum
1447 2896 1516 2950 “.
1551 2895 1618 2951 Et
1648 2897 1844 2952 iterum
1878 2897 2023 2964 λθε-

439 2988 725 3060 lectorlege
746 2993 1029 3045 secundum
1060 2991 1366 3045 interiorem
1383 2990 1648 3043 hominem
1669 2990 1728 3042 ⁸³.
1768 2989 1977 3045 Rursus
2005 3009 2018 3045 :

437 3081 632 3153 Itaque
664 3084 774 3153 ipse
802 3100 896 3154 ego
921 3093 1092 3137 mente
1131 3083 1340 3150 quidem
1393 3082 1559 3135 servio
1583 3080 1681 3150 legi
1710 3081 1826 3146 Dei,
1862 3098 2021 3136 carne

2131 618 2261 680 τοὺς
2317 617 2551 689 ἄνδρας
2621 614 2920 686 Προλαϐὼν
2968 613 3078 685 γὰρ
3131 615 3282 685 ἡμᾶς
3332 615 3362 666 ὁ
3421 614 3722 684 μετάρσιος

2133 707 2422 779 ἄνθρωπός
2471 721 2640 776 φησιν
2665 721 2678 736 ·
2750 704 3086 772 Ἐπιλείψει
3121 718 3200 772 με
3254 701 3658 771 διηγούμενον
3687 702 3721 752 ό

2132 798 2355 869 χρόνος
2377 797 2512 866 περὶ
2551 794 2810 858 Γεδεὼν,
2843 793 3047 861 Βαράκ
3071 810 3136 846 τε
3173 792 3272 846 καί
3321 791 3590 860 Σαμψὼν
3618 788 3721 842 καὶ

2145 889 2397 958 Ἰεφθάε,
2428 887 2611 942 Δαιστδ
2638 904 2703 941 τε
2737 886 2832 940 καί
2859 885 3149 954 Σαμουὴλ
3180 883 3281 938 καί
3332 881 3452 936 τῶν
3487 895 3721 950 προφη-

2131 977 2272 1042 τῶν,
2303 976 2361 1030 οἳ
2398 977 2498 1030 διὰ
2530 977 2792 1041 πίστεως
2826 975 3321 1045 κατηγωνίσαντο
3364 970 3717 1036 βασιλείας,

2130 1069 2492 1139 εἰργάσαντο
2524 1067 2952 1136 δικαιοσύνην,
2987 1067 3289 1134 ἐπέτυχον
3314 1061 3718 1133 ἐπαγγελιῶν,

2130 1160 2321 1230 ἔρραιε
2325 1176 2403 1213 αν
2429 1157 2698 1229 στόματα
2719 1160 2987 1214 λεόντων
3010 1158 3145 1229 (56),
3168 1156 3436 1210 ἔσϐεσαν
3455 1156 3722 1221 δύναμιν

2131 1245 2358 1313 πυρὸς,
2410 1245 2642 1314 ἔφυγον
2705 1247 2977 1314 στόματα
3038 1245 3378 1314 μαχαίρας,
3421 1243 3717 1298 ἐνεδυνα-

2125 1338 2419 1408 μώθησαν
2449 1337 2570 1392 ἀπὸ
2600 1337 2944 1403 ἀσθενείας.
2976 1332 3112 1390 Εἶτα
3133 1335 3226 1389 καὶ
3259 1337 3328 1390 τὰ
3361 1335 3729 1412 {epichirema

2130 1431 2224 1484 καὶ
2263 1429 2550 1500 θαυμάσια
2587 1429 2722 1500 ἔργα
2749 1429 2845 1483 καὶ
2907 1428 3054 1500 πάθη
3106 1427 3349 1498 διεξιὼν,
3402 1433 3499 1486 καὶ
3534 1436 3637 1505 τὴν
3664 1436 3725 1487 ἐν

2129 1522 2337 1593 ἐρημίᾳ
2356 1521 2640 1593 διατριϐὴν
2663 1522 2756 1574 καὶ
2771 1520 3098 1593 καρτερίαν,
3121 1525 3342 1595 ἐπάγει,
3359 1519 3475 1580 Ὧν
3500 1529 3614 1581 οὐκ
3646 1523 3729 1596 ἦν

2129 1615 2299 1680 ἄξιος
2321 1618 2353 1669 ό
2382 1616 2632 1684 κόσμος.
2659 1613 2732 1666 Ub
2768 1613 2938 1683 μόνον
2953 1615 3032 1679 δὲ,
3055 1614 3194 1668 ἀλλὰ
3216 1617 3311 1669 καὶ
3333 1617 3474 1688 πρὸς
3503 1616 3605 1688 τὴν
3621 1618 3725 1670 αὐ·-

2128 1709 2239 1762 τῶν
2270 1707 2552 1776 διεγείρων
2577 1707 2726 1778 ἡμᾶς
2758 1705 3018 1779 μίμησιν,
3059 1707 3156 1761 καὶ
3180 1706 3370 1780 ὥσπερ
3427 1708 3723 1779 παράκλη-

2133 1816 2216 1853 σιν
2243 1801 2325 1863 είς
2358 1798 2562 1870 ἀρετῆς
2590 1796 2882 1868 ἀντίληψιν
2912 1797 3156 1862 ἐκείνους
3177 1799 3456 1869 προτιθεὶς
3519 1798 3690 1866 ἐπιφὲ
3708 1829 3722 1840 ι

2056 1869 2098 1924 Β
2131 1909 2212 1964 ρει
2244 1909 2258 1924 ο
2296 1869 2600 1946 Τοσοῦτον
2621 1889 2873 1960 ἔχοντες
2909 1891 3322 1960 περικείμενον
3353 1889 3502 1959 ἡμῖν
3531 1887 3721 1958 νέξ-τος

2121 1984 2459 2053 μαρτύρων,
2511 1983 2697 2050 ὄγκον
2745 1982 3103 2052 ἀποθέμενοι
3150 1982 3370 2047 πάντα,
3436 1982 3538 2035 καὶ
3601 1982 3718 2050 τὴν

2125 2075 2564 2143 εὐπερίστατον
2592 2074 2910 2143 ἁμαρτίαν,
2943 2075 3020 2127 δι’
3059 2073 3375 2144 ὑπομονῆς
3414 2073 3718 2142 τρέχωμεν

2122 2169 2210 2234 εις
2233 2166 2344 2220 τὸν
2366 2166 2768 2235 προκείμενον
2801 2165 2948 2234 ἡμῖν
2975 2163 3198 2234 ἀγῶνα,
3252 2164 3599 2233 ἀφορῶντες
3628 2169 3716 2231 είς

2120 2261 2229 2314 τὸν
2249 2259 2359 2328 τῆς
2376 2259 2641 2324 πίστεως
2656 2258 2926 2326 ἀρχηγόν
2941 2258 3038 2312 καὶ
3061 2256 3387 2325 τελειωτὴν
3423 2257 3674 2325 Ἰησοῦν
3695 2273 3710 2287 ο

2121 2355 2190 2420 ὅς
2216 2354 2391 2407 ἐστιν
2413 2355 2446 2406 ό
2480 2352 2700 2421 Κύριος
2733 2351 2906 2421 ἡμῶν
2945 2351 3188 2420 Ἰησοῦς
3228 2352 3504 2420 Χριστός.
3544 2351 3709 2402 Ὥστε

2121 2447 2218 2500 καὶ⁵
2238 2447 2305 2516 τῇ
2335 2447 2393 2498 ἐν
2495 2445 2676 2496 πίστει
2699 2445 2938 2512 γενναῖοι
2972 2443 3068 2496 καὶ
3096 2441 3304 2512 βέϐαιοι
3331 2442 3712 2512 μεμενήκασιν

2120 2539 2169 2592 οί
2200 2539 2440 2608 πατέρες
2471 2536 2651 2606 ἡμῶν,
2687 2535 2914 2604 γέγονεν
2933 2534 3198 2606 ἀρχηγὸς,
3231 2533 3446 2603 καὶτῆς
3471 2531 3632 2603 ήμῶν
3652 2549 3710 2586 τε

2121 2628 2391 2682 κάκείνων
2423 2628 2700 2698 σωτηρίας
2717 2626 3032 2695 τελειωτής.
3072 2626 3135 2678 El
3169 2625 3226 2678 δὲ
3280 2629 3374 2679 καὶ
3429 2625 3601 2694 μηδὲν
3643 2619 3712 2694 ἦν

2119 2722 2305 2791 ἕτερον
2328 2721 2430 2790 τῆς
2464 2720 2674 2790 πλάνης
2705 2719 2905 2780 αὐτοὺς
2929 2718 3293 2788 ἀποστρέψαι,
3316 2717 3412 2770 καὶ
3442 2717 3711 2787 μεθελκύ-

2122 2829 2212 2866 σαι
2246 2812 2346 2881 τὴν
2370 2810 2656 2864 εὐσέϐειαν
2689 2809 3036 2880 βιαζόμενον,
3067 2810 3181 2862 ἀλλ’
3210 2806 3304 2863 οὖν
3333 2810 3616 2880 προσῆκον
3642 2805 3712 2876 ἦν

2119 2906 2303 2969 αὐτοῖς
2325 2903 2415 2957 διὰ
2440 2903 2550 2958 τῶν
2587 2903 2982 2975 ῥηθησομένων
3009 2904 3204 2958 θᾶττον
3239 2901 3575 2972 μεταμαθεῖν
3611 2902 3713 2968 τὴν

2117 2990 2403 3061 ἀλήθειαν.
2432 2990 2595 3059 Λέγει
2626 2991 2735 3064 γὰρ
2765 2993 2794 3043 ό
2824 2990 3037 3055 Παῦλος
3062 3008 3075 3020 ο
3116 2993 3176 3045 Τί
3215 2986 3334 3045 οὖν
3355 2989 3650 3057 ἐροῦμεν;
3675 2991 3712 3042 ὁ

2117 3084 2305 3151 νόμος
2332 3081 2628 3152 ἀμαρτία;
2675 3081 2762 3153 μὴ
2804 3083 3058 3151 γένοιτο.
3117 3084 3229 3137 Καὶ
3295 3081 3459 3134 πάλιν
3487 3097 3502 3112 ο
3564 3077 3715 3133 Οἶδα

438 3192 558 3230 vero
585 3175 687 3246 legi
712 3177 914 3244 peccati
939 3175 1004 3230 “.
1029 3173 1166 3230 Caro
1192 3175 1333 3227 enim
1351 3173 1670 3241 concupiscit
1702 3182 1883 3225 contra
1906 3173 2016 3239 spi-

2125 3171 2232 3242 γὰρ
2290 3172 2381 3226 ὅτι
2419 3175 2452 3226 ό
2489 3174 2676 3239 νόμος
2739 3174 3144 3243 πνευματικός
3221 3172 3413 3238 ἐστιν,
3469 3170 3589 3241 ἐγὼ
3640 3171 3717 3224 δε

435 3269 622 3332 ritum,
681 3269 898 3338 spiritus
955 3283 1078 3321 vero
1136 3277 1324 3320 contra
1374 3282 1588 3319 carnem
1636 3264 1702 3328 “,
1752 3263 1855 3318 hoc
1905 3273 2012 3326 est,

433 3360 640 3426 anima,
672 3360 975 3415 secundum
999 3359 1293 3429 imaginem
1325 3357 1420 3412 Dei
1453 3355 1696 3422 condita,
1723 3364 1780 3412 et
1799 3355 2016 3424 corpori

435 3451 503 3506 ab
529 3449 721 3506 eadem
756 3465 921 3504 manu
945 3449 1180 3504 formato
1213 3448 1427 3518 juncta,
1457 3448 1530 3503 ad
1559 3447 1830 3519 originem
1857 3461 2014 3501 suam

437 3538 721 3593 transferri
745 3537 915 3607 cupit.
954 3536 1093 3591 Caro
1122 3551 1275 3600 vero,
1309 3535 1360 3590 id
1397 3542 1503 3599 est,
1537 3534 1786 3590 carnales
1805 3533 2018 3604 cupidi-

436 3639 576 3686 tates
602 3630 698 3701 (ita
712 3631 859 3686 enim
882 3639 936 3686 et
964 3632 1065 3685 sub
1083 3629 1266 3700 priore
1287 3639 1342 3684 et
1363 3628 1467 3684 sub
1489 3627 1795 3699 posteriore
1819 3627 2014 3699 gratia,

432 3724 559 3794 quia
585 3739 682 3793 pro
713 3724 907 3796 gratia,
948 3723 1124 3795 gratia
1157 3722 1317 3777 nobis
1348 3721 1474 3777 data
1509 3729 1614 3786 est,
1653 3721 1887 3775 allectus
1919 3721 2017 3774 hos

431 3811 708 3882 appellare
744 3810 823 3866 las
853 3811 982 3882 est),
1009 3811 1115 3876 hac,
1139 3810 1386 3880 inquam,
1419 3807 1669 3864 carnales
1688 3807 2017 3877 cupiditates

439 3918 552 3958 non
577 3903 736 3958 facile
761 3903 1030 3958 voluntati
1054 3903 1250 3957 animae
1281 3899 1682 3965 obsecundant,
1701 3900 1797 3955 sed
1826 3901 2018 3970 saepis-

433 3993 572 4048 sime
632 4001 688 4047 et
719 3993 955 4064 graviter
986 3992 1291 4056 decertant,
1320 3990 1524 4044 malum
1554 3991 1821 4045 habentes
1861 4005 2016 4046 com-

434 4080 764 4148 militonem,
782 4083 888 4137 nisi
910 4082 1033 4153 quis
1062 4081 1292 4153 vigilans
1321 4080 1586 4146 studiose,
1611 4087 1666 4134 et
1696 4095 1793 4150 per
1820 4096 2010 4151 preces

432 4181 1091 4241 supernumconsecutus
1127 4172 1390 4242 impetum
1436 4171 1504 4226 de
1537 4170 1643 4225 illis
1671 4171 2000 4241 triumphat.

2118 3264 2411 3331 σαρκικός
2437 3265 2556 3332 είμι
2579 3280 2592 3293 ·
2641 3263 2736 3316 καί
2769 3281 2784 3295 ο
2821 3263 3166 3333 Συνήδομαι
3199 3264 3278 3329 τῷ
3336 3264 3498 3332 νόμῳ
3545 3263 3704 3316 κατὰ

2115 3355 2224 3408 τὸν
2243 3354 2364 3408 ἔσω
2409 3353 2747 3423 ἄνθρωπον.
2784 3355 2894 3409 Καὶ
2928 3356 3130 3410 πάλινο
3193 3357 3334 3423 Ἄρα
3362 3355 3477 3425 μὲν
3518 3356 3715 3421 αὐτὸς

2115 3446 2229 3516 ἐγὼ
2265 3447 2346 3512 τῷ
2377 3447 2494 3517 μὲν
2510 3447 2608 3501 νοτ
2639 3447 2960 3502 δουλεύσω
2980 3448 3143 3517 νόμῳ
3178 3446 3347 3512 Θεοῦ,
3380 3445 3456 3514 τῇ
3476 3445 3544 3499 δὲ
3558 3462 3716 3514 cap—

2115 3538 2174 3593 κί
2207 3539 2367 3607 νόμῳ
2399 3539 2714 3608 ἁμαρτίας.
2745 3539 2858 3593 Kal
2881 3541 2993 3609 γὰρ
3020 3540 3058 3608 ἡ
3093 3539 3213 3609 μὲν
3240 3539 3399 3607 σὰρξ
3431 3538 3721 3606 ἐπιθυμεῖ

2115 3631 2266 3684 κατὰ
2289 3617 2410 3685 ¹τοῦ
2449 3631 2814 3700 πνεύματος,
2854 3631 2923 3684 τὸ
2968 3631 3037 3683 δὲ
3078 3630 3320 3699 πνεῦμα
3367 3631 3522 3683 κατὰ
3589 3627 3710 3698 τῆς

2114 3722 2364 3790 σαρκὸς,
2413 3723 2694 3778 τουτέστιν
2725 3724 2759 3794 ή
2827 3722 2928 3794 μὲν
2977 3722 3124 3794 ψυχὴ
3175 3722 3297 3776 κατ’
3328 3721 3514 3775 εἰκόνα
3563 3720 3712 3776 Θεοῦ

2115 3813 2484 3885 γεγενημένη,
2509 3813 2604 3867 καὶ
2641 3814 2722 3886 τῷ
2759 3813 3148 3868 διαπλασθέντι
3189 3813 3340 3884 παρὰ
3369 3813 3470 3882 τῆς
3530 3811 3712 3879 αὐτῆς

2115 3907 2298 3978 χειρὸς
2350 3904 2563 3976 σώματι
2588 3905 2923 3974 συναφθεῖσα
2950 3905 3088 3977 πρὸς
3105 3905 3168 3959 τὸ
3196 3904 3510 3975 ἀρχέτυπον
3538 3901 3714 3958 πόθον

2116 3998 2230 4069 ἔχει
2258 3997 2653 4068 ἀναφέρεσθαι.
2709 3999 2776 4052 Ἢ
2796 3998 2853 4051 δὲ
2888 3998 3049 4071 σὰρξ,
3071 3999 3209 4069 ὅπερ
3231 3997 3382 4051 ἐστὶν
3411 3997 3469 4050 αἱ
3506 4012 3711 4066 σαρκι·

2124 4089 2220 4142 καὶ
2251 4089 2542 4162 ἐπιθυμίαι
2568 4107 2582 4121 ·
2611 4090 2775 4163 (οὕτω
2803 4091 2910 4161 γάρ
2952 4091 3069 4143 ἐστι
3101 4089 3195 4142 καὶ
3232 4089 3299 4159 τῇ
3328 4087 3459 4159 πρὶν
3508 4088 3604 4140 καὶ.
3633 4089 3708 4158 τῇ

2116 4178 2234 4247 μετ’
2265 4177 2437 4248 αὐτὴν
2457 4179 2642 4250 χάριτι
2677 4195 2691 4210 ·
2722 4179 2816 4234 καὶ
2849 4181 2956 4249 γὰρ
2986 4178 3107 4232 ἀντὶ
3135 4178 3356 4248 χάριτος
3383 4177 3542 4248 χάρις
3570 4179 3710 4246 ἡμῖν

430 4261 591 4334 ἐδόθη
622 4261 734 4333 (57)
761 4262 830 4316 τὰ
867 4261 1093 4316 τοιαῦτα
1123 4259 1592 4332 κατονομάζεσθαι
1631 4262 1823 4332 πάθη).
1878 4255 2052 4317 Αὗται
2089 4261 2182 4322 οὖν
2215 4268 2274 4322 αἱ
2309 4271 2572 4340 σαρκικαὶ
2611 4270 2898 4340 ἐπιθυμίαι
2923 4271 2983 4322 οὐ
3025 4269 3224 4340 ῥᾳδίως
3265 4267 3586 4321 συνέπονται
3625 4267 3710 4335 τῷ

431 4353 697 4424 θελήματι
741 4353 841 4423 τῆς
879 4353 1081 4423 ψυχῆς,
1130 4351 1245 4406 ἀλλ’
1282 4352 1377 4405 ἐπὶ
1410 4353 1628 4416 πολλοῖς
1669 4353 1764 4406 καὶ
1795 4355 2002 4424 σφόδρα
2039 4357 2406 4430 διαμάχονται
2435 4360 2528 4413 τὸν
2587 4361 2826 4433 πονηρὸν
2857 4361 3080 4432 ἔχουσαι
3158 4358 3590 4427 συναγωνιστὴν,
3651 4352 3707 4414 εἶ

433 4445 830 4535 ιγὶήφων
862 4445 961 4516 μὲν
985 4444 1285 4516 ἐπιμελῶς,
1313 4444 1488 4500 ἕλκων
1536 4444 1596 4499 δὲ
1621 4445 1708 4500 διὰ
1733 4448 2044 4519 προσευχῆς
2081 4451 2176 4504 καὶ
2212 4450 2313 4522 τὴν
2355 4451 2563 4507 ἄνωθεν
2632 4454 2830 4524 ῥοπὴν,
2892 4454 3084 4524 στήσει
3111 4453 3375 4535 τρόπαιον
3428 4453 3551 4510 κατ’
3598 4451 3706 4512 αὕη-

427 4515 538 4568 τῶν
567 4515 702 4586 (58).

423 4600 425 4602 ’
499 4602 638 4658 XIV.
657 4603 767 4660 Sed
784 4603 926 4660 unde
938 4603 1447 4669 nonnihildivertit,
1462 4619 1528 4661 eo
1542 4604 2010 4676 regrediaturora-

2190 4610 2290 4662 lA'.
2336 4607 2476 4660 Ἀλλ’
2494 4606 2670 4660 ὅθενὸ
2716 4605 2874 4676 λόγος
2935 4606 3476 4678 μικρὸνῖπαρεξῆλθε
3526 4607 3704 4661 πάλιν

431 4695 528 4751 tio.
543 4695 825 4752 Praedictis
851 4697 1001 4752 enim
1018 4696 1167 4752 addit
1190 4697 1309 4751 ιιωο
1336 4696 1551 4751 dicens:
1574 4694 1763 4766 Itaque
1786 4695 1868 4749 lea:
1885 4697 2006 4767 qui-

417 4791 546 4863 dem
563 4800 748 4844 sancta
766 4800 862 4855 est,
877 4800 1254 4860 etprwceptum
1267 4797 1528 4855 sanctum,
1559 4798 1608 4843 et
1618 4789 1825 4858 justum
1856 4798 1904 4842 et
1924 4787 2008 4842 bo-

429 4887 556 4935 num
571 4882 748 4940 “.Ubi
761 4884 968 4938 clarum
984 4891 1069 4940 est
1101 4900 1211 4940 non
1231 4883 1394 4940 aliam
1412 4883 1585 4955 legem
1597 4898 1718 4940 esse
1735 4891 2006 4948 sanctam,

503 5035 749 5114 {frtem-ﬂ.
777 5041 1020 5114 11,1135,
1048 5041 1140 5114 ξι.
1234 5042 1279 5114 ³Ρ
1318 5043 1454 5098 ibid.
1488 5042 1581 5100 38.
1673 5043 1719 5076 δ’
1767 5043 2015 5100 Hebr-x1

2125 5085 2170 5114 η,
2207 5046 2263 5100 2.
2357 5045 2402 5078 “
2443 5045 2604 5102 Rom.
2635 5061 2748 5113 vn,
2783 5045 2836 5101 3.

429 5106 476 5142 “
507 5108 642 5164 ibid.
677 5108 770 5165 25.
844 5109 890 5144 ⁸³
913 5111 1046 5166 ibid.
1063 5111 1157 5167 26.
1229 5113 1275 5145 “
1315 5114 1453 5170 ibid.
1490 5115 1579 5170 19.

2113 4699 2375 4754 ἐπανίτω.
2415 4699 2541 4761 Τοῖς
2583 4697 2693 4768 γὰρ
2719 4699 3146 4770 προειρημένοις
3177 4697 3440 4757 συνάπτει
3471 4697 3654 4768 λέγων
3690 4715 3706 4730 ·

2115 4793 2297 4847 Ὥστε
2328 4793 2360 4845 ό
2377 4789 2496 4860 μὲν
2526 4789 2711 4859 νόμος
2742 4790 2931 4860 ἅγιος,
2968 4791 3067 4846 καὶ
3093 4792 3132 4860 ή
3163 4789 3385 4857 ἐντολή
3412 4789 3574 4860 ἁγία,
3603 4791 3711 4846 καὶ

2112 4883 2335 4951 δικαία,
2374 4881 2474 4936 καί
2501 4880 2716 4950 ἀγαθή.
2763 4881 2876 4936 Καὶ
2903 4882 3086 4952 δῆλον,
3143 4883 3220 4946 ὡς
3265 4881 3366 4934 οὐκ
3423 4880 3562 4950 ἄλλη
3604 4880 3713 4951 μὲν

2936 5044 2982 5077 ⁸³
3020 5043 3154 5100 ibid.
3178 5041 3268 5098 14.
3363 5041 3413 5073 ⁸³
3440 5039 3577 5097 ibid.
3610 5040 3710 5094 22.

1618 5271 1874 5363 ιυιιιιλιε⁸
1900 5223 2308 5330 ιΕοτιοΝΕε
2332 5268 2422 5324 ET
2455 5266 2693 5324 noras.

502 5425 615 5498 (56)
642 5427 920 5498 Λεόντων
983 5426 1277 5498 στόματα.
1310 5430 1437 5486 Haec
1469 5429 1526 5485 in
1575 5446 1677 5486 ms.
1733 5430 2012 5487 desidera-

427 5496 651 5572 bantur,
687 5496 890 5572 omissa
923 5497 1133 5572 scilicet
1158 5498 1384 5572 librarii,
1411 5517 1440 5554 a
1469 5502 1700 5572 repetita
1727 5517 1861 5558 voce
1885 5503 2006 5554 στό-

431 5584 590 5639 ματα
605 5567 845 5639 decepti,
876 5567 1230 5639 negligentia.

503 5637 618 5705 (57)
659 5638 822 5692 Ἀντί
866 5637 1110 5708 χάριτος
1139 5638 1332 5708 χάρις.
1383 5639 1561 5696 Locus
1599 5650 1685 5696 est
1711 5639 1939 5696 Joannis
1970 5657 2011 5706 ι,

433 5705 522 5777 l6,
557 5720 720 5775 quin)
753 5705 1066 5764 vari‘i'vvarie
1117 5705 1479 5777 explicarunt.
1526 5713 1660 5766 Cum
1699 5713 1916 5775 Nostro,
1949 5713 2013 5766 ad

2117 5429 2327 5486 faciunt
2352 5429 2797 5500 Chrysostomus,
2820 5425 2973 5500 hom.
3015 5424 3102 5500 ll,
3136 5422 3191 5478 in
3227 5400 3412 5486 Joan.,
3443 5416 3714 5500 etr'l‘heo-

2104 5500 2177 5572 ph
2216 5501 2410 5565 lactus,
2433 5487 2487 5553 in
2510 5499 2568 5552 h.
2590 5499 2652 5563 l.;
2683 5512 2752 5552 ex
2772 5487 3171 5550 recentioribus
3193 5507 3345 5556 vero,
3369 5499 3494 5560 post
3509 5487 3713 5568 Bezam

2107 5579 2163 5623 et
2181 5516 2490 5623 ileinsium.
2512 5567 2811 5622 novissime
2843 5565 2978 5620 Rev.
3007 5565 3267 5618 Salomon
3297 5559 3615 5623 Deylingius
3643 5573 3708 5612 ιιι

2107 5579 2163 5625 et

2232 5558 2490 5634 einsium,
2512 5558 2811 5622 novissime
2843 5565 2978 5620 Rev.
3007 5565 3267 5634 Salomon
3297 5558 3615 5631 De'ylingius
3642 5558 3708 5612 in

2113 5639 2408 5695 Observatt.
2433 5632 2626 5709 sacris,
2661 5645 2810 5709 part,
2842 5651 2925 5709 tu,
2967 5632 3231 5688 num.’53.
3350 5703 3360 5709 _
3444 5703 3456 5709 _
3652 5698 3666 5709 .

2188 5711 2300 5778 (58)
2331 5707 2563 5764 Αὐτῶν.
2609 5703 2686 5778 na
2711 5705 2814 5778 legi
2845 5705 3002 5778 jubet
3024 5717 3199 5778 nexus
3223 5703 3512 5766 orationis,
3570 5703 3709 5778 quia

435 5770 688 5858 legente}.
735 5778 1142 5858 Evangelium,‘
1171 5770 1427 5858 tanquam
1469 5782 1653 5853 gratia:
1692 5770 2019 5858 documenta
2118 5770 2310 5858 sermo
2329 5790 2414 5833 est
2437 5780 2522 5858 de
2545 5770 2868 5846 ἐπιθυμίαις
2920 5775 2973 5831 in
3008 5775 3243 5845 plurium
3295 5787 3554 5828 numero.
3604 5770 3708 5823 Ms.

441 5848 538 5899 sibi
567 5848 803 5904 invicem
829 5848 1204 5916 suecedentia,
1236 5848 1584 5920 respiciente,
1633 5869 1699 5908 ex
1745 5853 2022 5907 veteribus
2122 5851 2360 5908 habebat
2387 5848 2583 5915 αὐτῆς.
