3886 6432
230 459 335 528 157

1227 450 1525 516 CONTRA
1563 444 2028 511 MANICH/EOS
2067 439 2305 504 LIBER
2345 438 2466 501 III.

3383 420 3487 488 158

224 577 377 646 ἀρτία,
413 572 551 642 ἄλλη
574 568 859 635 δὲδικαία,
897 566 1034 639 ἄλλη
1076 564 1132 620 δέ
1155 564 1357 636 ἀγαθὴ,
1384 563 1501 619 ἀλλ’
1542 562 1576 633 ἠ
1607 558 1805 613 ”αὐτοῦ

1936 553 2071 607 diam
2090 550 2314 621 justam,
2336 546 2495 601 aliam
2519 542 2736 606 bonam,
2768 551 2929 608 quam
2958 534 3139 605 ipsum
3171 532 3306 604 legis
3342 548 3487 603 pra:-

223 668 323 722 τοῦ
346 666 513 737 νόμου
532 662 723 733 ἐντολὴ
739 662 831 716 καὶ
859 659 955 713 τοῦ
987 657 1151 713 αὐτοῦ
1173 656 1310 711 Θεοῦ
1337 656 1431 708 καὶ
1448 652 1686 715 δικαίου,
1710 650 1806 703 καὶ

225 761 404 830 ἁγίου,
439 759 538 812 καὶ
564 754 797 824 ἀγαθοῦ.
837 752 930 817 Ἐξ
964 746 1025 807 οῦ
1052 750 1160 821 γὰρ
1193 748 1349 820 βρύει
1387 747 1449 800 τὸ
1497 745 1655 813 ἅγιον
1715 740 1811 795 καὶ

224 852 427 905 δίκαιον
454 847 552 901 καὶ
570 845 799 914 ἀγαθὸν,
834 843 1069 913 χορηγὸς
1112 839 1214 910 μέν
1242 839 1360 890 ἐστι
1414 833 1617 887 τούτων
1649 830 1812 893 αὐτὸς

228 946 326 1000 καὶ
354 942 545 1013 δοτήρ.
579 938 742 993 Κατὰ
767 936 828 990 τδ
852 936 1027 990 αἴτιον
1055 933 1112 986 δὲ
1143 931 1247 1002 πρὸ
1276 924 1518 992 πάντων,
1537 920 1612 980 ὧν
1629 924 1813 986 ἄλλοις

230 1036 527 1108 μετασχεῖν
560 1031 861 1103 παρέσχεν,
894 1027 1059 1090 αὐτὸς
1088 1024 1325 1094 ὑπάρχει
1365 1018 1574 1107 ταῦτα,
1612 1018 1673 1070 οὐ
1716 1032 1813 1085 με-

228 1103 465 1197 τασχὼν,
496 1116 560 1177 οὗ
596 1121 668 1177 δι’
704 1117 1153 1190 ὑπερϐλύζουσαν
1194 1103 1511 1182 ἁγαθότητα
1568 1107 1809 1177 μετέχει,

228 1195 389 1273 καὶ-θ.
421 1216 681 1289 μετέσχε,
712 1209 1006 1284 μετουσίας
1024 1202 1376 1276 ἀγαθοειδοῦς
1402 1201 1537 1269 (59).
1572 1197 1685 1251 Καὶ
1718 1195 1816 1250 ἀλ-

230 1308 396 1380 λαχοῦ
424 1284 488 1361 δὲ
512 1284 679 1359 πάλιν
706 1304 735 1357 6
773 1301 937 1363 αὐτὸς
965 1300 1066 1369 τῆς
1092 1293 1351 1365 ἀληθείας
1374 1290 1550 1374 κήρυξ
1584 1286 1716 1359 βοᾷ¹,
1742 1284 1814 1339 Τὸ

232 1368 527 1470 δικαίωμα
550 1395 933 1465 πληροῦσθαι
960 1368 1067 1445 τοῦ
1095 1391 1285 1457 νόμου
1314 1385 1383 1439 ἐν
1408 1368 1533 1447 τοῖς
1547 1381 1633 1450 μὴ
1664 1378 1817 1433 κατὰ

232 1492 431 1559 σάρκα
463 1486 926 1557 περιπατοῦσιν,
968 1481 1132 1536 ἀλλὰ
1175 1477 1326 1532 κατὰ
1354 1474 1814 1542 πνεῦμα,ζτουτ-

232 1586 409 1645 ἐστιν,
442 1583 503 1635 ἐν
534 1576 617 1643 οἷς
643 1580 699 1632 αἱ
727 1575 966 1649 πονηραὶ
990 1572 1221 1646 πράξεις
1256 1570 1350 1623 καὶ
1381 1565 1694 1636 ὑποσποραὶ
1719 1562 1813 1615 τοῦ

246 1675 507 1748 Ἓχθροῦξ,
542 1676 639 1729 καὶ⁵
664 1672 733 1727 τὰ
766 1671 1145 1742 ἁμαρτήματα
1173 1666 1326 1736 ἰσχὺν
1354 1665 1456 1718 οὐκ
1477 1662 1612 1734 ἔχει,
1647 1660 1818 1729 ἀλλ’ἢ

233 1766 381 1821 κατὰ
429 1764 674 1834 πνεῦμα,
715 1760 998 1815 τουτέστιν
1047 1761 1080 1829 ἡ
1134 1756 1256 1811 κατ’
1313 1755 1514 1827 ἀρετὴν
1538 1754 1635 1805 καὶ
1669 1751 1820 1807 θείαν

236 1857 561 1925 συνέργειαν
594 1850 958 1922 κατορθοῦται
982 1846 1249 1901 πολιτεία.
1284 1846 1347 1898 Ei
1374 1842 1513 1897 δὲτὸ
1543 1841 1819 1910 δικαίωμα

231 1949 331 2003 τοῦ
360 1948 533 2019 νόμου
558 1947 661 2000 οὑκ
683 1946 743 1998 ἐν
778 1946 892 2007 τοῖς
921 1940 1200 2012 ἐμπαθέσι
1226 1939 1323 1991 καὶ
1352 1934 1703 2007 ἁμαρτωλοῖς
1724 1951 1817 1987 τε-

231 2041 437 2102 λεῖται,
469 2037 584 2091 ἀλλ’
644 2037 702 2088 ἐν
736 2037 849 2097 τοῖς
880 2032 1273 2103 πνευματικοῖς
1323 2029 1417 2082 καὶ
1453 2026 1821 2096 θεοσυνεργή-

230 2149 374 2196 τοις,
408 2129 525 2192 πῶς
546 2128 607 2182 οὐ
638 2127 924 2196 φρίττουσι
961 2124 1145 2192 λέγειν
1178 2121 1311 2174 αὐτὸ
1364 2120 1612 2190 πονηρᾶς
1663 2135 1821 2187 νομο-

234 2224 463 2288 θεσίαςς
498 2220 666 2274 Πάλιν
686 2219 742 2272 δὲ
768 2220 824 2271 ὲν
846 2215 1026 2279 ἄλλοις
1058 2215 1120 2268 τὸ
1149 2213 1414 2280 διάπυρον
1453 2212 1557 2281 τῆς
1586 2209 1822 2272 πίστεως

235 2314 408 2369 αὐτοῦ
442 2314 534 2366 καὶ
563 2311 658 2365 τοῦ
719 2310 927 2372 πάντας
974 2306 1227 2361 σπεύδειν
1276 2303 1538 2374 σωθῆναι,
1597 2301 1693 2355 καὶ
1738 2300 1821 2362 είς

234 2408 386 2477 ὅπερ
440 2403 603 2457 αὐτὸν
651 2404 679 2455 6
713 2400 945 2471 σφοδρὸς
992 2398 1132 2468 ἔρως
1177 2396 1364 2460 ἐκίνει,
1415 2394 1670 2464 κατέχειν
1707 2392 1825 2444 -οὑκ

236 2500 411 2568 ἔχων,
440 2494 718 2548 τουτέστιν
741 2494 820 2555 είς
848 2490 909 2543 τὸ
932 2491 1145 2552 πάντας
1170 2486 1249 2557 τῷ
1281 2485 1505 2557 Χριστῷ
1540 2484 1825 2556 προσαγαέ

236 2594 388 2661 τεῒν·
432 2588 719 2657 Ηὺχόμην
746 2583 859 2654 ἐγὼ
879 2582 1064 2647 αὐτὸς
1100 2580 1365 2646 ἀνάθεμα
1393 2573 1546 2631 εἶναι
1575 2574 1696 2630 ἀπὸ
1718 2573 1825 2627 τοῦ

235 2680 512 2753 Χριστοῦ
534 2677 683 2745 ὑπὲρ
713 2674 831 2730 τῶν
863 2670 1147 2742 ἀδελφῶν
1188 2688 1309 2740 μου
1351 2669 1470 2723 τῶν
1516 2665 1830 2737 συγγενῶν

232 2794 366 2847 μου
399 2772 546 2829 κατὰ
578 2770 793 2839 σάρκα,
838 2767 1054 2839 μεγάλῃ
1084 2764 1279 2836 κράζει
1303 2765 1369 2835 τῇ
1392 2764 1543 2833 φωνῇ
1575 2776 1588 2789 ⁸
1633 2755 1721 2813 ὧν
1770 2760 1832 2813 αἱ

237 2866 534 2936 διαθῆκαι
578 2864 677 2918 καὶ
724 2865 783 2916 ai
829 2858 1178 2931 νομοθεσίαι
1217 2858 1318 2911 καὶ
1370 2858 1431 2910 ai
1482 2852 1834 2923 ἐπαγγελίαι

240 2962 353 3016 καὶ
385 2962 444 3014 αἱ
476 2956 759 3025 λατρεῑαι,
800 2955 900 3009 καὶ
930 2951 1379 3025 περιφανέστατα
1402 2947 1641 3010 δεικνὺς,
1668 2944 1834 2998 πόθεν

238 3053 432 3108 ταῦτα
465 3052 556 3104 καὶ
584 3050 727 3113 τίνος
755 3048 992 3119 ἢρτηται
1020 3042 1308 3114 προνοίας’
1348 3041 1415 3094 '0
1437 3037 1522 3093 ὢν
1546 3036 1646 3091 ἐπὶ
1676 3034 1834 3089 πάν-

242 3162 381 3201 των
434 3141 578 3206 Θεὸς
630 3137 959 3207 εὐλογητὸς
1011 3139 1098 3202 εὶς
1149 3134 1293 3201 τοὺς
1341 3131 1584 3197 αἰῶνας.
1635 3128 1834 3199 Ἀμήν.

1913 652 2154 715 ceptum,
2187 648 2242 695 et
2270 637 2512 709 ejusdem
2538 633 2633 687 Dei
2665 641 2779 686 tum
2797 628 2953 701 justi,
2984 636 3096 682 tum
3140 625 3340 689 sancti,
3375 634 3489 679 tum

1913 735 2062 790 boni.
2091 732 2168 786 Ex
2189 745 2296 801 quo
2308 728 2453 783 enim
2467 723 2695 781 scaturit
2717 729 2987 787 sanctum,
3006 727 3062 773 et
3079 718 3310 788 justum,
3328 715 3494 769 etho-

1912 839 2066 889 num,
2082 823 2225 877 idem
2248 829 2332 875 est
2355 819 2573 872 illorum
2591 822 2782 868 auctor
2794 821 2850 866 et
2872 810 3114 881 largitor.
3145 808 3205 862 ln
3223 815 3491 877 quantum

1912 933 2045 974 vero
2068 929 2233 971 causa
2254 921 2359 978 est,
2379 910 2522 964 idem
2545 923 2657 978 prae
2674 905 2930 960 omnibus
2946 918 3009 958 ea
3032 900 3217 956 omnia
3241 908 3346 963 est,
3366 913 3497 968 quo-

1913 1024 2035 1063 rum
2058 1007 2194 1061 alios
2217 1001 2517 1073 participes
2542 997 2693 1061 fecit,
2716 993 2931 1049 etiamsi
2953 1008 3065 1046 non
3106 990 3303 1045 eodem
3329 987 3494 1042 modo

1916 1097 2192 1171 possideat
2215 1111 2230 1160 ;
2263 1109 2331 1147 ex
2356 1091 2513 1161 cujus
2532 1087 2695 1143 etiam
2720 1083 2966 1140 bonitate
3013 1078 3496 1151 superabundante

1918 1168 1979 1244 iit
2001 1197 2081 1251 ut.
2122 1182 2389 1257 quidquid
2419 1181 2540 1251 ejus
2588 1176 2865 1249 particeps
2896 1182 3001 1239 est,
3030 1173 3084 1226 in
3110 1168 3497 1226 communione

1916 1274 2473 1334 Boniformiexsistat.
2495 1271 2564 1324 Et
2584 1268 2712 1324 alibi
2733 1267 2877 1320 idem
2900 1263 3153 1319 veritatis
3178 1275 3359 1331 praeco
3381 1259 3497 1313 cla-

1918 1380 2050 1433 mat,
2081 1377 2341 1438 praecepta
2382 1365 2507 1435 legis
2530 1360 2739 1432 impleri
2774 1360 2829 1413 in
2857 1359 2947 1421 iis,
2969 1357 3057 1426 qui
3086 1371 3187 1409 non
3213 1353 3499 1407 secundum

1918 1481 2133 1520 carnem
2150 1461 2444 1524 ambulant,
2458 1457 2547 1512 sed
2558 1454 2843 1510 secundum
2854 1451 3100 1520 spiritum
3112 1448 3184 1514 "’,
3197 1447 3300 1501 hoc
3317 1453 3421 1510 est,
3443 1443 3499 1495 in

1919 1557 2116 1628 quibus
2136 1552 2379 1608 actiones
2393 1550 2547 1603 malae
2566 1556 2621 1602 et
2642 1541 3057 1604 seminabostis,
3073 1548 3129 1595 et
3145 1544 3365 1609 peccata
3390 1534 3501 1589 vim

1920 1626 2030 1704 non
2049 1646 2272 1703 habent,
2290 1642 2386 1697 sed
2411 1640 2547 1695 ratio
2562 1638 2686 1694 vitae
2705 1634 3007 1692 secundum
3042 1630 3319 1701 Spiritum,
3339 1626 3393 1680 id
3415 1633 3500 1679 est

1920 1742 2178 1797 virtutem
2199 1746 2254 1791 et
2269 1735 2363 1789 Dei
2380 1733 2639 1788 auxilium
2660 1729 2962 1785 ordinatur.
2976 1723 3133 1791 Quod
3155 1720 3200 1777 si
3216 1735 3346 1775 vero
3360 1731 3504 1788 prae-

1925 1837 2082 1901 cepta
2108 1828 2242 1897 legis
2272 1842 2383 1881 non
2412 1841 2442 1879 a
2472 1821 2848 1893 peccatoribus
2878 1826 2933 1874 et
2961 1814 3120 1887 genio
3177 1808 3507 1881 indulgenti-

1853 1900 1897 1955 Β
1924 1897 2028 1976 ιωέ
2056 1918 2373 1988 implentur,
2406 1913 2504 1969 sed
2535 1928 2565 1966 a
2592 1906 2968 1980 spiritualibus
3012 1913 3066 1958 et
3096 1901 3282 1957 divino
3306 1897 3508 1952 auxilio

1922 2010 2085 2076 nixis,
2118 2006 2391 2078 quomodo
2412 2019 2521 2058 non
2560 2002 2790 2056 horrent
2816 1997 2904 2050 illa
2928 1995 2994 2050 ad
3025 1993 3222 2047 Malum
3271 1988 3512 2045 referre?

1923 2101 2065 2157 Alibi
2095 2101 2240 2155 idem
2270 2097 2545 2151 fervorem
2572 2091 2696 2147 ﬁdei
2721 2104 2857 2151 suae,
2890 2084 3240 2152 studiumque
3266 2079 3511 2135 omnium

1924 2197 2153 2253 salutem
2184 2186 2563 2262 promovendi,
2595 2183 2877 2239 continere
2904 2193 3016 2232 non
3046 2176 3256 2239 valens,
3290 2179 3384 2226 aut
3417 2185 3510 2225 re-

1924 2288 2164 2359 primere
2194 2282 2273 2345 id,
2307 2279 2373 2334 ad
2405 2277 2550 2349 quod
2580 2275 2761 2345 ipsum
2790 2272 3090 2327 vehemens
3114 2280 3270 2320 amor
3289 2276 3511 2334 permo—

1924 2352 2107 2440 vebat,
2138 2372 2383 2429 studium
2419 2366 2631 2423 scilicet
2664 2375 2859 2417 omnes
2890 2359 2959 2413 ad
2989 2356 3269 2411 Christum
3309 2352 3513 2422 perdu-

1927 2467 2110 2532 cendi,
2138 2465 2275 2519 elata
2300 2474 2435 2515 voce
2458 2458 2658 2512 clamat
2684 2471 2697 2507 :
2730 2450 2974 2521 Optarim
2998 2464 3088 2517 ego
3102 2447 3211 2513 ipse
3227 2443 3514 2497 anathema

1884 2589 1899 2596 -
1930 2577 2040 2617 esse
2066 2576 2097 2612 a
2118 2556 2325 2613 Christo
2355 2568 2450 2622 pro
2488 2546 2742 2620 fratribus
2774 2543 2902 2597 meis
2922 2581 2937 2605 ,
2975 2539 3100 2593 mihi
3129 2536 3266 2607 quod
3295 2534 3365 2587 ad
3398 2549 3520 2586 car-

1931 2669 2046 2708 nem
2068 2648 2321 2720 cognatis,
2359 2658 2581 2715 quorum
2607 2647 2727 2693 sunt
2753 2640 3088 2695 testamenta,
3113 2639 3160 2683 et
3180 2626 3446 2698 legislatio
3468 2634 3519 2678 et

1931 2742 2302 2814 promissiones
2327 2747 2373 2791 et
2406 2733 2581 2789 cultus
2610 2730 2678 2795 ⁸⁸,
2728 2728 2861 2793 Quae
2888 2723 3070 2780 omnia
3106 2721 3251 2775 unde
3275 2715 3520 2788 profecta

1933 2843 2044 2899 sint
2070 2848 2125 2894 et
2147 2853 2178 2892 a
2209 2836 2366 2905 cujus
2392 2845 2525 2886 cura
2551 2826 2850 2898 pendeant,
2883 2817 3186 2874 clarissime
3210 2814 3388 2878 docet,
3436 2810 3522 2863 in-

1933 2933 2128 3005 quiens
2154 2945 2172 2983 :
2207 2904 2308 2992 Qui
2334 2932 2407 2979 est
2437 2936 2596 2991 super
2635 2916 2814 2971 omnia
2842 2913 2982 2968 Deus
3014 2907 3311 2963 benedictus
3337 2904 3393 2956 in
3424 2916 3525 2957 sae-

1936 3029 2078 3084 cula.
2111 3025 2279 3079 Amen
2312 3020 2380 3072 ".
2416 3018 2605 3085 Itaque
2627 3011 2744 3078 Dei,
2773 3023 2940 3075 super
2963 3001 3166 3060 °omnia
3190 2994 3525 3058 exsistcntis,

1939 3128 2068 3177 sunt
2095 3125 2151 3173 et
2183 3117 2352 3185 leges,
2386 3117 2442 3165 et
2467 3107 2648 3164 cultus
2675 3111 2730 3159 et
2755 3096 3168 3172 promissiones,
3229 3093 3289 3146 in
3329 3087 3529 3158 quibus

247 3180 362 3201 ‘W’
434 3180 570 3206 υσνὸ
630 3180 797 3207 “NW:
818 3180 950 3205 't'vs
1011 3180 1092 3202 νυ»
1153 3180 1283 3201 *νυ-δ
1342 3180 1463 3187 -ν-ν
1490 3180 1582 3197 ⁷⁷)-
1642 3180 1726 3199 --σ-
1756 3180 1785 3195 .~
1821 3180 1831 3182 ~

247 3239 429 3291 Ὥστε
460 3234 554 3288 τοῦ
584 3234 679 3287 ἐπὶ
703 3232 922 3286 πάντων
944 3228 1080 3282 Θεοῦ
1107 3228 1201 3281 κα)⁹
1230 3227 1288 3280 αἱ
1311 3224 1627 3296 νομοθεσίαι
1659 3222 1753 3276 καὶ
1775 3222 1833 3276 αἱ

1947 3224 2126 3287 patres
2154 3180 2481 3281 placuerunt
2518 3200 2651 3262 Deo,
2686 3206 2742 3252 et
2762 3268 2765 3277 l
2789 3210 2855 3249 ex
2884 3191 3109 3263 quibus,
3140 3184 3285 3256 quod
3324 3181 3391 3236 ad
3422 3180 3530 3234 bu-

245 3331 510 3397 λατρεῖαι
550 3328 643 3379 καὶ
672 3327 730 3379 αἱ
764 3322 1114 3392 ἐπαγγελίαι,
1142 3323 1200 3375 ἐν
1255 3314 1346 3384 αἷς
1392 3320 1442 3372 οἱ
1468 3317 1706 3388 πατέρες
1746 3317 1839 3371 εὐ-

247 3422 575 3495 ηρέστησαν
606 3417 745 3489 Θεῷ,
783 3417 877 3472 καὶ
907 3415 967 3481 ἐξ
990 3408 1064 3468 ὧν
1098 3412 1240 3469 κατὰ
1270 3411 1332 3467 τὸ
1357 3408 1700 3482 ἀνθρώπινον
1748 3408 1843 3463 ἀν-

250 3514 597 3582 εϐλάστησεν
634 3513 662 3564 6
706 3506 963 3580 Χριστος.
993 3508 1104 3563 Καὶ
1134 3508 1192 3560 ὲν
1245 3506 1427 3569 ἄλλοις
1451 3505 1505 3558 δὲ
1536 3504 1694 3574 λόγον
1743 3503 1843 3575 μέν

252 3606 609 3663 ἀδιάπτωτον
637 3602 732 3657 τοῦ
778 3600 915 3654 Θεοῦ
946 3599 1038 3653 τὸν
1091 3599 1391 3653 Μωσαῖκὸν
1449 3597 1613 3667 νόμον
1644 3596 1840 3666 ὑμνεῖο

259 3697 353 3750 Οὐ
376 3694 487 3764 γὰρ
509 3692 876 3757 ἑκπέπτωκε,
906 3687 1094 3760 φησὶν,
1118 3689 1150 3741 ό
1175 3685 1360 3755 λόγος
1388 3684 1495 3738 τοῦ
1517 3682 1686 3737 Θεοῦ.
1710 3680 1847 3752 Περὶ

254 3787 323 3840 δέ
345 3803 412 3855 γε
439 3785 534 3839 τοῦ
566 3781 762 3837 Ἰακὼϐ
789 3782 882 3835 καὶ
926 3778 1021 3832 τοῦ
1057 3778 1231 3831 Ἡσαῦ
1284 3775 1668 3847 διαλαμϐάνων
1711 3774 1845 3844 (60),

255 3883 348 3947 ὡς
378 3881 410 3933 ὁ
416 3875 633 3948 μείζων
653 3874 975 3929 δουλεύσει
992 3869 1072 3935 τῷ
1089 3869 1387 3935 ἐλάττονι,
1430 3864 1714 3938 μονονουχὶ
1757 3864 1851 3917 καὶ

256 3974 394 4035 τοὺς
422 3970 703 4037 πωαιτῆς
727 3967 938 4035 πλάνης
986 3964 1264 4034 ὑπηρέτας
1304 3958 1669 4029 ἐπιστομίζει.
1714 3958 1852 4027 Φησὶ

258 4066 381 4136 γάρ
403 4080 418 4094 ο
450 4062 546 4132 Μὴ
578 4061 803 4131 ,ἀδικία
856 4059 1019 4126 παρὰ
1048 4056 1129 4123 τῷ
1165 4054 1330 4120 Θεῷ;
1359 4051 1445 4122 μὴ
1484 4051 1735 4121 γένοιτο.
1768 4047 1854 4114 Τῷ

260 4159 383 4229 τὰρ
417 4155 622 4212 Μωσεῐ
639 4152 824 4222 λέγει·
857 4150 1144 4216 Ἐλεήσω,
1174 4147 1247 4202 ὃν
1294 4147 1371 4201 ἂν
1395 4143 1566 4210 ἐλεῶ,
1613 4142 1712 4196 καὶ
1767 4143 1852 4195 ol-

260 4248 592 4319 κτειρήσω,
613 4245 684 4300 ὃν
699 4245 777 4298 ἂν
801 4242 1086 4309 οἰκτείρω.
1115 4239 1226 4294 Καὶ
1271 4238 1358 4291 ἵνα
1392 4237 1466 4308 μὴ
1499 4235 1627 4307 δόξῃ
1669 4251 1756 4295 τις
1796 4230 1856 4297 ἐξ

261 4341 496 4400 οἰκείων
524 4340 703 4393 πόνων
731 4337 828 4389 καὶ
864 4332 1104 4403 ἱδρώτων
1140 4331 1309 4403 χωρὶς
1335 4329 1436 4399 τῆς
1480 4327 1688 4381 ἄνωθεν
1732 4342 1859 4378 συν-

264 4432 501 4507 εργείας
525 4430 587 4483 τὸ
616 4430 722 4483 πᾶν
759 4427 998 4481 ἐκτελεῖν
1029 4424 1137 4478 τῶν
1173 4420 1613 4492 κατορθωμάτων
1632 4463 1648 4486 ,
1684 4420 1859 4472 συνεί-

268 4543 361 4598 ρει
375 4541 390 4557 ⁸
414 4526 555 4592 Ἄρα
573 4518 705 4585 οὖν,
719 4519 792 4572 ὃν
812 4516 993 4575 θέλει,
1006 4516 1178 4579 ἐλεεῖ,
1198 4515 1271 4568 ὃν
1291 4512 1471 4576 θέλει,
1500 4512 1855 4579 σκληρύνει.

266 4620 382 4672 Τδν
413 4616 583 4671 αὐτὸν
618 4614 750 4668 Θεὸν
779 4612 876 4665 καὶ
900 4609 995 4663 τοῦ
1023 4609 1206 4672 ἐλέους
1240 4609 1353 4669 τοῖς
1376 4605 1512 4672 πρὸς
1526 4603 1689 4655 αὐτὸν
1716 4601 1857 4673 ὀρῶ-

268 4728 363 4768 σιν
385 4707 704 4778 ὑπάρχοντα
736 4704 945 4775 πηγὴν,
977 4702 1070 4756 καὶ
1088 4699 1196 4753 τῶν
1215 4700 1298 4763 εἰς
1333 4697 1509 4767 ὀφρὺν
1532 4695 1860 4765 ἐπηρμένων

264 4798 646 4867 διελέγχοντα,
694 4795 789 4849 καὶ
816 4790 1253 4854 καταϐάλλοντα,
1304 4786 1364 4840 τὸ
1410 4782 1729 4847 ἀλαζονικὸν
1769 4780 1862 4834 καὶ

268 4890 518 4962 σκληρόν
548 4905 563 4920 ⁸
599 4888 691 4943 τὸν
716 4887 881 4940 αὐτὸν
905 4885 963 4939 δὲ
993 4883 1148 4950 Θεὸν,
1175 4882 1234 4946 ὅς
1259 4882 1376 4934 ἐστι
1407 4877 1597 4948 Πατὴρ
1631 4875 1725 4928 τοῦ
1746 4875 1861 4927 Κυ-

270 4954 584 5056 ρίοοῆμῶν
627 4980 803 5052 Ἰησοῦ
821 4978 1057 5049 Χριστοῦ
1090 4974 1479 5046 φιλάνθρωπον
1528 4969 1623 5025 καὶ
1658 4965 1831 5036 ἀγαθὺ

1968 4954 2289 5016 domesticis
2333 4959 2391 5006 et
2444 4963 2511 5002 ex

1941 3268 2284 3366 manitaiem,
2325 3305 2481 3352 ortus
2509 3300 2593 3349 est
2615 3268 2890 3346 Christus.
2917 3280 3062 3336 Alibi
3102 3276 3395 3333 Mosaicam
3447 3271 3530 3324 le-

1943 3360 2064 3470 gem
2078 3400 2141 3448 ut
2166 3360 2395 3449 verbum
2413 3384 2506 3440 Dei
2520 3397 2632 3436 non
2657 3379 2871 3433 irritum
2889 3371 3151 3429 celebrat.
3170 3365 3350 3436 Neque
3369 3360 3530 3424 enim,

1945 3450 2147 3558 inquit,
2186 3481 2373 3537 cecidit
2401 3476 2614 3532 verbum
2645 3472 2761 3525 Dei.
2796 3469 2941 3524 Idem
2984 3459 3189 3533 aliquid
3229 3456 3298 3511 de
3326 3450 3533 3507 Jacobo

1946 3589 2000 3636 et
2022 3580 2205 3634 Esauo
2220 3586 2518 3641 occupans,
2552 3572 2689 3640 quod
2720 3565 2918 3619 scilicet
2950 3559 3128 3629 major
3169 3552 3391 3609 serviret
3430 3544 3534 3601 mi—

1948 3672 2085 3735 nori,
2121 3664 2322 3724 erroris
2362 3660 2715 3717 administros
2738 3665 2848 3710 tam
2886 3661 3122 3713 veteres,
3154 3659 3320 3716 quam
3342 3653 3536 3695 recens

1949 3768 2191 3821 exortes,
2220 3755 2487 3811 confulat.
2518 3750 2609 3804 Ait
2630 3748 2810 3804 enim:
2834 3744 2973 3799 Num
3003 3737 3270 3810 injustitia
3297 3742 3371 3789 est
3392 3727 3536 3799 apud

1953 3853 2161 3909 Deum?
2204 3847 2392 3902 Absit!
2423 3844 2551 3899 Mosi
2586 3843 2721 3896 enim
2753 3837 2923 3908 inquit
2973 3849 2991 3888 :
3050 3826 3349 3888 Miserebor,
3381 3819 3538 3889 cujus

1954 3943 2256 4005 miserebor,
2280 3947 2329 3993 et
2353 3939 2574 3993 clemens
2595 3949 2703 3997 ero,
2724 3930 2807 3984 cui
2826 3928 3048 3981 clemens
3070 3938 3156 3978 ero
3171 3920 3237 3976 ⁵⁸.
3255 3918 3403 3972 Etne
3418 3911 3541 3983 quis

1953 4041 2209 4112 opinetur
2231 4052 2289 4091 se
2324 4048 2424 4089 suo
2445 4030 2630 4083 labore
2659 4031 2715 4079 et
2744 4020 2948 4076 sudore
2983 4015 3103 4070 sine
3132 4010 3319 4067 divino
3341 4004 3543 4061 auxilio

1954 4099 2226 4203 praecepta
2252 4124 2435 4182 omnia
2462 4119 2728 4192 perﬁcere
2751 4126 2936 4184 posse,
2971 4102 3253 4175 subjungit
3287 4118 3303 4155 :
3334 4099 3545 4167 Itaque,

1957 4188 2109 4294 bujus
2137 4188 2272 4286 butt,
2308 4188 2604 4275 miseretur,
2622 4217 2670 4265 et
2701 4221 2855 4277 quem
2881 4201 3011 4267 vult,
3041 4197 3260 4252 indurat
3287 4193 3354 4245 ⁸⁸.
3386 4188 3547 4243 Eum-

1959 4278 2084 4372 de'm
2115 4315 2300 4382 itaque
2330 4310 2499 4363 Deum
2534 4300 2845 4360 celebrans,
2899 4303 3158 4361 tanquam
3208 4284 3300 4354 qui
3335 4278 3550 4336 miseri-

1960 4408 2162 4465 cordia:
2189 4406 2246 4459 in
2276 4403 2399 4458 illos
2417 4397 2510 4469 qui
2534 4396 2713 4465 ipsum
2758 4386 3073 4458 respiciant,
3124 4379 3246 4434 fons
3302 4373 3547 4434 exsistat,

1963 4501 2326 4573 superborum
2366 4506 2499 4548 vero
2544 4495 2600 4542 et
2655 4484 2924 4538 elatorum
2965 4475 3165 4529 fastum
3205 4482 3269 4523 ac
3298 4461 3548 4532 superci-

1884 4567 2094 4649 I)lium
2157 4588 2425 4659 deprimat
2480 4591 2535 4637 at
2593 4583 2876 4637 coerceat;
2950 4563 3236 4622 eumdem,
3299 4555 3546 4659 inquam,

1958 4684 2152 4745 Deum,
2208 4639 2301 4749 qrui
2344 4639 2430 4730 est
2487 4672 2649 4725 Pater
2689 4659 2906 4718 Domini
2943 4652 3118 4710 nostri
3147 4649 3281 4703 Jesu
3317 4639 3548 4699 Christi,

1958 4748 2241 4832 amantem
2266 4766 2551 4823 hominum
2577 4770 2635 4816 et.
2653 4758 2859 4813 bonum
2878 4748 3184 4807 celebrans,
3220 4748 3548 4802 omnesque,

1961 4878 2023 4923 ut
2047 4863 2150 4936 ipsi
2181 4860 2467 4920 obediant,
2526 4851 2711 4908 nullus
2741 4859 2873 4902 vero
2926 4837 3169 4899 resistat,
3216 4824 3552 4900 argumentis

2560 4937 2877 4998 abscondita
2919 4942 3104 4986 rerum
3150 4918 3554 4996 gubernatione

271 5012 400 5056 ριυυ
429 5012 457 5053 ελ
468 5012 584 5051 μων
645 5012 803 5052 Ιίιυυυ
822 5012 1057 5049 Λγιυιυυ
1091 5012 1446 5046 γυσιυιννγυυινσ
1460 5012 1475 5024 ν
1531 5012 1623 5025 συν--
1659 5012 1693 5023 νυ
1708 5012 1720 5036 ⁸
1736 5012 1796 5020 -ν
1813 5012 1830 5019 τ

271 5074 563 5146 ὰνυμνῶν,
584 5073 681 5128 καὶ
709 5073 1026 5142 πειθαρχεῖν
1068 5069 1167 5141 μὲν
1192 5066 1343 5138 αὐτῷ
1394 5065 1624 5129 πάντας,
1666 5058 1831 5133 μηδέν

1972 5051 2153 5110 ductis
2172 5048 2590 5104 exhortaturus,
2623 5022 2905 5101 subjungit
2937 5042 2951 5077 :
2991 5021 3294 5080 Enimvero,
3326 5030 3355 5066 o
3378 5012 3553 5073 homo,

2497 5136 2508 5146 -
2636 5129 2730 5146 nu
2761 5123 2847 5146 no
2896 5120 3142 5146 ρηηςηηο
3177 5116 3363 5146 nnclng
3402 5118 3553 5146 onm-

272 5167 340 5220 δὲ
370 5164 871 5230 κατεξανίστασθαι
898 5164 988 5218 διὰ
1023 5163 1132 5217 τῶν
1169 5159 1385 5214 οἴκοθεν
1429 5156 1709 5227 λογισμῶν
1766 5154 1834 5225 τῆ

1966 5150 2082 5225 quis
2116 5156 2173 5200 tu
2207 5160 2259 5198 es
2286 5155 2402 5209 resp

273 5259 597 5331 ἀπορρήτου
616 5258 1001 5329 κυόερνήσεως
1017 5254 1183 5311 αὑτοῦ
1199 5250 1453 5324 ἐπιφέρει
1473 5267 1487 5282 ο
1509 5248 1752 5305 Μενοῦν
1772 5263 1860 5317 γε,

271 5344 331 5413 ὦ
360 5348 660 5417 ἄνθρωπε,
696 5347 780 5402 σὺ
830 5348 922 5413 τίς
949 5342 1010 5402 εἷ
1063 5348 1098 5400 ὁ
1158 5342 1752 5411 ἀνταποκρινόμενος
1784 5335 1865 5402 τῷ

2406 5136 2600 5191 ondens
2628 5129 2735 5183 Deo
2760 5123 2847 5176 "‘3
2896 5120 3144 5187 Cumque
3177 5116 3365 5182 postea
3402 5118 3557 5158 eum-

1965 5198 2090 5299 dem
2119 5238 2266 5294 clare
2285 5198 2642 5287 Conditorem
2661 5215 3057 5275 renuntiasset,
3080 5220 3186 5261 nec
3201 5198 3554 5258 Conditorem

1964 5333 2163 5397 solum,
2200 5326 2297 5382 sed
2327 5318 2643 5392 etjudicem
2667 5308 3001 5368 absolutum,
3033 5308 3089 5355 et
3136 5294 3231 5369 qui
3263 5286 3558 5356 unicuique

1375 5669 1610 5728 VARUE
1650 5662 2035 5724 LECTIONES
2097 5659 2183 5714 ET
2224 5650 2460 5712 NOTAE.

357 5774 475 5857 (5p)
490 5767 945 5857 .ZAraooetooﬁc.
968 5766 1048 5822 Ita
1076 5765 1196 5836 lego
1223 5780 1322 5835 pro
1348 5713 1834 5834 {7505;551:333

1982 5768 2129 5817 nem,
2157 5765 2277 5821 qua:
2307 5744 2423 5801 ﬁeri
2457 5746 2690 5813 poterat.
2726 5732 2877 5788 Hanc
2913 5726 3059 5783 enim
3089 5719 3241 5777 verbi
3268 5715 3425 5799 istius
3451 5713 3557 5769 hoc

1977 5826 2099 5857 'Ann
2141 5818 2421 5857 nnlinnpm
2456 5826 2578 5857 esse
2615 5818 2837 5857 censeo.
2863 5798 3066 5854 Confer
3126 5788 3403 5846 ιηωὺοιιι
3451 5785 3556 5841 808

285 5842 979 5989 ⁴Ξ8ι(ἔθ’)ῃιῗιαλαιμὁίίνων,
1014 5926 1293 5981 occupans.
1323 5905 1543 5965 Scilicet
1586 5900 1863 5977 exceptio-

1977 5785 2423 5880 i3:3"ﬁ’éiibﬁ'€n{
2456 5785 2837 5880 gsse_censeo.
2863 5798 3066 5880 confer
3126 5787 3403 5880 Lamcbterti
3451 5785 3556 5841 Bos

1976 5859 2554 5953 :‘i’n’iirtald’ve‘rsionesad
2577 5877 2873 5944 Scriptores
2902 5870 3129 5931 Crazcos,
3168 5877 3220 5933 p.
3251 5859 3341 5917 86.
