3886 6486
405 424 507 490 159

1536 428 1801 492 ΡΗΟΤΙΙ
1846 426 2356 490 ΡΑΤΒΙΑΒΟΗέΕ
2393 427 2504 491 CP.

3574 419 3683 485 160

398 543 478 610 id,
516 538 665 612 quod
702 537 966 610 judicium
996 537 1176 608 aﬂ‘ert,
1226 540 1471 613 irrogare
1499 544 1695 613 possit,
1741 541 1995 598 eumdem

2117 538 2266 607 9εῷ;
2298 536 2434 595 Εἶτα
2467 538 2659 593 τοῦτον
2702 537 2949 609 πλάστην
2997 538 3268 609 λαμπρῶς
3318 535 3676 609 ἀνακράζων,

404 633 481 689 ait
509 631 588 686 ira
612 630 743 686 ferri
775 629 831 685 in
856 646 1003 698 vasa,
1038 631 1095 685 in
1125 632 1353 688 exitium
1378 642 1587 704 parata,
1626 633 1844 689 divitias
1888 649 1990 688 au-

409 734 516 779 tem
538 722 721 793 gloriae
772 738 886 777 sua).
916 720 1141 795 largiter
1176 723 1462 795 impertire
1505 724 1614 781 illis
1655 725 1747 795 qui
1777 725 1995 781 miseri-

405 815 594 871 cordia
621 829 722 870 sua
746 813 895 885 digni
922 812 1053 870 sint.
1084 815 1262 885 Atque
1293 815 1457 886 hujus
1483 816 1649 871 etiam
1679 831 1791 872 non
1820 815 1993 888 parti-

406 906 559 978 cipes
581 905 755 960 factos
776 920 897 960 esse
926 905 1168 971 nuntiat,
1192 915 1529 978 praeparatos
1555 907 1768 962 scilicet
1790 915 1847 963 et
1869 916 1996 963 ante

406 1004 628 1053 vocatos
641 995 707 1050 ad
724 995 1040 1065 fruitionem
1057 996 1352 1064 bonorum,
1367 1005 1621 1068 tanquam
1639 998 1733 1068 qui
1757 998 2000 1054 credide-

411 1087 519 1141 rint
539 1087 595 1141 in
614 1085 903 1145 Dominum
922 1096 1173 1143 nostrum
1184 1086 1375 1145 Jesum
1394 1088 1847 1145 Christum.Alibi
1864 1105 1998 1146 vero

408 1178 611 1235 iterum
635 1179 908 1247 scribens,
923 1179 1069 1250 quod
1091 1195 1282 1236 verum
1302 1181 1471 1237 Deum
1491 1182 1676 1254 gratiae
1691 1197 1803 1238 suae
1818 1182 1999 1253 paeni-

411 1280 527 1325 tere
543 1286 652 1325 non
672 1270 866 1342 possit,
883 1277 941 1326 et
963 1271 1110 1342 quod
1131 1271 1251 1342 ejus
1274 1270 1446 1328 fuerit
1466 1274 1703 1344 populus
1737 1273 1999 1330 israeliti-

411 1374 533 1425 cus,
554 1370 611 1416 et
626 1361 733 1427 lex,
755 1369 813 1416 et
830 1368 1123 1432 praecepta,
1154 1370 1211 1418 et
1243 1363 1389 1433 quod
1425 1378 1534 1419 non
1568 1378 1763 1420 omnes
1776 1371 2004 1435 propter

414 1452 901 1522 transgressionem
927 1468 959 1507 a
978 1452 1212 1511 ﬁliorum
1230 1454 1355 1525 jure
1383 1454 1696 1521 removerit,
1720 1452 1799 1511 ait
1822 1455 2001 1510 :Num

414 1543 607 1612 repulit
647 1544 783 1599 Deus
814 1544 1065 1616 populum
1089 1563 1264 1608 suum.
1300 1564 1455 1617 quem
1491 1548 1841 1619 pra'cognovit
1870 1546 1995 1602 δ’*ἳ

414 1633 885 1707 Perspicuumque
914 1635 1143 1704 faciens,
1163 1654 1325 1708 quem
1360 1639 1536 1694 Deum
1584 1639 1751 1702 dicat,
1775 1648 1832 1695 et
1853 1641 2001 1696 unde

419 1724 555 1781 ﬁdes
574 1724 678 1799 liat
707 1728 856 1798 quod
884 1728 1144 1798 populum
1172 1745 1331 1785 suum
1362 1745 1471 1785 non
1506 1730 1786 1802 repulcrit,
1810 1732 2000 1788 addit:

419 1814 565 1872 Nam
605 1827 653 1873 et
679 1820 789 1889 ipse
823 1836 917 1892 ego
950 1818 1174 1875 Iraelita
1192 1837 1408 1886 sum,”
1428 1822 1625 1876 semine
1651 1823 1929 1890 Abraami,
1954 1831 2003 1878 et

420 1910 561 1963 tribu
588 1910 917 1982 Benjaminis
937 1913 1005 1969 ⁵³.
1038 1913 1225 1983 Itaque
1245 1915 1338 1985 qui
1375 1930 1483 1971 non
1517 1915 1718 1986 repulit
1744 1915 1993 1985 Paulum,

419 2001 513 2056 sed
539 2017 666 2058 eum
716 2004 935 2063 vocavit
983 2004 1041 2060 in
1109 2006 1457 2071 electionem,
1482 2006 1624 2063 idem
1663 2016 1769 2071 est,
1797 2008 1892 2079 qui
1944 2017 2000 2065 et

420 2090 694 2158 lsraeiem,
729 2095 990 2166 populum
1016 2112 1201 2163 suum,
1230 2097 1287 2152 in
1330 2098 1475 2154 idem
1514 2099 1720 2169 posuit,
1762 2115 2002 2171 eumque

419 2197 531 2237 non
555 2184 772 2253 repulit,
801 2185 900 2241 sed
934 2200 1035 2256 per
1059 2186 1222 2241 ﬁdem
1274 2186 1328 2241 in
1359 2186 1642 2243 Christum
1682 2187 1928 2258 perfecit.

2093 632 2189 686 κού⁵
2224 633 2286 687 οὐ
2315 631 2566 703 πλάστην
2584 630 2919 702 μόνον,ἀλλά
2942 628 3040 687 καὶ
3070 631 3266 702 κριτὴν
3301 629 3681 697 αὐτεξούσιον,

2095 725 2190 780 καὶ
2216 722 2313 778 τοῦ
2340 722 2617 794 διανέμειν
2646 722 2865 792 ἑκάστῳ
2888 721 3026 793 (61),
3059 721 3127 775 ἂν
3158 720 3193 793 ἡ
3221 721 3410 792 κρίσις
3451 722 3680 793 ῆνεγκε,

2094 812 2385 885 δεσπότην,
2409 814 2510 883 τὴν
2542 811 2642 883 μὲν
2673 811 2845 883 ὀργὴν
2870 811 3057 882 φέρειν
3094 812 3431 881 ἐκδιδάσκει,
3478 814 3575 868 ἐπὶ
3612 815 3685 870 τά

2100 906 2270 978 σκεύη
2291 906 2359 961 τὰ
2385 906 2802 977 κατηρτισμένα
2825 906 2907 969 είς
2937 903 3215 960 ἀπώλειαν
3232 918 3250 938 ο
3276 904 3370 959 τὸν
3421 905 3480 960 δὲ
3517 906 3686 961 πλοῦ-

2096 1017 2191 1055 τον
2219 1000 2318 1070 τῆς
2343 998 2502 1069 δόξης
2528 997 2698 1053 αὐτοῦ
2724 999 2838 1062 τοῖς
2867 996 2963 1051 τοῦ
2988 996 3176 1060 ἀλέους
3192 996 3684 1067 ἐπιδαψιλεύεσθαι

2100 1093 2292 1161 ἀξίοις.
2324 1085 2400 1147 Ub
2425 1092 2520 1145 καὶ
2540 1092 2688 1163 ἡμᾶς
2737 1088 3006 1160 μετόχους
3062 1086 3479 1157 εὐαγγελίζεται
3530 1086 3681 1161 εἶναι

2102 1186 2199 1241 ἅτε
2229 1184 2296 1256 δὴ
2323 1182 2877 1256 προητοιμασμένους
2924 1181 3022 1236 καὶ
3063 1179 3546 1252 προκεκλημένους
3600 1180 3689 1248 είς

2101 1277 2201 1350 τὴν
2231 1278 2538 1332 ἀπόλαυσιν
2568 1272 2679 1329 τῶν
2701 1273 2947 1343 ἀγαθῶν,
2970 1274 3099 1338 τοὺς
3129 1274 3568 1338 πεπιστευκότας
3601 1273 3692 1336 είς

2073 1370 2193 1444 ,τὸν
2233 1367 2442 1440 Κύριον
2488 1366 2648 1439 ⁴ἡμῶν
2698 1364 2911 1439 Ἰησοῦν
2950 1365 3209 1437 Χριστόν.
3264 1364 3354 1420 Ἔν
3386 1364 3571 1428 ἄλλοις
3627 1361 3692 1417 δὲ

2102 1458 2264 1512 πάλιν
2287 1455 2710 1528 ἀμεταμέλητον
2740 1455 2901 1526 χάριν
2930 1454 3264 1524 ἀναγράφων
3293 1453 3391 1508 τοῦ
3415 1450 3687 1524 ἀληθινοῦ

2100 1549 2258 1615 Θεοῦ,
2284 1549 2376 1603 καὶ
2398 1548 2480 1602 ὅτι
2514 1548 2726 1601 ἐκείνου
2759 1543 2830 1620 ἦν
2858 1547 2888 1599 ὁ
2930 1545 3274 1619 ἰσραηλίτης
3315 1545 3465 1611 λαὸς,
3511 1545 3611 1598 καὶ
3652 1543 3689 1612 ή

2102 1640 2416 1712 νομοθεσία,
2453 1642 2548 1695 καὶ
2574 1638 2644 1694 τὰ
2681 1637 3103 1710 προστάγματα,
3151 1636 3248 1690 καὶ
3288 1636 3372 1690 ὅτι
3423 1634 3499 1707 μὴ
3542 1634 3691 1690 πάν-

2098 1751 2190 1798 τες
2227 1733 2316 1787 διὰ
2374 1733 2473 1803 τὴν
2515 1730 2673 1784 ἐνίων
2735 1727 3047 1801 παράῦασιν
3098 1727 3199 1796 τῆς
3257 1724 3530 1787 υἱοθεσίας
3597 1722 3692 1787 ἐξ·

2105 1821 2362 1895 εκήρυξε,
2388 1821 2552 1894 φησίν
2573 1837 2589 1852 ο
2617 1819 2714 1887 Μὴ
2747 1817 3032 1876 ἀπώσατο
3053 1820 3087 1872 ὁ
3105 1817 3244 1883 Θεὸς
3272 1817 3381 1871 τὸν
3399 1813 3555 1870 λαὸν
3574 1813 3691 1866 αὐ-

2105 1915 2236 1983 τοῦ,
2261 1913 2335 1968 ὃν
2364 1912 2670 1984 προέγνω;
2705 1910 2814 1965 Καὶ
2859 1909 3073 1972 δεικνὺς
3101 1907 3348 1980 ἐναργῶς
3390 1896 3513 1960 τίνα
3552 1903 3692 1957 Θεὸν

2108 2006 2281 2075 λέγει,
2307 2007 2401 2058 καὶ
2427 2002 2644 2074 πόθενή
2670 2002 2877 2068 πίστις,
2895 2001 2977 2055 ὅτι
2998 2000 3092 2054 τὸν
3117 1999 3245 2053 λαὸν
3273 1995 3443 2053 αὐτοῦ
3482 1995 3561 2067 μὴ
3584 1996 3694 2048 ἁπ-

2086 2094 2310 2150 .ὠσατο.
2341 2094 2454 2150 Καὶ
2499 2092 2610 2163 γὰρ
2656 2092 2793 2162 ἐγὼ,
2830 2090 3407 2162 φησὶν,ἰσραηλίτης
3458 2087 3576 2156 είμί
3618 2086 3693 2139 ἐκ

2112 2187 2458 2258 σπέρματος
2495 2183 2773 2255 Ἀϐραὰμ,
2796 2182 3000 2255 φυλῆς
3020 2181 3321 2253 Βενιαμίν.
3374 2180 3535 2235 Ὥστε
3556 2180 3585 2233 ὁ
3611 2175 3693 2249 μὴ

419 2274 784 2346 ἀπωσάμενος
810 2277 1043 2344 Παῦλον,
1078 2277 1215 2333 ἀλλά
1243 2277 1481 2343 καλέσας
1502 2279 1681 2347 ,αὐτὸν
1718 2281 1801 2345 είς
1841 2282 2094 2356 ἐκλογὴν,
2127 2275 2285 2344 οὗτός
2308 2281 2458 2332 ἐστιν
2492 2278 2635 2331 ὁκαὶ
2663 2276 2785 2330 κτὸν
2859 2273 3075 2345 Ἰσραὴλ
3130 2270 3482 2341 λαδνξαὺτοῦ
3520 2271 3692 2344 θέμε-

419 2383 531 2431 νος,
558 2367 654 2420 καὶ
700 2367 776 2439 μὴ
806 2367 1173 2441 ἀπωσάμενος
1208 2369 1419 2438 τοῦτον,
1451 2369 1589 2425 ἀλλὰ
1634 2371 1724 2427 διὰ
1763 2374 1863 2446 τῆς
1916 2377 2155 2440 πίστεως
2194 2373 2298 2446 ,τῆς
2330 2373 2410 2435 είς
2440 2369 2675 2443 Χριστὸν
2689 2367 2985 2431 τελειώσας
3016 2366 3233 2430 αὐτούς.

494 2456 610 2512 XV.
641 2457 781 2514 Alibi
817 2459 1064 2530 ejusdem
1091 2460 1188 2518 Dei
1230 2469 1287 2517 et
1321 2469 1481 2517 vetus
1508 2470 1564 2518 et
1593 2477 1796 2519 novum
1844 2473 2012 2523 testa-

423 2555 668 2603 mentum
700 2563 820 2604 esse
841 2551 1207 2621 proclamans,
1241 2551 1316 2607 ita
1376 2561 1439 2608 ut
1479 2551 1587 2608 hoc
1619 2562 1881 2625 tanquam
1940 2573 2008 2614 ex

424 2639 572 2695 illius
596 2639 780 2695 radice
807 2643 1246 2712 progerminarit,
1277 2651 1581 2715 utrumque
1609 2661 1750 2707 vero~
1798 2648 2008 2704 sancti-

428 2727 553 2785 tatis
569 2728 642 2783 sit
665 2728 955 2800 particeps,
981 2730 1060 2786 ait
1085 2750 1098 2787 :
1114 2730 1174 2786 Si
1194 2748 1315 2787 vero
1334 2735 1587 2805 primitite
1603 2746 1825 2802 sancta’,
1847 2738 2009 2793 etiam

427 2832 605 2870 massa
627 2817 726 2871 erit
754 2834 768 2871 :
800 2825 848 2872 et
869 2819 916 2872 si
942 2819 1101 2874 radix
1143 2829 1355 2889 sancta,
1386 2824 1550 2879 etiam
1613 2826 1754 2880 rami
1781 2826 1850 2881 ⁵⁸.
1882 2826 1950 2882 Et
1991 2843 2007 2880 :

425 2904 549 2960 Non
573 2915 630 2960 tu
648 2907 881 2963 radicem
907 2908 1141 2980 fers,sed
1160 2912 1318 2967 radix
1339 2921 1388 2968 te
1404 2915 1471 2984 ";
1493 2913 1621 2970 item
1644 2935 1657 2969 :
1676 2915 1736 2971 Si
1758 2916 1895 2972 Deus
1919 2934 2011 2972 ra-

429 2997 549 3062 mis,
572 3005 769 3052 natura
820 2999 1036 3067 talibus,
1064 3018 1167 3057 non
1202 3006 1433 3075 pepercit
1471 3006 1813 3076 (ceciderunt
1864 3008 2013 3064 enim

429 3088 675 3145 membra
710 3087 881 3146 Deum
914 3092 1241 3150 tentan'tinm
1266 3096 1321 3150 in
1350 3097 1590 3164 deserto,
1631 3108 1687 3153 et
1720 3114 1845 3155 reos
1904 3099 2013 3155 cri-

429 3180 595 3236 minis
624 3181 807 3237 multa:
839 3196 1234 3253 oppresserunt
1254 3188 1477 3260 pinnae),
1516 3206 1642 3245 cave
1663 3206 1727 3245 ne
1753 3190 1893 3246 idem
1918 3208 2011 3247 nec
2035 3164 2080 3226 θ’

2159 2467 2280 2520 .ΙΕ’.
2315 2464 2485 2519 Πάλιν
2521 2462 2580 2517 δὲ
2625 2460 2720 2515 τοῦ
2754 2460 2875 2524 ἐνὸς
2902 2458 3040 2513 Θεοῦ
3081 2459 3182 2530 τήν
3207 2474 3269 2512 τε
3322 2456 3566 2512 Παλαιὰν
3594 2453 3687 2511 καὶ

2104 2558 2206 2630 τὴν
2235 2554 2442 2628 Καινὴν
2472 2552 2889 2632 ἀνακηρύττων,
2919 2551 3015 2605 καὶ
3064 2548 3141 2613 ὡς
3190 2551 3255 2604 ὲκ
3287 2547 3446 2621 ῥίζης
3472 2548 3689 2620 ἐκείνης

2104 2648 2306 2721 ταύτην
2328 2646 2609 2722 προελθεῖν
2647 2645 2744 2700 καὶ
2761 2644 3050 2713 ἁγιότητος
3072 2643 3345 2713 ἑκατέραν
3372 2643 3692 2711 μετασχεῖν,

2104 2737 2250 2792 οὕτω
2275 2736 2441 2808 φησίν
2460 2748 2476 2763 ·
2497 2738 2566 2791 El
2587 2734 2655 2789 δὲ
2675 2735 2714 2803 ἡ
2737 2732 2981 2804 ἀπαρχὴ
3006 2732 3166 2801 ἁγία,
3194 2732 3295 2790 καί
3332 2733 3398 2786 τὸ
3425 2733 3693 2803 φύραμα·

2112 2831 2211 2886 καὶ
2238 2832 2294 2885 εὶ
2319 2831 2358 2898 ἠ
2371 2828 2505 2899 ῥίζα
2523 2828 2682 2899 ἁγία,
2710 2827 2811 2881 καί
2836 2829 2891 2881 οί
2913 2825 3126 2880 κλάδοι
3147 2840 3162 2855 ο
3194 2825 3290 2879 καί
3311 2840 3329 2857 ο
3356 2826 3439 2879 Οὐ
3464 2823 3549 2879 σὺ
3577 2822 3700 2892 τὴν

2106 2921 2280 2994 ῥίζαν
2300 2919 2651 2988 βαστάζεις,
2685 2919 2824 2975 ἀλλ’
2849 2919 2888 2987 ἡ
2912 2914 3044 2987 ῥίζα
3076 2916 3151 2970 σέ
3170 2932 3185 2947 ο
3221 2914 3351 2970 καί·
3377 2916 3450 2969 El
3478 2917 3512 2969 ὁ
3549 2916 3699 2982 Θεὸς

2114 3015 2235 3072 τῶν
2295 3013 2448 3070 κατὰ
2497 3014 2687 3084 φύσιν
2719 3010 2961 3066 κλάδων
3006 3012 3120 3065 οὐκ
3156 3009 3441 3080 ἐφείσατο
3495 3008 3703 3079 (ἔπεσε

2117 3109 2226 3178 γὰρ
2254 3105 2364 3161 τῶν
2400 3102 2950 3176 ὲκπειρασάντιςντά
2981 3100 3131 3155 κῶλα
3162 3101 3220 3153 ὲν
3242 3102 3311 3172 τῇ
3345 3101 3560 3172 ἐρήμῳ,
3601 3098 3703 3151 καὶ

2114 3197 2286 3252 πολλά
2316 3195 2452 3250 ἀλλα
2495 3191 2729 3267 μετῆλθε
2758 3192 2908 3264 πάθη
2946 3193 3077 3255 τοὺς
3109 3191 3453 3262 ὑπαιτίους),
3483 3188 3704 3260 μήπως

433 3273 528 3327 tibi
577 3286 785 3344 parcat,
835 3291 1003 3346 seque
1040 3293 1145 3331 non
1181 3276 1350 3332 alium
1382 3277 1502 3343 tibi,
1552 3278 1721 3333 alium
1753 3279 1880 3348 illis,
1914 3281 2012 3337 sed

2117 3294 2149 3346 ό
2174 3290 2359 3356 αὐτὸς
2380 3286 2524 3343 οὐδὲ
2542 3287 2659 3341 σοῦ
2679 3286 2983 3357 φείσηται,
3007 3284 3107 3339 οὐκ
3131 3284 3289 3348 ἄλλος
3320 3283 3422 3355 μὲν
3451 3280 3704 3342 ἐκείνων,

431 3369 682 3425 eumdem
718 3385 966 3440 prorsus,
993 3369 1262 3426 exhibeat.
1293 3367 1359 3424 Et
1385 3369 1620 3424 iterum:
1663 3368 1793 3426 Vide
1832 3361 2012 3443 itaque

2117 3379 2275 3445 ἄλλος
2306 3380 2366 3433 δὲ
2411 3375 2506 3433 σοῦ
2531 3417 2546 3444 ,
2579 3376 2696 3430 ἀλλ’
2743 3376 2773 3429 ὁ
2801 3375 2986 3439 αὐτός.
3034 3374 3145 3429 Καὶ
3186 3373 3348 3430 πάλιν
3371 3386 3391 3404 ⁸
3422 3371 3547 3429 Ἴδε
3587 3366 3710 3427 οὖν

434 3461 808 3534 benignitatem
844 3472 893 3518 et
917 3463 1292 3519 severitatem!
1320 3461 1492 3533 Cujus
1522 3464 1740 3519 autem?
1767 3463 1974 3520 Christi
1998 3504 2012 3531 ,

2118 3471 2500 3547 χρηστότητα
2527 3469 2626 3525 καί
2662 3468 3021 3539 ἀποτομίαν.
3064 3467 3256 3534 Τίνοςς
3289 3463 3563 3536 Χριστοῦ,
3602 3464 3711 3517 ἐπὶ

435 3554 769 3607 severitatem
800 3553 1010 3625 quidem
1058 3554 1115 3606 in
1156 3552 1351 3624 lapsos,
1383 3555 1439 3609 in
1484 3563 1532 3608 te
1552 3571 1673 3611 vero
1719 3555 2012 3626 benignita-

2117 3560 2232 3633 μὲν
2271 3559 2414 3626 τοὺς
2466 3559 2765 3622 πεσόντας
2806 3554 3163 3626 ἀποτομίαν,
3202 3553 3303 3608 ἐπὶ
3332 3552 3403 3607 δὲ
3444 3552 3522 3607 σὲ
3550 3569 3708 3622 χρη-

439 3655 541 3701 tem
562 3647 629 3700 “.
653 3645 792 3715 Quid
810 3662 940 3703 vero
966 3646 1066 3703 sibi
1096 3647 1287 3704 volunt
1306 3647 1582 3719 primitiae,
1613 3657 1670 3704 et
1731 3663 1932 3716 massa,
1964 3656 2012 3704 et

2121 3654 2402 3722 στότητα.
2444 3651 2510 3705 Τί
2537 3650 2583 3704 δ’
2610 3650 2678 3705 ἂν
2709 3648 2986 3720 βούλοιντο
3019 3649 3051 3716 ἠ
3083 3645 3346 3718 ἀπαρχὴ,
3389 3643 3483 3698 καὶ
3509 3643 3573 3696 τὺ
3599 3642 3710 3713 cpti-

439 3739 618 3806 radix,
653 3749 711 3795 et
759 3740 917 3808 rami,
946 3749 1001 3797 et
1051 3751 1246 3812 sponte
1301 3739 1438 3808 nati,
1469 3748 1525 3796 et
1560 3755 1659 3812 per
1701 3738 2012 3797 insitionem

2127 3760 2298 3822 ραμα,
2330 3741 2427 3796 καὶ
2449 3742 2484 3814 ἡ
2517 3740 2664 3815 ρίξα,
2706 3738 2802 3794 καὶ
2836 3740 2885 3792 οί
2921 3737 3130 3804 κλάδοι,
3172 3737 3266 3790 καὶ
3293 3738 3344 3790 οί
3377 3735 3709 3803 αὐτοφυεῖς,

439 3831 597 3898 tales,
636 3832 746 3889 nisi
798 3833 946 3904 quod
995 3832 1434 3890 convenientiam
1488 3842 1545 3888 et
1584 3831 1925 3899 afﬁnitatem,
1965 3841 2024 3888 et

441 3923 709 3995 originem
751 3923 821 3979 ab
854 3921 1048 3997 eodem
1079 3924 1390 3995 legislature
1418 3924 1798 3991 derivandam,
1834 3925 2024 3981 claris-

396 4000 399 4004 ’
443 4015 582 4071 sima
613 4030 746 4071 voce
771 4015 1090 4073 inculcant?
1112 4017 1206 4071 Ait
1224 4031 1356 4073 vero
1383 4016 1584 4072 iterum
1604 4017 1673 4073 de
1707 4017 1814 4072 illis
1849 4017 2027 4073 Israe—

442 4105 575 4171 litis,
607 4106 698 4175 qui
756 4107 825 4162 ad
881 4106 1087 4163 Christi
1141 4107 1301 4165 tidem
1358 4098 1605 4165 nondum
1639 4110 2024 4165 accesserint:

447 4195 748 4252 Secundum
771 4197 1119 4269 Evangelium
1158 4200 1374 4271 quidem
1417 4201 1621 4255 inimici
1648 4211 1772 4256 sunt
1812 4209 2030 4272 propter

447 4289 856 4353 nos,secundum
872 4288 1173 4344 electionem
1188 4306 1309 4344 vero
1331 4289 1508 4344 dilecti
1524 4301 1739 4361 propter
1767 4300 1945 4362 patres
1961 4291 2028 4345 ".

449 4377 529 4434 lbi
559 4393 690 4437 sane
715 4393 812 4436 eos
872 4378 1101 4437 dilectos
1154 4381 1530 4438 declaraturus
1564 4383 1907 4439 vocationem
1937 4382 2031 4438 Dei

2123 3835 2221 3890 καὶ
2248 3835 2298 3889 oi
2334 3834 2402 3888 δι’
2432 3831 2859 3905 ὲγκεντρίσεως,
2892 3832 2940 3884 εί
2978 3830 3053 3903 μὴ
3090 3830 3188 3899 τὴν
3224 3825 3584 3898 ἀλληλουχίαν
3613 3826 3715 3879 καὶ

2128 3927 2449 3996 συγγένειαν
2470 3965 2488 3994 ,
2529 3925 2623 3980 καὶ
2659 3924 2743 3978 ὅτι
2783 3922 2888 3992 τοῦ,
2918 3920 3086 3976 αὑτοῦ
3126 3919 3421 3993 νομοθέτου
3446 3958 3464 3986 ,
3504 3920 3717 3988 φωναῖς

2126 4018 2379 4090 δηλοῦσιν
2428 4015 2888 4090 ὲναργεστάταις;
2926 4014 3065 4087 Φησὶ
3113 4012 3172 4067 δὲ
3218 4012 3385 4066 πάλιν
3428 4010 3561 4082 περὶ
3602 4008 3718 4063 τῶν

2127 4110 2281 4165 οὔπω
2307 4112 2375 4183 τῇ
2414 4110 2598 4163 πίστει
2627 4105 2867 4181 Χριστοῦ
2895 4104 3460 4177 προσδεδραμηκὸτων
3500 4101 3721 4171 Ἰσραη-

2128 4200 2314 4255 λιτῶνθ
2353 4198 2516 4256 Κατὰ
2537 4198 2655 4266 μὲν
2692 4195 2761 4252 τὸ
2783 4192 3154 4265 Εὐαγγέλιον
3180 4192 3381 4263 ἐχθροί
3427 4190 3504 4246 δι’
3526 4188 3716 4260 ἡμᾶς,

2132 4291 2283 4347 κατὰ
2330 4288 2400 4344 δὲ
2452 4286 2718 4357 ἐκλογὴν
2765 4285 3061 4355 ἀγαπητοὶ
3110 4283 3209 4338 διὰ
3248 4282 3393 4350 τοὺς
3426 4282 3717 4350 πατέρας.

2136 4382 2301 4436 Ὅθεν
2351 4378 2528 4451 δηλῶν
2578 4377 2661 4431 δτι
2692 4375 3002 4448 ἀγαπητοὶ,
3047 4374 3110 4429 τὸ
3149 4374 3566 4446 ἀμεταμέλητον
3603 4373 3722 4427 τῶν

402 4540 407 4545 .
449 4464 737 4539 memorat,
786 4488 951 4543 quem
1003 4474 1269 4531 donorum
1309 4490 1536 4530 suorum
1595 4474 1863 4546 pmnitere
1918 4491 2012 4530 nor

2140 4472 2496 4549 χαρισμάτων
2558 4470 2653 4524 καὶ
2712 4468 2811 4540 τὴν
2868 4466 3061 4538 κλῆσιν
3117 4466 3359 4538 παράγει
3403 4466 3499 4521 τοῦ
3554 4467 3717 4523 Θεοῦ.

449 4563 644 4633 possit.
668 4563 939 4618 Bonorum
960 4565 1097 4618 enim
1124 4574 1406 4624 suorumet
1425 4566 1715 4619 vocationis
1737 4563 1902 4620 Deum
1924 4580 2034 4635 pa:-

450 4653 618 4709 nitere
644 4646 746 4713 non
766 4664 932 4724 potest
956 4653 1026 4709 ".
1046 4653 1110 4709 Et
1134 4673 1147 4709 :
1177 4654 1306 4720 Qua:
1328 4663 1450 4709 ante
1479 4657 1675 4726 scripta
1698 4664 1840 4721 sunt,
1868 4656 1926 4710 in
1946 4673 2036 4711 ve-

448 4756 615 4802 stram
632 4747 927 4814 dogtrinam
944 4748 1144 4817 scripta
1164 4757 1305 4802 sunt.
1335 4747 1483 4802 Cur?
1506 4755 1565 4801 ut
1586 4764 1681 4819 per
1712 4748 2034 4818 patientiam

451 4846 501 4892 et
524 4839 932 4895 consolationem
958 4836 1379 4909 Scripturarum,
1413 4839 1515 4894 sub
1541 4839 1744 4910 quibus
1769 4850 1927 4894 vetus
1948 4839 2035 4893 in-

454 4929 712 5001 telligitur
756 4937 1166 4999 testamentum,
1209 4947 1356 5001 spem
1399 4930 1689 4985 habeamus
1711 4932 1779 4985 ⁸⁸.
1826 4929 2036 4986 Deinde

452 5036 643 5076 verum
684 5020 856 5075 Deum
886 5021 1159 5092 patientiae
1193 5031 1249 5077 et
1279 5021 1668 5078 consolationis
1715 5022 1884 5078 Deum
1916 5038 2038 5078 esse

455 5112 878 5176 confirmaturus
906 5115 1084 5186 (absit
1112 5116 1281 5182 enim,
1314 5124 1375 5171 ut
1404 5115 1546 5171 servi
1573 5115 1697 5171 Mali
1724 5117 1861 5172 adeo
1888 5117 2038 5171 insa~

456 5206 633 5271 niant,
692 5216 752 5261 ut
778 5207 989 5262 hostem
1020 5205 1193 5262 Deum
1221 5206 1614 5262 consolationis
1645 5215 1699 5260 et
1759 5207 2038 5277 patientiae

459 5297 776 5368 appellent),
808 5298 957 5354 addit
980 5317 994 5354 :
1026 5297 1166 5353 Deus
1188 5315 1308 5353 vero
1335 5298 1607 5367 patientia:
1628 5306 1676 5352 et
1706 5296 2038 5355 consolatio—

460 5386 541 5445 nis
561 5386 644 5439 det
664 5387 826 5454 vobis,
849 5399 905 5442 ut
947 5390 1085 5446 idem
1136 5393 1276 5445 inter
1331 5408 1419 5446 vos
1457 5393 1722 5459 sentiatis,
1754 5394 2040 5448 secundum

462 5474 731 5539 Christum
773 5477 977 5548 Jesum,
1008 5491 1066 5535 ut
1113 5496 1218 5536 uno
1242 5483 1423 5537 animo
1463 5492 1514 5539 et
1559 5500 1663 5540 uno
1682 5501 1773 5540 ore
1813 5484 2042 5556 laudetis

2143 4564 2587 4639 Ἀμεταμέλητα
2637 4560 2783 4632 γὰρ,
2828 4558 2986 4631 φησὶ,
3033 4563 3107 4612 τὰ
3149 4559 3494 4629 χαρίσματα
3532 4558 3635 4613 καί
3680 4561 3722 4628 ἡ

2131 4661 2357 4731 κλῆσις
2376 4656 2484 4712 τοῦ
2508 4652 2677 4709 Θεοῦ.
2721 4650 2839 4706 Καί·
2856 4667 2870 4682 ’
2905 4649 3463 4721 Ὅσαπροεγράφη,
3486 4651 3575 4716 είς
3605 4650 3726 4718 τὴν

2086 4734 2095 4745 ³
2131 4750 2426 4824 ἡμετέραν
2448 4744 2853 4801 διδασκαλίαν
2875 4740 3221 4813 προεγράφη
3242 4758 3255 4772 ⁸
3282 4741 3426 4795 διατί
3447 4758 3462 4806 ;
3492 4742 3595 4795 ἵνα
3625 4742 3727 4796 διὰ

2131 4845 2243 4916 τῆς
2288 4836 2605 4910 ὑπομονῆς
2645 4833 2886 4904 καὶτῆς
2925 4832 3369 4902 παρακλήσεως
3411 4831 3531 4887 τῶν
3569 4834 3726 4901 Γρα.

2139 4937 2290 5009 ςρῶν,
2326 4933 2362 4988 ἆ
2402 4929 2601 4998 ὲστινή
2636 4927 2871 4994 Παλαιὰ,
2900 4926 3016 4995 τὴν
3041 4923 3264 4979 ἐλπίδα
3294 4924 3547 4994 ἔχωμεν.
3590 4921 3726 4979 Εῑτα

2139 5026 2242 5098 τῆς
2263 5019 2543 5092 ὑπομονῆς
2572 5015 2789 5085 καὶτῆς
2821 5013 3221 5086 παρακλήσεως
3240 5012 3372 5066 Θεὸν
3409 5011 3728 5082 ἀνακηρύτ.

2140 5135 2248 5173 των
2267 5115 2360 5170 τὸν
2387 5110 2643 5182 ἀληθινὸν
2666 5107 2797 5160 Θεὸν
2834 5105 2914 5176 (οὐ
2943 5105 3052 5176 γὰρ
3075 5104 3141 5158 ἂν
3165 5103 3252 5174 εἴη
3281 5103 3415 5166 Θεὸς
3434 5103 3728 5174 παρακλή-

2142 5225 2280 5271 σεως
2309 5204 2403 5260 καὶ
2435 5199 2713 5270 ὑπομονῆς
2732 5239 2748 5265 ,
2780 5197 2892 5259 οὐδ’
2919 5198 2988 5250 ἂν
3017 5195 3177 5249 πλέον
3214 5196 3500 5263 ὲκμανοῖεν
3547 5196 3597 5247 οἱ
3630 5194 3731 5249 τοῦ

2143 5294 2389 5368 Πονηροῦ
2421 5290 2774 5365 θεράποντες,
2795 5288 2824 5342 ὁ
2862 5284 3127 5358 Ἐχθρὸς),
3165 5285 3228 5339 '0
3261 5284 3330 5338 δὲ
3365 5284 3530 5351 Θεὸς,
3552 5287 3731 5355 φησι,

2147 5389 2256 5457 τῆς
2278 5380 2595 5454 ὑπομονῆς
2623 5379 2724 5435 καί
2758 5377 2872 5449 τῆς
2902 5377 3351 5453 ,παρακλήσεως
3391 5375 3515 5447 δῴη
3545 5375 3728 5445 ὑμῖν,

2148 5479 2217 5536 τὸ
2272 5476 2419 5532 αὐτὸ
2465 5469 2713 5545 φρονεῖν
2763 5469 2834 5524 ἐν
2879 5467 3206 5535 ἀλλήλοις,
3263 5466 3416 5521 κατὰ
3464 5463 3732 5534 Χριστὸν

531 5615 613 5667 β’·
643 5615 803 5673 Rom.
833 5633 911 5684 ιι,
953 5619 1007 5673 1.
1083 5618 1130 5654 ⁵³
1158 5617 1292 5675 ibid.
1368 5618 1415 5652 "“
1435 5619 1566 5676 ibid.
1610 5620 1696 5675 16.
1773 5620 1820 5654 ⁸⁵
1860 5620 1994 5676 ibid.

2183 5614 2231 5648 “
2257 5612 2391 5669 ibid.
2424 5609 2518 5664 22.
2592 5606 2640 5639 ⁵⁷
2679 5604 2811 5661 ibid.
2844 5603 2938 5660 28.
3014 5603 3061 5636 ⁵³
3118 5598 3250 5658 ibid.
3283 5598 3375 5656 29.
3436 5598 3484 5632 ⁸³
3560 5595 3729 5655 Rom.

1548 5753 1787 5810 VARUE
1828 5751 2214 5810 LECTIONES
2252 5752 2339 5807 ET
2381 5747 2616 5805 NOTAE.

546 5848 658 5919 (Gl)
684 5849 966 5925 'Eucianp.
990 5849 1152 5913 Forte
1178 5848 1268 5907 hic
1283 5851 1483 5912 excidit
1506 5852 1555 5920 ὅ,
1573 5852 1721 5924 quod
1733 5852 1802 5908 ad
1829 5867 2050 5911 sensum
2080 5850 2417 5928 implendum
2447 5844 2651 5916 requiri
2679 5841 2915 5898 videtur.

467 5700 555 5757 δν,
578 5685 634 5741 4.
