3886 6424
139 314 205 382 lli!

1047 302 1347 368 CONTRA
1385 301 1847 364 MANICH/EOS
1880 299 2113 363 LIBER
2152 297 2267 362 III.

3220 309 3324 377 102

146 431 352 504 Ἰησοῦν,
375 429 468 484 Ira
490 420 867 498 ὁμοθυμαδὸν
889 425 960 479 ἐν
977 424 1070 479 ἐνὶ
1095 426 1346 492 στόματι
1369 421 1653 488 δοξάζητε

1758 418 1981 473 Patrem
2007 418 2224 473 Domini
2241 419 2406 472 nostri
2416 417 2545 472 Jcsu
2563 417 2754 475 Christi
2773 420 2836 473 ⁶⁰.
2853 419 2968 477 Non
2989 423 3154 479 alium
3169 435 3333 497 atque

138 529 214 583 τὸν
246 521 447 588 Πατέρα
485 519 593 573 τοῦ
638 517 862 586 Κυρίου
901 514 1075 585 ἡμῶν
1111 514 1318 582 Ἰησοῦ
1357 513 1645 581 Χριστοῦ.

136 621 218 672 Οὐκ
243 615 378 669 ἄλλον
421 612 512 665 καὶ
550 610 706 666 ἄλλον
727 649 743 673 ,
779 607 919 663 ἀλλὰ
956 607 1047 661 τὸν
1092 607 1649 677 προκαταγγείλαντα

138 710 208 780 μὲν
236 708 319 777 τὴν
337 705 538 758 ἐλευσιν
569 701 664 756 τοῦ
700 701 833 755 Υίοῦ
853 741 868 766 ,
901 699 1257 772 παρασχόντα
1286 701 1343 754 δὲ
1371 700 1475 763 τὰς
1499 700 1648 769 Γρα-

135 802 226 870 φὶς,
250 797 526 852 καλέσαντα
547 796 603 848 δὲ
634 795 715 858 εἰς
739 792 956 865 τὴν,τοῦ
986 791 1118 846 Υἱοῦ
1144 790 1310 846 αὑτοῦ
1332 792 1537 854 πίστιν,
1556 791 1648 844 τὸν

134 893 206 962 τῆς
225 889 595 960 παρακλήσεως
623 887 718 940 καὶ
758 885 1040 956 ὑπομονῆς
1073 884 1228 951 Θεὸν,
1260 885 1355 938 τὸν
1377 883 1479 954 τῆς
1513 885 1647 954 ὁμο-

133 980 349 1054 φροσύνης
393 979 623 1050 δοτῆρα,
670 969 733 1032 οὗ
770 979 853 1042 είς
901 977 1060 1044 δόξαν
1104 976 1442 1048 προσέλαϐεν
1497 977 1648 1045 ἡμᾶς

132 1077 153 1129 ὁ
189 1072 417 1145 Χριστὸς,
444 1071 693 1133 διάκονος
749 1070 1120 1140 γεγενημένος
1168 1071 1268 1139 τῆς
1315 1066 1645 1138 περιτομῆς.

142 1167 206 1219 Ἐν
244 1163 400 1226 ἄλλοις
447 1161 502 1214 δὲ
539 1161 703 1215 πάλιν
747 1159 947 1230 φησιν’
993 1157 1505 1227 Περιτετμημένος
1560 1174 1649 1223 τις

132 1255 343 1322 iunior];
386 1250 467 1322 μὴ
531 1249 927 1304 ἐπισπάσθω·
995 1248 1066 1302 ἐν
1123 1247 1494 1316 ἀκροϐυστίᾳ
1557 1263 1648 1313 τις

132 1346 334 1416 ἑκλήθη;
357 1345 438 1414 μὴ
485 1341 958 1412 περιτεμνέσθω·
1022 1340 1060 1408 ἡ
1119 1338 1408 1410 περιτομὴ
1468 1338 1649 1393 οὐδέν

130 1436 252 1491 ἐστι’
280 1435 365 1488 καὶ
403 1435 439 1500 ἡ
462 1433 853 1504 ξάκροϐυστία
885 1430 1067 1486 οὐδέν
1108 1432 1281 1485 ἐστιν
1303 1447 1318 1462 ο
1362 1426 1483 1484 εἶτα
1511 1430 1646 1500 πρό-

133 1528 250 1598 claci
277 1522 418 1580 ἀλλὰ
443 1522 693 1591 τήρησις
721 1519 992 1575 ἐντολῶν
1024 1519 1198 1574 Θεοῦ.
1231 1520 1305 1573 Οὐ
1336 1518 1494 1572 θεῶν.
1524 1519 1646 1571 Τῶν

129 1620 169 1673 δὲ
205 1617 398 1673 ἐντολῶν
441 1619 474 1687 ἡ
529 1615 631 1687 μὲν
679 1614 937 1668 ἐκέλευσε
981 1612 1446 1685 περιτέμνεσθαι,
1499 1614 1532 1682 ἡ
1589 1612 1646 1665 δὲ

132 1712 211 1783 μή·
236 1704 299 1765 ὧν
339 1708 594 1779 ἑκάτερον
632 1695 748 1777 (62)
774 1707 968 1760 ἀνεῖπε
998 1704 1095 1757 τοῦ
1141 1704 1308 1759 αὐτοῦ
1341 1703 1501 1770 Θεοῦ,
1530 1703 1647 1757 ἀλλ’

128 1804 216 1873 οὐχὶ
237 1801 368 1855 θεῶν.
399 1800 559 1852 Ὥστε
593 1795 678 1863 εἷς
699 1797 835 1862 Θεὸς
863 1799 890 1851 ὁ
920 1795 1180 1867 ἀληθινὸς
1208 1797 1304 1849 καὶ
1334 1795 1527 1866 Πατὴρ
1551 1793 1642 1847 τοῦ
1677 1785 1720 1840 Β

130 1896 283 1966 Κυρίου
315 1891 456 1964 ἡμῶν
495 1889 677 1962 Ἰησοῦ
709 1891 974 1962 Χριστοῦ,
1007 1891 1036 1942 ὁ
1068 1887 1166 1943 καὶ
1202 1886 1302 1959 τὴν
1340 1885 1645 1958 περιτομὴν

130 1989 191 2042 διὰ
225 1986 301 2040 τοῦ
341 1984 584 2056 Ἀϐραὰμ
618 1985 700 2048 εἰς
750 1980 1056 2054 μυστηρίου
1090 1979 1372 2034 τελείωσιν
1425 1979 1643 2050 χρόνοις

129 2081 386 2153 ὡρισμένοις
425 2078 576 2145 δοὺς,
633 2077 728 2130 καὶ
775 2077 904 2140 τοὺς
941 2075 1002 2128 ἐν
1039 2073 1381 2147 ἀκροϐυστία
1417 2071 1508 2127 διὰ
1549 2072 1645 2126 τοῦ
1697 2111 1710 2125 .

132 2175 224 2226 Υἱοῦ
247 2170 388 2226 αὐτοῦ
415 2169 823 2242 προσειληφώς.

180 2265 254 2319 1Ε’.
305 2262 546 2333 Ἐτέρωθι
588 2263 651 2315 δὲ
698 2261 1019 2330 λέγειοιΔεῖ
1041 2260 1108 2316 τὸ
1152 2260 1421 2330 φθαρτὸν
1468 2257 1646 2312 τοῦτο

132 2359 269 2425 (ποῖον
300 2357 328 2426 ἢ
357 2356 413 2408 τὸ
443 2355 718 2426 ἡμέτερον
749 2353 976 2426 σῶμα;)
1009 2353 1387 2408 ἐνδύσασθαι
1419 2353 1646 2421 ἀφθαρ-

130 2452 253 2517 alar,
277 2449 390 2518 φησὶ
411 2448 545 2521 (65).
577 2448 684 2502 καὶ
709 2447 776 2501 τὸ
804 2447 1029 2515 θνητὸν
1059 2446 1238 2501 τοῦτο
1269 2447 1645 2501 ἐνδύσασθαι

130 2543 414 2595 ἀθανασίαν.
446 2540 556 2595 Καὶ
583 2541 705 2604 πῶς
733 2541 882 2594 ἐστιν
909 2539 1117 2608 ἀγαθοῦ
1149 2537 1311 2603 Θεοῦ,
1339 2540 1385 2592 εί
1417 2538 1646 2609 πλάσμα

130 2629 177 2703 ἦν
199 2633 244 2686 τὺ
268 2632 404 2704 σῶμα
437 2631 532 2685 τοῦ
576 2632 831 2702 Πονηροῦ
858 2671 875 2697 ,
919 2632 985 2684 ἐκ
1019 2631 1262 2701 φθαρτοῦ
1300 2632 1398 2701 μὲν
1422 2631 1649 2701 ἄφθαρ-

131 2743 219 2790 τον,
247 2725 300 2778 ὲκ
345 2725 396 2778 δὲ
438 2723 640 2796 θνητοῦ
695 2723 969 2778 ἀθάνατον
1015 2723 1149 2776 αὐτὸ
1201 2725 1645 2794 μετασκευάσαι;

133 2815 225 2868 ’θτε
246 2816 336 2885 γὰρ
359 2815 416 2867 τὺ
439 2814 680 2885 πονηρὸν
715 2813 878 2885 σῶμα
902 2814 996 2867 καὶ
1025 2813 1254 2884 πλάσμα
1279 2814 1372 2866 τοῦ
1399 2813 1646 2885 Πονηρ)ῦ

130 2909 175 2960 ἐκ
203 2905 366 2978 θνητοῦ
405 2907 504 2974 μὲν
547 2907 635 2969 εις
667 2906 1006 2974 ἀθανασίαν,
1039 2908 1118 2971 εἰς
1153 2905 1468 2979 ἀφθαρσίαν
1496 2907 1553 2960 δὲ
1585 2909 1650 2960 ἐκ

131 2999 311 3071 φθαρτοῦ
331 3000 471 3072 παρὰ
485 3000 583 3054 τοῦ
608 3000 821 3070 ἀγαθοῦ
845 3000 1188 3072 μεταποιηθῇ
1211 3000 1370 3068 Θεοῦ,
1396 3001 1457 3053 ού
1487 3000 1648 3071 μόνον

1751 511 1942 576 alium,
1971 511 2067 566 sed
2096 526 2246 578 eum,
2277 511 2369 580 qui
2410 520 2538 566 ante
2577 513 2855 569 nuntiavit
2892 515 3186 571 adventum
3215 518 3336 576 Filii

1751 601 1858 669 sui,
1883 600 1977 672 qui
2023 601 2339 672 Scripturas
2389 603 2631 670 tradidit,
2673 604 2876 674 quique
2932 605 3000 660 ad
3067 607 3227 663 ﬁdem
3280 611 3336 666 iu

1751 690 1948 747 Filium
1984 709 2145 748 suum
2212 693 2450 761 vocavit,
2490 695 2659 751 Dcum
2694 696 3085 754 consolationis
3120 709 3176 754 et
3241 716 3338 771 pa-

1750 784 1979 852 tientiae,
2013 787 2322 842 concordim
2348 788 2616 856 datorem,
2648 789 2704 844 in
2752 791 2910 862 cujus
2961 791 3186 864 gloriam
3237 808 3337 849 nos

1750 881 2051 950 assumpsit
2089 881 2369 947 Christus,
2397 883 2649 938 minister
2671 883 3104 942 circumcisionis
3135 887 3332 941 factus.

1749 971 1893 1026 Alibi
1926 988 2054 1026 vero
2085 971 2280 1026 iterum
2319 973 2398 1026 ait
2435 991 2448 1028 :
2491 973 2846 1028 Circumcisus
2886 975 3081 1045 aliquis
3118 985 3334 1029 vocatus

1749 1071 1844 1126 est,
1889 1079 1954 1117 ne
1993 1065 2277 1129 attrahat;
2304 1065 2678 1137 (praeputium)
2723 1068 2779 1119 in
2838 1068 3094 1134 prwputio
3142 1067 3336 1136 aliquis

1749 1162 1962 1208 vocatus
2009 1165 2106 1220 est,
2141 1173 2204 1210 ne
2225 1158 2670 1212 circumcidatur:
2696 1161 3021 1212 circumcisio
3051 1159 3181 1212 nihil
3235 1169 3333 1220 est,

1749 1255 1799 1299 et
1829 1249 2149 1315 prwputium
2175 1248 2308 1302 nihil
2345 1258 2418 1303 est
2445 1250 2488 1280 ⁶¹
2525 1267 2537 1303 :
2570 1251 2792 1305 attende
2819 1267 2949 1305 vero
2993 1251 3060 1304 ad
3096 1253 3332 1319 Sequen-

1753 1337 1824 1391 tia
1845 1355 1857 1390 :
1879 1339 1968 1392 sed
1996 1338 2290 1392 observatio
2339 1341 2713 1395 mandatorum
2747 1342 2843 1395 Dei
2867 1344 2932 1406 ⁵³,
2953 1357 3058 1396 non
3083 1342 3332 1396 deorum.

1749 1428 2060 1484 Mandatum
2104 1447 2238 1486 vero
2277 1432 2425 1487 aliud
2447 1433 2615 1503 jussit
2644 1434 2989 1500 circumcidi,
3013 1434 3159 1488 aliud
3221 1451 3337 1489 non

1749 1521 1879 1576 item
1913 1539 1926 1575 :
1961 1530 2014 1575 ct
2037 1529 2334 1594 utrumque
2357 1531 2535 1580 tamen
2568 1525 2815 1595 ejusdem
2837 1527 2914 1581 ait
2944 1541 3062 1581 esse
3086 1527 3203 1593 Dei,
3225 1543 3337 1582 non

1748 1622 1930 1668 autem
1968 1614 2218 1670 deorum.
2249 1616 2438 1686 Itaque
2467 1633 2612 1672 unus
2631 1618 2776 1674 Deus
2807 1634 2968 1674 verus
2991 1627 3095 1684 est,
3122 1629 3178 1673 et
3226 1617 3335 1674 Pa-

1750 1711 1834 1758 ter
1856 1703 2072 1760 Domini
2101 1705 2274 1762 nostri
2293 1706 2424 1762 Jcsu
2464 1710 2688 1777 Christi,
2720 1711 2813 1781 qui
2865 1720 2922 1766 et
2959 1711 3339 1766 circumcisio-

1749 1812 1874 1851 nem
1907 1814 2004 1867 per
2030 1799 2408 1855 Abrahamum
2444 1800 2500 1854 in
2523 1804 2764 1874 mysterii
2799 1804 3336 1860 consummationem

1751 1898 1998 1960 tempore
2053 1892 2283 1948 deﬁnito
2320 1895 2523 1960 sanxit,
2548 1910 2774 1966 eosque,
2799 1897 2894 1966 qui
2957 1897 3014 1952 in
3068 1896 3338 1970 praeputio

1751 1991 1934 2049 erant,
1967 1999 2068 2056 per
2094 1984 2294 2040 Filium
2329 2001 2493 2043 suum
2526 1987 2595 2042 ad
2629 2003 2690 2043 se
2718 1989 2946 2061 recepit.

1820 2263 1937 2318 XV.
1970 2262 2114 2320 Alibi
2135 2281 2271 2322 vero
2320 2283 2336 2322 :
2398 2267 2608 2339 Oportet
2629 2271 2971 2342 corruptibili:
2997 2273 3093 2327 hoc
3141 2275 3338 2346 (quod-

1748 2373 1874 2412 nam
1911 2374 2042 2414 vero
2079 2360 2227 2416 aliud
2259 2377 2424 2432 quam
2453 2377 2655 2432 corpus
2693 2366 3001 2437 nostrum?)
3022 2367 3240 2422 induere
3261 2369 3340 2422 in-

1749 2452 2262 2521 corruptibilitatem,
2291 2465 2339 2508 et
2376 2456 2598 2510 mortale
2643 2456 2740 2510 hoc
2789 2457 3248 2514 immortalitatem
3270 2461 3336 2514 ³³.

1747 2542 2036 2607 Quomodo
2061 2559 2190 2599 vero
2223 2545 2381 2601 decet
2405 2545 2573 2600 Deum
2598 2547 2827 2615 bonum,
2858 2549 2904 2604 si
2942 2564 3143 2621 corpus
3183 2567 3340 2608 crea-

1753 2645 1872 2691 tura
1891 2635 2015 2691 Mali
2030 2646 2197 2704 esset,
2219 2651 2285 2692 ex
2301 2639 2639 2709 corruptibili
2660 2640 2876 2709 quidem
2896 2642 3339 2714 incorruptibilc,

1749 2743 1816 2783 ex
1849 2729 2066 2784 mortali
2101 2743 2234 2784 vero
2280 2729 2464 2785 facere
2502 2731 2849 2787 immortale?
2872 2733 2930 2788 Si
2961 2735 3109 2789 enim
3143 2749 3344 2806 corpus

1749 2820 1953 2874 malum
1975 2828 2031 2876 et
2047 2829 2298 2875 creatura
2315 2822 2442 2876 mali
2459 2837 2525 2877 ex
2542 2823 2758 2878 mortali
2778 2825 2830 2878 in
2849 2824 3340 2897 immortalitatem,

1751 2928 1817 2967 cx
1842 2912 2186 2982 corruptibili
2203 2928 2331 2968 vero
2354 2912 2407 2966 in
2425 2913 3005 2984 incorruptibilitatcm
3021 2932 3051 2972 a
3071 2918 3180 2973 Deo
3198 2920 3348 2976 bono

1754 3005 2169 3069 transferretur,
2208 3020 2315 3059 non
2375 3006 2552 3059 solum
2597 3021 2709 3060 non
2757 3024 2947 3064 verum
2982 3008 3144 3078 foret,
3195 3014 3342 3082 quod

129 3096 200 3148 οὐκ
229 3094 485 3166 ἀληθεύσει
535 3097 566 3148 ό
612 3094 776 3164 λόγος
824 3098 853 3149 ό
897 3096 1325 3166 γεγραμμένος,
1359 3096 1443 3149 ὅτι
1491 3099 1647 3152 Κατ-

1757 3097 2019 3169 scriptum
2045 3109 2130 3154 est
2148 3115 2162 3153 :
2183 3097 2241 3153 Μ
2245 3116 2330 3153 ors
2345 3099 2592 3171 absorpta
2616 3110 2690 3155 est
2716 3102 2771 3155 in
2786 3103 3063 3156 victoriam
3082 3103 3146 3170 “,
3165 3119 3349 3175 quou-

128 3189 266 3258 επόθη
301 3191 330 3244 ό
361 3188 616 3257 θάνατος
640 3189 728 3255 είς
755 3187 946 3255 νῖκος,
979 3189 1075 3242 καὶ
1108 3189 1190 3242 ὅτι
1221 3189 1315 3242 ἐπὶ
1355 3188 1502 3241 τέλει
1540 3187 1650 3241 τῶν

129 3280 287 3334 αἰώνων
330 3282 538 3337 πάντων
571 3283 930 3347 ἐκπεσεῖται,
979 3281 1076 3335 καὶ
1124 3273 1201 3334 ὧν
1250 3281 1400 3344 ὅπως
1445 3280 1650 3352 δήποτε

129 3366 284 3443 ἦρχενό
303 3374 534 3446 Ἐχθρὸς,
559 3371 655 3429 οἷα
681 3373 1098 3446 προσκειμένων
1123 3372 1292 3427 αὐτοῦ
1321 3375 1437 3436 τοῖς
1468 3372 1652 3445 ἔργοις

128 3468 196 3518 τοῦ
227 3469 438 3539 Πονηροῦ
460 3485 474 3498 ·
511 3468 656 3523 ἀλλὰ
700 3468 800 3522 καὶ
831 3468 892 3520 τὸ
934 3466 1210 3520 ἀνάπαλιν
1255 3464 1566 3538 τηνικαῦτα¹
1591 3465 1653 3518 τὸ

129 3560 280 3630 κράτος
312 3561 726 3634 ἀναμφήριστόν
759 3578 820 3614 τε
857 3561 952 3614 καὶ
985 3559 1270 3631 ἀδιὰδοχον
1301 3560 1519 3630 σχήσει,
1554 3554 1650 3610 τοῦ

130 3649 274 3720 θνητοῦ
301 3654 386 3706 καὶ
427 3655 676 3726 φθαρτοῦ
726 3653 1053 3723 πλάσματος
1094 3650 1264 3706 αὐτοῦ
1320 3653 1400 3715 είς
1448 3651 1652 3705 ἀθαναο

132 3739 218 3794 σὶσν
257 3745 338 3797 καὶ
366 3745 680 3815 ἀφθαρσίαν
732 3745 1070 3815 ἀνηγμένου.
1116 3743 1265 3814 Ὅρα.
1306 3742 1364 3796 δέ
1400 3759 1492 3813 μοι
1524 3741 1654 3795 κάν-

129 3833 268 3888 τεῦθεν
306 3837 386 3890 τὸν
445 3839 684 3892 πλοῦτον
735 3838 836 3908 τῆς
895 3837 1090 3906 σοφίας
1145 3835 1388 3900 Παύλου,
1423 3835 1523 3905 ἢν.
1576 3833 1653 3898 ὡς

127 3922 255 3977 ἔοικεν
270 3965 282 3989 ,
305 3927 481 3998 ἀρθεὶς
500 3929 600 3982 τὸν
624 3927 808 3998 τρίτον
827 3927 940 4000 (64)
962 3927 1216 3999 οὐρανοῦ,
1237 3926 1483 3997 δμυήθη,
1503 3925 1652 3988 ὅπως

125 4015 326 4091 insopiti:
363 4021 455 4091 μὲν
498 4022 606 4090 τῆς
637 4021 849 4090 Καινῆς
884 4019 1106 4089 καὶτῆς
1151 4018 1392 4081 Παλαιᾶς
1421 4017 1651 4085 εἰσάγει.

129 4108 393 4178 Προϐλέπων
441 4114 498 4167 δὲ
551 4113 656 4185 τὴν
713 4113 1054 4168 ἀποστασίαν
1099 4109 1194 4164 καὶ
1239 4113 1423 4164 πᾶσαν
1481 4109 1653 4180 αὐτῆς

127 4201 348 4257 ἐκκόπτων
397 4204 820 4274 ματαιολογίαν,
869 4204 1034 4268 εὐθὺς
1078 4202 1246 4257 πάλιν
1293 4201 1470 4255 ταῦτα
1528 4217 1654 4255 συν-

128 4297 338 4369 επιφέρει.
388 4302 550 4370 Λέγει
614 4301 711 4370 μὲν
771 4301 878 4371 γὰρ
919 4299 1068 4369 (65),
1124 4300 1266 4355 ὥστε
1315 4297 1389 4349 Εἴ
1442 4313 1536 4363 τις
1582 4295 1653 4349 ἐν

127 4389 304 4455 Χριστῷ
346 4393 520 4462 καινὴ
573 4394 799 4459 κτίσις,
831 4391 1274 4456 ἀνακαινίζεσθε·
1316 4390 1388 4444 τὰ
1432 4388 1653 4458 ἀρχαῖα

1753 3205 1862 3260 que
1906 3191 1958 3244 in
1996 3191 2105 3245 line
2136 3191 2460 3246 smculorum
2495 3191 2709 3246 excidet
2740 3192 2807 3247 iis
2837 3195 3114 3260 omnibus,
3144 3195 3198 3249 in
3221 3211 3346 3266 quae

1753 3280 1881 3336 olim
1917 3289 2243 3350 potestatem
2299 3281 2490 3337 habuit
2516 3283 2711 3349 hostis,
2744 3292 3004 3354 tanquam
3032 3285 3182 3349 talia,
3222 3302 3347 3356 qum

1753 3375 2009 3446 operibus
2029 3375 2149 3444 ejus
2186 3374 2346 3428 malis
2381 3375 2792 3430 accommodata
2817 3377 2964 3442 sint;
2997 3376 3094 3430 sed
3135 3388 3187 3431 et
3216 3392 3349 3431 con-

1755 3467 1922 3520 traria
1974 3465 2082 3521 illis
2138 3465 2321 3520 omnia
2356 3460 3136 3537 certissimeﬁrmissimeque
3164 3467 3348 3523 locum

1753 3557 2058 3622 habebunt,
2085 3558 2128 3612 si
2160 3556 2408 3612 mortalis
2435 3565 2491 3612 et
2518 3555 2901 3628 corruptibilis
2923 3559 3045 3629 ejus
3092 3571 3349 3616 creatura

1755 3650 2084 3706 immortalis
2105 3656 2206 3705 et'a
2226 3649 2582 3718 corruptione
2619 3649 2792 3703 libera
2820 3651 3031 3705 reddita
3053 3650 3237 3706 fuerit.
3264 3652 3347 3707 Tu

1753 3760 1889 3799 vero
1909 3744 2033 3799 vide
2066 3742 2202 3798 mihi
2225 3743 2387 3798 ethic
2411 3741 2631 3798 divitias
2657 3741 2937 3811 sapientia:
2971 3741 3123 3797 Pauli
3159 3744 3347 3812 (quam

1758 3836 1815 3890 in
1850 3836 2073 3891 tertium
2100 3835 2301 3891 coelum
2324 3835 2572 3890 sublatus
2607 3833 2868 3889 didicisse
2921 3834 3185 3906 videtur),
3211 3852 3351 3906 quoa

1756 3926 1922 3981 modo
1962 3925 2331 3980 diﬂ‘ercntiam
2362 3924 2491 3980 novi
2517 3932 2572 3978 et
2603 3925 2802 3978 veteris
2829 3925 3140 3978 testamenti
3176 3940 3348 3996 expo-

1757 4027 1873 4072 nat.
1902 4017 2218 4072 Praevidens
2243 4031 2377 4071 vero
2407 4015 2742 4086 apostasiam
2787 4016 2950 4081 hanc,
2973 4016 3204 4087 ejusque
3257 4035 3349 4072 va-

1758 4109 2000 4179 niloquia
2055 4108 2239 4162 omnia
2296 4107 2822 4170 cversurus,statim
2885 4107 2989 4162 ista
3044 4109 3348 4179 subjuugit.

1759 4200 1850 4255 Ait
1875 4201 2020 4255 enim
2061 4219 2074 4254 :
2113 4199 2172 4254 Si
2207 4201 2324 4268 quis
2362 4200 2419 4252 in
2447 4197 2678 4264 Christo,
2708 4208 2901 4252 natura
2933 4217 3089 4265 nova,
3120 4217 3353 4257 renove-

1760 4290 2119 4355 mini,vetera
2153 4291 2502 4354 transierunt,
2538 4305 2655 4342 ecce
2699 4290 2878 4342 omnia
2903 4290 3048 4360 facta
3090 4300 3212 4344 sunt
3258 4309 3352 4345 no-

1758 4399 1824 4437 va
1840 4383 1906 4436 ⁸⁵.
1928 4381 2011 4436 Tu
2035 4397 2171 4455 yero
2199 4381 2322 4436 vide
2343 4381 2715 4451 prudentiam,
2739 4383 3061 4451 sapientiam
3084 4392 3140 4437 et
3159 4385 3349 4439 dexte-

125 4480 374 4548 Sopﬁldsr
395 4526 410 4551 ,
466 4487 602 4540 ἰδοὺ
632 4487 844 4557 γέγονε
881 4487 954 4539 τὰ
993 4485 1195 4538 πάντα
1233 4482 1432 4537 καινά.
1507 4481 1650 4536 Ἀλλ’

1758 4476 1974 4531 ritatem
2005 4476 2132 4531 viri.
2167 4478 2359 4529 Omnia
2390 4493 2534 4541 vero,
2563 4475 2760 4545 inquit,
2798 4475 2849 4529 id
2884 4486 2968 4530 est
3022 4485 3077 4528 et
3104 4485 3261 4531 vetus
3293 4487 3348 4532 et

125 4570 196 4638 ὅρα
219 4573 266 4626 τὸ
287 4574 608 4649 δραστήριον
639 4567 734 4630 κάι
766 4577 927 4645 σοφὸν
959 4575 1055 4630 καὶ
1089 4575 1396 4647 περιδέξιον
1424 4573 1520 4627 τοῦ
1553 4575 1651 4628 ἀν-

126 4659 230 4726 δρός.
261 4667 326 4719 Τὰ
353 4667 418 4720 δὲ
439 4669 662 4734 πάντα,
708 4669 862 4739 φησι,
893 4669 1044 4738 καὶὴ
1079 4667 1194 4721 Νέα
1217 4665 1460 4738 δηλονότι
1491 4665 1585 4719 καὶ
1616 4666 1651 4736 ἡ

130 4753 305 4822 Παλαιὰ,
335 4759 398 4813 ἐκ
425 4762 530 4815 τοῦ
575 4761 749 4825 Θεοῦ,
796 4761 908 4815 τοῦ
951 4758 1451 4824 καταλλάξαντος
1494 4755 1655 4826 ἡμᾶς

127 4841 300 4912 ἐαυτῷ,
342 4849 435 4906 διὰ
475 4853 589 4907 τοῦ
630 4851 856 4921 Κυρίου
889 4851 1061 4921 ἡμῶν
1117 4849 1315 4919 Ἰησοῦ
1367 4847 1652 4917 Χριστοῦ.

129 4936 289 4993 Οὐκοῦν
317 4945 407 4998 καὶ
459 4943 576 4999 τῶν
611 4944 996 5016 παρελθόντων
1041 4943 1272 4998 καὶτῶν
1302 4943 1590 5014 παρόντων
1627 4941 1656 4992 ὁ

125 5025 192 5078 τοῦ
216 5030 439 5105 Σωτῆρος
483 5035 646 5108 ἡμῶν
684 5036 862 5107 Ἰησοῦ
895 5035 1138 5106 Χριστοῦ
1185 5033 1392 5104 ἀγαθὸς
1426 5033 1654 5104 Πατὴρ,

1750 4586 1956 4627 novum
2002 4579 2417 4637 testamentum,
2453 4587 2518 4625 ea:
2543 4569 2652 4624 Deo
2685 4579 2826 4635 sunt,
2861 4572 2951 4641 qui
2990 4573 3345 4625 reconciliavit

1753 4681 1846 4718 nos
1867 4663 1966 4717 sibi
1989 4664 2092 4733 ipsi
2105 4678 2199 4733 per
2213 4663 2502 4717 Dominum
2531 4663 2809 4716 nostrumJ
2819 4680 2964 4717 esum
2986 4663 3249 4718 Christum
3276 4665 3342 4719 εδ.

1751 4757 1941 4826 Itaque
1988 4756 2167 4811 bonus
2207 4753 2373 4811 Pater
2402 4755 2710 4810 Servatoris
2754 4757 2925 4810 nostri
2961 4757 3092 4811 Jcsu
3143 4756 3344 4812 Christi

1754 4847 1901 4904 idem
1925 4858 2044 4903 erat
2083 4855 2138 4902 et
2182 4839 2339 4903 dator
2383 4857 2439 4902 et
2481 4856 2802 4919 procurator
2842 4855 2898 4901 et
2931 4858 3124 4902 auctor
3163 4865 3347 4904 rerum

1754 4939 2157 5010 prmtcritarum
2187 4947 2243 4993 ct
2290 4940 2668 5010 praesentium.
2719 4938 3008 5006 Quomodo
3061 4955 3192 4995 vero
3224 4957 3349 4995 cor-

1755 5047 1861 5101 pus
1913 5040 2165 5086 creatura
2231 5031 2406 5085 hostis
2464 5031 2652 5099 fuerit,
2683 5047 2808 5086 cum
2873 5031 3021 5088 idem
3067 5050 3097 5088 a
3139 5033 3350 5105 Spiritu

175 5185 212 5216 "
236 5182 372 5246 Rom.
403 5205 492 5255 xv,
519 5189 576 5245 5.
650 5187 741 5243 “1
773 5187 904 5245 Cor.
934 5202 1033 5254 vn,
1056 5186 1144 5241 1⁵5.
1222 5186 1268 5219 ⁸³
1288 5185 1424 5241 ibid.
1500 5183 1548 5216 ⁸³
1589 5181 1609 5236 l
1637 5183 1653 5236 l

1757 5221 1764 5236 .
1797 5197 1890 5248 xv,
1919 5180 2008 5235 55.
2087 5179 2132 5211 ⁸⁵⁵
2155 5179 2285 5234 ibid.
2315 5177 2403 5233 54.
2480 5177 2527 5210 ”
2555 5179 2602 5234 ll
2624 5179 2752 5236 Cor.
2778 5196 2828 5247 ν,
2855 5180 2943 5234 i7.
3021 5181 3069 5214 “
3102 5181 3232 5238 ibid.
3258 5185 3346 5239 i8.

1206 5320 1442 5378 VARIAE
1483 5315 1870 5375 LECTIONES
1916 5313 2006 5368 ΕΤ
2047 5309 2282 5366 NOTAE.

183 5380 274 5492 (θέ)
308 5424 640 5493 Ἑκάτερον.
671 5422 752 5476 Ita
773 5414 1120 5473 scribendum
1151 5425 1236 5471 est
1256 5431 1355 5485 pro
1383 5412 1652 5481 ἑκατέρω,

130 5494 236 5562 quod
263 5511 354 5548 ms.
383 5496 567 5564 habet.
1132 5559 1147 5564 _
1175 5557 1186 5564 _
1430 5553 1462 5564 ..

182 5565 271 5634 (63)
295 5567 462 5631 Φησὶ.
496 5563 735 5620 Verbum
774 5565 881 5619 hoc
909 5564 1088 5617 locum
1132 5557 1224 5611 hic
1259 5553 1464 5634 librarii
1497 5552 1656 5634 culpa

133 5622 340 5700 mutasse,
359 5622 415 5689 ‘et
442 5635 507 5689 ad
543 5635 700 5705 σῶμα
730 5633 1083 5705 referendum
1097 5643 1235 5705 esse
1265 5627 1466 5705 credo._
1487 5622 1658 5705 Apte—

133 5706 290 5780 t'edens
321 5692 460 5761 enim
490 5692 638 5772 λέγει
669 5706 807 5780 regit
840 5703 1064 5776 phrasin
1094 5696 1417 5754 ἐνδύσασθαι
1445 5692 1658 5763 ἀφθαρ-
1709 5761 1718 5764 _

136 5773 240 5829 ϐίαν.

1827 5407 1941 5478 (64)
1979 5407 2091 5478 Ton
2129 5404 2351 5478 τρίτον.
2379 5402 2454 5457 Ita
2485 5404 2693 5478 ms._F._t_
2713 5404 3078 5478 grammaticae
3108 5405 3350 5478 rationes

1758 5488 1812 5533 et
1837 5473 2044 5532 'sen‘sus
2075 5476 2177 5545 legi
2220 5475 2439 5544 jubent,
2477 5473 2624 5544 quod
2653 5473 2694 5526 ll
2725 5473 2866 5528 Cor.
2894 5489 2991 5542 xu,
3027 5477 3083 5540 2,
3125 5476 3348 5546 legitur,

1757 5549 1864 5612 ἕως
1891 5546 1988 5600 τοῦ
2016 5546 2202 5615 τρίτου
2225 5546 2482 5614 ούρανοῦ.

1830 5617 1941 5688 (65)
2014 5613 2514 5688 Ἀνακαινξίζεσθε.
2560 5613 2800 5669 Verbum
2834 5614 2944 5688 hoc,
2971 5614 3352 5688 erplicationis

1761 5685 1878 5743 loco
1910 5685 1940 5741 a
1974 5685 2173 5740 Photio
2200 5686 2443 5739 additum
2481 5701 2600 5739 esse
2636 5697 2788 5754 puto,
2833 5694 2892 5737 ut
2933 5685 3348 5755 intelligeretur.

1761 5768 2014 5814 sanctum
2046 5756 2368 5827 Apostolum
2387 5769 2543 5811 nova:
2567 5765 2834 5810 creaturae
2862 5755 3104 5810 studium
3130 5771 3349 5829 urgere.
