3886 6428
497 271 600 337 163

1636 267 1901 330 PHOTII
1941 263 2450 328 PATRIARCHZE
2489 268 2598 331 CP.

3667 267 3769 338 Ῑϐἰ

494 396 654 441 actus
675 382 1029 440 oratorisaiae
1047 382 1368 441 vaticinium
1389 381 1668 450 adhibeat,
1683 391 1739 437 et
1759 381 1906 436 dicat
1927 397 1940 432 :
1972 378 2077 433 Vos

2183 381 2347 444 αὐτὸς
2376 377 2444 454 ἦν
2471 384 2568 437 καὶ
2595 383 2784 457 δοτὴρ.
2815 383 2912 440 καὶ
2941 382 3253 456 προνοητὴς
3284 385 3380 439 καί
3409 386 3765 457 δημιουργός.

493 479 635 533 enim
694 479 944 548 templum
1005 477 1102 531 Dei
1167 477 1271 530 vivi
1320 477 1485 539 estis;
1530 475 1664 529 sicut
1720 473 1854 527 dixit
1917 471 2076 537 Deus,

496 567 635 635 Quia
681 568 924 622 habitabo
972 568 1028 620 in
1062 565 1191 630 illis,
1219 574 1266 620 et
1315 563 1620 626 ambulabo,
1649 572 1697 616 et
1725 577 1812 616 ero
1867 559 2080 613 illorum

502 663 663 726 Deus,
681 663 783 730 ipsi
801 678 921 715 vero
945 669 1100 714 erunt
1123 659 1254 713 mihi
1275 657 1498 728 pbpulus
1515 657 1581 710 ⁸⁷.
1608 654 1666 708 Si
1688 653 1851 725 igitur
1879 649 2080 706 Christi

493 771 594 810 nos
622 769 814 808 sumus
845 751 1133 822 templum,
1174 733 1336 821 prout
1384 748 1584 804 Paulus
1633 747 1852 810 clamat,
1887 753 2081 798 testem

493 847 733 904 aﬂ‘erens
759 844 982 909 Isaiam,
1013 858 1193 913 neque
1208 842 1349 896 alius
1370 841 1473 896 fuit
1489 839 1654 903 Deus,
1667 838 1759 909 qui
1775 853 1871 908 per
1885 835 2079 890 Isaiam

492 941 709 995 locutus
723 946 824 1002 est,
849 952 1013 1008 quam
1029 935 1148 1005 ipse
1161 935 1257 990 Dei
1272 934 1462 999 Filius,
1492 932 1651 1002 cujus
1665 928 1925 1000 templum
1941 925 2084 980 divi-

491 1049 597 1088 nus
624 1031 828 1086 Paulus
852 1045 955 1084 nos
981 1043 1104 1084 esse
1149 1027 1322 1091 novit,
1350 1035 1405 1081 et
1426 1025 1562 1081 tales
1613 1032 1791 1086 vocat,
1817 1021 1907 1075 ubi
1966 1029 2086 1075 tan-

491 1125 617 1180 dem
648 1133 734 1179 est
755 1131 1006 1178 creatura
1044 1118 1210 1174 Mali?
1236 1118 1332 1174 ubi
1353 1118 1462 1174 duo
1493 1126 1549 1174 et
1577 1114 1830 1188 opposita
1866 1110 1969 1167 sibi
1995 1110 2084 1165 in-

491 1215 667 1269 vicem
701 1212 968 1284 principia
991 1211 1014 1264 ?

2178 471 2304 534 Πῶς
2331 471 2377 526 δ’
2404 473 2471 527 ἂν
2504 475 2591 546 εἴη
2619 475 2846 547 πλάσμα
2863 476 2925 530 τὸ
2955 477 3118 547 σῶμα
3141 476 3237 530 τοῦ
3280 478 3528 550 Ἐχθροῦ,
3545 479 3641 533 τοῦ
3670 481 3770 535 αὖα

2178 561 2272 615 τοῦ
2299 567 2751 640 πνευματοφόρου
2775 569 3028 640 ῥήτορος,
3053 568 3154 638 τὴν
3187 570 3413 622 Ἡσαΐου
3431 571 3769 642 προφητείαν

2178 652 2556 725 οἰκειουμένου
2587 659 2685 711 καὶ
2729 657 2981 728 λέγοντος
3003 675 3018 690 ⁶
3056 659 3257 729 Ὑμεῖς
3291 659 3439 727 ναὸς
3470 661 3581 731 γὰρ
3619 658 3768 718 Θεοῦ

2178 745 2320 800 ἐστε
2351 742 2596 816 ζῶντος⁸
2627 749 2822 818 καθὼς
2851 747 3022 806 εἶπεν
3046 752 3080 806 ὸ
3116 752 3285 818 Θεὸς,
3317 752 3440 806 Ὅτι
3471 753 3768 818 ὲνοικήσω

2179 837 2252 892 ἐν
2281 840 2487 908 αὐτοῖς
2515 843 2614 896 καί
2651 842 3158 914 ἐμπεριπατήσω·
3191 843 3292 899 καὶ
3319 845 3531 913 ἔσομαι
3572 844 3770 899 αὐτῶν

2185 931 2349 998 Θεὸς,
2389 933 2489 987 καί
2534 934 2706 990 αὐτοί
2756 936 3006 992 ἔσονταί
3029 955 3133 1006 μοι
3173 933 3370 1003 λαός⁹;
3400 937 3462 988 Εἰ
3512 934 3608 990 οῦν
3639 936 3770 1005 Χρι-

2185 1022 2312 1076 στοῦ
2347 1023 2449 1094 μὲν
2496 1026 2660 1097 ἡμεῖς
2680 1025 2828 1094 ναδς,
2875 1027 2952 1091 ὡς
2987 1027 3200 1092 Παῦλος
3237 1027 3357 1098 βοᾷ,
3398 1026 3657 1097 μάρτυρα
3680 1023 3770 1078 τὸν

2196 1111 2428 1166 Ἡσαΐαν
2488 1117 2779 1184 προῖστάς,
2831 1117 2928 1171 καὶ
2978 1116 3078 1170 οὐκ
3123 1113 3281 1180 ἀλλος
3331 1111 3400 1189 ἦν
3443 1115 3597 1178 Θεὸς,
3645 1115 3676 1167 6
3714 1114 3772 1168 ἐν

2200 1202 2399 1277 Ἡσαΐᾳ
2419 1205 2680 1276 λαλήσας,
2705 1208 2822 1262 ἀλλ’
2847 1210 3014 1274 αὐτὸς
3036 1213 3065 1263 6
3084 1209 3180 1264 τοῦ
3211 1209 3347 1264 Θεοῦ
3377 1206 3524 1276 Υἰὸς,
3548 1199 3611 1263 οὗ
3644 1207 3772 1260 ναδν

491 1307 640 1377 ἡμᾶς
685 1307 714 1358 6
769 1303 1060 1364 Θεσπέσιος
1093 1299 1308 1363 Παῦλος
1353 1295 1461 1354 οῐδε
1494 1297 1591 1354 καὶ
1632 1292 1922 1352 ἀποκαλεῖ.
1972 1288 2076 1344 ποῦ
2116 1291 2177 1346 τὸ
2213 1295 2441 1369 πλάσμα
2480 1299 2577 1353 τοῦ
2612 1301 2899 1374 Πονηροῦ;
2947 1301 3051 1356 ποῦ
3087 1302 3146 1356 δέ
3218 1303 3253 1373 ἡ
3309 1301 3471 1356 διπλί
3533 1302 3631 1355 καὶ
3679 1301 3772 1355 ἀν-

489 1398 776 1470 τικειμένη
803 1397 944 1471 ἀρχή
967 1412 983 1463 ;
1264 1397 1266 1400 ’
1347 1465 1350 1467 γ

559 1493 702 1548 XVI.
727 1491 1058 1547 Porroidem
1074 1501 1328 1562 relegens
1356 1485 1607 1543 veritatis
1629 1483 1834 1543 lucem,
1868 1490 2078 1546 nosque

493 1588 560 1642 ad
594 1587 889 1656 puritatem
931 1593 986 1639 et
1012 1582 1380 1638 secessionem
1409 1579 1478 1634 ab
1517 1575 1749 1647 impuris
1776 1569 2080 1628 faciendam

491 1679 832 1741 cohortatus,
863 1675 993 1730 utin
1027 1674 1169 1729 ﬁlios
1196 1682 1253 1728 et
1281 1673 1420 1727 ﬁlias
1456 1669 1551 1723 Dei
1609 1668 1934 1726 referamur,
1964 1661 2077 1715 ait:

2253 1471 2372 1539 1G".
2428 1474 2547 1528 Ἔτι
2577 1473 2633 1528 δέ
2677 1475 3081 1532 ἀνακαλύπτων
3115 1477 3176 1532 τὸ
3208 1479 3310 1549 τῆς
3339 1477 3598 1550 ἀληθείας
3640 1480 3767 1550 φέγο

2180 1579 2298 1632 γος,
2331 1564 2424 1617 καί
2462 1565 2739 1636 καθαροὺς
2768 1568 2918 1640 ἡμᾶς
2961 1568 3056 1622 καί⁵
3099 1569 3519 1639 ἀφωρισμένους
3551 1587 3771 1642 παραγ-

2180 1655 2390 1725 γέλλων
2418 1651 2557 1712 εἶναι
2585 1659 2696 1712 τῶν
2733 1660 3060 1734 ἀκαθάρτων
3084 1701 3100 1726 ,
3131 1661 3212 1727 ὼς
3239 1660 3316 1716 ἂν
3346 1662 3433 1728 είς
3471 1661 3647 1728 υιοὺς
3675 1662 3771 1716 καί

504 1769 605 1824 Vos
631 1769 940 1823 enimeritis
983 1765 1109 1820 mihi
1134 1766 1189 1819 in
1218 1765 1355 1833 ﬁlios
1393 1774 1440 1817 et
1474 1761 1615 1831 ﬁlias
1633 1762 1698 1813 "‘.
1734 1759 2077 1813 Commemo-

2184 1751 2546 1820 θυγατέρας,
2579 1753 2774 1822 ἐπάγει
2806 1755 2899 1808 καὶ
2927 1755 3018 1808 τὸν
3047 1753 3518 1826 ἐπαγγειλάμενον
3554 1753 3767 1823 ταῦτα,

493 1871 578 1917 rat
606 1877 739 1918 vero
773 1861 938 1916 etiam
956 1875 1102 1927 eum,
1125 1858 1218 1930 qui
1242 1859 1362 1913 haec
1398 1855 1471 1912 sit
1487 1854 1786 1926 pollicitus,
1809 1849 1953 1920 quod
1973 1846 2079 1901 sci-

494 1955 621 2010 licet
647 1952 909 2008 Dominus
948 1952 1021 2006 sit
1052 1951 1425 2021 omnipotens.
1459 1947 1632 2003 Simul
1670 1945 1833 2000 etiam
1879 1939 2078 2006 innuit,

491 2048 563 2104 ad
585 2063 726 2118 quos
756 2046 1072 2117 pertineant
1102 2045 1186 2100 hae
1213 2042 1628 2115 promissiones,
1655 2051 1852 2106 nempe
1881 2034 1950 2089 ad
1980 2047 2082 2086 nos

491 2156 592 2212 per
607 2150 812 2212 patres.
847 2137 1140 2208 Subjungit
1163 2137 1310 2192 enim
1337 2152 1351 2190 :
1374 2135 1497 2190 Ilaec
1519 2135 1679 2204 igitur
1701 2128 1960 2200 promissa
1983 2124 2082 2178 ha-

489 2237 686 2300 bentes,
717 2232 916 2298 dilecti,
939 2231 1276 2301 puri/icemus
1300 2244 1390 2282 nos
1438 2228 1580 2296 ipsos
1617 2224 1684 2277 ab
1708 2222 1946 2277 omnibus
1974 2235 2085 2273 sor-

488 2327 640 2381 dibus
673 2327 848 2381 carnis
883 2335 933 2379 et
985 2324 1224 2394 spiritus,
1259 2321 1584 2392 perﬁcientes
1606 2315 2082 2386 sancti/icationem

487 2422 546 2475 in
571 2422 756 2475 timore
781 2419 876 2473 Dei
918 2418 1199 2487 ".ltaque
1253 2414 1416 2470 nobis
1460 2413 1578 2468 luec
1626 2410 1894 2482 promissa
1938 2407 2079 2462 facta

490 2518 644 2576 sunt,
678 2508 837 2563 initio
862 2507 1007 2562 facto
1063 2523 1094 2561 a
1133 2505 1404 2577 patribus.
1435 2503 1502 2557 Et
1549 2501 1708 2571 cujus
1731 2499 1827 2554 Dci
1876 2499 1966 2552 ille
1995 2505 2081 2552 est

489 2601 754 2674 populus,
789 2599 1035 2671 ejusdem
1060 2613 1250 2653 sumus
1282 2605 1336 2652 et
1363 2611 1504 2651 nos:
1556 2603 1612 2649 et
1643 2595 1785 2647 sicut
1826 2591 2079 2647 homines

491 2695 616 2768 puri
646 2693 894 2764 castique
929 2691 1137 2748 veteris
1161 2689 1472 2746 testamenti
1515 2687 1774 2756 templum
1797 2693 1926 2741 sunt
1957 2683 2077 2750 Dei,

492 2786 568 2842 ita
593 2798 812 2856 quoque
839 2783 962 2854 puri
991 2783 1048 2836 in
1078 2797 1221 2836 novo
1251 2788 1579 2836 testamento
1627 2777 1888 2848 templum
1929 2775 2079 2845 ejus-

493 2877 617 2934 dem
664 2877 759 2932 Dei
790 2885 940 2931 sunt.
969 2874 1107 2929 Dum
1162 2886 1346 2929 autem
1411 2887 1536 2927 eum
1568 2871 1915 2926 conditorem
1959 2883 2080 2923 om.

492 2969 648 3026 nium
673 2969 818 3024 idem
850 2966 1095 3024 veritatis
1121 2982 1297 3038 praeco
1346 2963 1649 3036 saepissime
1673 2962 1930 3035 appellat,
1963 2977 2076 3015 non

494 3063 676 3118 minus
723 3063 944 3117 Patrem
994 3061 1212 3116 Domini
1260 3060 1433 3116 nostri
1488 3059 1618 3115 Jesu
1655 3056 1880 3123 Christi,
1911 3069 2073 3127 quam

492 3169 684 3211 verum
715 3154 836 3224 ejus
860 3153 1058 3209 Filium
1102 3152 1382 3223 praedicat,
1410 3153 1464 3206 in
1495 3152 1563 3208 iis
1600 3166 1818 3222 quoque
1843 3124 1998 3216 locis,
2021 3149 2078 3203 in
2102 3124 2147 3187 Ο

495 3246 701 3318 quibus
729 3246 960 3317 gratiam
1019 3245 1124 3301 sibi
1169 3245 1374 3311 datam,
1407 3254 1465 3300 et
1523 3245 1634 3301 vim
1688 3244 1934 3316 mysterii
1975 3242 2078 3299 sibi

495 3338 689 3395 crediti
731 3338 994 3394 celebrat.
1043 3336 1271 3394 Monens
1327 3338 1496 3404 enim,
1522 3337 1648 3402 sibi,
1689 3337 1915 3392 minimo
1952 3351 2077 3392 om-

493 3430 671 3495 nium,
726 3430 910 3486 datam
939 3445 1063 3485 esse
1103 3431 1329 3501 gratiam
1374 3429 1739 3485 annuntiandi
1779 3428 2078 3501 gentilibus

493 3521 716 3578 divitias
748 3519 1252 3590 imperscrutabiles
1281 3520 1504 3586 Christi,
1524 3530 1580 3576 et
1607 3519 1843 3576 docendi
1863 3533 2075 3586 omnes,

492 3627 618 3684 quae
686 3613 758 3666 sit
821 3612 1126 3669 mconomia
1183 3613 1424 3684 mysterii
1476 3629 1506 3668 a
1560 3613 1777 3668 saaculis
1846 3612 1901 3667 in
1962 3611 2076 3666 Deo

492 3703 836 3770 absconditi;
898 3702 1081 3758 statim
1123 3702 1311 3758 addit:
1346 3702 1450 3768 Qui
1493 3704 1672 3757 omnia
1734 3703 1932 3756 creavit
1981 3717 2076 3771 per

488 3795 671 3850 Jesum
721 3793 1009 3850 Clu-istum.
1059 3794 1248 3864 Itaque
1312 3795 1560 3848 omnium
1622 3792 1872 3848 conditor
1915 3793 2077 3848 Pater

489 3895 595 3950 est,
647 3887 893 3941 omnium
939 3901 1072 3942 vero
1131 3886 1384 3943 conditor
1435 3887 1596 3941 etiam
1668 3885 1858 3941 Filius.
1923 3886 2078 3941 Sicut

490 3979 640 4034 enim
697 3988 910 4045 natura,
959 3979 1031 4032 ita
1095 3987 1152 4033 et
1215 3989 1493 4050 potestas,
1559 3985 1615 4033 et
1682 3978 1994 4049 imperium,
2022 3986 2077 4032 ct

493 4071 753 4140 potentia,
783 4082 838 4126 et
877 4071 1082 4127 creatio
1121 4071 1415 4127 visibilium
1457 4071 1700 4126 omnium
1741 4078 1798 4126 et
1829 4070 2075 4125 invisibi-

493 4164 649 4230 lium,
670 4178 735 4218 ac
758 4178 941 4218 rerum
977 4178 1041 4217 ex
1062 4177 1172 4218 non
1195 4164 1588 4219 exsistentibus
1609 4163 1676 4218 ad
1695 4161 2071 4218 exsistentiam

491 4253 781 4327 productio
827 4255 1142 4308 communia
1190 4253 1410 4324 utrique
1457 4263 1514 4310 et
1543 4254 1773 4309 indivisa
1823 4262 1972 4308 sunt.
2005 4252 2074 4308 Et

492 4354 622 4418 post
645 4361 816 4416 pauca
847 4362 861 4400 :
894 4343 1185 4414 Propterea
1215 4347 1368 4416 ﬂecto
1393 4361 1565 4416 genua
1597 4361 1712 4399 mea
1744 4345 1815 4398 ad
1851 4344 2071 4398 Patrem

2183 1840 2268 1895 ὅτι
2313 1842 2519 1914 Κύριός
2557 1845 2675 1898 ἐστι
2705 1847 3131 1918 παντοκράτωρο
3168 1847 3553 1902 συνδιαπλέκει
3581 1847 3641 1900 δὲ
3679 1849 3772 1901 καί

2185 1932 2320 2002 πρὸς
2363 1935 2518 1998 τίνας
2568 1937 2625 1989 αἰ
2672 1937 3031 2008 ἐπαγγελίαι,
3079 1936 3162 1992 ὅτι
3217 1937 3308 1992 διὰ
3361 1940 3472 1993 τῶν
3515 1939 3772 2010 πατέρων

2183 2021 2320 2093 πρὸς
2353 2023 2502 2095 ἡμᾶς
2527 2041 2541 2056 ο
2593 2027 2844 2098 ἐπιφέρει
2905 2028 3052 2099 γάρ·
3099 2029 3326 2096 Ταύτας
3381 2021 3495 2086 οὗν
3518 2030 3771 2100 ἔχοντες

2181 2116 2291 2184 τὰς
2310 2117 2694 2190 ἐπαγγελίας,
2723 2122 2922 2192 aram:
2931 2125 3042 2189 τοί,
3073 2122 3492 2195 καθαρίσωμεν
3511 2119 3768 2192 ἑαυτοὺς

2181 2209 2303 2263 ἀπὸ
2337 2213 2568 2280 παντὸς
2595 2215 2920 2284 μολυσμοῦ
2964 2216 3192 2284 σαρκὸς
3232 2216 3333 2270 καί
3385 2218 3766 2287 πνεύματος,

2180 2300 2607 2372 ἐπιτελοῦντες
2650 2305 2996 2377 ἁγιωσύνην
3045 2307 3116 2362 ἐν
3161 2309 3324 2378 φόϐῳ
3372 2308 3542 2364 Θεοῦ.
3601 2309 3767 2362 Ὥστε

2182 2395 2346 2466 ἡμεῖς
2372 2397 2472 2468 μὲν
2494 2399 2886 2471 ἐπηγγέλμεθα
2914 2401 3110 2468 ταῦτα,
3134 2401 3452 2474 ἀρξαμένης
3471 2403 3570 2472 τῆς
3594 2405 3768 2469 ἐπαγ⁸

2180 2486 2371 2555 γελίας
2399 2489 2511 2543 ἀπὸ
2537 2486 2656 2545 τῶν
2677 2492 2955 2564 πατέρων.
2985 2495 3098 2547 Καὶ
3129 2485 3302 2564 οὗπερ
3335 2496 3546 2558 ἐκεῖνος
3570 2493 3598 2546 6
3641 2490 3766 2557 λαὸς

2179 2578 2338 2647 Θεοῦ,
2360 2580 2453 2635 τοῦ
2481 2580 2649 2636 αὐτοῦ
2672 2583 2766 2638 καί
2787 2585 2951 2654 ἡμεῖς
2969 2602 2982 2616 ο
3010 2586 3105 2639 καὶ
3128 2585 3203 2649 ὡς
3234 2585 3343 2640 τῶν
3371 2586 3432 2639 ἐν
3457 2587 3525 2656 τῇ
3551 2582 3766 2656 Παλαιᾷ

2178 2674 2229 2728 οἰ
2261 2674 2499 2746 καθαροὶ
2529 2675 2657 2740 ναὸς
2687 2676 2781 2730 τοῦ
2801 2677 2961 2742 Θεοῦ,
2985 2677 3127 2732 οὕτω
3153 2679 3246 2732 καὶ
3275 2678 3325 2731 οἰ
3351 2679 3408 2732 ὲν
3436 2682 3504 2750 τῇ
3522 2678 3644 2749 Νέᾳ
3666 2697 3764 2731 κα-

2180 2765 2339 2837 θαροί
2367 2767 2492 2832 ναὸς
2517 2767 2613 2821 τοῦ
2641 2768 2809 2823 αὐτοῦ
2839 2769 2999 2824 Θεοῦ.
3033 2769 3277 2842 Κτίστην
3305 2769 3362 2824 δέ
3397 2770 3623 2825 πάντων
3661 2770 3765 2824 πά-

2179 2858 2262 2912 λιν
2287 2858 2548 2925 πολλάκις
2564 2862 2593 2914 6
2615 2861 2778 2926 αὐτὸς
2800 2862 2903 2932 τῆς
2928 2862 3187 2933 ἀληθείας
3207 2861 3544 2931 διαγγέλλων
3567 2862 3764 2934 κήρυξ,

2177 2953 2272 3009 τόν
2302 2970 2362 3006 τε
2389 2953 2612 3025 Πατέρα
2629 2954 2724 3008 τοῦ
2755 2955 2962 3027 Κυρίου
2981 2954 3139 3025 ἡμῶν
3172 2954 3348 3025 ἰησοῦ
3375 2955 3640 3027 Χριστοῦ,
3671 2958 3765 3009 καὶ

2179 3044 2345 3100 αὑτὸν
2381 3044 2472 3100 τὸν
2502 3045 2759 3116 ἀληθινὸν
2794 3045 2960 3099 αὐτοῦ
3000 3046 3129 3100 Υἰδν
3165 3047 3319 3101 οὐδὲν
3354 3040 3519 3118 ἦττον
3554 3065 3766 3118 καταγ-

2180 3141 2380 3210 γέλλει,
2406 3139 2502 3195 καί
2524 3140 2582 3195 ἐν
2610 3132 2876 3211 οἷςὺμνεῖ
2895 3139 2996 3212 τὴν
3017 3140 3176 3212 χάριν
3196 3141 3295 3213 τὴν
3316 3141 3569 3197 δοθεῖσαν
3590 3143 3763 3213 αὐτῷ,

2182 3233 2276 3286 καὶ
2322 3231 2416 3285 τοῦ
2456 3231 2990 3295 καταπιστευθέντος
3023 3232 3330 3304 μυστηρίου
3375 3233 3474 3305 τὴν
3506 3234 3762 3305 δύναμιν.

2178 3321 2366 3376 Εἰπὼν
2378 3322 2507 3394 γὰρ,
2525 3322 2602 3386 ὡς
2625 3341 2644 3374 ι
2663 3321 2823 3394 Ἐμοί⁴
2849 3323 2925 3394 τῷ
2941 3323 3342 3397 ἐλαχιστοτέρῳ
3364 3325 3586 3380 πάντων
3607 3325 3765 3396 ἐδόθη

2179 3416 2212 3486 ή
2253 3414 2415 3486 χάρις
2460 3414 2601 3485 αὕτη
2655 3415 2715 3468 ἐν
2751 3417 2865 3479 τοῖς
2909 3415 3119 3470 ἔθνεσιν
3160 3416 3628 3487 εὐαγγελίσασθαι
3672 3416 3764 3472 τὸν

2177 3507 2586 3578 ἀνεξιχνίαστον
2645 3506 2875 3562 πλοῦτον
2927 3507 3024 3562 τοῦ
3079 3509 3319 3580 Χριστοῦ
3373 3511 3470 3564 καί
3527 3512 3762 3581 φωτίσαι

2177 3597 2410 3664 πάντας,
2459 3599 2542 3664 τίς
2572 3601 2606 3671 ἡ
2641 3599 2929 3671 οἰκονομία
2963 3598 3060 3653 τοῦ
3096 3601 3400 3672 μυστηρίου
3436 3601 3532 3655 τοῦ
3559 3605 3762 3656 ἀποκε-

2178 3691 2498 3764 κρυμμένου
2529 3691 2640 3745 ἀπὸ
2667 3691 2778 3745 τῶν
2808 3691 3022 3747 αἰώνων
3037 3693 3096 3746 ἐν
3113 3692 3192 3762 τῷ
3207 3693 3379 3765 Θεῷ.»
3407 3694 3610 3749 αὐτίκα
3637 3713 3764 3748 συν-

2177 3785 2343 3838 άπτει
2364 3800 2378 3814 ο
2400 3782 2477 3853 τῷ
2501 3783 2574 3836 τὰ
2590 3782 2789 3838 πάντα
2815 3784 3093 3838 κτίσαντι
3109 3783 3207 3838 διὰ
3238 3786 3435 3854 Ἰησοῦ
3464 3789 3726 3856 Χριστοῦ
3745 3805 3759 3820 '

2177 3877 2319 3930 ὥστε
2355 3874 2575 3930 πάντων
2609 3871 2710 3943 μὲν
2735 3874 2963 3946 κτίστης
2985 3877 3012 3929 6
3049 3875 3258 3948 Πατὴρ,
3293 3878 3513 3932 πάντων
3542 3879 3603 3933 δὲ
3650 3881 3758 3934 κτί-

2179 3987 2311 4040 στης
2327 3970 2356 4023 6
2371 3969 2522 4033 Υἰὸς.
2538 3967 2734 4023 Κοινδν
2755 3968 2866 4039 γὰρ
2886 3968 2981 4021 καὶ
2999 3967 3294 4038 ἀδιάφορον
3314 3969 3505 4042 ὥσπερ
3523 3971 3559 4042 ἡ
3577 3971 3759 4040 φύσις,

2177 4063 2276 4116 καλ⁴
2304 4063 2337 4133 ἡ
2369 4061 2595 4127 ἐξουσία
2625 4062 2720 4116 καὶ
2744 4062 2778 4132 ἡ
2807 4058 3079 4131 βασιλεία,
3115 4062 3266 4135 καινὴ
3295 4061 3634 4135 δημιουργία
3656 4066 3764 4119 τῶν

2176 4153 2393 4226 ὁρατῶν
2415 4171 2476 4206 τε
2508 4153 2728 4207 πάντων
2749 4152 2845 4206 καὶ
2879 4151 3151 4222 ἀοράτων,
3185 4133 3280 4205 καὶ
3318 4154 3352 4224 ἡ
3375 4153 3436 4218 ἐξ
3460 4133 3564 4207 οίκ
3590 4155 3762 4208 ὄντων

2175 4248 2256 4310 εἰς
2284 4244 2347 4298 τὸ
2390 4240 2532 4298 εἶναι
2561 4242 2865 4316 προαγωγὴ
2891 4244 2984 4297 καὶ
3009 4245 3284 4309 οὐσὶωσις.
3334 4246 3446 4300 Καὶ
3484 4248 3607 4317 μετ’
3650 4247 3763 4301 ὀλί-

2173 4355 2298 4407 γον’
2337 4339 2560 4392 Τούτου
2586 4333 2764 4406 χάριν
2819 4334 3064 4406 κάμπτω
3098 4335 3170 4390 τὰ
3209 4334 3430 4406 γόνατά
3454 4355 3578 4406 μου
3611 4339 3763 4407 πρὸς

490 4439 709 4494 Domini
738 4437 901 4493 nostri
946 4437 1072 4492 Jesu
1100 4436 1314 4505 Christi,
1343 4455 1406 4492 ex
1432 4455 1533 4510 quo
1567 4438 1734 4491 omnis
1773 4433 2070 4508 patet-nitas

2180 4432 2284 4487 τὸν
2306 4431 2540 4500 Πατέρα
2559 4429 2667 4485 τοῦ
2697 4431 2915 4498 Κυρίου
2939 4430 3109 4499 ἡμῶν
3146 4431 3350 4498 Ἰησοῦ
3385 4433 3670 4503 Χριστοῦ,
3694 4436 3762 4500 ἐξ

487 4537 545 4589 in
574 4532 701 4588 caelo
729 4541 777 4587 et
805 4533 862 4586 in
888 4540 1031 4587 terra
1075 4533 1382 4586 nominatur
1419 4534 1486 4586 ⁷ο.
1519 4529 1713 4587 Omnis
1749 4531 2070 4602 paternitas,

489 4625 702 4696 inquit,
734 4638 846 4679 non
906 4631 1091 4679 autem
1127 4639 1142 4678 :
1178 4623 1382 4695 aliqua,
1431 4623 1538 4678 alia
1585 4638 1718 4679 vero
1759 4638 1871 4678 non
1917 4623 2072 4679 item.

486 4716 677 4787 Neque
717 4716 787 4772 de
835 4716 986 4773 omni
1039 4715 1246 4772 caelesti
1299 4716 1476 4771 solum
1532 4715 1808 4786 loquitur,
1864 4716 1958 4772 sed
2005 4717 2072 4772 de

489 4812 663 4876 omni,
685 4811 803 4866 sive
827 4811 1107 4867 caelestem
1127 4811 1296 4877 dicas,
1317 4809 1434 4865 sive
1453 4819 1792 4878 terrestrem,
1813 4811 1932 4866 sive
1948 4825 2072 4865 om-

488 4917 636 4970 nem,
689 4903 804 4959 sive
847 4912 1059 4974 partem
1095 4921 1108 4958 :
1144 4903 1393 4960 omnium
1445 4903 1666 4958 illorum
1711 4901 1962 4958 conditor
1987 4910 2073 4958 est

493 4994 637 5049 Deus
665 5003 720 5049 et
743 4993 906 5050 Pater
937 4995 1170 5051 Domini
1223 4995 1400 5050 nostri
1449 4993 1581 5051 Jesu
1626 4996 1835 5052 Christi
1871 5014 1885 5050 :
1916 5011 1982 5052 ex
2008 5010 2075 5051 eo

489 5081 637 5138 enim
685 5083 866 5139 omnis
913 5085 1214 5154 paternitas
1259 5084 1316 5139 in
1362 5083 1503 5140 caelo
1531 5092 1588 5139 et
1615 5085 1668 5139 in
1708 5094 1890 5151 terra,
1928 5084 2074 5140 sicut

490 5172 637 5227 clare
666 5171 900 5239 Paulus,
935 5182 1210 5243 spectator
1253 5175 1398 5231 idem
1424 5183 1481 5234 et
1507 5175 1702 5231 doctor
1731 5191 1916 5231 rerum
1940 5176 2070 5231 abs-

489 5263 871 5327 conditarum,
927 5264 1288 5333 pronuntiat,
1346 5264 1686 5320 nominatur.
1745 5265 1890 5322 Alibi
1942 5280 2076 5320 vero

491 5358 686 5412 eodem
714 5355 875 5412 modo
905 5357 970 5411 de
1005 5355 1114 5412 Deo
1137 5356 1416 5414 disserens
1449 5358 1525 5413 ait
1555 5377 1568 5413 :
1601 5358 1714 5414 Una
1747 5359 1905 5428 ﬁdes,
1935 5375 2069 5413 unus

493 5452 818 5521 baptismus,
867 5466 1004 5504 unus
1043 5449 1181 5503 Deus
1214 5459 1264 5503 et
1308 5449 1478 5505 Pater
1533 5451 1800 5517 omnium,
1853 5450 1944 5521 qui
2001 5459 2076 5503 est

488 5557 646 5611 super
695 5540 872 5595 omnia
910 5548 961 5594 et
999 5555 1092 5608 per
1122 5540 1335 5606 omnia,
1367 5550 1416 5596 et
1456 5542 1511 5594 in
1551 5540 1698 5596 nobis
1733 5541 1974 5597 onmibus
2005 5541 2074 5596 ⁷³.

2176 4520 2250 4581 οὗ
2279 4522 2450 4578 πᾶσα
2479 4521 2697 4591 πατριὰ
2729 4521 2800 4574 ἐν
2828 4519 3064 4590 οὐρανῷ
3090 4523 3190 4576 καὶ
3220 4523 3320 4576 ἐπὶ
3347 4523 3461 4594 γῆς
3485 4524 3762 4596 ὀνομάζε-

2175 4636 2290 4674 ται.
2316 4649 2384 4658 -
2413 4613 2592 4671 Πᾶσα
2622 4615 2862 4684 πατριὰ,
2893 4617 3080 4684 φησὶν,
3111 4615 3266 4686 οὐχί·
3318 4617 3403 4680 τὶς
3436 4617 3556 4688 μὲν,
3596 4621 3684 4684 τὶς
3717 4621 3763 4674 δ’

2171 4709 2256 4778 οὒ,
2284 4709 2405 4763 οὐδὲ
2439 4708 2648 4778 ’πᾶσαὴ
2695 4707 2945 4777 οὐράνιος
2996 4707 3156 4778 μόνη,
3187 4707 3325 4762 ἀλλά
3366 4709 3469 4763 κᾶν
3506 4711 3763 4780 οὐράνιον

2171 4803 2358 4874 εἴπῃς,
2409 4800 2513 4854 κᾶν
2565 4798 2830 4867 ἐπίγειον,
2892 4799 2996 4853 κᾶν
3028 4800 3216 4871 μέρος,
3267 4801 3474 4856 τούτων
3502 4804 3765 4859 ἁπάντων

2174 4895 2292 4948 ἐστί
2317 4890 2654 4964 δημιουργὸς
2683 4893 2713 4945 6
2742 4888 2874 4953 Θεὸς
2896 4889 2991 4944 καὶ
3022 4890 3214 4962 Πατὴρ
3236 4889 3333 4944 τοῦ
3362 4893 3568 4964 Κυρίου
3601 4895 3765 4965 ἡμῶν

2186 4985 2365 5058 Ἰησοῦ
2388 4983 2626 5056 Χριστοῦ
2652 4999 2667 5014 ο
2704 4982 2764 5049 ἐξ
2786 4980 2954 5037 αὐτοῦ
2979 4981 3088 5054 γὰρ
3133 4985 3286 5037 πᾶσα
3319 4987 3527 5055 πατριά
3575 4986 3638 5040 ἐν
3669 4987 3763 5039 οὺ-

2178 5076 2328 5150 ρανῷ
2357 5077 2455 5131 καί⁹
2482 5075 2579 5130 ἐπὶ
2610 5074 2736 5144 γῆς,
2761 5074 2837 5138 ὡς
2885 5072 3256 5144 ἀνακηρύττει
3297 5073 3569 5146 λαμπρῶς
3599 5075 3631 5128 6
3657 5075 3765 5129 τῶν

2176 5171 2508 5242 ἀπορρήτων
2540 5168 2635 5222 καὶ
2668 5165 2867 5237 θεατὴς
2892 5167 2989 5219 κοιλ⁸
3033 5165 3376 5232 διδάσκαλος,
3409 5166 3762 5236 ὀνομάζεται.

2175 5265 2286 5319 Καὶ
2301 5265 2358 5316 ἐν
2375 5261 2556 5324 ἀλλοις
2580 5260 2639 5313 δὲ
2656 5259 2722 5313 τὰ
2746 5258 2885 5311 αὐτὰ
2911 5257 3202 5326 θεολογῶν,
3221 5253 3326 5325 Εἷς
3343 5260 3582 5328 Κύριος,
3603 5261 3764 5328 φησὶ,

2175 5357 2286 5426 μία
2313 5355 2541 5419 πίστις,
2595 5349 2665 5406 ἒν
2691 5348 3030 5419 βάπτισμα,
3082 5345 3172 5416 εἷς
3214 5350 3361 5416 Θεὸς
3400 5351 3500 5404 καὶ
3557 5349 3768 5420 Πατὴρ

2180 5447 2442 5512 πάντων,
2476 5447 2510 5498 δ
2548 5441 2650 5497 ἐπὶ
2695 5439 2959 5506 πάντων,
2988 5439 3089 5494 καί
3137 5439 3236 5496 διὰ
3275 5440 3537 5510 πάντων,
3567 5440 3672 5495 καὶ
3697 5442 3768 5495 ἐν

2181 5540 2372 5598 πᾶσιν
2396 5537 2564 5608 ἡμῖν.
2607 5534 2956 5589 ’Δδιάστατον
2991 5532 3048 5585 δὲ
3077 5533 3172 5587 καί⁵
3221 5533 3539 5609 ἀμέριστον,
3568 5532 3768 5606 ὥσπερ

560 5723 603 5755 ατ
640 5723 680 5778 ιι
705 5723 829 5780 Cor.
859 5742 934 5796 γι,
972 5725 1052 5782 ιδ.
1131 5727 1174 5760 σε
1206 5724 1337 5783 ibid.
1380 5729 1461 5785 l8.
1500 5728 1583 5805 ,σε
1623 5726 1668 5784 ιι
1691 5728 1817 5786 Cor.
1853 5745 1950 5798 νη,
1990 5727 2042 5784 ι.

2194 5728 2398 5800 Ephes.
2427 5744 2514 5798 ιιι,
2541 5727 2630 5784 Η.
2705 5727 2748 5760 τι
2791 5723 2992 5797 Ephes.
3027 5737 3102 5793 tv,
3131 5722 3184 5782 5-
