3886 6426
153 295 244 359 ί65

1163 290 1457 352 CONTRA
1495 290 1955 352 MANICIL’EOS
1994 292 2224 351 LIBER
2262 292 2375 352 IlI.

3305 289 3405 356 106

147 412 232 479 τὴν
257 403 418 475 φύσιν
441 404 537 457 καὶ
568 403 629 456 τὸ
660 403 898 473 θέλημα,
937 401 1083 456 οῦτω
1110 403 1204 457 καὶ
1221 404 1319 474 τὴν
1349 404 1717 475 δημιουργίαν

1826 404 2067 475 Cumque
2120 405 2264 458 idem
2301 412 2490 457 nosset
2518 402 2731 458 Patrem
2758 413 2815 457 ct
2840 403 3057 470 Filium,
3086 404 3229 460 sicut
3257 407 3402 476 quod

148 501 229 554 καὶ
258 499 318 550 τὸ
355 498 559 567 κράτος
613 494 769 557 εἰδὼς
799 494 894 547 τοῦ
930 495 1166 566 Πατρὸς,
1198 498 1295 549 καὶ
1337 494 1432 549 τοῦ
1466 496 1623 560 Υίοῦ,
1650 496 1718 550 τὰ

148 591 273 645 αὐτὰ
304 590 398 643 καὶ
427 590 560 659 περὶ
584 587 678 641 τοῦ
705 589 960 658 Σωτῆρος
1003 588 1549 659 πεπαρρησιασμένῃ
1582 589 1718 658 κρά-

148 684 217 747 ζει
236 685 407 750 φωνῇ.
453 681 559 734 Ἐν
582 679 745 745 αὐτῷ
774 682 905 749 γὰρ,
934 681 1092 750 φησὶ,
1117 681 1363 748 ἐκτίσθη
1393 681 1464 734 τὰ
1498 683 1715 736 πάντα.

146 773 370 842 Πρόσεχε
393 786 409 799 ³
435 771 512 825 Τὰ
540 771 761 834 πάντα,
782 772 850 824 τὰ
880 775 937 825 ἐν
971 774 1085 833 τοῖς
1127 772 1379 842 οὐρανοῖς
1410 773 1504 825 καὶ
1531 772 1600 827 τὰ
1625 772 1719 826 ἐπὶ

144 865 230 933 τῆς
250 863 371 933 γῆς.
425 862 537 914 Καὶ
588 863 678 915 ἴνα
713 863 790 932 μὴ
834 867 867 933 ὴ
927 864 1093 935 μανία
1127 864 1328 934 λήρους
1361 863 1555 928 ἄλλους
1597 866 1718 928 ταῖς

146 956 303 1025 ἱεραῖς
332 956 541 1022 φωναῖς
582 953 854 1026 ὑποϐάλῃ,
908 954 988 1008 ἔτι
1043 957 1183 1010 κατά
1231 956 1515 1027 συνέχειαν
1557 957 1717 1025 ἐπεξ-

144 1049 362 1116 ηγείται,
383 1046 508 1099 τίνα
533 1046 642 1099 εἰσὶ
672 1047 741 1100 τὰ
770 1048 829 1099 ἐν
868 1050 979 1111 τοῖς
1013 1048 1264 1120 οὐρανοῖς
1294 1051 1387 1102 καὶ
1412 1050 1480 1103 τὰ
1499 1051 1591 1104 ἐπὶ
1618 1051 1717 1121 τῆς

144 1138 257 1205 γῆς,
289 1140 369 1190 ὅτι
400 1137 472 1189 τὰ
501 1138 673 1205 ὁρατὰ
700 1139 796 1190 καὶ
824 1138 895 1191 τὰ
926 1140 1158 1209 ἀόρατα,
1191 1140 1284 1193 καὶ
1331 1140 1508 1195 ταῦτα
1542 1142 1718 1195 πάντα

143 1230 195 1281 ὲν
224 1227 371 1297 αὐτῷ
410 1244 551 1297 φησι
582 1229 852 1293 ἐκτίσθαι,
894 1234 990 1284 καὶ
1013 1231 1083 1283 δι’
1110 1231 1274 1284 αὐτοῦ
1304 1234 1399 1285 καὶ
1429 1234 1506 1297 εἰς
1531 1235 1716 1289 αὐτόν.

148 1317 257 1379 Πῶς
276 1314 370 1370 οῦν
406 1318 443 1387 ὴ
471 1319 814 1389 ἀποστατικὴ
836 1320 1011 1374 λύσσα
1049 1323 1159 1375 τῶν
1196 1325 1295 1394 μὲν
1318 1325 1530 1395 ὁρατῶν
1559 1326 1720 1381 ἄλλον

148 1408 362 1477 πράττει
412 1412 671 1479 ποιητὴν,
723 1411 882 1465 ἄλλον
913 1413 971 1465 δὲ
1020 1414 1126 1466 τῶν
1172 1415 1464 1484 ἀοράτων;
1503 1419 1565 1471 Εἰ
1611 1419 1721 1489 γὰρ

149 1500 312 1553 πάντα
350 1499 443 1553 διὰ
492 1501 730 1570 Χριστοῦ
762 1503 859 1555 καὶ
905 1505 986 1567 είς
1028 1505 1265 1576 Χριστὸν
1304 1505 1573 1571 ἔκτισται,
1626 1511 1722 1562 καὶ

148 1591 295 1653 αὐτός
326 1594 446 1644 ἐστι
477 1593 586 1661 πρὸ
617 1594 860 1660 πάντων,
896 1597 990 1648 καὶ
1021 1596 1090 1649 τὰ
1122 1596 1301 1649 πάντα
1332 1601 1388 1652 ἐν
1413 1600 1564 1669 αὐτῷ
1590 1619 1719 1654 συν-

146 1684 361 1752 έστηκε,
394 1683 501 1736 ποῦ
549 1686 582 1755 ἡ
612 1685 945 1756 δημιουργία
984 1687 1079 1740 τοῦ
1116 1689 1353 1760 ,Ἐχθροῦ
1377 1708 1390 1755 ;
1418 1694 1525 1745 Καὶ
1558 1693 1722 1757 αὐτὸς

150 1772 237 1842 μὲν
257 1776 284 1825 ὁ
316 1773 545 1841 ’Δγαθὸς
572 1776 839 1845 προάγει·
861 1778 1115 1847 προάγων
1143 1779 1201 1833 δὲ
1225 1782 1455 1850 συνέχει,
1482 1785 1720 1854 συνέχων

146 1864 311 1917 δὲκαὶ
351 1865 452 1932 τῆς
502 1866 766 1935 διαμονῆς
809 1871 1142 1937 προνοεῖται.
1201 1871 1294 1924 Ἐκ
1342 1874 1504 1936 ποίας
1554 1875 1721 1946 ἄλλης

146 1955 418 2025 ἐνεργείας
456 1955 687 2007 δώσουσι
746 1956 856 2008 τῶν
900 1956 993 2009 τοῦ
1034 1958 1169 2011 Θεοῦ
1214 1960 1721 2033 δημιουργημάτων

148 2045 232 2112 τὴν
248 2044 503 2110 ἐξουσίαν
526 2046 603 2115 τῷ
637 2047 758 2115 Ἐχθ
770 2047 867 2117 ρῷ,
887 2048 935 2100 εί
969 2050 1042 2119 μὴ
1069 2051 1178 2120 ἄρα
1209 2051 1274 2105 δι’
1294 2053 1494 2121 αὐτῶν,
1517 2057 1576 2109 ἐν
1592 2050 1635 2123 ᾧ
1660 2075 1722 2111 τε

149 2135 428 2205 πληρωταὶ
461 2138 567 2190 τῶν
585 2136 907 2208 θελημάτων
933 2140 1039 2193 εἰσὶ
1077 2143 1173 2196 τοῦ
1209 2144 1333 2215 Ἐχο
1345 2146 1437 2215 ροῦ
1455 2188 1469 2213 ,
1496 2151 1589 2201 καὶ
1602 2149 1659 2202 ὲν
1678 2143 1723 2218 ᾧ

152 2228 217 2298 μὴ
245 2227 558 2299 πεφρίκασι
582 2230 872 2300 θεομαχεῖν
893 2249 907 2297 ;
932 2228 1091 2286 Οὐτοι
1120 2236 1230 2307 γὰρ
1261 2239 1402 2292 κατὰ
1422 2239 1519 2292 τοῦ
1540 2241 1721 2295 κοινοῦ

151 2319 411 2373 Δεσπότου
448 2322 543 2373 καὶ
576 2321 818 2376 πλάστου
877 2325 1053 2396 στόμα
1097 2326 1469 2395 πλατύναντες
1511 2332 1723 2403 δύσφη-

153 2429 264 2481 μον,
307 2413 403 2466 καὶ
429 2412 574 2466 κατὰ
596 2415 695 2485 τῆς
727 2415 1129 2489 δημιουργικῆς
1153 2421 1320 2475 αὐτοῦ
1350 2424 1720 2497 ἐπανιστάμε-

150 2519 222 2555 νοι
257 2504 600 2574 κυριότητος,
650 2506 744 2559 καὶ
798 2510 911 2570 τοῖς
957 2509 1212 2574 ὲκτόποις
1251 2512 1483 2567 πάθεσιν
1510 2515 1723 2570 ὑποκα-

110 2666 117 2671 ν
151 2596 498 2659 τακλίναντες
544 2599 795 2663 ἑαυτοὺς,
838 2600 897 2664 ἐξ
937 2595 1011 2653 ὦν
1045 2620 1105 2655 τε
1146 2602 1498 2675 θεομαχοῦσι,
1533 2608 1627 2661 καὶ
1665 2608 1723 2675 ἐξ

152 2681 217 2741 ὧν
236 2687 409 2758 δρῶσι
446 2690 514 2742 τὰ
542 2688 778 2760 ἄθεσμα,
819 2692 1049 2756 ἑαυτοὺς
1082 2694 1471 2767 ὑπέφηνανεώς
1508 2697 1725 2770 ἀληθῶς

153 2777 604 2849 δημιουργήματα
638 2781 733 2833 καὶ
755 2781 975 2846 δούλους
1005 2783 1098 2836 τοῦ
1128 2785 1379 2856 Ἐχθροῦ.
1408 2780 1478 2858 ᾯ
1503 2790 1611 2861 γάρ
1640 2807 1727 2854 τις

152 2868 392 2938 ἥττηται,
421 2870 598 2940 τούτῳ
625 2872 718 2925 καὶ
745 2872 1087 2929 δεδούλωται.
1128 2876 1270 2928 Ἀλλ’
1290 2876 1480 2950 ὥσπερ
1506 2880 1726 2945 ἑκόντες

154 2960 282 3028 πρὸς
308 2959 377 3013 τὰ
425 2959 578 3031 πάθη
612 2964 1049 3035 κατασυρὸμενοι
1085 2967 1222 3038 (66),
1264 2971 1357 3021 καὶ
1401 2973 1542 3025 κατὰ
1569 2973 1726 3027 τοῦτο

1818 496 1884 547 ad
1926 503 2179 548 naturam
2208 501 2264 547 et
2292 492 2653 559 voluntatem,
2690 492 2765 546 ila
2798 502 2855 547 et
2891 493 3034 563 quod
3071 494 3136 548 ad
3167 495 3405 549 creatio-

1818 601 1942 640 nem
1983 594 2039 639 et
2063 585 2386 655 potentiam.
2424 584 2822 653 inseparabiles
2860 599 2981 638 esse
3009 593 3067 639 et
3116 584 3402 650 indivisos,

1817 678 2006 731 eadem
2040 677 2206 731 etiam
2242 676 2311 730 de
2346 674 2637 729 Servatore
2664 676 2836 729 libera
2865 691 2997 729 voce
3040 676 3403 745 proloquitur.

1816 772 1880 827 In
1904 773 2018 841 ipso
2037 772 2197 837 enim,
2218 769 2496 839 inquiens,
2515 778 2694 823 creata
2708 780 2827 822 sunt
2853 770 3033 822 omnia
3055 770 3124 821 τ’.
3146 768 3401 825 Attende;

1817 862 2031 928 Omm'a,
2053 879 2174 932 qua:
2202 862 2255 916 in
2284 862 2439 917 caelis
2466 872 2524 917 et
2567 863 2619 917 in
2647 870 2791 916 terra
2822 872 2973 916 sunt.
3006 862 3072 916 Et
3103 877 3174 915 ne
3210 862 3404 916 insana

1819 956 2018 1009 cohors
2044 969 2217 1025 nugas
2264 969 2392 1008 suas
2421 954 2603 1008 verbis
2638 954 2810 1008 sacris
2845 953 3143 1018 all'riearet,
3180 952 3234 1006 in
3261 955 3406 1009 serie

1818 1046 2086 1101 orationis
2131 1046 2411 1111 edisserit,
2461 1060 2711 1115 quamam
2760 1045 2870 1099 sint
2899 1060 2964 1098 ea
2993 1045 3046 1097 in
3081 1045 3234 1099 cmlis
3262 1055 3317 1100 et
3348 1046 3402 1099 in

1819 1146 1998 1203 terra;
2027 1137 2187 1192 docet
2223 1139 2369 1191 enim
2407 1136 2642 1191 visibilia
2671 1144 2727 1190 et
2788 1136 3107 1200 invisibilia,
3139 1145 3195 1190 et
3219 1137 3405 1190 omnia

1819 1230 1875 1284 in
1906 1245 1973 1283 eo
2000 1237 2186 1283 creata
2225 1244 2366 1294 esse,
2418 1239 2473 1284 et
2513 1244 2611 1299 per
2638 1244 2785 1294 eum,
2821 1235 2877 1282 et
2910 1227 2965 1281 in
3001 1227 3201 1297 ipsum.
3252 1228 3406 1293 Quo-

1820 1320 1983 1375 modo
2020 1320 2205 1389 itach
2244 1328 2616 1389 apostatarum
2653 1319 2833 1373 rabies
2882 1318 3047 1372 alium
3084 1318 3405 1384 visibilium,

1819 1412 1987 1466 alium
2060 1411 2419 1466 invisibilium
2482 1426 2665 1465 rerum
2734 1411 3075 1465 conditorem
3126 1409 3296 1465 facit?
3349 1412 3406 1465 Si

1820 1503 1969 1556 enim
2022 1503 2208 1557 omnia
2254 1517 2354 1572 per
2403 1502 2683 1556 Christum
2710 1510 2766 1557 et
2796 1501 2848 1554 in
2893 1500 3172 1555 Christum
3221 1510 3407 1556 creata

1822 1602 1974 1657 sunt,
2008 1599 2063 1647 et
2091 1593 2235 1647 idem
2259 1602 2343 1648 est
2367 1600 2494 1647 ante
2519 1592 2727 1659 omnia,
2756 1600 2811 1645 et
2837 1591 3021 1645 omnia
3051 1592 3103 1645 in
3135 1591 3253 1661 ipso
3274 1608 3407 1647 con-

1824 1684 2043 1749 sistunt,
2096 1685 2189 1739 uhi
2224 1685 2441 1739 tandem
2483 1684 2801 1739 cstcrcatio
2855 1681 3066 1737 hostis?
3116 1683 3258 1737 Sane
3293 1684 3411 1753 ipse

1824 1777 1915 1831 ille
1936 1778 2115 1833 bonus
2140 1778 2284 1832 Deus
2306 1777 2591 1847 producit;
2624 1777 2937 1846 producens
2968 1790 3095 1827 vero
3125 1775 3408 1842 continet;

1823 1868 2114 1922 continens
2162 1884 2295 1923 vero
2326 1869 2589 1939 prospicit
2621 1877 2680 1921 ut
2705 1873 3098 1937 'perscvcrcnt.
3126 1866 3245 1931 Quo
3279 1881 3413 1921 vero

1823 1959 1932 2013 alio
1983 1968 2311 2030 argumento
2357 1961 2502 2015 hosti
2546 1967 2869 2030 potestatem
2913 1959 2966 2012 in
2997 1967 3278 2013 creaturas
3317 1960 3414 2014 Dei

1824 2053 2200 2118 vindicabunt,
2235 2068 2395 2123 quam
2426 2068 2494 2107 ex
2527 2068 2615 2115 co,
2648 2052 2791 2121 quod
2842 2051 2943 2121 ipsi
2985 2052 3282 2121 perficiunt
3313 2067 3415 2106 vo-

1824 2143 2087 2197 luntatem
2142 2143 2357 2208 hostis,
2404 2152 2461 2196 et
2506 2156 2619 2195 non
2673 2151 2937 2196 verentur
2990 2143 3162 2196 Deum
3230 2143 3412 2212 ipsum

1823 2235 2168 2305 oppugnare?
2220 2233 2327 2304 lpsi
2376 2235 2555 2299 enim,
2621 2231 2750 2288 dum
2811 2241 3005 2288 contra
3062 2249 3412 2288 communem

1825 2324 2112 2380 Dominum
2144 2331 2197 2380 et
2245 2325 2593 2380 conditorem
2658 2322 2862 2379 infame
2893 2340 2955 2379 os
2986 2326 3276 2394 aperiunt,
3313 2325 3415 2379 do-

1826 2417 2165 2487 miniumque
2202 2417 2361 2487 ejus,
2400 2419 2545 2486 quod
2604 2415 2848 2470 Creatori
2895 2418 3191 2486 competit,
3238 2432 3419 2486 oppu-

1825 2519 2021 2581 gnant,
2074 2509 2545 2578 insolentibusque
2609 2507 2900 2564 affectibus
2965 2509 3175 2579 seipsos
3243 2510 3417 2579 subji-

1825 2603 1998 2670 ciunt,
2050 2611 2163 2656 tum
2197 2617 2379 2673 pugna
2408 2616 2506 2656 sua
2537 2601 2595 2656 in
2626 2601 2821 2666 Deum,
2855 2610 2970 2655 tum
3003 2602 3210 2657 illicitis
3238 2603 3416 2657 actio-

1824 2695 1988 2749 nibus
2026 2695 2278 2766 probant,
2322 2710 2381 2749 se
2417 2694 2570 2764 ipsos
2612 2708 2741 2748 vere
2788 2702 3071 2747 creaturas
3121 2702 3177 2748 et
3226 2709 3419 2748 servos

1826 2786 2000 2843 hostis
2051 2803 2195 2842 esse.
2228 2786 2272 2840 A
2305 2802 2414 2856 quo
2465 2785 2611 2840 enim
2673 2785 2871 2855 aliquis
2933 2785 3114 2840 victus
3169 2792 3293 2850 est,
3347 2786 3419 2841 ab

1827 2876 2018 2930 eodem
2069 2876 2124 2929 in
2175 2877 2495 2931 servitutem
2547 2882 2632 2929 est
2688 2875 2965 2931 redactus.
3018 2874 3176 2929 Sicut
3232 2884 3418 2929 autem

1828 2976 2022 3037 sponte
2053 2977 2242 3022 nostra
2272 2968 2325 3021 in
2357 2967 2586 3021 affectus
2625 2975 2847 3020 nostros
2877 2966 3091 3035 abrepti
3118 2965 3419 3035 providen-

151 3053 241 3150 της
264 3052 665 3150 δημιουργικῆς
700 3057 966 3150 Ιῖρονοίας
1000 3060 1096 3111 καὶ
1116 3060 1211 3131 τῆς
1246 3061 1381 3131 πρὸς
1410 3064 1500 3116 τὸν
1530 3064 1722 3137 ἀληθι-

1834 3059 1906 3113 tia
1940 3059 2212 3114 Creatoris
2259 3059 2488 3129 ejusque
2519 3068 2579 3113 ut
2605 3056 2717 3113 vcri
2753 3057 3051 3112 conditoris
3073 3057 3423 3126 possessione

155 3144 236 3196 νὸν
265 3144 512 3215 πλάστην
566 3144 895 3211 οίκειώσεως
932 3150 1317 3222 διαπίπτομεν,
1358 3153 1450 3207 τὸν
1485 3157 1728 3228 Πονηρὸν

153 3231 204 3284 δὲ
226 3234 492 3304 δεσπότην
522 3236 741 3301 ἑαυτοῖς
774 3240 1165 3312 ὲπεισάγομεν,
1212 3247 1308 3297 καὶ
1340 3245 1441 3317 τὴν
1475 3250 1730 3317 γλῶσσαν

155 3326 350 3389 δξύνειν
398 3327 546 3381 κατὰ
590 3328 687 3380 τοῦ
739 3331 1029 3402 εὐεργέτου
1078 3337 1172 3388 καὶ
1224 3337 1463 3393 πλάστου
1494 3342 1598 3395 ὐπὸ
1635 3345 1729 3398 τοῦ

158 3417 413 3486 Πολεμίου
440 3421 890 3491 ἀναπεισθόμεθα
918 3442 932 3455 ο
962 3424 1134 3491 οὕτως
1180 3429 1245 3482 ἂν
1291 3431 1401 3484 τῶν
1448 3435 1635 3491 παθῶν
1669 3438 1732 3492 τὸ

158 3504 332 3598 σκότος
354 3507 714 3579 ὲκφύγωμεν,
750 3513 848 3565 καὶ
896 3515 998 3585 τήν
1045 3535 1103 3570 τε
1134 3519 1313 3591 ψυχὴν
1343 3525 1435 3576 καὶ
1469 3526 1532 3579 τὸ
1574 3528 1731 3598 σῶμα

157 3595 277 3648 Θεοῦ
311 3599 782 3671 δημιουργήματα
816 3607 1115 3676 ἐπιγνῶναι
1162 3612 1502 3686 θελήσωμεν,
1532 3595 1732 3676 αὐτίδια

160 3687 246 3756 μὲν
268 3688 569 3760 ἐλαύνομεν
586 3693 685 3764 τῆς
706 3695 829 3749 καθ’
852 3699 1008 3768 ἡμῶν
1032 3704 1348 3773 τυραννίδος
1374 3708 1465 3760 τὸν
1482 3710 1728 3782 Ἐχθρὺν,

159 3783 243 3877 tu!
295 3784 601 3877 ὀφθαλμοῖς
675 3790 893 3862 ὁρῶμεν
963 3798 1399 3870 κεκαθαρμένοις
1460 3805 1732 3877 μηδεμίαν

158 3874 329 3943 ἔχοντα
356 3876 483 3931 καθ’
509 3880 670 3948 ἡμῶν
706 3885 842 3954 μήτε
874 3886 1047 3956 ίσχὺν,
1078 3889 1216 3958 μήτε
1247 3874 1563 3965 κυριότητα,
1596 3874 1731 3952 διλλά

162 3970 603 4039 συμπατούμενον
624 3972 719 4025 καὶ
744 3974 1145 4047 διαγελὼμενον
1175 3981 1264 4049 ὑφ’
1290 3982 1468 4053 ἡμῶν,
1493 3985 1653 4040 αὐτόν
1671 4005 1730 4041 τε

160 4054 243 4108 καὶ
270 4060 453 4110 πᾶσαν
492 4060 664 4113 αὐτοῦ
715 4062 816 4133 τὴν
861 4064 1114 4137 δύναμιν.
1160 4069 1284 4124 Ἐπὶ
1336 4073 1567 4127 ἀσπίδα
1598 4076 1726 4145 γὰρ,

162 4148 299 4215 φησὶ,
335 4149 437 4201 καὶ
468 4151 853 4215 βασιλίσκων
877 4156 1140 4227 ἑπιϐήσῃ
1161 4161 1258 4212 καὶ
1285 4163 1731 4232 καταπατήσας

157 4244 361 4296 λέοντα
384 4244 486 4296 καί
510 4244 832 4311 δράκοντα.
877 4250 1023 4313 Ἕως
1052 4251 1097 4303 δ’
1123 4251 1188 4304 ἂν
1210 4256 1332 4316 ταῖς
1363 4255 1730 4329 ψυχοφθόροις

157 4332 355 4401 ἡδοναῖς
385 4334 744 4406 ἰλυσπώμεθα
767 4338 902 4407 (67),
942 4341 1040 4395 καὶ
1069 4343 1245 4397 ὀπίσω
1274 4346 1382 4401 τῶν
1399 4349 1726 4419 ἐπιθυμιῶν,

1831 3152 2153 3217 excidimus,
2206 3151 2448 3206 vicissim
2488 3165 2621 3204 vero
2670 3149 2875 3203 malum
2920 3148 3207 3203 dominum
3255 3148 3421 3203 nobis

1831 3246 2173 3312 asciscimus,
2223 3253 2279 3299 et
2325 3245 2391 3300 ad
2434 3244 2734 3299 acuendam
2776 3243 2832 3297 in
2876 3242 3281 3296 henefactorcm
3316 3242 3423 3296 Iin-

1830 3352 1987 3408 gnam
2016 3336 2086 3390 ab
2113 3336 2269 3390 hoste
2295 3334 2487 3389 adduci
2512 3350 2613 3388 nos
2644 3332 2915 3403 patimur;
2938 3332 3033 3394 ita,
3052 3331 3099 3385 si
3123 3330 3419 3387 affectuum

1831 3427 2115 3499 caliginem
2147 3424 2443 3497 fugiamus,
2472 3425 2633 3480 facile
2657 3433 2713 3480 et
2741 3424 2981 3478 animam
3008 3431 3064 3477 et
3087 3426 3289 3491 Corpus
3316 3439 3419 3491 pro

1831 3520 2094 3577 creaturis
2168 3519 2264 3573 Dei
2329 3533 2627 3589 agnoscere
2689 3517 2928 3598 velimus
2960 3556 2976 3583 ,
3047 3524 3163 3569 tum
3236 3515 3418 3570 statim

1832 3615 2046 3669 hostem
2082 3629 2111 3667 a
2146 3612 2430 3684 Iyrannico
2459 3610 2511 3664 in
2548 3624 2652 3664 nos
2703 3608 2933 3677 imperio
2974 3606 3293 3677 repellimus
3315 3648 3330 3670 ,
3362 3616 3421 3661 et

1831 3708 1985 3778 puris
2015 3706 2187 3761 oculis
2206 3720 2329 3760 cum
2354 3703 2499 3757 nulla
2531 3703 2796 3757 adversus
2822 3714 2925 3755 nos
2952 3700 3003 3755 vi
3027 3707 3123 3753 aut
3147 3707 3418 3769 potestate

1833 3799 2208 3863 instructum,
2264 3796 2360 3852 sed
2413 3794 2793 3850 conculcatnm
2852 3790 3035 3862 potius
3073 3806 3103 3844 a
3146 3791 3309 3846 nobis
3363 3800 3419 3847 rt

1832 3904 1956 3943 cum
1987 3888 2137 3943 omni
2168 3902 2267 3942 sua
2306 3885 2550 3957 potentia
2585 3883 2823 3938 ludibrio
2852 3882 3098 3936 habitum
3142 3882 3417 3952 conSpici-

1831 3995 1975 4034 mus.
2021 3977 2191 4047 Super
2221 3977 2406 4047 aspide
2434 3977 2596 4039 enim,
2626 3975 2827 4045 inquit,
2853 3984 2903 4034 at
2932 3975 3177 4028 basilisca
3205 3976 3419 4043 gradie-

1832 4074 1927 4137 ris,
1967 4072 2268 4142 leonemque
2312 4080 2359 4125 et
2388 4073 2670 4124 draconem
2723 4068 3047 4122 conculcabis
3078 4069 3145 4121 ⁷³.
3187 4066 3417 4133 Quando

1831 4179 1964 4218 vero
1994 4164 2046 4217 in
2078 4162 2480 4232 voluptatibus,
2526 4160 2722 4215 animm
2776 4159 3044 4229 pestibus,
3084 4159 3413 4224 volutamur,

1833 4262 1889 4307 et
1917 4252 2264 4322 cupiditates,
2292 4253 2347 4305 in
2379 4267 2517 4321 quas
2564 4250 2738 4305 hostis
2782 4264 2886 4304 nos
2934 4249 3184 4318 impellit,
3234 4260 3416 4304 secta.

1834 4361 1978 4411 mur,
2011 4361 2075 4399 ac
2114 4354 2229 4399 tum
2275 4344 2460 4415 lingua
2511 4350 2625 4396 tum
2664 4341 2775 4395 vita
2831 4340 3013 4393 minus
3044 4349 3101 4394 et
3134 4340 3263 4395 boni
3319 4341 3415 4395 Dei

158 4422 279 4492 πρὸς
305 4423 372 4487 ἃς
418 4426 617 4495 ἡμᾶςὸ
660 4427 883 4499 Ἐχθρὸς
930 4433 1182 4497 συνωθεῖ,
1215 4436 1594 4508 πορευώμεθα,
1635 4444 1724 4495 καὶ

1837 4436 2006 4490 nostri
2040 4445 2293 4490 naturam
2323 4444 2379 4490 et
2411 4434 2723 4505 imperium,
2755 4444 2811 4489 et
2842 4436 3065 4491 creandi
3093 4436 3415 4507 dignitatem

156 4513 432 4584 τέμνωμεν
461 4519 529 4587 τῇ
556 4516 776 4593 γλώσσῃ
802 4521 898 4574 καὶ
936 4523 1014 4592 τῷ
1038 4523 1159 4595 βίῳ,
1185 4529 1279 4579 καὶ
1320 4528 1630 4601 διχάζωμεν
1654 4535 1732 4599 εἰς

160 4607 467 4675 μαχομένας
502 4609 700 4679 μοίρας
738 4610 830 4665 τοῦ
883 4614 1091 4682 ἀγαθοῦ
1124 4619 1220 4671 καὶ
1255 4619 1372 4684 ἐνὸς
1400 4620 1534 4673 Θεοῦ
1577 4624 1735 4693 ἡμῶν

155 4694 244 4764 τὴν
279 4696 446 4764 φύσιν
479 4700 576 4751 καὶ
613 4700 717 4770 τὴν
766 4700 1065 4769 βασιλείαν,
1099 4708 1195 4759 καὶ
1230 4709 1290 4761 τὸ
1322 4710 1424 4779 τῆς
1472 4711 1735 4784 δημιουρ-

157 4784 269 4849 γίας
303 4786 549 4858 ἀξίωμα,
578 4789 843 4861 οὐμενοῦν
878 4793 979 4847 οὐκ
1012 4793 1079 4848 ἂν
1113 4798 1270 4867 ἡμῶν
1298 4799 1474 4853 οὐδενὶ
1519 4801 1731 4868 γένοιτο

157 4878 243 4945 τῆς
278 4879 740 4951 ὐπεξουσιότητος
784 4884 880 4937 καὶΙ
922 4888 1243 4957 τυραννίδος
1293 4889 1729 4962 ἐλευθερωθῆναι

159 4970 237 5024 τοῦ
269 4972 524 5045 Ἐχθροῦ,
578 4976 675 5028 καὶ
704 4977 839 5048 πρὸς
868 4978 959 5032 τὸν
1004 4979 1257 5051 ἀληθινὸν
1276 4982 1432 5054 ἡμῶν
1463 4985 1595 5038 Θεὸν
1632 4985 1729 5039 καὶ

158 5061 412 5135 πλάστην,
452 5066 550 5119 καὶ
576 5066 639 5119 τὺ
662 5066 779 5137 φῶς
814 5068 913 5140 τῆς
940 5072 1021 5133 είς
1052 5073 1216 5127 αὐτὸν
1260 5074 1543 5140 εὐσεϐείας
1569 5078 1728 5129 ἐναυ-

158 5155 436 5227 γασθῆναι.
485 5158 585 5212 Διὰ
612 5158 721 5230 γὰρ
748 5159 843 5214 τοῦ
878 5161 1063 5233 σχίσαι
1096 5164 1196 5234 τὴν
1244 5166 1374 5236 μίαν
1401 5168 1576 5239 ἀρχὴν
1632 5168 1726 5222 καὶ

217 5349 261 5384 τ’
284 5350 490 5424 Ephes.
520 5370 595 5420 IV,
616 5354 669 5410 6.
746 5355 792 5389 ⁷⁸
815 5355 959 5411 Psal.
988 5374 1075 5424 xc,
1112 5360 1193 5415 l5.

1832 4542 2082 4583 sceamus
2116 4537 2173 4581 et
2206 4526 2260 4580 in
2296 4526 2577 4596 oppositas
2624 4534 2809 4595 partes
2840 4526 3156 4589 dividimus,
3207 4525 3416 4579 nemini

1830 4628 2081 4673 nostrum
2127 4626 2237 4672 tam
2285 4618 2446 4673 beato
2482 4632 2603 4671 esse
2639 4616 2854 4682 licebit,
2885 4625 2945 4671 ut
2986 4617 3054 4671 ab
3099 4617 3271 4670 hostis
3319 4631 3417 4677 su-

1832 4725 2017 4781 prema
2046 4718 2316 4779 potestate
2342 4718 2399 4763 ct
2425 4708 2708 4780 tyrannide
2738 4708 3023 4771 liberetur,
3051 4715 3105 4763 et
3132 4709 3200 4763 ad
3225 4724 3416 4764 verum

1832 4801 2002 4857 Deum
2052 4810 2304 4857 nostrum
2345 4816 2410 4855 ac
2446 4800 2787 4855 conditorem
2841 4800 3127 4871 lucemque
3173 4800 3416 4871 pietatis.

1836 4892 1941 4962 ipsi
1981 4892 2311 4963 probandae,
2362 4891 2714 4961 perducatur.
2761 4890 2931 4944 Deum
2981 4891 3125 4945 enim
3168 4907 3418 4947 secamus

1838 5001 2012 5039 unum
2042 4996 2099 5040 et
2126 4984 2266 5038 idem
2296 4982 2651 5052 principium,
2678 4990 2734 5037 et
2761 4997 2861 5037 nos
2887 4983 2957 5037 ab
2991 4982 3110 5054 ipso
3136 4985 3419 5041 abstrahi-

1834 5092 1980 5141 mus,
2030 5086 2192 5148 atque
2245 5076 2383 5130 adeo
2429 5089 2617 5129 verum
2668 5082 2969 5129 creatorem
3021 5085 3078 5130 et
3126 5075 3415 5132 Dominum

1836 5172 2197 5242 abrogamus,
2247 5167 2458 5235 hostis,
2510 5165 2614 5222 hoc
2648 5166 2768 5237 ipso
2798 5181 3065 5240 .magnam
3096 5166 3149 5222 in
3184 5183 3285 5224 nos
3316 5185 3417 5238 po-

1258 5495 1495 5552 νΑιιιΑῑ
1536 5497 1925 5555 LECTIONES
1969 5496 2056 5552 ET
2088 5495 2319 5552 NOTAE.

220 5604 324 5687 (θβ)
356 5608 867 5687 ιςατασυρρμενοι.
900 5610 979 5687 Ita
1007 5610 1123 5687 lege
1147 5628 1246 5687 pro
1274 5618 1718 5687 κατασυρόμενα,

160 5676 286 5754 quod
317 5676 873 5754 codex_exhibe_t,_ac
919 5682 962 5734 si
1015 5676 1085 5754 ad
1116 5676 1263 5754 ⁸τὲιιὶθη
1296 5701 1400 5740 vox
1434 5676 1720 5750 referenda

160 5744 241 5811 sit,
267 5760 387 5802 cum
404 5746 589 5818 potius
611 5748 676 5805 ad
702 5744 920 5813 ἑκόντες
946 5753 1225 5821 pertinere
1250 5744 1425 5813 nexus
1454 5744 1719 5815 orationis

1830 5616 2487 5756 osiggga‘tilvaxdmwa.
2519 5685 2594 5741 De
2624 5685 2731 5741 hoc
2752 5684 2918 5741 verbo
2951 5683 3411 5756 legeASamuelem

1827 5753 2156 5814 Bcchartum
2178 5756 2233 5811 in
2266 5753 2615 5829 llierozoiro,
2648 5766 2789 5827 part.
2822 5770 2881 5821 ιι,
2911 5770 2965 5825 p.
3004 5753 3126 5808 798.
