3886 6430
468 280 565 348 167

1635 288 1899 350 ΡΗΟΤΙΙ
1936 287 2446 349 ΡΑΤΒΙΛΒΟΗιλΕ
2486 287 2595 350 CP.

3635 279 3739 348 168

461 402 714 450 testatcm
756 401 974 460 nactus,
1008 407 1132 449 cum
1174 406 1371 468 magna
1409 396 1647 453 cllicacia
1677 413 1777 452 nos
1804 397 2040 468 impellit,

2153 395 2360 465 ταύτης
2386 397 2531 466 ἡμᾶς
2554 393 2757 456 αὐτοὺς
2786 390 3120 464 ἀπορρῆξαι,
3143 390 3238 444 καὶ
3271 390 3363 445 τιν
3399 390 3500 462 μὲν
3543 390 3740 462 ἀληθι-

460 502 601 557 quos
657 488 869 542 scilicet
917 489 1021 543 sibi
1066 489 1139 542 ita
1187 489 1298 559 jam
1359 491 1624 545 obnoxios
1683 491 1943 555 reddidit,
1992 499 2054 545 ut

463 590 686 635 creator
717 590 773 636 ct
798 581 1062 636 Dominus
1091 583 1419 652 appelletur.
1454 583 1574 648 Quo
1607 583 1737 653 quid
1771 583 1854 637 vel
1884 583 2054 637 mise-

463 688 585 727 rum
614 673 786 743 magis
822 673 907 728 vel
938 672 1164 744 impium
1199 674 1426 745 cogitari
1459 675 1675 744 potest?
1720 675 2052 729 Accedimus

463 764 692 826 scilicet,
727 763 920 820 relicto
965 763 1253 831 Creatore:
1284 768 1351 821 ad
1384 767 1618 828 hostem,
1652 775 1706 821 et
1737 767 2052 820 deserentes

464 855 811 910 Servatorem
857 857 925 911 ad
972 857 1308 928 perditorem
1359 859 1681 913 currimus:
1719 858 2049 928 despicimus

462 964 610 1012 cum,
659 948 754 1018 qui
800 964 1028 1017 regnum
1079 950 1340 1004 cwlorum
1372 950 1534 1004 nobis
1567 949 1744 1014 all'ert,
1790 948 1880 1016 qui
1922 963 2051 1003 vero

461 1038 526 1091 ad
570 1053 787 1108 poenam
825 1039 929 1092 sibi
975 1047 1218 1109 paratam
1274 1053 1376 1094 nos
1428 1039 1715 1109 pertraliit,
1759 1054 1886 1092 cum
1925 1053 2050 1092 cum

460 1129 640 1186 studio
685 1139 983 1194 sectamur,
1016 1139 1069 1185 et
1103 1146 1228 1185 cum
1264 1131 1558 1201 deceptore
1597 1130 1812 1200 decepti
1859 1129 1959 1199 ipsi
1991 1129 2050 1184 in

461 1222 767 1292 gehennam
799 1222 939 1292 ignis
967 1222 1156 1277 aeterni
1198 1223 1551 1279 condemnari
1587 1221 1863 1277 volumus.

2151 485 2240 540 νὺν
2269 487 2501 558 ποιητὴν
2545 486 2638 538 καὶ
2667 485 2948 554 Δεσπότην
2983 483 3284 554 ἀθετῆσαι,
3320 482 3567 552 μεγάλην
3608 481 3737 535 καθ’

2148 579 2308 648 ἡμῶν
2365 577 2660 647 λαμϐάνων
2689 575 2789 646 τὴν
2833 575 3010 647 ἀρχὴν
3043 576 3072 626 ὁ
3109 573 3366 646 Ἐχθρὸς,
3400 572 3580 626 πείθει
3609 573 3737 626 τότε

2152 672 2291 742 μετὰ
2322 671 2524 740 πολλῆς
2572 671 2673 740 τῆς
2712 669 2986 734 ἐξουσίας,
3033 669 3127 731 οὓς
3157 669 3258 740 ἤδη
3291 667 3484 720 ἔλαϐεν
3526 666 3738 719 ὑποκύ-

2148 763 2357 833 ψαντας
2379 763 2543 816 αὑτοῦ
2565 765 2685 823 ταῖς
2703 764 2926 831 ὁρμαῖς,
2952 763 3047 814 καὶ
3067 761 3299 831 ποιητὴν
3332 759 3429 813 καὶ
3453 759 3738 828 Δεσπότην

2150 853 2312 908 αὐτὸν
2342 853 2717 924 ἁνομολογεῖν.
2749 854 2860 905 Καὶ
2883 853 2936 905 τί
2961 853 3026 905 ἂν
3057 854 3143 922 είη
3167 849 3361 904 τούτου
3381 848 3735 918 ἀθλιώτερον;

2149 945 2554 1009 Καταλιπόντες
2581 946 2675 999 τὸν
2727 945 3073 1018 Δημιουργὸν
3121 943 3476 1014 προέλθωμεν
3509 942 3622 1012 (68)
3657 942 3740 1011 τῷ

2160 1038 2390 1109 Ἐχθρῷ,
2439 1039 2533 1092 καὶ
2587 1037 2679 1090 τὸν
2708 1037 2936 1109 Σωτῆρα
2988 1035 3262 1107 φυγόντας
3292 1034 3370 1105 τῷ
3420 1031 3741 1104 φθοροποιῷ

2147 1130 2538 1200 προσδραμεῖν,
2573 1130 2669 1182 καὶ
2697 1128 2788 1181 τὸν
2820 1128 3130 1199 παρέχοντα
3159 1129 3258 1198 μὲν
3282 1126 3381 1199 τὴν
3409 1127 3519 1179 τῶν
3551 1126 3730 1196 οὐρα-

2149 1222 2254 1276 νῶν
2296 1222 2575 1293 βασιλείαν
2627 1221 2930 1290 ὑπεριδεῖν,
2961 1221 3040 1292 τῷ
3077 1221 3135 1273 δὲ
3167 1221 3305 1292 πρὸς
3349 1219 3450 1291 τὴν
3497 1221 3738 1288 ἡτοιμα-

462 1313 670 1384 σμένην
690 1312 839 1382 αὐτῷ
875 1313 1094 1368 κόλασιν
1115 1315 1330 1368 ἕλκοντι
1373 1312 1680 1376 σπουδαίως
1706 1313 2150 1379 κατακολουθεῖν,
2205 1315 2302 1368 καὶ
2325 1316 2406 1378 εἰς
2431 1314 2530 1386 τὴν
2555 1313 2782 1382 γέενναν
2837 1299 2951 1382 ςτόῦ
3016 1312 3382 1372 ἀτελευτήτου
3449 1310 3624 1380 πυρὸς
3654 1310 3739 1381 τῷ

461 1403 738 1458 άπατεῶνι
767 1405 895 1468 τοὺς
926 1405 1310 1475 ἀπατηθέντας
1341 1404 1934 1474 συγκαταδικάζεσθαι.

533 1494 696 1550 XVII.
737 1497 834 1561 At,
871 1512 904 1551 ο
938 1513 1037 1553 vos
1084 1507 1293 1553 natura:
1349 1508 1552 1553 nostrae
1603 1507 1660 1553 et
1709 1496 2042 1561 crcationis,

459 1601 571 1656 quo
599 1596 778 1641 tamen
812 1588 958 1642 dono
985 1595 1040 1643 ct
1065 1588 1188 1658 jure
1220 1589 1524 1655 excidistis,
1570 1589 1887 1659 participes,
1927 1587 2043 1641 evid-

460 1678 626 1749 gilate
693 1679 911 1733 tandem
973 1679 1302 1748 aliquando,
1351 1688 1407 1734 et
1453 1679 1670 1733 animas
1728 1687 1936 1733 vestras
1974 1677 2039 1732 ad

459 1782 814 1823 communem
860 1768 1148 1822 Dominum
1183 1778 1237 1824 et
1269 1769 1610 1824 conditorem
1642 1778 1916 1830 nostrum,
1953 1768 2044 1822 be-

461 1857 798 1912 nel‘aetorem
855 1858 986 1914 item
1033 1867 1088 1914 et
1132 1859 1511 1929 provisorcm,
1582 1859 1913 1922 convertite,
1976 1857 2041 1912 ad

459 1965 609 2017 cum,
661 1951 904 2020 inquam,
954 1951 1046 2019 qui
1095 1966 1297 2021 corpus
1347 1951 1629 2018 formavit,
1679 1952 1769 2022 qui
1803 1953 2041 2005 animam

460 2040 783 2110 inspiravit,
820 2041 914 2111 qui
946 2050 1166 2112 propter
1204 2058 1302 2097 vos
1333 2057 1554 2097 carnem
1595 2042 1915 2112 assumpsit,
1949 2041 2042 2110 qui

460 2131 626 2186 homo
668 2131 849 2186 factus
878 2144 994 2197 est,
1027 2141 1083 2186 et
1119 2132 1415 2186 crucifixus
1438 2170 1454 2194 ,
1488 2140 1544 2185 et
1582 2118 2043 2184 resurrectionem

459 2227 685 2295 proprio
725 2241 829 2280 suo
877 2241 1109 2296 corpore
1161 2225 1426 2280 restituit.
1487 2224 1783 2294 Agnost-itc
1839 2225 2042 2278 bonum

458 2317 581 2386 ejus
636 2316 895 2382 Patrem,
947 2316 1042 2386 qui
1093 2331 1191 2386 per
1242 2315 1440 2370 Filium
1490 2323 1544 2368 et
1579 2314 1840 2384 Spiritum
1881 2330 2042 2369 suum

460 2416 712 2462 sanctum
743 2407 925 2462 omnia
948 2424 1016 2462 ex
1043 2423 1151 2462 non
1177 2407 1566 2463 exsistentibus
1609 2406 1884 2476 produxit,
1913 2407 2044 2462 visi-

461 2501 591 2555 bilia
635 2510 691 2556 et
738 2501 1069 2565 invisibilia,
1121 2509 1423 2571 potestates
1443 2539 1460 2564 ,
1494 2509 1550 2554 et
1580 2501 1920 2570 principatus
1944 2539 1961 2564 ,
1991 2508 2046 2554 et

462 2593 639 2662 ipsum
654 2609 873 2662 quoque
892 2594 1125 2659 hostem;
1147 2607 1254 2646 non
1273 2593 1495 2662 quidem
1510 2593 1728 2646 malitia:
1745 2593 2042 2662 quidquam

463 2687 540 2740 illi
570 2686 817 2741 tribuens
846 2704 860 2740 :
893 2687 1067 2740 alisitl
1101 2684 1380 2756 quomodo
1419 2685 1567 2739 enim
1603 2701 1632 2739 a
1661 2686 1806 2741 bono
1840 2689 2044 2740 malum

463 2779 735 2849 proﬁcisci
755 2778 976 2848 posset?
1010 2777 1104 2832 sed
1134 2777 1397 2832 bonitatis
1418 2778 1740 2847 participem
1771 2777 2006 2832 reddens
2027 2817 2042 2845 ,

461 2887 627 2942 quam
662 2871 781 2941 ipse
812 2871 864 2924 in
889 2870 1153 2924 malitiam
1176 2870 1469 2936 convertit,
1502 2885 1610 2923 non
1645 2870 1827 2924 minus
1862 2869 2044 2937 acilli,

375 3031 380 3033 _
460 2965 553 3035 qui
589 2964 691 3035 ipsi
735 2979 884 3018 nunc
926 2963 1325 3032 obsequuntur.
1356 2961 1492 3016 Nam
1528 2972 1584 3016 et
1623 2963 1724 3029 illi,
1757 2974 2044 3033 posuluam

2224 1496 2326 1550 lZ'.
2372 1495 2535 1558 Ἀλλ’,
2567 1487 2612 1548 ῶ
2651 1493 2901 1549 κοινωνοὶ
2946 1495 3045 1564 τῆς
3073 1495 3106 1562 ἠ
3117 1494 3233 1566 μῶν
3262 1494 3478 1563 φύσεως
3515 1496 3611 1548 καὶ
3641 1494 3740 1566 δη-

2151 1585 2466 1654 μιουργίας,
2497 1585 2602 1638 κᾶν
2631 1584 2879 1655 ἐξίστητε
2912 1586 3012 1656 τῆς
3049 1585 3279 1656 δωρεᾶς,
3317 1585 3420 1654 ὀψὲ
3443 1582 3577 1653 γοῦν
3598 1585 3738 1654 ᾁνα-

2147 1678 2414 1748 νήψαντες
2457 1678 2825 1749 ἐπιστρέψατε
2857 1677 2957 1742 τὰς
2997 1677 3224 1748 καρδίας
3263 1677 3418 1747 ὑμῶν
3454 1676 3592 1748 πρὸς
3637 1677 3737 1730 τὸν

2149 1770 2328 1823 κοινὸν
2351 1770 2630 1842 Δεσπότην
2653 1776 2746 1822 καὶ
2767 1771 3131 1841 Δημιουργδν,
3159 1769 3296 1840 πρὸς
3315 1771 3408 1823 τὸν
3432 1771 3735 1841 εὐεργέτην

2146 1863 2242 1915 καὶ
2281 1863 2610 1933 προνοητὴν,
2633 1862 2770 1931 πρὸς
2789 1862 2881 1914 τὺν
2917 1861 3294 1916 διαπλάσαντα
3323 1849 3385 1914 τδ
3418 1861 3607 1930 σῶμα,
3636 1862 3737 1914 καὶ

2147 1953 2534 2024 ὲμπνεύσαντα
2560 1953 2660 2025 τὴν
2691 1952 2892 2024 ψυχὴν,
2935 1953 3073 2024 πρὸς
3093 1953 3186 2006 τὸν
3229 1953 3298 2006 δι’
3327 1954 3476 2024 ἡμᾶς
3507 1970 3735 2024 σαρκω-

2147 2046 2330 2111 οέντα,
2363 2047 2458 2099 καὶ
2487 2045 3003 2116 ὲνανθρωπήσαντα,
3039 2040 3136 2098 καὶ
3168 2045 3577 2116 σταυρωθέντα,
3637 2047 3736 2098 καὶ

2145 2139 2244 2210 τὴν
2266 2139 2562 2193 ἀνάστασιν
2577 2139 2666 2192 διὰ
2681 2138 2775 2191 τοῦ
2804 2138 3008 2192 οἰκείου
3035 2137 3288 2208 σώματος
3313 2138 3732 2207 ὲγκαινίσαντα.

2159 2232 2462 2299 Ἐπίγνωτε
2507 2232 2600 2286 τὸν
2653 2231 2858 2298 ἀγαθὸν
2905 2232 3127 2303 Πατέρα
3179 2231 3368 2295 αὐτοῦ,
3399 2231 3461 2296 ὃς
3512 2231 3605 2284 διά
3631 2230 3732 2284 τοῦ

2147 2323 2278 2377 Υίοῦ
2316 2323 2414 2375 καὶ
2441 2322 2529 2377 διὰ
2566 2321 2660 2376 τοῦ
2683 2323 2840 2391 ἁγίου
2871 2322 3190 2394 Πνεύματος
3213 2319 3589 2378 αὐτοῦ’πάντα
3621 2324 3735 2376 ὑπ-

2147 2413 2375 2482 έστησεν
2401 2415 2466 2466 ἐκ
2499 2414 2574 2484 μὴ
2621 2413 2813 2477 όντων,
2849 2414 2918 2467 τὰ
2942 2413 3117 2486 ὁρατά
3147 2414 3245 2467 καὶ
3271 2414 3340 2468 τά
3367 2414 3601 2485 ἀόρατα,
3631 2415 3736 2478 τὰς

2145 2501 2428 2571 δυνάμεις,
2452 2504 2551 2564 τάς
2574 2502 2845 2568 ἐξουσίας,
2871 2505 2965 2556 καὶ
2987 2503 3151 2556 αὐτὸν
3174 2503 3266 2557 τὸν
3283 2503 3498 2575 ἐχθρὸν,
3530 2506 3593 2559 οὐ
3628 2523 3735 2558 πο-

2145 2595 2340 2663 νηρίας
2398 2593 2682 2664 μεταδούς.
2729 2596 2862 2665 μήτι
2910 2593 3168 2663 γένηταιί
3228 2594 3394 2648 πόθεν
3424 2595 3534 2666 γάρ
3566 2596 3627 2648 ὲν
3653 2596 3735 2666 τῷ

2145 2684 2336 2756 ἀγαθῷ
2362 2686 2394 2755 ἡ
2429 2685 2712 2756 μετάδοσις
2737 2685 2830 2737 τοῦ
2861 2685 3068 2752 κακοῦ;
3092 2685 3210 2739 ἀλλ’
3236 2685 3574 2758 ἀγαθότητος
3595 2689 3736 2741 ἀπό-

2147 2778 2340 2832 λαυσιν
2365 2777 2688 2848 παρασχὼν,
2719 2779 2783 2848 ἣν
2814 2780 3024 2842 ἐκεῖνος
3062 2777 3362 2848 μετέϐαλεν
3391 2781 3470 2842 εἰς
3503 2779 3733 2844 κακίαν,

2146 2870 2335 2941 ὥσπερ
2358 2869 2453 2924 καὶ
2477 2871 2527 2923 οἱ
2557 2871 2651 2924 νῦν
2685 2869 3110 2941 πειθαρχοῦντες
3148 2869 3320 2940 αὐτῷ.
3362 2869 3474 2922 Καὶ
3502 2869 3614 2940 γάρ
3637 2870 3738 2922 καὶ

2147 2955 2296 3016 οὗτοι
2330 2961 2590 3025 λαϐόντες
2630 2961 2774 3032 μέγα
2832 2961 3037 3030 ἀγαθὸν
3075 2963 3136 3015 τὸ
3191 2960 3589 3014 αὑτοδέσποτον
3624 2960 3737 3015 τῶν

461 3055 753 3127 imperium
781 3057 832 3111 in
862 3056 1129 3110 rationem
1154 3071 1333 3122 suam,
1353 3071 1610 3125 magnum
1643 3071 1775 3110 sane
1799 3056 2003 3110 bonum
2027 3095 2040 3120 ,

2150 3055 2444 3126 λογισμῶν,
2479 3055 2548 3108 δι’
2576 3046 2639 3108 οὗ
2669 3054 2764 3108 καὶ
2790 3053 3036 3124 πλάστης
3066 3053 3416 3119 είκονίζεται,
3443 3053 3740 3125 μετέπρε-

461 3149 606 3204 nacti
648 3158 798 3216 sunt,
844 3163 940 3218 per
967 3149 1114 3219 quod
1145 3147 1261 3218 ipse
1287 3149 1454 3203 etiam
1485 3147 1710 3203 Creator
1741 3163 2042 3218 reprarscn-

463 3251 628 3308 tatur,
658 3241 712 3296 id
742 3241 983 3312 quidem,
1016 3257 1176 3295 usum
1209 3241 1330 3310 ejus
1362 3251 1757 3311 pervertentes,
1788 3241 1840 3294 in
1869 3241 2044 3295 matri.

462 3347 610 3387 mum
639 3333 844 3387 malum
895 3331 1378 3387 transformarunt.
1407 3331 1564 3398 Quod
1595 3333 1739 3387 enim
1774 3334 1842 3388 ad
1873 3334 2042 3389 Crea-

463 3432 633 3478 torem
685 3421 1016 3476 laudandum
1051 3429 1414 3492 acceperant,
1443 3436 1510 3476 co
1542 3421 1608 3476 ad
1651 3423 2042 3477 celebrandum

461 3513 673 3569 hostem
710 3514 792 3568 usi
845 3521 1022 3570 sunt:
1055 3522 1111 3568 et
1149 3529 1258 3584 quo
1298 3521 1445 3568 recte
1491 3513 1576 3568 usi
1625 3513 1739 3569 ﬁeri
1791 3518 2044 3585 poterant

464 3604 707 3660 heredes
742 3605 893 3676 regni
940 3605 1209 3670 cmlestis,
1241 3621 1308 3660 eo
1332 3606 1487 3661 abusi
1537 3609 1840 3676 gehennam
1883 3608 2040 3679 ignis,

459 3697 676 3752 diabolo
724 3698 940 3768 parati,
992 3699 1199 3771 ingredi
1251 3698 1574 3753 allaborant.
1627 3697 1732 3752 Sed
1794 3699 2044 3768 evigilate

462 3792 700 3858 tandem,
731 3794 958 3866 surgite,
989 3794 1233 3866 vigilate,
1273 3805 1332 3850 ut
1362 3803 1605 3865 potestas
1647 3795 1820 3848 hostis
1859 3795 2041 3866 repel-

459 3883 603 3938 latur
651 3901 683 3939 a
727 3887 921 3952 vobis;
979 3902 1158 3957 neque
1200 3889 1267 3942 ad
1299 3903 1394 3942 vos
1441 3887 1614 3957 rapite
1670 3887 1916 3957 Apostoli
1955 3887 2041 3942 vel

460 3973 644 4042 potius
708 3976 947 4046 Spiritus
1017 3979 1192 4032 sancti
1257 3979 1642 4049 praedictiones
1713 3978 2036 4048 implendas.

460 4065 698 4134 Spiritus
726 4067 872 4122 enim
920 4067 1127 4123 diserte
1153 4069 1231 4124 ait
1276 4086 1291 4124 :
1335 4069 1540 4124 Ultimis
1574 4071 1893 4140 temporibus
1923 4073 2041 4141 quid

461 4160 587 4212 dam
612 4177 647 4214 a
696 4161 798 4229 ﬁde
843 4166 1121 4227 recedent,
1173 4163 1500 4216 attendentes
1530 4164 1743 4232 spiritui
1772 4164 1967 4217 erroris
1991 4173 2039 4216 et

460 4254 712 4307 doctrinis
740 4255 1141 4320 dwmoniorum‘,
1175 4273 1269 4324 per
1307 4257 1607 4325 hypocrisin
1637 4255 2038 4327 [alsitoquorum

2149 3145 2257 3215 ψαν
2306 3144 2486 3212 τοῦτο,
2518 3145 2621 3216 τὴν
2664 3145 2862 3217 χρῆσιν
2917 3144 3086 3198 αὐτοῦ
3127 3143 3544 3216 διαφθείραντες
3592 3145 3737 3216 πρὸς

2151 3239 2377 3311 ἔσχατον
2397 3239 2567 3293 κακόν
2587 3254 2602 3271 ο
2620 3238 2689 3291 δι’
2709 3256 2772 3293 ου
2797 3240 2870 3306 γά
2878 3256 2907 3311 ρ
2925 3239 3115 3310 ὑμνεῖν
3134 3238 3328 3293 ἔλαϐον
3353 3238 3446 3292 τὸν
3471 3239 3536 3310 δη
3546 3257 3740 3310 μιουρι

2149 3333 2266 3401 γδν,
2295 3332 2469 3402 τούτῳ
2499 3332 2634 3404 πρὸς
2651 3331 2854 3404 ὕμνους
2882 3335 3184 3404 ἐχρήσαντο
3211 3332 3306 3386 τοῦ
3347 3327 3595 3405 Ἐχθροῦ.
3624 3335 3741 3387 Καὶ

2150 3425 2232 3479 ὅτι
2262 3418 2307 3494 ᾧ
2353 3425 2672 3496 χρωμένους
2699 3425 2826 3495 ἐνῆν
2865 3425 2965 3495 τῆς
3016 3424 3124 3477 τῶν
3154 3423 3403 3495 οὐρανῶν
3452 3423 3739 3494 βασιλείας

2151 3518 2524 3589 κληρονόμους
2577 3517 2854 3586 γενέσθαι,
2884 3515 3058 3586 τούτῳ
3099 3514 3526 3587 παραχρώμενοι
3562 3532 3738 3568 σπου-

2150 3609 2371 3675 δάζουσι
2398 3609 2496 3679 τὴν
2516 3609 2740 3677 γέενναν
2761 3607 2856 3661 τοῦ
2886 3607 3079 3678 πυρὸς,
3104 3607 3132 3660 ὃ
3160 3609 3487 3678 ἡτοίμασται
3514 3607 3592 3678 τῷ
3611 3607 3738 3661 δια-

2151 3701 2314 3772 δόλῳ,
2341 3699 2615 3754 ὑπελθεῖν.
2646 3698 2786 3752 Ἀλλ’
2809 3699 3142 3769 ἀνανήψατε,
3161 3698 3508 3770 διανάστητε,
3527 3715 3738 3770 γρηγο-

2153 3797 2377 3866 ρήσατε,
2392 3793 2534 3847 ὥστε
2549 3793 2641 3847 τοῦ
2670 3793 2794 3862 Ἐχθ
2806 3792 2898 3862 ροῦ
2914 3793 3013 3864 τὴν
3029 3792 3280 3857 ἐξουσίαν
3309 3793 3740 3863 ἀποσκευασθῆ-

2153 3903 2240 3942 ναι
2262 3887 2355 3956 ἀφ’
2388 3887 2565 3958 ὑμῶν,
2608 3885 2742 3956 μηδὲ
2775 3886 2860 3954 ἐφ’
2884 3885 3028 3955 ὑμᾶς
3052 3885 3440 3956 παραστήσατε
3466 3883 3566 3947 τὰς
3596 3885 3739 3938 ἀπο-

2153 3979 2403 4043 στολικὰς
2424 3979 2784 4051 προφητείας,
2807 3976 3005 4046 μᾶλλον
3027 3976 3083 4029 δὲ
3111 3977 3208 4040 τὰς
3245 3975 3338 4029 τοῦ
3379 3976 3737 4046 Πνεύματος,

2155 4074 2557 4147 πληρουμένας.
2598 4072 2708 4126 Καὶ
2736 4072 2845 4141 γὰρ
2871 4072 2934 4123 τὸ
2964 4069 3188 4139 Πνεῦμα
3221 4068 3401 4140 ῥητῶς
3431 4069 3610 4136 λέγει*
3636 4069 3739 4120 Ἐν

2155 4171 2424 4237 ὑστέροις
2472 4165 2700 4234 καιροῖς
2747 4162 3212 4232 ἀποστήσονταί
3260 4178 3422 4228 τινες
3470 4161 3583 4231 τῆς
3633 4165 3737 4216 πί-

2161 4275 2338 4327 ττεως
2362 4258 3087 4328 προσέχοντεςξπνεὺμασι
3115 4254 3354 4323 πλάνης
3375 4254 3486 4326 (69)
3516 4255 3618 4308 καὶ
3648 4255 3737 4308 διο

461 4361 681 4415 quorum
703 4348 1020 4401 conscientia
1053 4349 1292 4402 cauterio
1319 4349 1495 4403 inusta
1522 4359 1630 4404 est:
1658 4350 2040 4419 prohibentium

2150 4353 2510 4418 δασκαλίαις
2570 4350 2888 4421 δαιμόνων,
2956 4350 3270 4417 ὑποκρίσει
3336 4345 3738 4417 ψευδολόγων

461 4437 674 4504 nubere,
708 4439 1009 4508 jubentium
1063 4441 1322 4496 abstinere
1381 4459 1413 4495 a
1459 4442 1583 4496 cibis
1625 4458 1751 4512 quos
1803 4442 1941 4496 Deus
1989 4443 2040 4494 in

2150 4443 2752 4513 κεκαυτηριασμένων
2804 4442 2920 4510 τὴν
2969 4441 3129 4495 ἰδίαν
3177 4439 3558 4507 συνείδησιν,
3615 4455 3734 4491 κω-

459 4541 612 4582 usum
641 4531 871 4584 condidit
904 4531 999 4599 τις
1043 4547 1186 4602 quae,
1237 4534 1430 4604 inquit,
1487 4535 1649 4597 Deus,
1699 4550 1808 4588 non
1861 4545 2040 4589 autem

2150 4539 2418 4593 λυόντων
2455 4536 2683 4607 γαμεῖν,
2726 4535 3057 4603 ἀπέχεσθαι
3081 4531 3412 4603 βρωμάτων
3451 4532 3488 4585 (ἲ
3517 4534 3551 4584 ό
3582 4530 3734 4596 Θεὸς

461 4621 634 4676 hostis
671 4623 942 4679 condidit.
996 4624 1210 4691 Quibus
1254 4628 1478 4682 autem?
1529 4626 1832 4691 Fidelibus,
1867 4636 1924 4682 et
1953 4628 2041 4693 iis,

459 4713 552 4781 qui
596 4715 885 4771 veritatem
939 4728 1302 4790 agnoverunt,
1357 4720 1501 4790 quod
1535 4735 1606 4774 ne
1638 4719 1780 4775 ullus
1826 4719 1919 4775 tibi
1951 4735 2040 4774 er-

459 4803 612 4858 randi
671 4814 972 4876 prtetextus
1026 4808 1416 4880 relinquatur,
1483 4810 1668 4865 statim
1735 4809 2037 4881 subjungit.

529 4978 578 5015 "
615 4982 632 5039 I
675 4982 822 5040 Tim.
863 5003 940 5056 tv,
970 4988 1087 5045 1-3.

2143 4632 2386 4686 ἔκτισεν
2409 4629 2496 4697 εὶς
2536 4629 2907 4701 μετάληψιν.
2945 4631 3013 4682 ’Λ
3033 4669 3049 4694 ,
3098 4627 3283 4698 φησὶν,
3315 4628 3343 4680 ό
3379 4625 3534 4689 Θεὸς,
3567 4623 3673 4694 οὐχ
3701 4616 3734 4675 6

2153 4721 2378 4793 Ἐχθρὸς
2412 4721 2616 4775 ἔκτισε.
2649 4721 2755 4776 Καὶ
2782 4719 2958 4786 τίσιν;
3000 4719 3086 4774 ἵνα
3118 4718 3360 4790 μηδεμία
3402 4732 3486 4770 σοι
3517 4713 3731 4784 πλάνης

2141 4817 2416 4886 πρόφασις
2439 4813 2737 4886 ὑπολειφθῇ
2771 4815 2887 4879 τοῖς
2919 4815 3134 4877 πιστοῖς
3167 4812 3332 4877 εὐθὺς
3361 4809 3732 4882 συναρμόττει

1552 5099 1787 5154 VARI/Ii
1839 5097 2228 5154 LECTIONES
2263 5100 2349 5155 ET
2379 5101 2612 5158 ΝΟΤᾹΞ.

534 5239 642 5307 (68)
680 5239 1091 5308 Προέλθωμεν.
1147 5240 1328 5298 Series
1367 5240 1634 5296 orationis
1666 5239 1848 5311 legere
1890 5242 2045 5311 jubet

461 5311 748 5432 ἐτροελὲεῖν
782 5311 903 5380 μὲν,
935 5312 1078 5366 slcut
1108 5311 1164 5367 in
1208 5312 1565 5383 sequentibus
1590 5313 1835 5366 occurrit
1865 5329 2042 5384 προσ-

496 5395 633 5432 οαμε
667 5399 719 5432 ν.
751 5392 856 5432 etc.

494 5384 719 5449 ραμεῖν,
751 5392 856 5436 etc.

534 5399 950 5522 ῗθῗίνῖλῗθῗης.
983 5453 1062 5508 lta
1094 5453 1152 5507 in
1196 5454 1303 5508 hoc
1333 5451 1491 5506 Pauli
1515 5452 1638 5507 loco
1681 5451 1869 5521 legunt
1905 5468 2045 5507 non-

461 5521 595 5593 nulli
627 5538 692 5576 ex
720 5524 1000 5578 veteribus
1039 5524 1357 5578 doctoribus
1382 5539 1490 5593 pro
1523 5523 1767 5586 πλάνοις,
1801 5525 1944 5593 quod
1990 5523 2043 5576 in

464 5591 744 5647 hodiernis
791 5593 1074 5648 codicibus
1125 5603 1320 5663 exstat.
1373 5592 1464 5647 Sic
1518 5601 1571 5646 et
1610 5596 1764 5661 pauci
1813 5591 2034 5663 quidam

465 5672 629 5733 manu
653 5663 857 5718 exarati
878 5664 1126 5718 eamdem
1143 5661 1446 5718 'lectionem
1474 5673 1801 5733 sequuntur,
1830 5661 1946 5718 sive
1970 5679 2035 5718 ex

467 5730 608 5785 facili
667 5733 950 5803 utriusque
1001 5735 1168 5802 vocis,
1227 5749 1294 5788 ex
1345 5730 2036 5804 eadem—pronuntiatione

2143 5248 2284 5315 orta,
2315 5243 2733 5315 permutatione,
2763 5242 2880 5315 sive
2906 5259 3004 5314 per
3023 5245 3291 5315 glossema
3324 5261 3390 5302 ex
3419 5239 3624 5302 lJoan.
3649 5257 3728 5310 Iv,

2144 5313 2196 5376 6,
2251 5313 2523 5384 petitum,
2576 5331 2698 5384 qua:
2755 5313 2922 5368 Millii
2974 5313 3060 5370 est
3121 5317 3414 5371 sententia.
3467 5315 3545 5371 lbi
3577 5317 3730 5372 enim

2143 5382 2616 5454 maneamne
2661 5394 3015 5439 memoratur.
3061 5385 3238 5440 Nolim
3282 5401 3411 5441 sane
3451 5403 3575 5441 cum
3607 5385 3728 5441 Jos.

2143 5452 2320 5525 Medo,
2339 5452 2418 5515 τὸ,
2439 5452 2668 5521 πλάνης,
2688 5471 2786 5524 pro
2809 5456 3047 5525 genuina
3074 5457 3311 5512 lectione
3342 5457 3545 5512 habere
3566 5465 3620 5511 et
3657 5458 3729 5512 de

2142 5523 2453 5596 idololatria
2489 5523 2797 5596 explicare,
2811 5523 2991 5596 :quod
3038 5537 3330 5596 utrumque
3384 5527 3428 5580 is
3475 5529 3608 5583 facit
3667 5528 3727 5582 in

2144 5593 2488 5665 Fragmentis
2535 5595 2726 5649 sacris.
2781 5593 2900 5650 Non
2951 5606 3058 5650 tam
3106 5593 3258 5652 enini
3293 5599 3361 5654 de
3413 5597 3726 5652 idololatria

2145 5665 2450 5734 speciatim,
2495 5680 2655 5744 quam
2688 5665 2755 5718 de
2783 5668 2948 5722 variis
2983 5668 3261 5744 erroribus
3295 5681 3608 5724 sermonem
3635 5667 3727 5723 hic

2147 5751 2286 5802 esse,
2319 5737 2602 5804 sequentia
2629 5747 2898 5792 commata
2921 5737 3208 5794 evincunt.
