3886 6426
195 392 291 457 ιιι)

1221 389 1519 450 CONTRA
1554 383 2012 449 MANICH/EOS
2047 385 2279 446 LIBER
2315 384 2434 447 IlI.

3355 380 3460 448 170

191 508 283 561 καὶ
329 503 676 571 ἐπεγνωκόσι
702 499 804 571 τὴν
829 498 1113 571 ἀλήθειαν.
1140 498 1304 551 Ὥστε
1336 502 1447 563 πᾶς
1483 501 1591 570 μὲν
1622 500 1651 552 ὁ
1686 516 1781 553 πι-

1895 498 2070 567 Itaque
2107 497 2280 552 ﬁdelis
2311 497 2513 561 omnis,
2559 505 2615 551 et
2638 494 2731 565 qui
2760 494 3048 551 veritatem
3081 496 3323 567 agnovit,
3357 499 3461 556 scit

193 600 311 658 στος
348 595 445 647 καὶ
493 592 828 662 ἐπεγνωκὼς
864 592 968 663 τὴν
1013 590 1278 662 ἀλήθειαν
1300 579 1411 645 bibe
1469 591 1650 645 πάντα
1679 593 1776 645 καὶ

196 687 329 758 μετὰ
362 686 609 751 πάντων,
640 686 738 739 καὶ
775 684 847 738 τὰ
884 680 1153 755 βρώματα
1196 684 1472 754 κτΐσματα
1501 679 1643 736 εἶναι
1680 682 1776 735 τοῦ

189 776 395 846 ἀγαθοῦ
426 776 590 832 Θεοῦ.
648 777 710 830 Ὅ
745 776 807 829 δὲ
840 777 923 837 είς
966 775 1154 845 ἕτερον
1191 775 1479 845 ἀναφέρων
1504 773 1565 839 ἐξ
1594 773 1777 827 αὐτῶν

190 886 326 931 τινα,
380 863 543 930 οὗτός
596 868 715 920 ἐστι
764 868 897 938 περὶ
950 858 1014 920 οὗ
1054 867 1117 918 τὸ
1169 866 1325 935 ἅγιον
1360 862 1481 918 εἷπε
1515 864 1773 935 Πνεῦμα·

193 962 400 1013 Ἔστιν
455 961 491 1011 ό
545 956 991 1027 προσεσχηκὼς
1031 958 1336 1026 πνεύμασι
1382 956 1623 1024 πλάνης
1678 956 1777 1010 καὶ

191 1050 616 1116 διδασκαλίαις
646 1049 996 1119 δαιμονίων,
1041 1051 1138 1104 καὶ
1187 1050 1284 1120 τῆς
1336 1049 1571 1119 ἀληθοῦς
1618 1049 1779 1120 ἡμῶν

192 1145 293 1194 τῶν
324 1135 679 1210 Χριστιανῶν
726 1141 967 1207 πίστεως
1018 1141 1365 1210 ἀποστάτηςο
1421 1140 1551 1211 περὶ
1579 1133 1653 1195 ὧν
1685 1140 1781 1194 καὶ

190 1232 415 1303 ἑτέρωθι
465 1234 495 1285 ὁ
537 1232 634 1285 τοῦ
682 1231 1007 1302 Πνεύματος
1058 1232 1346 1302 ὑποφήτης
1404 1231 1776 1303 προφητεύει·

202 1327 304 1378 Ἐν
322 1324 623 1392 ἐσχάταις
641 1322 914 1392 ἡμέραις,
938 1323 1134 1391 λέγων,
1156 1323 1562 1389 ἐνστήσονται
1588 1323 1782 1392 καιροὶ

192 1414 478 1481 χαλεποί·
512 1413 760 1467 ἔσονται
788 1412 898 1482 τὰρ
936 1415 993 1466 οἱ
1028 1412 1325 1481 ἂνθρωποι
1348 1414 1649 1482 φίλαυτοι,
1685 1432 1780 1482 50t-

190 1501 501 1569 λάρτνροι,
530 1501 821 1566 ἀλαζόνες
839 1542 854 1568 ,
880 1501 1262 1571 βλάσφημοι,
1295 1503 1583 1572 γονεῦσιν
1614 1505 1783 1557 ἀπει-

190 1593 337 1656 θεῖς.
370 1594 483 1645 Καὶ
520 1592 591 1644 τὰ.
616 1592 756 1646 ἄλλα
799 1593 1071 1647 ἀκόλουθα
1122 1595 1441 1664 καταλέγων
1482 1595 1655 1665 πάθη,
1680 1595 1783 1665 τῆς

192 1682 536 1751 προφητείας
590 1683 767 1754 πέρας
831 1687 1100 1740 ποιεῖταιο
1159 1688 1485 1756 Μόρφωσιν
1537 1687 1785 1756 ἔχοντες

191 1776 532 1843 εὐσεϐείας,
556 1776 675 1842 τὴν
700 1777 770 1829 δὲ
791 1777 1052 1847 δύναμιν
1079 1777 1269 1846 αὐτῆς
1291 1779 1637 1847 ἠρνημένοι.
1674 1778 1783 1832 Καὶ

1877 589 2063 642 omnia
2112 597 2169 643 et
2204 604 2328 643 cum
2360 587 2616 642 omnibus
2645 586 2812 641 etiam
2839 587 2994 642 cibos
3026 595 3306 643 creaturas
3332 587 3461 645 boni

1880 682 1976 736 Dei
2012 697 2158 737 esse.
2190 681 2295 748 Qui
2321 696 2455 736 vero
2479 681 2729 751 quadam
2762 696 2827 735 ex
2854 679 2962 736 illis
2982 680 3050 734 ad
3073 679 3242 734 alium
3271 679 3460 743 refert,

1878 774 1927 828 is
1950 781 2057 839 est,
2092 774 2161 830 de
2198 790 2306 843 quo
2334 774 2572 843 Spiritus
2602 780 2825 828 sanctus
2861 773 2937 827 ait
2968 790 2984 830 :
3022 772 3139 837 Est,
3170 773 3261 843 qui
3291 783 3465 829 atten-

1877 866 1956 921 dit
1996 867 2268 937 spiritibus
2334 868 2530 920 erroris
2588 876 2634 920 et
2684 866 2936 919 doctrinis
2978 871 3300 931 daemonum,
3350 875 3464 921 eta

1879 974 2008 1013 vera
2039 958 2474 1014 Christianorum
2513 957 2619 1011 fide
2643 958 2888 1012 dcl'ector
2912 956 2935 1009 ?
2962 958 3038 1012 De
3072 958 3270 1014 talibus
3296 958 3465 1013 etiam

1880 1046 2008 1101 alibi
2035 1046 2273 1116 Spiritus
2318 1054 2545 1101 sanctus
2583 1060 2763 1116 praeco
2806 1045 3175 1100 vaticinatur:
3225 1044 3294 1104 In
3330 1046 3465 1103 ulti-

1880 1136 1980 1189 mis
2016 1136 2216 1199 diebus,
2271 1135 2547 1204 inquiens,
2589 1144 2831 1204 tempora
2876 1134 3111 1204 dilﬁcilia
3163 1135 3462 1192 imminent.

1884 1226 2057 1280 Erunt
2081 1228 2221 1280 enim
2251 1227 2483 1281 homines
2510 1227 2593 1280 sui
2623 1236 2885 1291 amantes,
2918 1226 3093 1293 avari,
3127 1235 3463 1297 arrogantes.

1883 1318 2190 1388 blasphemi,
2218 1319 2523 1387 parentibus
2547 1318 2895 1387 immorigeri.
2932 1317 3242 1374 Recensitis
3267 1318 3468 1374 deinde

1882 1410 2004 1464 aliis
2031 1409 2302 1464 similibus
2339 1408 2580 1479 ﬂagitiis,
2613 1409 2855 1463 vaticinii
2906 1410 3055 1464 hunc
3097 1409 3227 1464 facit
3255 1410 3419 1464 ﬁnem
3449 1428 3465 1465 :

1883 1501 1985 1566 Qui
2007 1502 2199 1557 habent
2215 1505 2444 1573 formam
2464 1504 2697 1571 pictatis,
2716 1504 2819 1557 vim
2836 1519 2957 1556 vero
2980 1503 3093 1571 ejus
3115 1503 3379 1572 abnegant
3396 1501 3465 1556 ⁷⁸.

1887 1592 1952 1645 Et
1997 1594 2439 1657 quemadmodum
2501 1593 2704 1647 Jannes
2766 1603 2816 1646 et
2860 1592 3101 1648 Jambres
3163 1594 3469 1647 restiterunt

1887 1681 2038 1747 Mosi,
2072 1684 2149 1736 ita
2179 1692 2228 1737 et
2258 1684 2342 1736 illi
2373 1684 2623 1738 resistunt
2654 1684 2722 1737 ".
2759 1683 2839 1737 lbi
2867 1683 3153 1755 conjungit
3182 1682 3468 1737 veritatem

1888 1790 2015 1829 cum
2046 1775 2220 1842 Mose,
2254 1792 2351 1831 eos
2398 1785 2584 1833 autem
2621 1777 2734 1847 qui,
2772 1777 2991 1832 veritati
3037 1778 3315 1841 resistant,
3347 1792 3471 1831 cum

191 1864 262 1919 ὃν
316 1836 545 1933 τρόπώ
614 1836 867 1935 ’Ἰαννῆς
910 1836 1014 1923 καὶ
1081 1836 1360 1938 Ἰαμέρῆέ
1408 1836 1787 1936 ἀνθέστηκεν

1895 1865 2063 1923 ianne
2094 1879 2151 1922 et
2176 1867 2417 1924 Jambre.
2438 1869 2492 1923 Si
2525 1885 2653 1925 vero
2682 1870 2858 1925 Moses
2889 1878 2944 1924 et
2971 1871 3173 1928 veritas
3201 1872 3254 1925 in
3279 1871 3471 1928 eadem

190 1955 417 2021 Μωσεῖ,
444 1957 603 2009 οὕτω
637 1958 737 2011 καὶ
780 1954 945 2013 οὗτοι
978 1960 1371 2013 ἀνθίστανται
1404 1957 1479 2027 τῇ
1508 1960 1784 2027 ἀληθείᾳ.

192 2049 305 2101 Καὶ
339 2049 452 2117 γὰρ
494 2049 780 2103 «manu
824 2048 926 2120 τὴν
977 2050 1076 2119 μὲν
1118 2051 1382 2122 ἀλήθειαν
1430 2050 1509 2120 τῷ
1538 2052 1785 2122 Μωῢσῇ,

193 2141 323 2203 τοὺς
356 2141 415 2192 δὲ
450 2142 853 2210 ἀνθεστηκότας
900 2146 964 2213 τῇ
998 2143 1229 2215 ἀληθείᾳ
1255 2143 1334 2215 τῷ
1377 2143 1549 2215 Ἰαννῇ
1584 2144 1679 2199 καὶ
1707 2145 1789 2215 τῷ

206 2227 466 2298 Ἰαμϐρῇ.
532 2230 595 2281 ΕΞ
650 2229 708 2282 δὲ
758 2231 1001 2301 Μωῦσῆς
1042 2233 1141 2303 μὲν
1167 2235 1263 2288 καὶ
1295 2235 1330 2303 ἠ
1372 2234 1599 2306 ἀλήθεια
1633 2239 1689 2289 ἐν
1717 2239 1786 2307 τῇ
1830 2276 1836 2281 .

194 2322 343 2391 αὐτῇ
374 2321 549 2386 τάξει,
609 2324 817 2393 Ἰανύῆς
856 2324 914 2378 δὲ
943 2325 1038 2379 καὶ
1076 2327 1338 2397 Ἰαμῦρῆς
1365 2326 1480 2398 (70)
1513 2327 1789 2399 σύστοιχοι

195 2417 314 2476 τοῖς
347 2412 762 2485 ἀνθισταμένοις
799 2418 866 2487 τῇ
908 2417 1170 2489 ἀληθείᾳ,
1213 2419 1330 2482 πῶς
1363 2420 1424 2472 οὐ
1459 2420 1580 2474 κατ’
1610 2420 1788 2475 αὐτῶν

193 2500 228 2569 η
254 2500 578 2570 προφητεία
614 2500 788 2556 ταῦτα
814 2507 1113 2575 προεῖπενς
1148 2508 1212 2559 Oi
1238 2507 1348 2579 γὰρ
1377 2509 1519 2563 κατά
1544 2510 1790 2573 Μωσέως

196 2591 513 2655 λυττῶντες
531 2592 885 2650 ἀνθίστανται
915 2596 1016 2666 μὲν
1045 2600 1112 2667 τῇ
1145 2599 1398 2672 ἀληθείᾳ,
1443 2602 1790 2656 συνίστανται

194 2684 253 2735 δὲ
302 2686 403 2737 καὶ
452 2687 897 2757 συνδυσφημοῦσι
943 2690 1021 2759 τῷ
1063 2691 1237 2762 Ἰαννῇ
1275 2691 1369 2745 καὶ
1410 2693 1490 2763 τῷ
1536 2694 1787 2767 Ἰαμὸρῇ.

196 2774 317 2829 Καὶ
345 2775 404 2840 ἐξ
438 2771 501 2829 οὒ
526 2776 752 2844 ψεύδους
787 2779 1110 2851 ἐπήρθησαν
1141 2781 1193 2833 oi
1237 2782 1463 2837 παλαιοὶ
1484 2785 1791 2839 ἀποστάται

199 2865 403 2918 στάσιν
433 2866 575 2919 κατά
600 2867 842 2933 Μωσέως
873 2869 1212 2940 ἀναστῆσαι,
1253 2872 1342 2926 διὰ
1373 2873 1469 2927 τοῦ
1498 2874 1663 2930 αὐτοῦ
1697 2857 1791 2930 καὶ

196 2957 245 3007 ci
276 2955 397 3008 νέοι
422 2955 853 3024 ἠλαζονεύσαντο
882 2961 1027 3013 κατά
1048 2978 1108 3013 τε
1140 2961 1249 3016 τῶν
1276 2964 1588 3021 Μωσαϊκῶν
1608 2981 1791 3035 γραμ-

200 3048 421 3116 μάτων,
455 3048 549 3101 καὶ
576 3048 669 3102 τοῦ
699 3049 872 3104 ταῦτα
903 3052 1372 3123 νομοθετήσαντος
1388 3056 1679 3124 τυραννίδα
1706 3075 1793 3110 κι-

1888 1959 2064 2013 classe
2094 1967 2244 2022 sunt,
2290 1958 2498 2013 Jannes
2530 1969 2710 2014 autem
2750 1969 2807 2015 et
2837 1959 3088 2015 Jambres
3140 1962 3476 2029 respondent

1891 2050 1957 2105 iis
1985 2051 2076 2121 qui
2108 2052 2373 2105 resistunt
2404 2052 2641 2117 veritati,
2698 2052 2976 2121 quomodo
3028 2068 3138 2106 non
3188 2053 3357 2107 etiam
3405 2054 3474 2109 de

1889 2144 1995 2198 illis
2022 2143 2309 2214 prophetia
2337 2144 2455 2199 hac
2503 2143 2825 2213 accipienda
2862 2144 2997 2199 est?
3046 2143 3127 2197 llli
3163 2144 3309 2203 enim
3339 2144 3472 2202 dum

1890 2233 1946 2289 in
2002 2233 2187 2288 Mosen
2242 2234 2571 2300 insaniunt,
2624 2234 2891 2289 resistunt
2947 2233 3170 2303 quidem
3217 2236 3471 2300 veritati,

1889 2327 2168 2397 conjuncti
2198 2342 2333 2382 vero
2362 2335 2492 2381 sunt
2517 2341 2643 2382 cum
2670 2325 2847 2381 Jaune
2878 2335 2931 2380 et
2953 2325 3199 2388 Jambre,
3234 2342 3475 2397 cumque

1890 2418 1958 2474 iis
1996 2418 2425 2474 calumniantur.
2470 2418 2585 2473 [mo
2633 2419 2792 2488 cujus
2838 2418 3109 2473 mendacii
3158 2419 3210 2473 vi
3258 2428 3476 2475 veteres

1891 2515 1967 2568 illi
2006 2523 2270 2585 apostatae
2298 2514 2365 2569 ad
2407 2513 2761 2569 rebellionem
2792 2520 2983 2568 contra
3016 2512 3202 2567 Mosen
3227 2513 3476 2569 excitan-

1891 2604 2016 2658 dam
2058 2604 2290 2673 permoti
2322 2612 2471 2666 sunt,
2525 2603 2717 2657 eadem
2763 2610 2820 2656 et
2851 2600 3191 2656 recentiores
3220 2616 3280 2656 se
3314 2612 3478 2658 extu-

1893 2696 2077 2750 lerunt
2113 2695 2182 2749 ad
2213 2693 2578 2765 oppugnanda
2632 2691 2797 2747 Mosis
2846 2692 3052 2761 scripta
3085 2690 3334 2762 ejusque,
3382 2691 3479 2760 qui

1894 2790 1982 2844 illa
2028 2790 2200 2844 instar
2266 2789 2445 2860 legum
2524 2785 2777 2849 tradidit,
2831 2784 3158 2839 dominium.
3223 2784 3479 2841 Attamen

1894 2882 2040 2935 inter
2086 2896 2180 2936 eos
2225 2895 2289 2935 ea
2346 2888 2429 2934 est
2474 2876 2806 2938 differentia,
2842 2890 2966 2945 quae
2999 2877 3343 2931 recentiores
3378 2872 3482 2931 hos

1895 2971 2113 3040 pejores
2145 2970 2344 3024 reddit.
2391 2968 2549 3039 Apud
2590 2968 2806 3037 priores
2835 2966 2985 3022 enim
3021 2964 3230 3021 malitia
3260 2963 3316 3018 in
3344 2978 3483 3020 con-

1896 3064 2018 3119 silio
2047 3063 2397 3127 subsistebat,
2453 3061 2582 3131 quia
2610 3059 2941 3130 supplicium
2971 3067 3101 3114 ante
3126 3065 3482 3112 consecutam

199 3141 342 3195 νεῖν.
372 3139 518 3210 Πλὴν
570 3141 664 3194 ἐπὶ
708 3141 771 3195 τὸ
810 3145 992 3213 χεῖρον
1022 3145 1235 3209 τούτοις
1286 3148 1320 3216 ἡ
1348 3146 1603 3217 διαφορά.
1657 3148 1783 3212 Τοῖς

1895 3158 2167 3211 actionem
2191 3169 2308 3219 eos,
2333 3153 2427 3224 qui
2457 3150 2660 3221 aliquid
2688 3149 3056 3220 perpetraturi
3080 3134 3280 3202 malum
3302 3156 3483 3206 erant.

203 3232 311 3299 μὲν
346 3231 455 3302 γὰρ
486 3233 543 3284 ἐν
583 3232 784 3305 μελέτῃ
822 3234 936 3303 (Ἠ)
964 3234 1024 3289 τὸ
1058 3238 1228 3291 κακὸν
1256 3238 1419 3308 ἔστη·
1451 3239 1552 3309 τῆς
1577 3241 1791 3311 πληγῆς

202 3322 315 3392 πρὸ
343 3322 443 3390 τῆς
465 3323 717 3393 πράξεως
738 3327 861 3390 τοὺς
884 3327 1201 3397 πράξαντας
1228 3329 1313 3395 ἂν,
1340 3332 1390 3386 εί
1424 3332 1499 3403 μὴ
1532 3334 1790 3405 μετῆλθε,

201 3416 306 3483 τῆς
357 3417 727 3487 ἐγχειρήσεως
784 3420 1127 3492 ἀπαγούσης.
1180 3423 1243 3477 Οἱ
1275 3423 1333 3476 δὲ
1386 3425 1794 3497 μεμελετήκασί

200 3507 508 3573 δυσσεόὦς,
536 3510 635 3578 τῆς
663 3510 1081 3583 φιλανθρωπίας
1112 3514 1238 3568 ἀντὶ⁸
1269 3514 1364 3568 τοῦ
1394 3518 1666 3588 τιμωρίαν
1695 3518 1794 3572 λαο

204 3595 327 3649 ϐεεν
368 3598 471 3668 τὴν
514 3600 806 3668 μετάνοιαν
848 3604 1264 3674 ἀναμενούσης,
1296 3598 1383 3658 οἷα
1411 3604 1476 3677 δὴ
1518 3624 1795 3679 καταφρο-

208 3689 371 3757 νηταὶ
397 3691 494 3743 καί
520 3690 762 3763 δευτέρῳ
793 3694 949 3766 κακῷ
977 3696 1037 3747 τὸ
1065 3696 1336 3766 προλαὸὸν
1365 3699 1548 3769 χεῖρον
1578 3699 1797 3755 ποιοῦν-

208 3797 324 3845 τες,
356 3782 451 3834 καὶ
478 3781 582 3853 τὴν
601 3783 854 3852 γλῶσσαν
882 3785 1126 3850 ὁπλίζειν
1152 3788 1295 3842 κατά
1320 3789 1416 3843 τοῦ
1443 3792 1794 3863 Δημιουργοῦ

210 3873 322 3927 τῶν
349 3875 487 3929 ὅλων
520 3877 585 3929 οὐ
636 3877 1092 3948 διαλιμπάνουσι,
1141 3880 1231 3935 διὰ
1277 3882 1376 3951 μὲν
1423 3882 1533 3940 τῶν
1561 3883 1795 3956 ὕϐρεων,

205 3962 276 4026 ἃς
308 3965 641 4035 καταχέουσι
669 3967 763 4021 τοῦ
803 3968 949 4024 θείου
989 3968 1351 4042 θεράποντος,
1386 3972 1797 4043 ωνεξυόρίζον-

208 4074 325 4121 τες,
360 4060 456 4115 καὶ
488 4060 557 4123 ἃς
586 4058 837 4125 ἐδέξαντο
861 4062 1186 4132 νομοθεσίας
1218 4065 1583 4131 Δεσποτικάς,
1619 4066 1708 4121 διὰ
1738 4066 1796 4120 δὲ

210 4149 322 4202 τῶν
365 4154 446 4214 είς
486 4152 592 4217 τὰς
636 4154 960 4224 νομοθεσίας
988 4157 1288 4227 παροινῶν
1336 4158 1457 4211 κατ’
1497 4158 1663 4212 αὐτοῦ
1702 4159 1796 4214 τοῦ

210 4241 509 4311 νομοθέτου
566 4245 661 4299 καὶ
713 4245 933 4302 πάντων
996 4247 1333 4318 δημιουργοῦ
1390 4250 1489 4313 τὰς
1544 4250 1797 4318 ἀσελγεῖς

207 4332 431 4395 ὲκείνας
479 4336 577 4388 καὶ
604 4335 831 4400 ἀθέτους
853 4338 1287 4409 ἀπορρίπτοντες
1317 4341 1523 4409 φωνάς.
1559 4342 1797 4411 Τοιαύτη

209 4428 316 4496 τῆς
340 4427 684 4492 ἀποστασίας
712 4430 746 4500 ἡ
776 4431 872 4484 νέα
908 4431 1006 4485 καὶ
1035 4435 1350 4503 πρόσφατος
1395 4435 1539 4488 κατά
1574 4434 1669 4487 τοῦ
1696 4437 1798 4507 Δη-

1895 3243 2001 3300 nisi
2044 3259 2072 3296 a
2124 3251 2324 3298 conatu
2376 3241 2625 3306 retraxit,
2672 3239 2899 3294 omnino
2948 3237 3191 3293 sustulit.
3234 3235 3306 3289 At
3345 3236 3485 3290 hiet

1895 3332 2140 3390 meditati
2175 3341 2305 3387 sunt
2341 3333 2568 3395 malum,
2594 3338 2797 3386 etcum
2825 3327 3014 3383 divina
3052 3325 3363 3396 benignitas
3383 3339 3485 3395 pro

1895 3441 2057 3497 pcena
2092 3424 2378 3494 irroganda
2410 3422 2792 3493 paenitentiam
2843 3421 3088 3491 ipsorum
3115 3424 3482 3488 exspectaret,

1897 3527 2156 3587 tauquam
2186 3523 2617 3585 contemptores,
2669 3515 2985 3582 malumque
3032 3512 3378 3583 geminantes
3406 3509 3487 3569 fa-

1897 3611 2056 3666 cinus
2102 3607 2435 3663 destinatum
2504 3613 2866 3676 perpetrant,
2924 3604 3279 3674 linguamque
3328 3616 3486 3659 suam

1897 3710 2087 3757 contra
2130 3699 2482 3771 Conditorem
2526 3697 2771 3752 omnium
2811 3709 3010 3749 acuere
3044 3709 3151 3747 non
3199 3692 3482 3755 desinunt.

1898 3793 2092 3849 iisdem
2111 3790 2376 3846 conviciis
2407 3833 2421 3857 ,
2453 3803 2575 3859 quae
2605 3788 2660 3841 in
2689 3787 2938 3841 divinum
2966 3785 3281 3839 ministrum
3303 3782 3483 3837 etl'uno

1898 3884 2037 3939 dunt
2070 3883 2234 3937 etiam
2270 3882 2417 3952 leges
2452 3877 2691 3943 Domini,
2747 3887 2885 3947 quas
2931 3883 3304 3944 receperunt,
3360 3889 3487 3944 pro-

1898 3975 2234 4037 scindentes,
2266 3986 2475 4041 suaque
2499 3970 2556 4023 in
2573 3970 2733 4040 leges
2753 3966 3044 4022 insolentia
3067 3966 3244 4037 ipsum
3265 3980 3487 4036 quoque

1899 4064 2267 4136 legislatorcm
2293 4061 2654 4130 omniumque
2706 4057 2998 4114 Dominum
3052 4056 3283 4110 vocibus
3320 4064 3486 4125 petu.

1898 4157 2138 4213 [antibus
2174 4163 2230 4209 et
2254 4154 2436 4224 impiis
2463 4160 2734 4223 petentes.
2760 4150 2939 4219 Atque
2967 4148 3043 4205 ita
3082 4147 3302 4218 quidem
3333 4162 3487 4203 com-

1898 4261 2088 4321 parata
2118 4256 2206 4304 est
2243 4262 2387 4303 nova
2411 4246 2503 4300 illa
2537 4253 2594 4299 et
2628 4258 2827 4299 recens
2880 4250 3258 4312 apostatarum
3293 4248 3487 4294 contra

1898 4343 2219 4398 Creatorem
2273 4339 2519 4396 omnium
2576 4335 2892 4402 insolentia,
2949 4335 3037 4388 vel
3096 4334 3284 4405 potius
3333 4333 3487 4388 varia

1900 4443 2321 4503 monstrosaque
2375 4447 2441 4487 ex
2482 4437 2744 4501 serpente
2770 4426 3059 4499 progenita
3089 4426 3301 4496 vipera.
3361 4439 3488 4495 quae

214 4518 484 4588 μιουργοῦ
519 4520 631 4574 τῶν
675 4521 813 4577 ὅλων
856 4526 1134 4595 τυραννὶς,
1164 4525 1368 4595 μᾶλλον
1408 4527 1467 4581 δὲ
1498 4528 1558 4580 τὸ
1581 4527 1669 4580 διὰ
1696 4505 1792 4599 τῆς

1904 4537 2156 4584 ventrem
2209 4525 2404 4580 matris
2457 4523 2695 4589 conficit,
2747 4532 2805 4576 et
2833 4521 3112 4592 copiosius
3138 4515 3489 4588 blasphemiae

217 4608 471 4672 Παλαιᾶς
515 4612 757 4683 ἐκείνης,
788 4613 980 4685 ὥσπερ
1017 4615 1076 4681 ἐξ
1106 4616 1322 4687 ἐχίδνης
1365 4616 1714 4688 πολύμορφόν
1745 4635 1799 4671 τι

1906 4634 2188 4675 venenum
2222 4617 2280 4671 in
2317 4616 2635 4671 Creatorem
2663 4612 2879 4669 eﬂ'udit.
2913 4610 3021 4666 Sed
3050 4610 3119 4665 de
3151 4609 3239 4663 his
3274 4614 3486 4677 postea.

214 4706 311 4758 καὶ
352 4705 647 4759 ἀλλόκοτον
698 4708 999 4779 ἀποτεχθὲν
1041 4710 1233 4780 θηρίον
1289 4711 1425 4783 (72),
1482 4713 1806 4780 καταφαγὸν
1847 4714 1947 4785 μὲν
1972 4714 2072 4782 τὴν
2094 4710 2339 4782 γαστέρα
2364 4710 2463 4779 τῆς
2491 4709 2781 4781 τεκούσης,
2820 4706 2983 4765 πλέον
3044 4703 3102 4762 δὲ
3154 4703 3246 4759 τὸν
3285 4702 3362 4758 ίὸν
3386 4701 3489 4772 τῆς

216 4797 576 4867 βλασφημίας
608 4800 891 4854 ἀποπτύον
925 4805 1068 4857 κατά
1097 4803 1194 4856 τοῦ
1228 4804 1597 4875 Δημωυργοῦ.
1645 4804 1806 4859 Ἀλλά
1841 4806 2014 4863 ταῦτα
2041 4805 2143 4876 μὲν
2174 4804 2269 4863 καὶ
2294 4802 2542 4879 ὕστερον,

283 4920 331 4950 ’⁵
358 4918 401 4973 ll
435 4918 578 4973 Tim.
614 4932 679 4973 ιιι
729 4915 784 4971 5.
859 4920 904 4951 ⁷³
934 4918 1067 4974 ibid.
1098 4919 1153 4977 8.

1337 5008 1571 5064 VARUS
1608 5007 1995 5065 LECTIONES
2031 5008 2121 5062 ΕΤ
2158 5007 2392 5065 NOTAE.

288 5129 401 5197 (70)
446 5128 790 5195 Σύστοιχοι.
837 5126 951 5181 Vox
986 5128 1088 5183 ista
1115 5128 1363 5182 eamdem
1394 5127 1482 5181 hic
1512 5128 1678 5181 habet
1707 5126 1806 5182 no-

217 5201 448 5261 tionem,
482 5213 646 5267 quam
677 5199 906 5251 verbum
940 5200 1269 5267 συστοιχεῑν,
1304 5213 1331 5251 a
1370 5214 1479 5267 quo
1504 5198 1807 5261 derivatur,

219 5278 404 5323 tuetur
443 5267 621 5323 Galat.
667 5283 739 5331 tv,
771 5267 865 5330 25,
888 5269 956 5321 ad
984 5283 1148 5336 quem
1178 5268 1360 5322 locum
1389 5268 1509 5322 vide
1537 5268 1811 5336 interpre-

218 5349 322 5400 tes,
351 5345 409 5391 et
436 5337 491 5390 in
515 5337 705 5403 primis
735 5336 1023 5391 Erasmum
1054 5337 1419 5404 Schmidium,
1452 5346 1780 5392 nostratem.

292 5409 407 5475 (7|)
476 5407 580 5462 Ἐν
622 5407 874 5476 μελέτῃ.
932 5406 1114 5462 Mente
1168 5407 1383 5461 scilicet
1422 5406 1578 5475 quasi
1633 5408 1814 5462 adhuc

220 5478 549 5547 volvebatur
586 5477 823 5541 facinus,
853 5485 911 5531 et
947 5478 1003 5530 in
1052 5478 1244 5547 primis
1276 5478 1593 5532 versabatur
1618 5476 1811 5547 initiis.

224 5547 299 5602 Ita
326 5544 592 5601 Libanius
608 5563 741 5602 voce
768 5549 872 5602 hac
891 5544 1069 5602 utitur
1080 5549 1199 5602 loco
1222 5563 1345 5603 mox
1364 5548 1583 5602 citaudo
1603 5563 1660 5616 p.
1687 5546 1810 5612 168,

225 5617 315 5671 ubi
363 5618 413 5671 is
457 5617 568 5671 ita:
598 5619 864 5688 Δείσαντα
907 5616 1009 5685 τὴν
1037 5617 1134 5670 τοῦ
1180 5618 1507 5688 πράγματος
1558 5618 1811 5688 μελέτην,

224 5689 299 5812 g2
328 5688 425 5741 καὶ
445 5688 585 5767 πρὸς
609 5688 670 5740 τὸ
706 5686 970 5757 μέγιστον
989 5688 1101 5769 ἀπο
1130 5686 1240 5741 τῶν
1267 5686 1568 5769 ἐλαττόνων
1595 5686 1808 5758 βαδίσῃ.

302 5758 375 5811 let
397 5758 537 5812 alias
562 5757 682 5812 haec
705 5773 811 5812 vox
840 5772 1095 5812 usurpari
1122 5774 1151 5812 a
1179 5758 1496 5812 rhetoribus
1527 5757 1595 5812 de
1628 5757 1808 5811 decla-

302 5758 375 5811 let
397 5758 537 5814 alias
562 5757 682 5813 haec
705 5773 811 5812 vox
840 5758 1095 5827 usurpari
1122 5774 1151 5812 a
1179 5758 1496 5813 rhetoribus
1527 5757 1595 5812 de
1628 5757 1811 5811 decla-

222 5828 557 5884 mationibus
580 5828 782 5896 quibus
826 5828 1089 5898 juventus
1109 5830 1179 5883 ad
1213 5829 1511 5884 masculam
1545 5827 1811 5897 eloquen-

583 5921 862 5983 ΡΔτιιοι..
903 5920 1025 5982 Gn.
1069 5922 1192 5985 CII.

1909 5129 2039 5200 tiam
2080 5127 2284 5200 erudiri
2317 5127 2499 5200 solet:
2552 5126 2687 5200 vide
2707 5129 2955 5200 omnino,
2994 5128 3198 5184 Ezech.
3243 5128 3495 5200 Spanhe-

1907 5199 2102 5269 mium,
2140 5198 2206 5252 ad
2245 5198 2447 5269 Iuliani
2492 5205 2626 5251 orat.
2672 5198 2720 5261 l,
2749 5214 2802 5267 p.
2839 5199 2905 5253 14
2950 5214 3130 5269 seqq.,
3163 5207 3221 5253 et
3241 5198 3488 5253 Godfrid.

1907 5267 2184 5390 Oleigiium
2233 5268 2301 5322 ad
2341 5266 2763 5334 Philostratum,’
2814 5269 2891 5324 De
2930 5266 3491 5339 vitis'sophistarum,

1911 5353 1966 5390 ο.
2113 5377 2128 5390 .

1983 5407 2110 5478 (72)
2136 5406 2371 5478 Θηρζον.
2406 5408 2479 5461 De
2518 5408 2805 5463 venenatis
2827 5408 3022 5464 bestiis
3046 5409 3299 5478 usurpari
3332 5407 3491 5478 solet.

1912 5475 2050 5531 Vide
2089 5477 2239 5531 Sam.
2265 5476 2619 5542 Bochartum,
2647 5487 2802 5547 parte
2832 5496 2894 5543 ιι,
2925 5475 3250 5545 Hierozoici,
3273 5493 3327 5547 p.
3352 5477 3447 5531 571
3474 5493 3491 5542 ;

1912 5555 1968 5602 et
2008 5547 2359 5601 Lambertum
2413 5547 2554 5613 Bos,
2602 5547 2842 5604 in-Notis
2878 5549 2945 5604 ad
2995 5549 3207 5604 Novum
3258 5547 3491 5609 Fmdus,

1912 5632 1967 5686 p.
2022 5618 2110 5672 90.
2154 5614 2506 5685 Transfertur
2549 5617 2749 5675 deinde
2799 5620 2867 5674 ad
2924 5619 3173 5675 homines
3221 5617 3275 5671 in
3325 5618 3495 5670 Deum

1915 5688 2241 5759 hominesve
2288 5689 2545 5759 maxime
2565 5689 2819 5759 injurios.
2849 5688 2991 5758 Lege
3019 5686 3497 5759 Joannemgi’ear—

1912 5757 2131 5841 senium
2168 5759 2235 5812 ad
2270 5758 2471 5841 ignaui
2507 5757 2800 5841 Epistolas,
2832 5776 2887 5841 ρ.
2935 5757 3033 5827 ﬂ;
3056 5770 3134 5841 ἰι-ι
3174 5757 3497 5841 Godfridum

1912 5826 2188 5884 Olearinm
2216 5831 2285 5884 ad
2308 5826 2623 5885 Orationem
2654 5826 2868 5885 Libanii
2891 5845 2992 5901 pro
3016 5826 3328 5888 ulciscenda
3345 5828 3498 5884 caede

3017 5922 3054 5985 6
