  <div class='ocr_page' id='page_1' title='image "/cluster/home/n/w/nwhite01/storage/ocr_20150623/102:no.2/coo.31924054870062/099.png"; bbox 0 0 3886 6424; ppageno 0'>
   <div class='ocr_carea' id='block_1_1' title="bbox 435 393 527 457">
    <p class='ocr_par' dir='ltr' id='par_1_1' title="bbox 435 393 527 457">
     <span class='ocr_line' id='line_1_1' title="bbox 435 393 527 457; baseline 0 -1"><span class='ocrx_word' id='word_1_1' title='bbox 435 393 527 457; x_wconf 79' lang='lat'><strong>171</strong></span> 
     </span>
    </p>
   </div>
   <div class='ocr_carea' id='block_1_2' title="bbox 1614 379 2566 444">
    <p class='ocr_par' dir='ltr' id='par_1_2' title="bbox 1614 379 2566 444">
     <span class='ocr_line' id='line_1_2' title="bbox 1614 379 2566 444; baseline 0.002 -2"><span class='ocrx_word' id='word_1_2' title='bbox 1614 381 1874 442; x_wconf 84' lang='lat' dir='ltr'><strong>PIIOTII</strong></span> <span class='ocrx_word' id='word_1_3' title='bbox 1915 379 2422 442; x_wconf 60' lang='lat' dir='ltr'><strong>PATRIARC‘IL‘E</strong></span> <span class='ocrx_word' id='word_1_4' title='bbox 2455 381 2566 444; x_wconf 67' lang='grc' dir='ltr'><strong>(ΣΡ.</strong></span> 
     </span>
    </p>
   </div>
   <div class='ocr_carea' id='block_1_3' title="bbox 3601 378 3694 445">
    <p class='ocr_par' dir='ltr' id='par_1_3' title="bbox 3601 378 3694 445">
     <span class='ocr_line' id='line_1_3' title="bbox 3601 378 3694 445; baseline 0.032 -3"><span class='ocrx_word' id='word_1_5' title='bbox 3601 378 3694 445; x_wconf 72' lang='grc'><strong>1⁸12</strong></span> 
     </span>
    </p>
   </div>
   <div class='ocr_carea' id='block_1_4' title="bbox 507 485 2045 570">
    <p class='ocr_par' dir='ltr' id='par_1_4' title="bbox 507 493 2023 570">
     <span class='ocr_line' id='line_1_4' title="bbox 507 493 2023 570; baseline -0.011 -8"><span class='ocrx_word' id='word_1_6' title='bbox 507 504 695 562; x_wconf 72' lang='lat' dir='ltr'><strong>XVIII.</strong></span> <span class='ocrx_word' id='word_1_7' title='bbox 725 502 863 570; x_wconf 84' lang='lat' dir='ltr'><strong>Quia</strong></span> <span class='ocrx_word' id='word_1_8' title='bbox 890 513 1024 556; x_wconf 84' lang='lat' dir='ltr'><strong>vero</strong></span> <span class='ocrx_word' id='word_1_9' title='bbox 1049 510 1232 554; x_wconf 85' lang='lat' dir='ltr'><strong>sermo</strong></span> <span class='ocrx_word' id='word_1_10' title='bbox 1266 509 1427 550; x_wconf 88' lang='lat' dir='ltr'><strong>meus</strong></span> <span class='ocrx_word' id='word_1_11' title='bbox 1456 503 1714 563; x_wconf 89' lang='lat' dir='ltr'><strong>tanquam</strong></span> <span class='ocrx_word' id='word_1_12' title='bbox 1748 493 1802 551; x_wconf 91' lang='lat' dir='ltr'><strong>in</strong></span> <span class='ocrx_word' id='word_1_13' title='bbox 1839 499 2023 546; x_wconf 83' lang='lat' dir='ltr'><strong>trans—-</strong></span> 
     </span>
    </p>
   </div>
   <div class='ocr_carea' id='block_1_5' title="bbox 2150 485 3694 570">
    <p class='ocr_par' dir='ltr' id='par_1_5' title="bbox 2195 485 3694 560">
     <span class='ocr_line' id='line_1_5' title="bbox 2195 485 3694 560; baseline 0 -17"><span class='ocrx_word' id='word_1_14' title='bbox 2195 489 2301 544; x_wconf 88' lang='lat' dir='ltr'><strong>IH&#39;.</strong></span> <span class='ocrx_word' id='word_1_15' title='bbox 2356 489 2510 542; x_wconf 81' lang='grc' dir='ltr'><strong>Ἑπεί</strong></span> <span class='ocrx_word' id='word_1_16' title='bbox 2555 488 2611 541; x_wconf 80' lang='grc' dir='ltr'><strong>δὲ</strong></span> <span class='ocrx_word' id='word_1_17' title='bbox 2641 485 2740 552; x_wconf 87' lang='grc' dir='ltr'><strong>τάς</strong></span> <span class='ocrx_word' id='word_1_18' title='bbox 2784 487 3084 560; x_wconf 81' lang='grc' dir='ltr'><strong>ἰερολογίας</strong></span> <span class='ocrx_word' id='word_1_19' title='bbox 3110 486 3140 540; x_wconf 84' lang='grc' dir='ltr'><strong>ό</strong></span> <span class='ocrx_word' id='word_1_20' title='bbox 3171 486 3328 557; x_wconf 83' lang='grc' dir='ltr'>λόγος</span> <span class='ocrx_word' id='word_1_21' title='bbox 3369 486 3446 551; x_wconf 77' lang='grc' dir='ltr'><strong>ὡς</strong></span> <span class='ocrx_word' id='word_1_22' title='bbox 3487 488 3545 539; x_wconf 74' lang='grc' dir='ltr'><strong>ἐν</strong></span> <span class='ocrx_word' id='word_1_23' title='bbox 3579 489 3694 542; x_wconf 86' lang='grc' dir='ltr'><strong>ἐπι-</strong></span> 
     </span>
    </p>
   </div>
   <div class='ocr_carea' id='block_1_6' title="bbox 435 575 2045 668">
    <p class='ocr_par' dir='ltr' id='par_1_6' title="bbox 435 584 2020 668">
     <span class='ocr_line' id='line_1_6' title="bbox 435 584 2020 668; baseline -0.013 -11"><span class='ocrx_word' id='word_1_24' title='bbox 435 615 598 657; x_wconf 86' lang='lat' dir='ltr'><strong>cursu</strong></span> <span class='ocrx_word' id='word_1_25' title='bbox 647 601 966 668; x_wconf 86' lang='lat' dir='ltr'><strong>persecutus</strong></span> <span class='ocrx_word' id='word_1_26' title='bbox 1011 599 1096 644; x_wconf 87' lang='lat' dir='ltr'><strong>est</strong></span> <span class='ocrx_word' id='word_1_27' title='bbox 1141 588 1359 644; x_wconf 89' lang='lat' dir='ltr'><strong>oracula</strong></span> <span class='ocrx_word' id='word_1_28' title='bbox 1402 601 1554 642; x_wconf 86' lang='lat' dir='ltr'><strong>sacra</strong></span> <span class='ocrx_word' id='word_1_29' title='bbox 1581 624 1597 649; x_wconf 92' lang='lat'><strong>,</strong></span> <span class='ocrx_word' id='word_1_30' title='bbox 1642 600 1766 655; x_wconf 68' lang='lat' dir='ltr'><strong>qua:</strong></span> <span class='ocrx_word' id='word_1_31' title='bbox 1813 584 2020 639; x_wconf 89' lang='lat' dir='ltr'><strong>bonum</strong></span> 
     </span>
    </p>
   </div>
   <div class='ocr_carea' id='block_1_7' title="bbox 2150 575 3698 668">
    <p class='ocr_par' dir='ltr' id='par_1_7' title="bbox 2153 575 3698 650">
     <span class='ocr_line' id='line_1_7' title="bbox 2153 575 3698 650; baseline -0.001 -18"><span class='ocrx_word' id='word_1_32' title='bbox 2153 580 2296 650; x_wconf 79' lang='grc' dir='ltr'><strong>ρομῇ</strong></span> <span class='ocrx_word' id='word_1_33' title='bbox 2341 576 2591 647; x_wconf 81' lang='grc' dir='ltr'><strong>διῆλθεν,</strong></span> <span class='ocrx_word' id='word_1_34' title='bbox 2625 577 2684 631; x_wconf 88' lang='grc' dir='ltr'><strong>αἰ</strong></span> <span class='ocrx_word' id='word_1_35' title='bbox 2725 576 2821 632; x_wconf 76' lang='grc' dir='ltr'><strong>τδν</strong></span> <span class='ocrx_word' id='word_1_36' title='bbox 2850 577 3058 646; x_wconf 79' lang='grc' dir='ltr'><strong>ἀγαθὸν</strong></span> <span class='ocrx_word' id='word_1_37' title='bbox 3102 577 3327 647; x_wconf 82' lang='grc' dir='ltr'><strong>Πατέρα</strong></span> <span class='ocrx_word' id='word_1_38' title='bbox 3363 575 3460 630; x_wconf 91' lang='grc' dir='ltr'><strong>τοῦ</strong></span> <span class='ocrx_word' id='word_1_39' title='bbox 3502 577 3698 648; x_wconf 77' lang='grc' dir='ltr'><strong>Κυρίου</strong></span> 
     </span>
    </p>
   </div>
   <div class='ocr_carea' id='block_1_8' title="bbox 435 673 2024 747">
    <p class='ocr_par' dir='ltr' id='par_1_8' title="bbox 435 673 2024 747">
     <span class='ocr_line' id='line_1_8' title="bbox 435 673 2024 747; baseline -0.011 -1"><span class='ocrx_word' id='word_1_40' title='bbox 435 693 655 747; x_wconf 81' lang='lat' dir='ltr'><strong>Patrem</strong></span> <span class='ocrx_word' id='word_1_41' title='bbox 686 683 901 741; x_wconf 86' lang='lat' dir='ltr'><strong>Domini</strong></span> <span class='ocrx_word' id='word_1_42' title='bbox 934 680 1110 737; x_wconf 91' lang='lat' dir='ltr'><strong>no&#39;stri</strong></span> <span class='ocrx_word' id='word_1_43' title='bbox 1141 678 1271 734; x_wconf 81' lang='lat' dir='ltr'><strong>Jesu</strong></span> <span class='ocrx_word' id='word_1_44' title='bbox 1303 677 1540 742; x_wconf 92' lang='lat' dir='ltr'><strong>Christi,</strong></span> <span class='ocrx_word' id='word_1_45' title='bbox 1591 685 1646 732; x_wconf 92' lang='lat' dir='ltr'><strong>et</strong></span> <span class='ocrx_word' id='word_1_46' title='bbox 1677 675 1855 746; x_wconf 86' lang='lat' dir='ltr'><strong>ipsum</strong></span> <span class='ocrx_word' id='word_1_47' title='bbox 1889 673 2024 729; x_wconf 85' lang='lat' dir='ltr'><strong>dile-</strong></span> 
     </span>
    </p>
   </div>
   <div class='ocr_carea' id='block_1_9' title="bbox 437 767 2023 839">
    <p class='ocr_par' dir='ltr' id='par_1_9' title="bbox 437 767 2023 839">
     <span class='ocr_line' id='line_1_9' title="bbox 437 767 2023 839; baseline -0.013 -1"><span class='ocrx_word' id='word_1_48' title='bbox 437 793 586 838; x_wconf 86' lang='lat' dir='ltr'><strong>ctum</strong></span> <span class='ocrx_word' id='word_1_49' title='bbox 601 778 798 833; x_wconf 88' lang='lat' dir='ltr'><strong>Filium</strong></span> <span class='ocrx_word' id='word_1_50' title='bbox 811 773 1153 830; x_wconf 82' lang='lat' dir='ltr'><strong>conditorem</strong></span> <span class='ocrx_word' id='word_1_51' title='bbox 1177 771 1342 839; x_wconf 85' lang='lat' dir='ltr'><strong>hujus</strong></span> <span class='ocrx_word' id='word_1_52' title='bbox 1364 767 1628 830; x_wconf 88' lang='lat' dir='ltr'><strong>universi,</strong></span> <span class='ocrx_word' id='word_1_53' title='bbox 1649 774 1705 822; x_wconf 92' lang='lat' dir='ltr'><strong>et</strong></span> <span class='ocrx_word' id='word_1_54' title='bbox 1720 775 2023 822; x_wconf 83' lang='lat' dir='ltr'><strong>creatorem</strong></span> 
     </span>
    </p>
   </div>
   <div class='ocr_carea' id='block_1_10' title="bbox 440 857 2026 939">
    <p class='ocr_par' dir='ltr' id='par_1_10' title="bbox 440 857 2026 939">
     <span class='ocr_line' id='line_1_10' title="bbox 440 857 2026 939; baseline -0.011 -11"><span class='ocrx_word' id='word_1_55' title='bbox 440 873 709 936; x_wconf 89' lang='lat' dir='ltr'><strong>omnium,</strong></span> <span class='ocrx_word' id='word_1_56' title='bbox 740 866 1038 939; x_wconf 84' lang='lat' dir='ltr'><strong>quaeinter</strong></span> <span class='ocrx_word' id='word_1_57' title='bbox 1069 861 1352 919; x_wconf 89' lang='lat' dir='ltr'><strong>sensibilia</strong></span> <span class='ocrx_word' id='word_1_58' title='bbox 1405 868 1464 916; x_wconf 79' lang='lat' dir='ltr'><strong>et</strong></span> <span class='ocrx_word' id='word_1_59' title='bbox 1511 857 1870 930; x_wconf 88' lang='lat' dir='ltr'><strong>intelligibilia</strong></span> <span class='ocrx_word' id='word_1_60' title='bbox 1920 871 2026 911; x_wconf 91' lang='lat' dir='ltr'><strong>nu-</strong></span> 
     </span>
    </p>
   </div>
   <div class='ocr_carea' id='block_1_11' title="bbox 442 947 2027 1028">
    <p class='ocr_par' dir='ltr' id='par_1_11' title="bbox 442 947 2027 1028">
     <span class='ocr_line' id='line_1_11' title="bbox 442 947 2027 1028; baseline -0.013 -8"><span class='ocrx_word' id='word_1_61' title='bbox 442 972 742 1026; x_wconf 89' lang='lat' dir='ltr'><strong>merantur,</strong></span> <span class='ocrx_word' id='word_1_62' title='bbox 792 959 940 1015; x_wconf 91' lang='lat' dir='ltr'><strong>clare</strong></span> <span class='ocrx_word' id='word_1_63' title='bbox 983 953 1344 1028; x_wconf 91' lang='lat' dir='ltr'><strong>pronuntiant</strong></span> <span class='ocrx_word' id='word_1_64' title='bbox 1391 960 1449 1007; x_wconf 88' lang='lat' dir='ltr'><strong>et</strong></span> <span class='ocrx_word' id='word_1_65' title='bbox 1473 950 1774 1015; x_wconf 88' lang='lat' dir='ltr'><strong>celebrant,</strong></span> <span class='ocrx_word' id='word_1_66' title='bbox 1801 947 2027 1004; x_wconf 91' lang='lat' dir='ltr'><strong>consul-</strong></span> 
     </span>
    </p>
   </div>
   <div class='ocr_carea' id='block_1_12' title="bbox 445 1027 2024 1113">
    <p class='ocr_par' dir='ltr' id='par_1_12' title="bbox 445 1027 2024 1113">
     <span class='ocr_line' id='line_1_12' title="bbox 445 1027 2024 1113; baseline -0.012 -1"><span class='ocrx_word' id='word_1_67' title='bbox 445 1067 558 1113; x_wconf 90' lang='lat' dir='ltr'><strong>tum</strong></span> <span class='ocrx_word' id='word_1_68' title='bbox 610 1052 744 1108; x_wconf 90' lang='lat' dir='ltr'><strong>mihi</strong></span> <span class='ocrx_word' id='word_1_69' title='bbox 807 1027 1029 1105; x_wconf 87' lang='lat' dir='ltr'><strong>videtur</strong></span> <span class='ocrx_word' id='word_1_70' title='bbox 1081 1027 1662 1101; x_wconf 28' lang='lat' dir='ltr'><strong>adhuc-manifestius</strong></span> <span class='ocrx_word' id='word_1_71' title='bbox 1712 1039 2024 1107; x_wconf 84' lang='lat' dir='ltr'><strong>ostendere,</strong></span> 
     </span>
    </p>
   </div>
   <div class='ocr_carea' id='block_1_13' title="bbox 442 1129 2026 1216">
    <p class='ocr_par' dir='ltr' id='par_1_13' title="bbox 442 1129 2026 1216">
     <span class='ocr_line' id='line_1_13' title="bbox 442 1129 2026 1216; baseline -0.011 -16"><span class='ocrx_word' id='word_1_72' title='bbox 442 1148 692 1216; x_wconf 82' lang='lat' dir='ltr'><strong>quisnam</strong></span> <span class='ocrx_word' id='word_1_73' title='bbox 732 1142 946 1214; x_wconf 89' lang='lat' dir='ltr'><strong>primus</strong></span> <span class='ocrx_word' id='word_1_74' title='bbox 973 1149 1029 1196; x_wconf 93' lang='lat' dir='ltr'><strong>et</strong></span> <span class='ocrx_word' id='word_1_75' title='bbox 1058 1146 1241 1192; x_wconf 87' lang='lat' dir='ltr'><strong>mente</strong></span> <span class='ocrx_word' id='word_1_76' title='bbox 1267 1144 1322 1190; x_wconf 88' lang='lat' dir='ltr'><strong>et</strong></span> <span class='ocrx_word' id='word_1_77' title='bbox 1350 1133 1534 1190; x_wconf 86' lang='lat' dir='ltr'><strong>verbis</strong></span> <span class='ocrx_word' id='word_1_78' title='bbox 1561 1132 1731 1202; x_wconf 89' lang='lat' dir='ltr'><strong>hujus</strong></span> <span class='ocrx_word' id='word_1_79' title='bbox 1760 1131 1816 1184; x_wconf 92' lang='lat' dir='ltr'><strong>in</strong></span> <span class='ocrx_word' id='word_1_80' title='bbox 1854 1129 2026 1184; x_wconf 90' lang='lat' dir='ltr'><strong>Deum</strong></span> 
     </span>
    </p>
   </div>
   <div class='ocr_carea' id='block_1_14' title="bbox 447 1224 2029 1296">
    <p class='ocr_par' dir='ltr' id='par_1_14' title="bbox 447 1224 2029 1296">
     <span class='ocr_line' id='line_1_14' title="bbox 447 1224 2029 1296; baseline -0.01 -5"><span class='ocrx_word' id='word_1_81' title='bbox 447 1235 754 1291; x_wconf 67' lang='lat' dir='ltr'><strong>insolentia:</strong></span> <span class='ocrx_word' id='word_1_82' title='bbox 796 1241 988 1288; x_wconf 86' lang='lat' dir='ltr'><strong>auctor</strong></span> <span class='ocrx_word' id='word_1_83' title='bbox 1027 1229 1130 1285; x_wconf 85' lang='lat' dir='ltr'><strong>illis</strong></span> <span class='ocrx_word' id='word_1_84' title='bbox 1151 1227 1398 1291; x_wconf 81' lang='lat' dir='ltr'><strong>exsistat,</strong></span> <span class='ocrx_word' id='word_1_85' title='bbox 1437 1224 1530 1296; x_wconf 92' lang='lat' dir='ltr'><strong>qui</strong></span> <span class='ocrx_word' id='word_1_86' title='bbox 1552 1224 1780 1280; x_wconf 88' lang='lat' dir='ltr'><strong>omnino</strong></span> <span class='ocrx_word' id='word_1_87' title='bbox 1808 1235 2029 1293; x_wconf 73' lang='lat' dir='ltr'><strong>pcenam</strong></span> 
     </span>
    </p>
   </div>
   <div class='ocr_carea' id='block_1_15' title="bbox 445 1317 2031 1396">
    <p class='ocr_par' dir='ltr' id='par_1_15' title="bbox 445 1317 2031 1396">
     <span class='ocr_line' id='line_1_15' title="bbox 445 1317 2031 1396; baseline -0.011 -13"><span class='ocrx_word' id='word_1_88' title='bbox 445 1331 623 1390; x_wconf 87' lang='lat' dir='ltr'><strong>luent,</strong></span> <span class='ocrx_word' id='word_1_89' title='bbox 668 1326 814 1396; x_wconf 82' lang='lat' dir='ltr'><strong>quod</strong></span> <span class='ocrx_word' id='word_1_90' title='bbox 841 1338 1021 1395; x_wconf 80' lang='lat' dir='ltr'><strong>regem</strong></span> <span class='ocrx_word' id='word_1_91' title='bbox 1052 1322 1214 1392; x_wconf 88' lang='lat' dir='ltr'><strong>hujus</strong></span> <span class='ocrx_word' id='word_1_92' title='bbox 1252 1317 1498 1374; x_wconf 86' lang='lat' dir='ltr'><strong>universi</strong></span> <span class='ocrx_word' id='word_1_93' title='bbox 1523 1330 1688 1386; x_wconf 90' lang='lat' dir='ltr'><strong>super</strong></span> <span class='ocrx_word' id='word_1_94' title='bbox 1715 1329 1774 1370; x_wconf 92' lang='lat' dir='ltr'><strong>se</strong></span> <span class='ocrx_word' id='word_1_95' title='bbox 1801 1325 2031 1384; x_wconf 88' lang='lat' dir='ltr'><strong>regnare</strong></span> 
     </span>
    </p>
   </div>
   <div class='ocr_carea' id='block_1_16' title="bbox 447 1401 2032 1482">
    <p class='ocr_par' dir='ltr' id='par_1_16' title="bbox 447 1401 2032 1482">
     <span class='ocr_line' id='line_1_16' title="bbox 447 1401 2032 1482; baseline -0.011 -10"><span class='ocrx_word' id='word_1_96' title='bbox 447 1418 662 1482; x_wconf 87' lang='lat' dir='ltr'><strong>nolunt,</strong></span> <span class='ocrx_word' id='word_1_97' title='bbox 694 1415 790 1470; x_wconf 90' lang='lat' dir='ltr'><strong>sed</strong></span> <span class='ocrx_word' id='word_1_98' title='bbox 819 1428 944 1469; x_wconf 90' lang='lat' dir='ltr'><strong>cum</strong></span> <span class='ocrx_word' id='word_1_99' title='bbox 974 1411 1094 1466; x_wconf 90' lang='lat' dir='ltr'><strong>aliis</strong></span> <span class='ocrx_word' id='word_1_100' title='bbox 1129 1409 1294 1464; x_wconf 83' lang='lat' dir='ltr'><strong>rebus</strong></span> <span class='ocrx_word' id='word_1_101' title='bbox 1326 1404 1679 1462; x_wconf 88' lang='lat' dir='ltr'><strong>sensibilibus</strong></span> <span class='ocrx_word' id='word_1_102' title='bbox 1708 1401 1872 1457; x_wconf 91' lang='lat' dir='ltr'><strong>etiam</strong></span> <span class='ocrx_word' id='word_1_103' title='bbox 1909 1415 2032 1456; x_wconf 88' lang='lat' dir='ltr'><strong>cor-</strong></span> 
     </span>
    </p>
   </div>
   <div class='ocr_carea' id='block_1_17' title="bbox 447 1493 2030 1581">
    <p class='ocr_par' dir='ltr' id='par_1_17' title="bbox 447 1493 2030 1581">
     <span class='ocr_line' id='line_1_17' title="bbox 447 1493 2030 1581; baseline -0.011 -17"><span class='ocrx_word' id='word_1_104' title='bbox 447 1526 579 1581; x_wconf 88' lang='lat' dir='ltr'><strong>pora</strong></span> <span class='ocrx_word' id='word_1_105' title='bbox 605 1523 702 1563; x_wconf 91' lang='lat' dir='ltr'><strong>sua</strong></span> <span class='ocrx_word' id='word_1_106' title='bbox 732 1503 1014 1562; x_wconf 86' lang='lat' dir='ltr'><strong>Conditori</strong></span> <span class='ocrx_word' id='word_1_107' title='bbox 1045 1500 1400 1564; x_wconf 86' lang='lat' dir='ltr'><strong>subtrahunt,</strong></span> <span class='ocrx_word' id='word_1_108' title='bbox 1429 1505 1486 1552; x_wconf 91' lang='lat' dir='ltr'><strong>et</strong></span> <span class='ocrx_word' id='word_1_109' title='bbox 1513 1495 1658 1551; x_wconf 86' lang='lat' dir='ltr'><strong>hosti</strong></span> <span class='ocrx_word' id='word_1_110' title='bbox 1692 1493 2030 1581; x_wconf 83' lang='lat' dir='ltr'><strong>mancipant.</strong></span> 
     </span>
    </p>
   </div>
   <div class='ocr_carea' id='block_1_18' title="bbox 448 1580 2036 1653">
    <p class='ocr_par' dir='ltr' id='par_1_18' title="bbox 448 1580 2036 1653">
     <span class='ocr_line' id='line_1_18' title="bbox 448 1580 2036 1653; baseline -0.013 0"><span class='ocrx_word' id='word_1_111' title='bbox 448 1580 568 1653; x_wconf 82' lang='lat' dir='ltr'><strong>Non</strong></span> <span class='ocrx_word' id='word_1_112' title='bbox 627 1609 758 1650; x_wconf 90' lang='lat' dir='ltr'><strong>vero</strong></span> <span class='ocrx_word' id='word_1_113' title='bbox 813 1592 1032 1646; x_wconf 80' lang='lat' dir='ltr'><strong>aliunde</strong></span> <span class='ocrx_word' id='word_1_114' title='bbox 1096 1590 1213 1644; x_wconf 81' lang='lat' dir='ltr'><strong>haec</strong></span> <span class='ocrx_word' id='word_1_115' title='bbox 1293 1582 1687 1641; x_wconf 86' lang='lat' dir='ltr'><strong>commentatio</strong></span> <span class='ocrx_word' id='word_1_116' title='bbox 1768 1580 2036 1651; x_wconf 87' lang='lat' dir='ltr'><strong>repetitur</strong></span> 
     </span>
    </p>
   </div>
   <div class='ocr_carea' id='block_1_19' title="bbox 449 1666 2038 1756">
    <p class='ocr_par' dir='ltr' id='par_1_19' title="bbox 449 1666 2038 1756">
     <span class='ocr_line' id='line_1_19' title="bbox 449 1666 2038 1756; baseline -0.012 -18"><span class='ocrx_word' id='word_1_117' title='bbox 449 1700 612 1756; x_wconf 81' lang='lat' dir='ltr'><strong>quam</strong></span> <span class='ocrx_word' id='word_1_118' title='bbox 638 1698 703 1737; x_wconf 83' lang='lat' dir='ltr'><strong>ex</strong></span> <span class='ocrx_word' id='word_1_119' title='bbox 727 1681 833 1735; x_wconf 88' lang='lat' dir='ltr'><strong>illis</strong></span> <span class='ocrx_word' id='word_1_120' title='bbox 859 1678 994 1749; x_wconf 86' lang='lat' dir='ltr'><strong>ipsis</strong></span> <span class='ocrx_word' id='word_1_121' title='bbox 1027 1675 1196 1731; x_wconf 89' lang='lat' dir='ltr'><strong>sacris</strong></span> <span class='ocrx_word' id='word_1_122' title='bbox 1231 1681 1288 1728; x_wconf 90' lang='lat' dir='ltr'><strong>et</strong></span> <span class='ocrx_word' id='word_1_123' title='bbox 1321 1688 1351 1727; x_wconf 90' lang='lat' dir='ltr'><strong>a</strong></span> <span class='ocrx_word' id='word_1_124' title='bbox 1393 1672 1504 1726; x_wconf 91' lang='lat' dir='ltr'><strong>Deo</strong></span> <span class='ocrx_word' id='word_1_125' title='bbox 1533 1667 1814 1739; x_wconf 87' lang='lat' dir='ltr'><strong>inspiratis</strong></span> <span class='ocrx_word' id='word_1_126' title='bbox 1839 1666 2038 1723; x_wconf 73' lang='lat' dir='ltr'><strong>Orat-u-</strong></span> 
     </span>
    </p>
   </div>
   <div class='ocr_carea' id='block_1_20' title="bbox 2124 667 3700 740">
    <p class='ocr_par' dir='ltr' id='par_1_20' title="bbox 2124 667 3700 740">
     <span class='ocr_line' id='line_1_20' title="bbox 2124 667 3700 740; baseline 0 -16"><span class='ocrx_word' id='word_1_127' title='bbox 2124 670 2284 740; x_wconf 83' lang='grc' dir='ltr'><strong>ἡμῶν</strong></span> <span class='ocrx_word' id='word_1_128' title='bbox 2331 669 2508 740; x_wconf 88' lang='grc' dir='ltr'><strong>Ἰησοῦ</strong></span> <span class='ocrx_word' id='word_1_129' title='bbox 2554 667 2829 739; x_wconf 78' lang='grc' dir='ltr'><strong>Χριστοῦ,</strong></span> <span class='ocrx_word' id='word_1_130' title='bbox 2872 671 2973 724; x_wconf 76' lang='grc' dir='ltr'><strong>καὶ</strong></span> <span class='ocrx_word' id='word_1_131' title='bbox 3013 668 3180 723; x_wconf 81' lang='grc' dir='ltr'><strong>αὑτὸν</strong></span> <span class='ocrx_word' id='word_1_132' title='bbox 3213 668 3307 722; x_wconf 88' lang='grc' dir='ltr'><strong>τδν</strong></span> <span class='ocrx_word' id='word_1_133' title='bbox 3352 670 3700 740; x_wconf 76' lang='grc' dir='ltr'><strong>ἠγαπημένον</strong></span> 
     </span>
    </p>
   </div>
   <div class='ocr_carea' id='block_1_21' title="bbox 2125 759 3695 834">
    <p class='ocr_par' dir='ltr' id='par_1_21' title="bbox 2125 759 3695 834">
     <span class='ocr_line' id='line_1_21' title="bbox 2125 759 3695 834; baseline 0.002 -19"><span class='ocrx_word' id='word_1_134' title='bbox 2125 763 2257 816; x_wconf 85' lang='grc' dir='ltr'><strong>Υἰὸν</strong></span> <span class='ocrx_word' id='word_1_135' title='bbox 2287 762 2618 834; x_wconf 78' lang='grc' dir='ltr'><strong>δημιουργὸν</strong></span> <span class='ocrx_word' id='word_1_136' title='bbox 2643 759 2740 815; x_wconf 92' lang='grc' dir='ltr'><strong>τοῦ</strong></span> <span class='ocrx_word' id='word_1_137' title='bbox 2771 760 2974 824; x_wconf 79' lang='grc' dir='ltr'><strong>παντὸς</strong></span> <span class='ocrx_word' id='word_1_138' title='bbox 3003 762 3099 815; x_wconf 73' lang='grc' dir='ltr'><strong>καὶ</strong></span> <span class='ocrx_word' id='word_1_139' title='bbox 3147 760 3398 833; x_wconf 78' lang='grc' dir='ltr'><strong>κτίστην,</strong></span> <span class='ocrx_word' id='word_1_140' title='bbox 3429 761 3531 814; x_wconf 79' lang='grc' dir='ltr'><strong>ὅσα</strong></span> <span class='ocrx_word' id='word_1_141' title='bbox 3557 779 3615 815; x_wconf 91' lang='grc' dir='ltr'><strong>τε</strong></span> <span class='ocrx_word' id='word_1_142' title='bbox 3646 764 3695 819; x_wconf 71' lang='grc' dir='ltr'><strong>ἐν</strong></span> 
     </span>
    </p>
   </div>
   <div class='ocr_carea' id='block_1_22' title="bbox 2125 849 3702 925">
    <p class='ocr_par' dir='ltr' id='par_1_22' title="bbox 2125 849 3702 925">
     <span class='ocr_line' id='line_1_22' title="bbox 2125 849 3702 925; baseline -0.001 -17"><span class='ocrx_word' id='word_1_143' title='bbox 2125 857 2239 918; x_wconf 88' lang='grc' dir='ltr'><strong>τοῖς</strong></span> <span class='ocrx_word' id='word_1_144' title='bbox 2275 854 2556 924; x_wconf 72' lang='grc' dir='ltr'><strong>αἰσθητοῖς</strong></span> <span class='ocrx_word' id='word_1_145' title='bbox 2603 852 2700 907; x_wconf 74' lang='grc' dir='ltr'><strong>καὶ</strong></span> <span class='ocrx_word' id='word_1_146' title='bbox 2736 853 2839 907; x_wconf 82' lang='grc' dir='ltr'><strong>ὅσα</strong></span> <span class='ocrx_word' id='word_1_147' title='bbox 2867 854 2926 906; x_wconf 87' lang='grc' dir='ltr'><strong>ἐν</strong></span> <span class='ocrx_word' id='word_1_148' title='bbox 2967 857 3082 917; x_wconf 89' lang='grc' dir='ltr'><strong>τοῖς</strong></span> <span class='ocrx_word' id='word_1_149' title='bbox 3121 854 3334 925; x_wconf 76' lang='grc' dir='ltr'><strong>νοητοῖς</strong></span> <span class='ocrx_word' id='word_1_150' title='bbox 3357 849 3702 919; x_wconf 75' lang='grc' dir='ltr'><strong>ἐξετάζεται,</strong></span> 
     </span>
    </p>
   </div>
   <div class='ocr_carea' id='block_1_23' title="bbox 2127 943 3706 1016">
    <p class='ocr_par' dir='ltr' id='par_1_23' title="bbox 2127 943 3706 1016">
     <span class='ocr_line' id='line_1_23' title="bbox 2127 943 3706 1016; baseline -0.001 -18"><span class='ocrx_word' id='word_1_151' title='bbox 2127 943 2445 1016; x_wconf 80' lang='grc' dir='ltr'><strong>περιφανῶς</strong></span> <span class='ocrx_word' id='word_1_152' title='bbox 2467 944 2690 1000; x_wconf 84' lang='grc' dir='ltr'><strong>ἀνεῖπόν</strong></span> <span class='ocrx_word' id='word_1_153' title='bbox 2713 962 2773 998; x_wconf 87' lang='grc' dir='ltr'><strong>τε</strong></span> <span class='ocrx_word' id='word_1_154' title='bbox 2807 945 2903 998; x_wconf 71' lang='grc' dir='ltr'><strong>καὶ</strong></span> <span class='ocrx_word' id='word_1_155' title='bbox 2931 945 3101 1016; x_wconf 84' lang='grc' dir='ltr'><strong>ἀνεκή</strong></span> <span class='ocrx_word' id='word_1_156' title='bbox 3112 944 3299 1016; x_wconf 80' lang='grc' dir='ltr'><strong>ρυξαν,</strong></span> <span class='ocrx_word' id='word_1_157' title='bbox 3339 943 3422 998; x_wconf 77' lang='grc' dir='ltr'><strong>ἐτι</strong></span> <span class='ocrx_word' id='word_1_158' title='bbox 3453 961 3544 1015; x_wconf 90' lang='grc' dir='ltr'><strong>μοι</strong></span> <span class='ocrx_word' id='word_1_159' title='bbox 3569 944 3706 998; x_wconf 79' lang='grc' dir='ltr'><strong>δοκεῖ</strong></span> 
     </span>
    </p>
   </div>
   <div class='ocr_carea' id='block_1_24' title="bbox 2126 1033 3708 1108">
    <p class='ocr_par' dir='ltr' id='par_1_24' title="bbox 2126 1033 3708 1108">
     <span class='ocr_line' id='line_1_24' title="bbox 2126 1033 3708 1108; baseline 0 -18"><span class='ocrx_word' id='word_1_160' title='bbox 2126 1037 2378 1102; x_wconf 82' lang='grc' dir='ltr'><strong>διελθεῖν,</strong></span> <span class='ocrx_word' id='word_1_161' title='bbox 2407 1037 2503 1091; x_wconf 76' lang='grc' dir='ltr'><strong>καὶ</strong></span> <span class='ocrx_word' id='word_1_162' title='bbox 2539 1037 2952 1108; x_wconf 74' lang='grc' dir='ltr'><strong>ἐμφανέστερον</strong></span> <span class='ocrx_word' id='word_1_163' title='bbox 2985 1036 3276 1104; x_wconf 81' lang='grc' dir='ltr'><strong>ἐπιδεῖξαι,</strong></span> <span class='ocrx_word' id='word_1_164' title='bbox 3307 1036 3394 1100; x_wconf 90' lang='grc' dir='ltr'><strong>τίς</strong></span> <span class='ocrx_word' id='word_1_165' title='bbox 3416 1053 3477 1090; x_wconf 87' lang='grc' dir='ltr'><strong>τε</strong></span> <span class='ocrx_word' id='word_1_166' title='bbox 3518 1033 3708 1090; x_wconf 75' lang='grc' dir='ltr'><strong>ἐστὶν’ό</strong></span> 
     </span>
    </p>
   </div>
   <div class='ocr_carea' id='block_1_25' title="bbox 2128 1127 3710 1200">
    <p class='ocr_par' dir='ltr' id='par_1_25' title="bbox 2128 1127 3710 1200">
     <span class='ocr_line' id='line_1_25' title="bbox 2128 1127 3710 1200; baseline -0.003 -16"><span class='ocrx_word' id='word_1_167' title='bbox 2128 1129 2346 1200; x_wconf 88' lang='grc' dir='ltr'><strong>πρῶτος</strong></span> <span class='ocrx_word' id='word_1_168' title='bbox 2389 1128 2584 1200; x_wconf 80' lang='grc' dir='ltr'><strong>γνώμῃ</strong></span> <span class='ocrx_word' id='word_1_169' title='bbox 2631 1129 2731 1199; x_wconf 71' lang='grc' dir='ltr'><strong>μὲν</strong></span> <span class='ocrx_word' id='word_1_170' title='bbox 2757 1128 3029 1200; x_wconf 79' lang='grc' dir='ltr'><strong>τολμηρᾷ,</strong></span> <span class='ocrx_word' id='word_1_171' title='bbox 3067 1129 3280 1200; x_wconf 79' lang='grc' dir='ltr'><strong>ῥήμασι</strong></span> <span class='ocrx_word' id='word_1_172' title='bbox 3309 1127 3368 1181; x_wconf 84' lang='grc' dir='ltr'><strong>δέ</strong></span> <span class='ocrx_word' id='word_1_173' title='bbox 3393 1129 3508 1190; x_wconf 83' lang='grc' dir='ltr'><strong>τοῖς</strong></span> <span class='ocrx_word' id='word_1_174' title='bbox 3530 1128 3710 1190; x_wconf 82' lang='grc' dir='ltr'><strong>αὐτοῖς</strong></span> 
     </span>
    </p>
   </div>
   <div class='ocr_carea' id='block_1_26' title="bbox 2129 1217 3712 1293">
    <p class='ocr_par' dir='ltr' id='par_1_26' title="bbox 2129 1217 3712 1293">
     <span class='ocr_line' id='line_1_26' title="bbox 2129 1217 3712 1293; baseline -0.003 -18"><span class='ocrx_word' id='word_1_175' title='bbox 2129 1223 2230 1293; x_wconf 85' lang='grc' dir='ltr'><strong>τῆς</strong></span> <span class='ocrx_word' id='word_1_176' title='bbox 2274 1219 2576 1291; x_wconf 76' lang='grc' dir='ltr'><strong>θεομαχίας</strong></span> <span class='ocrx_word' id='word_1_177' title='bbox 2604 1219 2947 1286; x_wconf 90' lang='grc' dir='ltr'><strong>διδάσκαλος,</strong></span> <span class='ocrx_word' id='word_1_178' title='bbox 2981 1219 3192 1291; x_wconf 82' lang='grc' dir='ltr'><strong>ταύτης</strong></span> <span class='ocrx_word' id='word_1_179' title='bbox 3233 1217 3416 1289; x_wconf 77' lang='grc' dir='ltr'><strong>ῥητῶς</strong></span> <span class='ocrx_word' id='word_1_180' title='bbox 3436 1219 3536 1288; x_wconf 81' lang='grc' dir='ltr'><strong>τὴν</strong></span> <span class='ocrx_word' id='word_1_181' title='bbox 3561 1217 3712 1288; x_wconf 87' lang='grc' dir='ltr'><strong>δίκην</strong></span> 
     </span>
    </p>
   </div>
   <div class='ocr_carea' id='block_1_27' title="bbox 2131 1307 3714 1382">
    <p class='ocr_par' dir='ltr' id='par_1_27' title="bbox 2131 1307 3714 1382">
     <span class='ocr_line' id='line_1_27' title="bbox 2131 1307 3714 1382; baseline -0.001 -16"><span class='ocrx_word' id='word_1_182' title='bbox 2131 1311 2463 1382; x_wconf 77' lang='grc' dir='ltr'><strong>τίσουσιν,βί</strong></span> <span class='ocrx_word' id='word_1_183' title='bbox 2481 1311 2575 1366; x_wconf 81' lang='grc' dir='ltr'><strong>τὸν</strong></span> <span class='ocrx_word' id='word_1_184' title='bbox 2586 1309 2681 1364; x_wconf 88' lang='grc' dir='ltr'><strong>τοῦ</strong></span> <span class='ocrx_word' id='word_1_185' title='bbox 2706 1310 2908 1376; x_wconf 78' lang='grc' dir='ltr'><strong>παντὸς</strong></span> <span class='ocrx_word' id='word_1_186' title='bbox 2925 1310 3160 1364; x_wconf 84' lang='grc' dir='ltr'><strong>Βασιλέα</strong></span> <span class='ocrx_word' id='word_1_187' title='bbox 3188 1307 3264 1380; x_wconf 84' lang='grc' dir='ltr'><strong>μὴ</strong></span> <span class='ocrx_word' id='word_1_188' title='bbox 3281 1308 3608 1381; x_wconf 81' lang='grc' dir='ltr'><strong>θελήσαντες</strong></span> <span class='ocrx_word' id='word_1_189' title='bbox 3629 1308 3714 1380; x_wconf 83' lang='grc' dir='ltr'><strong>βα-</strong></span> 
     </span>
    </p>
   </div>
   <div class='ocr_carea' id='block_1_28' title="bbox 2135 1399 3714 1474">
    <p class='ocr_par' dir='ltr' id='par_1_28' title="bbox 2135 1399 3714 1474">
     <span class='ocr_line' id='line_1_28' title="bbox 2135 1399 3714 1474; baseline -0.001 -16"><span class='ocrx_word' id='word_1_190' title='bbox 2135 1403 2371 1458; x_wconf 89' lang='grc' dir='ltr'><strong>σιλεύειν</strong></span> <span class='ocrx_word' id='word_1_191' title='bbox 2401 1403 2489 1473; x_wconf 82' lang='grc' dir='ltr'><strong>ἐφ’</strong></span> <span class='ocrx_word' id='word_1_192' title='bbox 2517 1403 2751 1469; x_wconf 78' lang='grc' dir='ltr'><strong>ἑαυτῶν,</strong></span> <span class='ocrx_word' id='word_1_193' title='bbox 2775 1402 2912 1457; x_wconf 87' lang='grc' dir='ltr'><strong>ἀλλά</strong></span> <span class='ocrx_word' id='word_1_194' title='bbox 2936 1401 3075 1474; x_wconf 86' lang='grc' dir='ltr'><strong>μετά</strong></span> <span class='ocrx_word' id='word_1_195' title='bbox 3095 1401 3205 1455; x_wconf 91' lang='grc' dir='ltr'><strong>τῶν</strong></span> <span class='ocrx_word' id='word_1_196' title='bbox 3237 1399 3416 1456; x_wconf 82' lang='grc' dir='ltr'><strong>ἀλλων</strong></span> <span class='ocrx_word' id='word_1_197' title='bbox 3443 1401 3714 1472; x_wconf 76' lang='grc' dir='ltr'><strong>αἰσθητῶν</strong></span> 
     </span>
    </p>
   </div>
   <div class='ocr_carea' id='block_1_29' title="bbox 2135 1493 3713 1567">
    <p class='ocr_par' dir='ltr' id='par_1_29' title="bbox 2135 1493 3713 1567">
     <span class='ocr_line' id='line_1_29' title="bbox 2135 1493 3713 1567; baseline -0.003 -16"><span class='ocrx_word' id='word_1_198' title='bbox 2135 1496 2231 1551; x_wconf 73' lang='grc' dir='ltr'><strong>καὶ</strong></span> <span class='ocrx_word' id='word_1_199' title='bbox 2252 1497 2322 1551; x_wconf 91' lang='grc' dir='ltr'><strong>τά</strong></span> <span class='ocrx_word' id='word_1_200' title='bbox 2353 1495 2584 1567; x_wconf 84' lang='grc' dir='ltr'><strong>σώματα</strong></span> <span class='ocrx_word' id='word_1_201' title='bbox 2610 1494 2791 1552; x_wconf 84' lang='grc' dir='ltr'><strong>αὐτῶν</strong></span> <span class='ocrx_word' id='word_1_202' title='bbox 2819 1493 2912 1548; x_wconf 88' lang='grc' dir='ltr'><strong>τοῦ</strong></span> <span class='ocrx_word' id='word_1_203' title='bbox 2958 1495 3205 1548; x_wconf 86' lang='grc' dir='ltr'><strong>Πλάστου</strong></span> <span class='ocrx_word' id='word_1_204' title='bbox 3234 1493 3334 1566; x_wconf 78' lang='grc' dir='ltr'><strong>μὲν</strong></span> <span class='ocrx_word' id='word_1_205' title='bbox 3359 1493 3713 1558; x_wconf 84' lang='grc' dir='ltr'><strong>διασπῶντες,</strong></span> 
     </span>
    </p>
   </div>
   <div class='ocr_carea' id='block_1_30' title="bbox 2137 1583 3714 1660">
    <p class='ocr_par' dir='ltr' id='par_1_30' title="bbox 2137 1583 3714 1660">
     <span class='ocr_line' id='line_1_30' title="bbox 2137 1583 3714 1660; baseline -0.004 -16"><span class='ocrx_word' id='word_1_206' title='bbox 2137 1591 2504 1654; x_wconf 82' lang='grc' dir='ltr'><strong>συνάπτοντες</strong></span> <span class='ocrx_word' id='word_1_207' title='bbox 2541 1590 2598 1644; x_wconf 74' lang='grc' dir='ltr'><strong>δὲ</strong></span> <span class='ocrx_word' id='word_1_208' title='bbox 2630 1589 2709 1660; x_wconf 83' lang='grc' dir='ltr'><strong>τῷ</strong></span> <span class='ocrx_word' id='word_1_209' title='bbox 2766 1587 3002 1660; x_wconf 87' lang='grc' dir='ltr'><strong>Ἐχθρῷ.</strong></span> <span class='ocrx_word' id='word_1_210' title='bbox 3043 1587 3158 1640; x_wconf 81' lang='grc' dir='ltr'><strong>Οὐκ</strong></span> <span class='ocrx_word' id='word_1_211' title='bbox 3202 1585 3426 1642; x_wconf 85' lang='grc' dir='ltr'><strong>ἀλλοθεν</strong></span> <span class='ocrx_word' id='word_1_212' title='bbox 3449 1583 3510 1638; x_wconf 77' lang='grc' dir='ltr'><strong>δὲ</strong></span> <span class='ocrx_word' id='word_1_213' title='bbox 3540 1585 3648 1638; x_wconf 81' lang='grc' dir='ltr'><strong>οὐδ’</strong></span> <span class='ocrx_word' id='word_1_214' title='bbox 3680 1585 3714 1654; x_wconf 76' lang='grc' dir='ltr'>ἠ</span> 
     </span>
    </p>
   </div>
   <div class='ocr_carea' id='block_1_31' title="bbox 2137 1675 3718 1752">
    <p class='ocr_par' dir='ltr' id='par_1_31' title="bbox 2137 1675 3718 1752">
     <span class='ocr_line' id='line_1_31' title="bbox 2137 1675 3718 1752; baseline -0.003 -17"><span class='ocrx_word' id='word_1_215' title='bbox 2137 1683 2269 1752; x_wconf 74' lang='grc' dir='ltr'><strong>περὶ</strong></span> <span class='ocrx_word' id='word_1_216' title='bbox 2305 1680 2512 1734; x_wconf 88' lang='grc' dir='ltr'><strong>τούτων</strong></span> <span class='ocrx_word' id='word_1_217' title='bbox 2560 1681 2809 1752; x_wconf 82' lang='grc' dir='ltr'><strong>πρόεισιν</strong></span> <span class='ocrx_word' id='word_1_218' title='bbox 2849 1679 3160 1746; x_wconf 81' lang='grc' dir='ltr'><strong>ἀπόδειξις,</strong></span> <span class='ocrx_word' id='word_1_219' title='bbox 3200 1676 3340 1733; x_wconf 87' lang='grc' dir='ltr'><strong>ἀλλά</strong></span> <span class='ocrx_word' id='word_1_220' title='bbox 3368 1676 3457 1732; x_wconf 80' lang='grc' dir='ltr'><strong>διὰ</strong></span> <span class='ocrx_word' id='word_1_221' title='bbox 3485 1675 3595 1730; x_wconf 87' lang='grc' dir='ltr'><strong>τῶν</strong></span> <span class='ocrx_word' id='word_1_222' title='bbox 3623 1676 3718 1730; x_wconf 81' lang='grc' dir='ltr'><strong>αύ-</strong></span> 
     </span>
    </p>
   </div>
   <div class='ocr_carea' id='block_1_32' title="bbox 452 1756 2045 1840">
    <p class='ocr_par' dir='ltr' id='par_1_32' title="bbox 452 1756 2035 1840">
     <span class='ocr_line' id='line_1_32' title="bbox 452 1756 2035 1840; baseline -0.013 -10"><span class='ocrx_word' id='word_1_223' title='bbox 452 1778 539 1830; x_wconf 90' lang='lat' dir='ltr'><strong>lis.</strong></span> <span class='ocrx_word' id='word_1_224' title='bbox 574 1772 716 1827; x_wconf 86' lang='lat' dir='ltr'><strong>Audi</strong></span> <span class='ocrx_word' id='word_1_225' title='bbox 746 1772 930 1840; x_wconf 84' lang='lat' dir='ltr'><strong>itaque</strong></span> <span class='ocrx_word' id='word_1_226' title='bbox 979 1763 1374 1836; x_wconf 78' lang='lat' dir='ltr'><strong>evangelistam</strong></span> <span class='ocrx_word' id='word_1_227' title='bbox 1431 1761 1674 1816; x_wconf 85' lang='lat' dir='ltr'><strong>Lucam:</strong></span> <span class='ocrx_word' id='word_1_228' title='bbox 1717 1758 1857 1813; x_wconf 88' lang='lat' dir='ltr'><strong>nihil</strong></span> <span class='ocrx_word' id='word_1_229' title='bbox 1885 1756 2035 1812; x_wconf 85' lang='lat' dir='ltr'><strong>enim</strong></span> 
     </span>
    </p>
   </div>
   <div class='ocr_carea' id='block_1_33' title="bbox 2150 1756 3719 1840">
    <p class='ocr_par' dir='ltr' id='par_1_33' title="bbox 2150 1767 3719 1840">
     <span class='ocr_line' id='line_1_33' title="bbox 2150 1767 3719 1840; baseline -0.004 -14"><span class='ocrx_word' id='word_1_230' title='bbox 2150 1773 2250 1826; x_wconf 78' lang='grc' dir='ltr'><strong>τῶν</strong></span> <span class='ocrx_word' id='word_1_231' title='bbox 2287 1771 2664 1826; x_wconf 86' lang='grc' dir='ltr'><strong>θεοπνεύστων</strong></span> <span class='ocrx_word' id='word_1_232' title='bbox 2689 1773 2782 1825; x_wconf 62' lang='grc' dir='ltr'><strong>κοιλ¹</strong></span> <span class='ocrx_word' id='word_1_233' title='bbox 2812 1770 2972 1840; x_wconf 79' lang='grc' dir='ltr'><strong>ἱερῶν</strong></span> <span class='ocrx_word' id='word_1_234' title='bbox 3009 1770 3243 1839; x_wconf 89' lang='grc' dir='ltr'><strong>Λογίων.</strong></span> <span class='ocrx_word' id='word_1_235' title='bbox 3295 1770 3499 1822; x_wconf 74' lang='grc' dir='ltr'><strong>Ἄκουε</strong></span> <span class='ocrx_word' id='word_1_236' title='bbox 3545 1767 3719 1821; x_wconf 91' lang='grc' dir='ltr'><strong>τοίνυν</strong></span> 
     </span>
    </p>
   </div>
   <div class='ocr_carea' id='block_1_34' title="bbox 453 1833 2045 1936">
    <p class='ocr_par' dir='ltr' id='par_1_34' title="bbox 453 1833 2036 1936">
     <span class='ocr_line' id='line_1_34' title="bbox 453 1833 2036 1936; baseline -0.013 -16"><span class='ocrx_word' id='word_1_237' title='bbox 453 1864 707 1936; x_wconf 85' lang='lat' dir='ltr'><strong>prohibet</strong></span> <span class='ocrx_word' id='word_1_238' title='bbox 741 1833 915 1931; x_wconf 72' lang='lat' dir='ltr'><strong>ipsum</strong></span> <span class='ocrx_word' id='word_1_239' title='bbox 968 1833 1179 1912; x_wconf 76' lang='lat' dir='ltr'><strong>audire.</strong></span> <span class='ocrx_word' id='word_1_240' title='bbox 1231 1852 1282 1909; x_wconf 90' lang='lat' dir='ltr'><strong>Is</strong></span> <span class='ocrx_word' id='word_1_241' title='bbox 1328 1852 1475 1909; x_wconf 88' lang='lat' dir='ltr'><strong>enim</strong></span> <span class='ocrx_word' id='word_1_242' title='bbox 1508 1849 1895 1913; x_wconf 83' lang='lat' dir='ltr'><strong>tentationem,</strong></span> <span class='ocrx_word' id='word_1_243' title='bbox 1928 1861 2036 1917; x_wconf 89' lang='lat' dir='ltr'><strong>qua</strong></span> 
     </span>
    </p>
   </div>
   <div class='ocr_carea' id='block_1_35' title="bbox 2150 1833 3719 1936">
    <p class='ocr_par' dir='ltr' id='par_1_35' title="bbox 2150 1833 3719 1933">
     <span class='ocr_line' id='line_1_35' title="bbox 2150 1833 3719 1933; baseline -0.005 -15"><span class='ocrx_word' id='word_1_244' title='bbox 2150 1864 2232 1919; x_wconf 80' lang='grc' dir='ltr'><strong>τοῦ</strong></span> <span class='ocrx_word' id='word_1_245' title='bbox 2283 1862 2676 1933; x_wconf 79' lang='grc' dir='ltr'><strong>εὐαγγελιστοῦ</strong></span> <span class='ocrx_word' id='word_1_246' title='bbox 2723 1833 2911 1916; x_wconf 72' lang='grc' dir='ltr'><strong>Λουκᾶ</strong></span> <span class='ocrx_word' id='word_1_247' title='bbox 2936 1877 2950 1891; x_wconf 90' lang='grc'><strong>·</strong></span> <span class='ocrx_word' id='word_1_248' title='bbox 3011 1833 3166 1914; x_wconf 79' lang='grc' dir='ltr'><strong>οὐδὲν</strong></span> <span class='ocrx_word' id='word_1_249' title='bbox 3217 1858 3328 1930; x_wconf 85' lang='grc' dir='ltr'><strong>γάρ</strong></span> <span class='ocrx_word' id='word_1_250' title='bbox 3381 1852 3496 1912; x_wconf 78' lang='grc' dir='ltr'><strong>οἶον</strong></span> <span class='ocrx_word' id='word_1_251' title='bbox 3560 1855 3719 1916; x_wconf 79' lang='grc' dir='ltr'><strong>αὐτοῦ</strong></span> 
     </span>
    </p>
   </div>
   <div class='ocr_carea' id='block_1_36' title="bbox 453 1942 2038 2020">
    <p class='ocr_par' dir='ltr' id='par_1_36' title="bbox 453 1942 2038 2020">
     <span class='ocr_line' id='line_1_36' title="bbox 453 1942 2038 2020; baseline -0.013 -8"><span class='ocrx_word' id='word_1_252' title='bbox 453 1967 642 2012; x_wconf 88' lang='lat' dir='ltr'><strong>noster</strong></span> <span class='ocrx_word' id='word_1_253' title='bbox 667 1953 795 2007; x_wconf 92' lang='lat' dir='ltr'><strong>inde</strong></span> <span class='ocrx_word' id='word_1_254' title='bbox 828 1951 896 2005; x_wconf 91' lang='lat' dir='ltr'><strong>ab</strong></span> <span class='ocrx_word' id='word_1_255' title='bbox 918 1949 1127 2020; x_wconf 90' lang='lat' dir='ltr'><strong>origine</strong></span> <span class='ocrx_word' id='word_1_256' title='bbox 1168 1960 1352 2000; x_wconf 88' lang='lat' dir='ltr'><strong>rerum</strong></span> <span class='ocrx_word' id='word_1_257' title='bbox 1381 1942 1759 2014; x_wconf 88' lang='lat' dir='ltr'><strong>supplantator</strong></span> <span class='ocrx_word' id='word_1_258' title='bbox 1788 1953 2038 1994; x_wconf 90' lang='lat' dir='ltr'><strong>commu-</strong></span> 
     </span>
    </p>
   </div>
   <div class='ocr_carea' id='block_1_37' title="bbox 454 2030 2038 2104">
    <p class='ocr_par' dir='ltr' id='par_1_37' title="bbox 454 2030 2038 2104">
     <span class='ocr_line' id='line_1_37' title="bbox 454 2030 2038 2104; baseline -0.011 -2"><span class='ocrx_word' id='word_1_259' title='bbox 454 2064 580 2103; x_wconf 87' lang='lat' dir='ltr'><strong>nem</strong></span> <span class='ocrx_word' id='word_1_260' title='bbox 611 2045 857 2100; x_wconf 87' lang='lat' dir='ltr'><strong>omnium</strong></span> <span class='ocrx_word' id='word_1_261' title='bbox 888 2040 1243 2096; x_wconf 89' lang='lat' dir='ltr'><strong>Conditorem</strong></span> <span class='ocrx_word' id='word_1_262' title='bbox 1295 2037 1350 2090; x_wconf 93' lang='lat' dir='ltr'><strong>in</strong></span> <span class='ocrx_word' id='word_1_263' title='bbox 1398 2043 1683 2104; x_wconf 89' lang='lat' dir='ltr'><strong>assumpto</strong></span> <span class='ocrx_word' id='word_1_264' title='bbox 1718 2030 1910 2086; x_wconf 87' lang='lat' dir='ltr'><strong>habitu</strong></span> <span class='ocrx_word' id='word_1_265' title='bbox 1935 2044 2038 2085; x_wconf 91' lang='lat' dir='ltr'><strong>no-</strong></span> 
     </span>
    </p>
   </div>
   <div class='ocr_carea' id='block_1_38' title="bbox 453 2121 2039 2205">
    <p class='ocr_par' dir='ltr' id='par_1_38' title="bbox 453 2121 2039 2205">
     <span class='ocr_line' id='line_1_38' title="bbox 453 2121 2039 2205; baseline -0.011 -12"><span class='ocrx_word' id='word_1_266' title='bbox 453 2148 568 2192; x_wconf 84' lang='lat' dir='ltr'><strong>stro</strong></span> <span class='ocrx_word' id='word_1_267' title='bbox 597 2137 914 2205; x_wconf 90' lang='lat' dir='ltr'><strong>despectum</strong></span> <span class='ocrx_word' id='word_1_268' title='bbox 938 2142 1225 2201; x_wconf 80' lang='lat' dir='ltr'><strong>aggressus</strong></span> <span class='ocrx_word' id='word_1_269' title='bbox 1241 2136 1345 2192; x_wconf 88' lang='lat' dir='ltr'><strong>est,</strong></span> <span class='ocrx_word' id='word_1_270' title='bbox 1369 2126 1425 2180; x_wconf 90' lang='lat' dir='ltr'><strong>in</strong></span> <span class='ocrx_word' id='word_1_271' title='bbox 1451 2139 1604 2180; x_wconf 86' lang='lat' dir='ltr'><strong>sacra</strong></span> <span class='ocrx_word' id='word_1_272' title='bbox 1625 2121 1852 2179; x_wconf 84' lang='lat' dir='ltr'><strong>historia</strong></span> <span class='ocrx_word' id='word_1_273' title='bbox 1874 2135 2039 2176; x_wconf 87' lang='lat' dir='ltr'><strong>enar-</strong></span> 
     </span>
    </p>
   </div>
   <div class='ocr_carea' id='block_1_39' title="bbox 453 2213 2040 2294">
    <p class='ocr_par' dir='ltr' id='par_1_39' title="bbox 453 2213 2040 2294">
     <span class='ocr_line' id='line_1_39' title="bbox 453 2213 2040 2294; baseline -0.011 -10"><span class='ocrx_word' id='word_1_274' title='bbox 453 2238 697 2292; x_wconf 88' lang='lat' dir='ltr'><strong>raturus,</strong></span> <span class='ocrx_word' id='word_1_275' title='bbox 732 2234 788 2280; x_wconf 91' lang='lat' dir='ltr'><strong>et</strong></span> <span class='ocrx_word' id='word_1_276' title='bbox 822 2231 947 2294; x_wconf 90' lang='lat' dir='ltr'><strong>post</strong></span> <span class='ocrx_word' id='word_1_277' title='bbox 977 2220 1301 2276; x_wconf 89' lang='lat' dir='ltr'><strong>recensitam</strong></span> <span class='ocrx_word' id='word_1_278' title='bbox 1333 2217 1564 2288; x_wconf 86' lang='lat' dir='ltr'><strong>primam</strong></span> <span class='ocrx_word' id='word_1_279' title='bbox 1607 2215 1774 2280; x_wconf 90' lang='lat' dir='ltr'><strong>illam,</strong></span> <span class='ocrx_word' id='word_1_280' title='bbox 1809 2213 2040 2269; x_wconf 83' lang='lat' dir='ltr'><strong>alteram</strong></span> 
     </span>
    </p>
   </div>
   <div class='ocr_carea' id='block_1_40' title="bbox 453 2305 2041 2392">
    <p class='ocr_par' dir='ltr' id='par_1_40' title="bbox 453 2305 2041 2392">
     <span class='ocr_line' id='line_1_40' title="bbox 453 2305 2041 2392; baseline -0.01 -16"><span class='ocrx_word' id='word_1_281' title='bbox 453 2321 804 2392; x_wconf 78' lang='lat' dir='ltr'><strong>expositurus</strong></span> <span class='ocrx_word' id='word_1_282' title='bbox 843 2333 857 2370; x_wconf 87' lang='lat'>:</span> <span class='ocrx_word' id='word_1_283' title='bbox 911 2313 982 2367; x_wconf 83' lang='lat' dir='ltr'><strong>Et</strong></span> <span class='ocrx_word' id='word_1_284' title='bbox 1029 2313 1297 2366; x_wconf 80' lang='lat' dir='ltr'><strong>adducens</strong></span> <span class='ocrx_word' id='word_1_285' title='bbox 1338 2311 1536 2379; x_wconf 74' lang='lat' dir='ltr'><strong>ipsum,</strong></span> <span class='ocrx_word' id='word_1_286' title='bbox 1559 2308 1771 2378; x_wconf 90' lang='lat' dir='ltr'><strong>inquit,</strong></span> <span class='ocrx_word' id='word_1_287' title='bbox 1798 2305 2041 2362; x_wconf 74' lang='lat' dir='ltr'><strong>diabolus</strong></span> 
     </span>
    </p>
   </div>
   <div class='ocr_carea' id='block_1_41' title="bbox 457 2396 2040 2469">
    <p class='ocr_par' dir='ltr' id='par_1_41' title="bbox 457 2396 2040 2469">
     <span class='ocr_line' id='line_1_41' title="bbox 457 2396 2040 2469; baseline -0.009 -3"><span class='ocrx_word' id='word_1_288' title='bbox 457 2415 513 2466; x_wconf 87' lang='lat' dir='ltr'><strong>in</strong></span> <span class='ocrx_word' id='word_1_289' title='bbox 546 2418 774 2465; x_wconf 88' lang='lat' dir='ltr'><strong>montem</strong></span> <span class='ocrx_word' id='word_1_290' title='bbox 808 2405 1092 2468; x_wconf 74' lang='lat' dir='ltr'><strong>excelsum,</strong></span> <span class='ocrx_word' id='word_1_291' title='bbox 1122 2401 1345 2456; x_wconf 80' lang='lat' dir='ltr'><strong>ostendit</strong></span> <span class='ocrx_word' id='word_1_292' title='bbox 1374 2402 1420 2455; x_wconf 90' lang='lat' dir='ltr'><strong>ei</strong></span> <span class='ocrx_word' id='word_1_293' title='bbox 1457 2400 1641 2453; x_wconf 82' lang='lat' dir='ltr'><strong>omnia</strong></span> <span class='ocrx_word' id='word_1_294' title='bbox 1679 2414 1842 2469; x_wconf 83' lang='lat' dir='ltr'><strong>regna</strong></span> <span class='ocrx_word' id='word_1_295' title='bbox 1875 2396 2040 2452; x_wconf 70' lang='lat' dir='ltr'><strong>orbis.</strong></span> 
     </span>
    </p>
   </div>
   <div class='ocr_carea' id='block_1_42' title="bbox 460 2489 2041 2558">
    <p class='ocr_par' dir='ltr' id='par_1_42' title="bbox 460 2489 2041 2558">
     <span class='ocr_line' id='line_1_42' title="bbox 460 2489 2041 2558; baseline -0.01 0"><span class='ocrx_word' id='word_1_296' title='bbox 460 2503 527 2558; x_wconf 86' lang='lat' dir='ltr'><strong>Et</strong></span> <span class='ocrx_word' id='word_1_297' title='bbox 557 2502 690 2556; x_wconf 75' lang='lat' dir='ltr'><strong>dixit</strong></span> <span class='ocrx_word' id='word_1_298' title='bbox 742 2500 788 2554; x_wconf 91' lang='lat' dir='ltr'><strong>ei</strong></span> <span class='ocrx_word' id='word_1_299' title='bbox 839 2496 1080 2551; x_wconf 75' lang='lat' dir='ltr'><strong>diabolus</strong></span> <span class='ocrx_word' id='word_1_300' title='bbox 1106 2495 1176 2549; x_wconf 90' lang='lat'><strong>&quot;.</strong></span> <span class='ocrx_word' id='word_1_301' title='bbox 1228 2493 1466 2548; x_wconf 86' lang='lat' dir='ltr'><strong>Adverte</strong></span> <span class='ocrx_word' id='word_1_302' title='bbox 1504 2499 1770 2554; x_wconf 90' lang='lat' dir='ltr'><strong>mentem,</strong></span> <span class='ocrx_word' id='word_1_303' title='bbox 1797 2505 1831 2544; x_wconf 89' lang='grc' dir='ltr'><strong>ο</strong></span> <span class='ocrx_word' id='word_1_304' title='bbox 1856 2489 2041 2556; x_wconf 90' lang='lat' dir='ltr'><strong>homo,</strong></span> 
     </span>
    </p>
   </div>
   <div class='ocr_carea' id='block_1_43' title="bbox 461 2581 2044 2658">
    <p class='ocr_par' dir='ltr' id='par_1_43' title="bbox 461 2581 2044 2658">
     <span class='ocr_line' id='line_1_43' title="bbox 461 2581 2044 2658; baseline -0.009 -9"><span class='ocrx_word' id='word_1_305' title='bbox 461 2603 526 2649; x_wconf 89' lang='lat' dir='ltr'><strong>ut</strong></span> <span class='ocrx_word' id='word_1_306' title='bbox 558 2594 722 2658; x_wconf 83' lang='lat' dir='ltr'><strong>scias,</strong></span> <span class='ocrx_word' id='word_1_307' title='bbox 764 2590 909 2645; x_wconf 92' lang='lat' dir='ltr'><strong>unde</strong></span> <span class='ocrx_word' id='word_1_308' title='bbox 943 2587 1180 2658; x_wconf 88' lang='lat' dir='ltr'><strong>primum</strong></span> <span class='ocrx_word' id='word_1_309' title='bbox 1218 2599 1320 2638; x_wconf 80' lang='lat' dir='ltr'><strong>vox</strong></span> <span class='ocrx_word' id='word_1_310' title='bbox 1350 2583 1467 2637; x_wconf 67' lang='lat' dir='ltr'><strong>haec</strong></span> <span class='ocrx_word' id='word_1_311' title='bbox 1500 2583 1614 2637; x_wconf 90' lang='lat' dir='ltr'><strong>Deo</strong></span> <span class='ocrx_word' id='word_1_312' title='bbox 1648 2581 1880 2636; x_wconf 84' lang='lat' dir='ltr'><strong>adversa</strong></span> <span class='ocrx_word' id='word_1_313' title='bbox 1910 2595 2044 2650; x_wconf 86' lang='lat' dir='ltr'><strong>pro-</strong></span> 
     </span>
    </p>
   </div>
   <div class='ocr_carea' id='block_1_44' title="bbox 463 2673 2046 2751">
    <p class='ocr_par' dir='ltr' id='par_1_44' title="bbox 463 2673 2046 2751">
     <span class='ocr_line' id='line_1_44' title="bbox 463 2673 2046 2751; baseline -0.009 -8"><span class='ocrx_word' id='word_1_314' title='bbox 463 2688 604 2742; x_wconf 80' lang='lat' dir='ltr'><strong>fecta</strong></span> <span class='ocrx_word' id='word_1_315' title='bbox 631 2685 726 2749; x_wconf 87' lang='lat' dir='ltr'><strong>sit,</strong></span> <span class='ocrx_word' id='word_1_316' title='bbox 767 2691 823 2737; x_wconf 92' lang='lat' dir='ltr'><strong>et</strong></span> <span class='ocrx_word' id='word_1_317' title='bbox 865 2679 1140 2751; x_wconf 89' lang='lat' dir='ltr'><strong>quodnam</strong></span> <span class='ocrx_word' id='word_1_318' title='bbox 1200 2678 1274 2732; x_wconf 90' lang='lat' dir='ltr'><strong>sit</strong></span> <span class='ocrx_word' id='word_1_319' title='bbox 1300 2673 1726 2730; x_wconf 89' lang='lat' dir='ltr'><strong>abominandum</strong></span> <span class='ocrx_word' id='word_1_320' title='bbox 1758 2673 2046 2743; x_wconf 67' lang='lat' dir='ltr'><strong>apostasia:</strong></span> 
     </span>
    </p>
   </div>
   <div class='ocr_carea' id='block_1_45' title="bbox 463 2767 2045 2842">
    <p class='ocr_par' dir='ltr' id='par_1_45' title="bbox 463 2767 2045 2842">
     <span class='ocr_line' id='line_1_45' title="bbox 463 2767 2045 2842; baseline -0.009 -9"><span class='ocrx_word' id='word_1_321' title='bbox 463 2779 704 2833; x_wconf 88' lang='lat' dir='ltr'><strong>initium.</strong></span> <span class='ocrx_word' id='word_1_322' title='bbox 771 2772 907 2840; x_wconf 83' lang='lat' dir='ltr'><strong>Quis</strong></span> <span class='ocrx_word' id='word_1_323' title='bbox 954 2771 1166 2842; x_wconf 87' lang='lat' dir='ltr'><strong>primus</strong></span> <span class='ocrx_word' id='word_1_324' title='bbox 1214 2767 1495 2823; x_wconf 83' lang='lat' dir='ltr'><strong>terrestria</strong></span> <span class='ocrx_word' id='word_1_325' title='bbox 1537 2778 1679 2835; x_wconf 90' lang='lat' dir='ltr'><strong>opus</strong></span> <span class='ocrx_word' id='word_1_326' title='bbox 1732 2775 1788 2820; x_wconf 89' lang='lat' dir='ltr'><strong>et</strong></span> <span class='ocrx_word' id='word_1_327' title='bbox 1817 2778 2045 2836; x_wconf 79' lang='lat' dir='ltr'><strong>regnum</strong></span> 
     </span>
    </p>
   </div>
   <div class='ocr_carea' id='block_1_46' title="bbox 465 2855 2043 2926">
    <p class='ocr_par' dir='ltr' id='par_1_46' title="bbox 465 2855 2043 2926">
     <span class='ocr_line' id='line_1_46' title="bbox 465 2855 2043 2926; baseline -0.008 -5"><span class='ocrx_word' id='word_1_328' title='bbox 465 2864 641 2921; x_wconf 90' lang='lat' dir='ltr'><strong>hostis</strong></span> <span class='ocrx_word' id='word_1_329' title='bbox 669 2860 857 2916; x_wconf 83' lang='lat' dir='ltr'><strong>dicere</strong></span> <span class='ocrx_word' id='word_1_330' title='bbox 883 2874 1050 2914; x_wconf 85' lang='lat' dir='ltr'><strong>ausus</strong></span> <span class='ocrx_word' id='word_1_331' title='bbox 1096 2857 1223 2912; x_wconf 90' lang='lat' dir='ltr'><strong>est?</strong></span> <span class='ocrx_word' id='word_1_332' title='bbox 1272 2871 1470 2926; x_wconf 83' lang='lat' dir='ltr'><strong>nempe</strong></span> <span class='ocrx_word' id='word_1_333' title='bbox 1500 2865 1650 2911; x_wconf 85' lang='lat' dir='ltr'><strong>sator</strong></span> <span class='ocrx_word' id='word_1_334' title='bbox 1683 2855 2043 2919; x_wconf 82' lang='lat' dir='ltr'><strong>zizaniorum,</strong></span> 
     </span>
    </p>
   </div>
   <div class='ocr_carea' id='block_1_47' title="bbox 392 2946 2046 3030">
    <p class='ocr_par' dir='ltr' id='par_1_47' title="bbox 392 2946 2046 3030">
     <span class='ocr_line' id='line_1_47' title="bbox 392 2946 2046 3030; baseline -0.005 -20"><span class='ocrx_word' id='word_1_335' title='bbox 392 2984 416 3030; x_wconf 51' lang='grc' dir='ltr'><strong>τ,</strong></span> <span class='ocrx_word' id='word_1_336' title='bbox 464 2955 559 3026; x_wconf 89' lang='lat' dir='ltr'><strong>qui</strong></span> <span class='ocrx_word' id='word_1_337' title='bbox 586 2950 861 3008; x_wconf 88' lang='lat' dir='ltr'><strong>homicida</strong></span> <span class='ocrx_word' id='word_1_338' title='bbox 903 2948 1008 3004; x_wconf 81' lang='lat' dir='ltr'><strong>fuit</strong></span> <span class='ocrx_word' id='word_1_339' title='bbox 1043 2948 1112 3002; x_wconf 89' lang='lat' dir='ltr'><strong>ab</strong></span> <span class='ocrx_word' id='word_1_340' title='bbox 1144 2947 1324 3012; x_wconf 89' lang='lat' dir='ltr'><strong>initio,</strong></span> <span class='ocrx_word' id='word_1_341' title='bbox 1367 2946 1461 3017; x_wconf 90' lang='lat' dir='ltr'><strong>qui</strong></span> <span class='ocrx_word' id='word_1_342' title='bbox 1505 2947 1718 3018; x_wconf 87' lang='lat' dir='ltr'><strong>primus</strong></span> <span class='ocrx_word' id='word_1_343' title='bbox 1762 2947 1820 3001; x_wconf 91' lang='lat' dir='ltr'><strong>in</strong></span> <span class='ocrx_word' id='word_1_344' title='bbox 1872 2946 2046 3002; x_wconf 88' lang='lat' dir='ltr'><strong>Deum</strong></span> 
     </span>
    </p>
   </div>
   <div class='ocr_carea' id='block_1_48' title="bbox 465 3039 2047 3112">
    <p class='ocr_par' dir='ltr' id='par_1_48' title="bbox 465 3039 2047 3112">
     <span class='ocr_line' id='line_1_48' title="bbox 465 3039 2047 3112; baseline -0.005 -12"><span class='ocrx_word' id='word_1_345' title='bbox 465 3045 737 3100; x_wconf 76' lang='lat' dir='ltr'><strong>cervicem</strong></span> <span class='ocrx_word' id='word_1_346' title='bbox 788 3041 1012 3106; x_wconf 79' lang='lat' dir='ltr'><strong>extulit,</strong></span> <span class='ocrx_word' id='word_1_347' title='bbox 1059 3039 1154 3110; x_wconf 90' lang='lat' dir='ltr'><strong>qui</strong></span> <span class='ocrx_word' id='word_1_348' title='bbox 1200 3054 1298 3109; x_wconf 92' lang='lat' dir='ltr'><strong>per</strong></span> <span class='ocrx_word' id='word_1_349' title='bbox 1348 3039 1547 3094; x_wconf 81' lang='lat' dir='ltr'><strong>fastum</strong></span> <span class='ocrx_word' id='word_1_350' title='bbox 1597 3049 1653 3094; x_wconf 94' lang='lat' dir='ltr'><strong>et</strong></span> <span class='ocrx_word' id='word_1_351' title='bbox 1681 3039 2047 3112; x_wconf 87' lang='lat' dir='ltr'><strong>arrogantiam</strong></span> 
     </span>
    </p>
   </div>
   <div class='ocr_carea' id='block_1_49' title="bbox 468 3129 2046 3206">
    <p class='ocr_par' dir='ltr' id='par_1_49' title="bbox 468 3129 2046 3206">
     <span class='ocr_line' id='line_1_49' title="bbox 468 3129 2046 3206; baseline -0.004 -14"><span class='ocrx_word' id='word_1_352' title='bbox 468 3139 644 3192; x_wconf 86' lang='lat' dir='ltr'><strong>instar</strong></span> <span class='ocrx_word' id='word_1_353' title='bbox 671 3133 901 3206; x_wconf 73' lang='lat' dir='ltr'><strong>fulguris</strong></span> <span class='ocrx_word' id='word_1_354' title='bbox 941 3148 1006 3187; x_wconf 83' lang='lat' dir='ltr'><strong>ex</strong></span> <span class='ocrx_word' id='word_1_355' title='bbox 1042 3130 1182 3186; x_wconf 66' lang='lat' dir='ltr'><strong>coelo</strong></span> <span class='ocrx_word' id='word_1_356' title='bbox 1222 3130 1514 3200; x_wconf 84' lang='lat' dir='ltr'><strong>prolapsus</strong></span> <span class='ocrx_word' id='word_1_357' title='bbox 1544 3139 1648 3185; x_wconf 89' lang='lat' dir='ltr'><strong>est.</strong></span> <span class='ocrx_word' id='word_1_358' title='bbox 1710 3129 1864 3185; x_wconf 71' lang='lat' dir='ltr'><strong>Dixit</strong></span> <span class='ocrx_word' id='word_1_359' title='bbox 1897 3131 2046 3186; x_wconf 89' lang='lat' dir='ltr'><strong>enim</strong></span> 
     </span>
    </p>
   </div>
   <div class='ocr_carea' id='block_1_50' title="bbox 467 3218 2046 3288">
    <p class='ocr_par' dir='ltr' id='par_1_50' title="bbox 467 3218 2046 3288">
     <span class='ocr_line' id='line_1_50' title="bbox 467 3218 2046 3288; baseline -0.002 -9"><span class='ocrx_word' id='word_1_360' title='bbox 467 3225 547 3279; x_wconf 83' lang='lat' dir='ltr'><strong>illi</strong></span> <span class='ocrx_word' id='word_1_361' title='bbox 576 3223 816 3278; x_wconf 81' lang='lat' dir='ltr'><strong>diabolus</strong></span> <span class='ocrx_word' id='word_1_362' title='bbox 861 3237 882 3276; x_wconf 91' lang='lat'><strong><em>:</em></strong></span> <span class='ocrx_word' id='word_1_363' title='bbox 933 3221 1045 3275; x_wconf 86' lang='lat' dir='ltr'><strong>Tibi</strong></span> <span class='ocrx_word' id='word_1_364' title='bbox 1095 3221 1229 3274; x_wconf 89' lang='lat' dir='ltr'><strong>dabo</strong></span> <span class='ocrx_word' id='word_1_365' title='bbox 1277 3223 1414 3272; x_wconf 85' lang='lat' dir='ltr'><strong>hanc</strong></span> <span class='ocrx_word' id='word_1_366' title='bbox 1459 3228 1772 3288; x_wconf 76' lang='lat' dir='ltr'><strong>potestatem</strong></span> <span class='ocrx_word' id='word_1_367' title='bbox 1789 3220 1858 3273; x_wconf 82' lang='grc'><strong>⁷⁸.</strong></span> <span class='ocrx_word' id='word_1_368' title='bbox 1889 3218 2046 3287; x_wconf 79' lang='lat' dir='ltr'><strong>Vide,</strong></span> 
     </span>
    </p>
   </div>
   <div class='ocr_carea' id='block_1_51' title="bbox 466 3311 2050 3388">
    <p class='ocr_par' dir='ltr' id='par_1_51' title="bbox 466 3311 2050 3388">
     <span class='ocr_line' id='line_1_51' title="bbox 466 3311 2050 3388; baseline -0.003 -16"><span class='ocrx_word' id='word_1_369' title='bbox 466 3332 761 3388; x_wconf 82' lang='lat' dir='ltr'><strong>quemnam</strong></span> <span class='ocrx_word' id='word_1_370' title='bbox 801 3315 1085 3370; x_wconf 89' lang='lat' dir='ltr'><strong>doctorem</strong></span> <span class='ocrx_word' id='word_1_371' title='bbox 1107 3312 1196 3367; x_wconf 89' lang='lat' dir='ltr'><strong>hic</strong></span> <span class='ocrx_word' id='word_1_372' title='bbox 1222 3312 1494 3367; x_wconf 88' lang='lat' dir='ltr'><strong>malorum</strong></span> <span class='ocrx_word' id='word_1_373' title='bbox 1525 3311 1848 3378; x_wconf 87' lang='lat' dir='ltr'><strong>constituat,</strong></span> <span class='ocrx_word' id='word_1_374' title='bbox 1884 3328 2050 3383; x_wconf 89' lang='lat' dir='ltr'><strong>quem</strong></span> 
     </span>
    </p>
   </div>
   <div class='ocr_carea' id='block_1_52' title="bbox 467 3399 2055 3476">
    <p class='ocr_par' dir='ltr' id='par_1_52' title="bbox 467 3399 2055 3476">
     <span class='ocr_line' id='line_1_52' title="bbox 467 3399 2055 3476; baseline -0.004 -13"><span class='ocrx_word' id='word_1_375' title='bbox 467 3411 685 3473; x_wconf 81' lang='lat' dir='ltr'><strong>ducem,</strong></span> <span class='ocrx_word' id='word_1_376' title='bbox 718 3420 880 3476; x_wconf 90' lang='lat' dir='ltr'><strong>quem</strong></span> <span class='ocrx_word' id='word_1_377' title='bbox 914 3402 1344 3474; x_wconf 71' lang='lat' dir='ltr'><strong>praeceptorem!</strong></span> <span class='ocrx_word' id='word_1_378' title='bbox 1379 3399 1424 3456; x_wconf 94' lang='grc' dir='ltr'>Ο</span> <span class='ocrx_word' id='word_1_379' title='bbox 1456 3401 1712 3456; x_wconf 88' lang='lat' dir='ltr'><strong>miseram</strong></span> <span class='ocrx_word' id='word_1_380' title='bbox 1741 3417 1920 3458; x_wconf 88' lang='lat' dir='ltr'><strong>meam</strong></span> <span class='ocrx_word' id='word_1_381' title='bbox 1949 3418 2055 3458; x_wconf 87' lang='lat' dir='ltr'><strong>na-</strong></span> 
     </span>
    </p>
   </div>
   <div class='ocr_carea' id='block_1_53' title="bbox 469 3491 2054 3566">
    <p class='ocr_par' dir='ltr' id='par_1_53' title="bbox 469 3491 2054 3566">
     <span class='ocr_line' id='line_1_53' title="bbox 469 3491 2054 3566; baseline -0.006 -11"><span class='ocrx_word' id='word_1_382' title='bbox 469 3512 671 3564; x_wconf 85' lang='lat' dir='ltr'><strong>turam,</strong></span> <span class='ocrx_word' id='word_1_383' title='bbox 703 3506 964 3566; x_wconf 88' lang='lat' dir='ltr'><strong>quantam</strong></span> <span class='ocrx_word' id='word_1_384' title='bbox 997 3492 1141 3549; x_wconf 86' lang='lat' dir='ltr'><strong>hosti</strong></span> <span class='ocrx_word' id='word_1_385' title='bbox 1172 3500 1498 3563; x_wconf 82' lang='lat' dir='ltr'><strong>potestatem</strong></span> <span class='ocrx_word' id='word_1_386' title='bbox 1539 3491 1594 3545; x_wconf 91' lang='lat' dir='ltr'><strong>in</strong></span> <span class='ocrx_word' id='word_1_387' title='bbox 1628 3507 1716 3547; x_wconf 92' lang='lat' dir='ltr'><strong>me</strong></span> <span class='ocrx_word' id='word_1_388' title='bbox 1745 3493 1878 3547; x_wconf 81' lang='lat' dir='ltr'><strong>ieci!</strong></span> <span class='ocrx_word' id='word_1_389' title='bbox 1913 3495 2054 3548; x_wconf 79' lang='lat' dir='ltr'><strong>Cum</strong></span> 
     </span>
    </p>
   </div>
   <div class='ocr_carea' id='block_1_54' title="bbox 470 3583 2054 3661">
    <p class='ocr_par' dir='ltr' id='par_1_54' title="bbox 470 3583 2054 3661">
     <span class='ocr_line' id='line_1_54' title="bbox 470 3583 2054 3661; baseline -0.004 -15"><span class='ocrx_word' id='word_1_390' title='bbox 470 3591 765 3661; x_wconf 80' lang='lat' dir='ltr'><strong>Evangelia</strong></span> <span class='ocrx_word' id='word_1_391' title='bbox 798 3596 906 3642; x_wconf 92' lang='lat' dir='ltr'><strong>tam</strong></span> <span class='ocrx_word' id='word_1_392' title='bbox 938 3587 1083 3642; x_wconf 88' lang='lat' dir='ltr'><strong>clare</strong></span> <span class='ocrx_word' id='word_1_393' title='bbox 1116 3585 1374 3655; x_wconf 82' lang='lat' dir='ltr'><strong>prodant,</strong></span> <span class='ocrx_word' id='word_1_394' title='bbox 1405 3583 1555 3638; x_wconf 88' lang='lat' dir='ltr'><strong>unde</strong></span> <span class='ocrx_word' id='word_1_395' title='bbox 1584 3585 1899 3655; x_wconf 91' lang='lat' dir='ltr'><strong>provenerit</strong></span> <span class='ocrx_word' id='word_1_396' title='bbox 1933 3594 2054 3641; x_wconf 84' lang='lat' dir='ltr'><strong>tan-</strong></span> 
     </span>
    </p>
   </div>
   <div class='ocr_carea' id='block_1_55' title="bbox 474 3675 2048 3751">
    <p class='ocr_par' dir='ltr' id='par_1_55' title="bbox 474 3675 2048 3751">
     <span class='ocr_line' id='line_1_55' title="bbox 474 3675 2048 3751; baseline -0.003 -14"><span class='ocrx_word' id='word_1_397' title='bbox 474 3693 587 3737; x_wconf 90' lang='lat' dir='ltr'><strong>tum</strong></span> <span class='ocrx_word' id='word_1_398' title='bbox 619 3680 907 3751; x_wconf 62' lang='lat' dir='ltr'><strong>apostasia:</strong></span> <span class='ocrx_word' id='word_1_399' title='bbox 933 3677 1157 3742; x_wconf 88' lang='lat' dir='ltr'><strong>malum,</strong></span> <span class='ocrx_word' id='word_1_400' title='bbox 1209 3684 1267 3730; x_wconf 91' lang='lat' dir='ltr'><strong>et</strong></span> <span class='ocrx_word' id='word_1_401' title='bbox 1298 3675 1423 3745; x_wconf 89' lang='lat' dir='ltr'><strong>quis</strong></span> <span class='ocrx_word' id='word_1_402' title='bbox 1457 3675 1578 3746; x_wconf 86' lang='lat' dir='ltr'><strong>ejus</strong></span> <span class='ocrx_word' id='word_1_403' title='bbox 1610 3677 1682 3730; x_wconf 90' lang='lat' dir='ltr'><strong>sit</strong></span> <span class='ocrx_word' id='word_1_404' title='bbox 1705 3686 1928 3745; x_wconf 88' lang='lat' dir='ltr'><strong>auctor;</strong></span> <span class='ocrx_word' id='word_1_405' title='bbox 1958 3693 2048 3734; x_wconf 89' lang='lat' dir='ltr'><strong>er-</strong></span> 
     </span>
    </p>
   </div>
   <div class='ocr_carea' id='block_1_56' title="bbox 471 3768 2052 3837">
    <p class='ocr_par' dir='ltr' id='par_1_56' title="bbox 471 3768 2052 3837">
     <span class='ocr_line' id='line_1_56' title="bbox 471 3768 2052 3837; baseline -0.002 -8"><span class='ocrx_word' id='word_1_406' title='bbox 471 3774 626 3829; x_wconf 89' lang='lat' dir='ltr'><strong>ronei</strong></span> <span class='ocrx_word' id='word_1_407' title='bbox 663 3783 845 3827; x_wconf 88' lang='lat' dir='ltr'><strong>tamen</strong></span> <span class='ocrx_word' id='word_1_408' title='bbox 882 3768 1156 3832; x_wconf 89' lang='lat' dir='ltr'><strong>homines,</strong></span> <span class='ocrx_word' id='word_1_409' title='bbox 1212 3774 1473 3836; x_wconf 89' lang='lat' dir='ltr'><strong>tanquam</strong></span> <span class='ocrx_word' id='word_1_410' title='bbox 1509 3768 1778 3823; x_wconf 88' lang='lat' dir='ltr'><strong>obturalis</strong></span> <span class='ocrx_word' id='word_1_411' title='bbox 1803 3771 2052 3837; x_wconf 88' lang='lat' dir='ltr'><strong>auribus,</strong></span> 
     </span>
    </p>
   </div>
   <div class='ocr_carea' id='block_1_57' title="bbox 471 3858 2053 3930">
    <p class='ocr_par' dir='ltr' id='par_1_57' title="bbox 471 3858 2053 3930">
     <span class='ocr_line' id='line_1_57' title="bbox 471 3858 2053 3930; baseline -0.001 -11"><span class='ocrx_word' id='word_1_412' title='bbox 471 3874 567 3920; x_wconf 90' lang='lat' dir='ltr'><strong>aut</strong></span> <span class='ocrx_word' id='word_1_413' title='bbox 619 3878 809 3918; x_wconf 87' lang='lat' dir='ltr'><strong>earum</strong></span> <span class='ocrx_word' id='word_1_414' title='bbox 867 3876 972 3915; x_wconf 90' lang='lat' dir='ltr'><strong>usu</strong></span> <span class='ocrx_word' id='word_1_415' title='bbox 1019 3858 1246 3928; x_wconf 87' lang='lat' dir='ltr'><strong>penitus</strong></span> <span class='ocrx_word' id='word_1_416' title='bbox 1299 3858 1500 3928; x_wconf 90' lang='lat' dir='ltr'><strong>privati</strong></span> <span class='ocrx_word' id='word_1_417' title='bbox 1567 3859 1763 3914; x_wconf 86' lang='lat' dir='ltr'><strong>nolunt</strong></span> <span class='ocrx_word' id='word_1_418' title='bbox 1815 3861 2003 3918; x_wconf 87' lang='lat' dir='ltr'><strong>videre</strong></span> <span class='ocrx_word' id='word_1_419' title='bbox 2037 3904 2053 3930; x_wconf 97' lang='lat'><strong>,</strong></span> 
     </span>
    </p>
   </div>
   <div class='ocr_carea' id='block_1_58' title="bbox 473 3949 2059 4026">
    <p class='ocr_par' dir='ltr' id='par_1_58' title="bbox 473 3949 2059 4026">
     <span class='ocr_line' id='line_1_58' title="bbox 473 3949 2059 4026; baseline -0.002 -15"><span class='ocrx_word' id='word_1_420' title='bbox 473 3958 632 4026; x_wconf 86' lang='lat' dir='ltr'><strong>cujus</strong></span> <span class='ocrx_word' id='word_1_421' title='bbox 661 3971 720 4009; x_wconf 92' lang='lat' dir='ltr'><strong>se</strong></span> <span class='ocrx_word' id='word_1_422' title='bbox 746 3953 949 4008; x_wconf 85' lang='lat' dir='ltr'><strong>iaciant</strong></span> <span class='ocrx_word' id='word_1_423' title='bbox 977 3949 1279 4020; x_wconf 89' lang='lat' dir='ltr'><strong>discipulos</strong></span> <span class='ocrx_word' id='word_1_424' title='bbox 1298 3989 1314 4014; x_wconf 92' lang='lat'><strong>,</strong></span> <span class='ocrx_word' id='word_1_425' title='bbox 1361 3957 1418 4005; x_wconf 89' lang='lat' dir='ltr'><strong>et</strong></span> <span class='ocrx_word' id='word_1_426' title='bbox 1449 3951 1610 4020; x_wconf 85' lang='lat' dir='ltr'><strong>cujus</strong></span> <span class='ocrx_word' id='word_1_427' title='bbox 1631 3965 1793 4007; x_wconf 90' lang='lat' dir='ltr'><strong>voces</strong></span> <span class='ocrx_word' id='word_1_428' title='bbox 1824 3967 1952 4008; x_wconf 88' lang='lat' dir='ltr'><strong>suas</strong></span> <span class='ocrx_word' id='word_1_429' title='bbox 1978 3953 2059 4008; x_wconf 82' lang='lat' dir='ltr'><strong>fa-</strong></span> 
     </span>
    </p>
   </div>
   <div class='ocr_carea' id='block_1_59' title="bbox 475 4046 2058 4119">
    <p class='ocr_par' dir='ltr' id='par_1_59' title="bbox 475 4046 2058 4119">
     <span class='ocr_line' id='line_1_59' title="bbox 475 4046 2058 4119; baseline -0.003 -12"><span class='ocrx_word' id='word_1_430' title='bbox 475 4055 623 4108; x_wconf 87' lang='lat' dir='ltr'><strong>ciant</strong></span> <span class='ocrx_word' id='word_1_431' title='bbox 668 4067 733 4105; x_wconf 87' lang='lat' dir='ltr'><strong>ac</strong></span> <span class='ocrx_word' id='word_1_432' title='bbox 775 4049 1060 4119; x_wconf 87' lang='lat' dir='ltr'><strong>recipiant.</strong></span> <span class='ocrx_word' id='word_1_433' title='bbox 1110 4046 1179 4100; x_wconf 89' lang='lat' dir='ltr'><strong>Et</strong></span> <span class='ocrx_word' id='word_1_434' title='bbox 1217 4047 1355 4100; x_wconf 80' lang='lat' dir='ltr'><strong>dixit</strong></span> <span class='ocrx_word' id='word_1_435' title='bbox 1383 4049 1431 4102; x_wconf 87' lang='lat' dir='ltr'><strong>ei</strong></span> <span class='ocrx_word' id='word_1_436' title='bbox 1460 4047 1701 4103; x_wconf 77' lang='lat' dir='ltr'><strong>diabolus</strong></span> <span class='ocrx_word' id='word_1_437' title='bbox 1723 4065 1742 4103; x_wconf 88' lang='lat'><strong><em>:</em></strong></span> <span class='ocrx_word' id='word_1_438' title='bbox 1774 4049 1887 4104; x_wconf 84' lang='lat' dir='ltr'><strong>Tibi</strong></span> <span class='ocrx_word' id='word_1_439' title='bbox 1922 4051 2058 4104; x_wconf 87' lang='lat' dir='ltr'><strong>dabo</strong></span> 
     </span>
    </p>
   </div>
   <div class='ocr_carea' id='block_1_60' title="bbox 475 4138 2059 4214">
    <p class='ocr_par' dir='ltr' id='par_1_60' title="bbox 475 4138 2059 4214">
     <span class='ocr_line' id='line_1_60' title="bbox 475 4138 2059 4214; baseline -0.003 -16"><span class='ocrx_word' id='word_1_440' title='bbox 475 4153 793 4214; x_wconf 78' lang='lat' dir='ltr'><strong>potestatem</strong></span> <span class='ocrx_word' id='word_1_441' title='bbox 814 4143 949 4196; x_wconf 86' lang='lat' dir='ltr'><strong>hanc</strong></span> <span class='ocrx_word' id='word_1_442' title='bbox 967 4156 1193 4203; x_wconf 86' lang='lat' dir='ltr'><strong>omnem,</strong></span> <span class='ocrx_word' id='word_1_443' title='bbox 1229 4147 1278 4192; x_wconf 86' lang='lat' dir='ltr'><strong>et</strong></span> <span class='ocrx_word' id='word_1_444' title='bbox 1308 4138 1536 4209; x_wconf 87' lang='lat' dir='ltr'><strong>gloriam</strong></span> <span class='ocrx_word' id='word_1_445' title='bbox 1554 4158 1757 4206; x_wconf 88' lang='lat' dir='ltr'><strong>eorum,</strong></span> <span class='ocrx_word' id='word_1_446' title='bbox 1779 4142 1905 4212; x_wconf 88' lang='lat' dir='ltr'><strong>quia</strong></span> <span class='ocrx_word' id='word_1_447' title='bbox 1929 4141 2059 4195; x_wconf 78' lang='lat' dir='ltr'><strong>milii</strong></span> 
     </span>
    </p>
   </div>
   <div class='ocr_carea' id='block_1_61' title="bbox 478 4235 2057 4307">
    <p class='ocr_par' dir='ltr' id='par_1_61' title="bbox 478 4235 2057 4307">
     <span class='ocr_line' id='line_1_61' title="bbox 478 4235 2057 4307; baseline 0.001 -17"><span class='ocrx_word' id='word_1_448' title='bbox 478 4237 680 4290; x_wconf 82' lang='lat' dir='ltr'><strong>tradita</strong></span> <span class='ocrx_word' id='word_1_449' title='bbox 725 4244 884 4301; x_wconf 73' lang='lat' dir='ltr'><strong>sunt,</strong></span> <span class='ocrx_word' id='word_1_450' title='bbox 935 4245 983 4289; x_wconf 85' lang='lat' dir='ltr'><strong>et</strong></span> <span class='ocrx_word' id='word_1_451' title='bbox 1027 4237 1320 4307; x_wconf 84' lang='lat' dir='ltr'><strong>cuicunque</strong></span> <span class='ocrx_word' id='word_1_452' title='bbox 1350 4235 1586 4300; x_wconf 82' lang='lat' dir='ltr'><strong>voluero,</strong></span> <span class='ocrx_word' id='word_1_453' title='bbox 1630 4236 1740 4305; x_wconf 73' lang='lat' dir='ltr'><strong>ipse</strong></span> <span class='ocrx_word' id='word_1_454' title='bbox 1788 4237 1941 4290; x_wconf 81' lang='lat' dir='ltr'><strong>trado</strong></span> <span class='ocrx_word' id='word_1_455' title='bbox 1985 4238 2057 4292; x_wconf 85' lang='lat'><strong>&quot;.</strong></span> 
     </span>
    </p>
   </div>
   <div class='ocr_carea' id='block_1_62' title="bbox 474 4325 2060 4392">
    <p class='ocr_par' dir='ltr' id='par_1_62' title="bbox 474 4325 2060 4392">
     <span class='ocr_line' id='line_1_62' title="bbox 474 4325 2060 4392; baseline 0.001 -12"><span class='ocrx_word' id='word_1_456' title='bbox 474 4325 733 4381; x_wconf 83' lang='lat' dir='ltr'><strong>Percellit</strong></span> <span class='ocrx_word' id='word_1_457' title='bbox 780 4340 908 4391; x_wconf 90' lang='lat' dir='ltr'><strong>vos,</strong></span> <span class='ocrx_word' id='word_1_458' title='bbox 946 4326 1224 4381; x_wconf 85' lang='lat' dir='ltr'><strong>auditores</strong></span> <span class='ocrx_word' id='word_1_459' title='bbox 1259 4325 1354 4380; x_wconf 88' lang='lat' dir='ltr'><strong>Dei</strong></span> <span class='ocrx_word' id='word_1_460' title='bbox 1390 4325 1788 4392; x_wconf 88' lang='lat' dir='ltr'><strong>amantissimi,</strong></span> <span class='ocrx_word' id='word_1_461' title='bbox 1834 4326 2060 4382; x_wconf 88' lang='lat' dir='ltr'><strong>audacia</strong></span> 
     </span>
    </p>
   </div>
   <div class='ocr_carea' id='block_1_63' title="bbox 474 4417 2059 4489">
    <p class='ocr_par' dir='ltr' id='par_1_63' title="bbox 474 4417 2059 4489">
     <span class='ocr_line' id='line_1_63' title="bbox 474 4417 2059 4489; baseline -0.001 -16"><span class='ocrx_word' id='word_1_462' title='bbox 474 4417 787 4482; x_wconf 87' lang='lat' dir='ltr'><strong>mendacii,</strong></span> <span class='ocrx_word' id='word_1_463' title='bbox 847 4425 904 4472; x_wconf 93' lang='lat' dir='ltr'><strong>et</strong></span> <span class='ocrx_word' id='word_1_464' title='bbox 953 4417 1262 4474; x_wconf 64' lang='lat' dir='ltr'><strong>insolentiae</strong></span> <span class='ocrx_word' id='word_1_465' title='bbox 1313 4417 1634 4489; x_wconf 89' lang='lat' dir='ltr'><strong>magnitudo</strong></span> <span class='ocrx_word' id='word_1_466' title='bbox 1669 4418 1726 4472; x_wconf 86' lang='lat' dir='ltr'><strong>in</strong></span> <span class='ocrx_word' id='word_1_467' title='bbox 1774 4418 2059 4474; x_wconf 88' lang='lat' dir='ltr'><strong>horrorem</strong></span> 
     </span>
    </p>
   </div>
   <div class='ocr_carea' id='block_1_64' title="bbox 2139 1945 3722 2027">
    <p class='ocr_par' dir='ltr' id='par_1_64' title="bbox 2139 1945 3722 2027">
     <span class='ocr_line' id='line_1_64' title="bbox 2139 1945 3722 2027; baseline -0.008 -15"><span class='ocrx_word' id='word_1_468' title='bbox 2139 1955 2380 2012; x_wconf 83' lang='grc' dir='ltr'><strong>ἀκούειν.</strong></span> <span class='ocrx_word' id='word_1_469' title='bbox 2405 1955 2520 2027; x_wconf 83' lang='grc' dir='ltr'><strong>Τὴν</strong></span> <span class='ocrx_word' id='word_1_470' title='bbox 2543 1957 2739 2026; x_wconf 89' lang='grc' dir='ltr'><strong>πεῖραν</strong></span> <span class='ocrx_word' id='word_1_471' title='bbox 2759 1945 2936 2018; x_wconf 73' lang='grc' dir='ltr'><strong>οὗτος,</strong></span> <span class='ocrx_word' id='word_1_472' title='bbox 2987 1952 3054 2006; x_wconf 83' lang='grc' dir='ltr'><strong>δι’</strong></span> <span class='ocrx_word' id='word_1_473' title='bbox 3083 1946 3152 2024; x_wconf 81' lang='grc' dir='ltr'><strong>ἧς</strong></span> <span class='ocrx_word' id='word_1_474' title='bbox 3183 1952 3212 2006; x_wconf 84' lang='grc' dir='ltr'>ὁ</span> <span class='ocrx_word' id='word_1_475' title='bbox 3249 1950 3347 2007; x_wconf 84' lang='grc' dir='ltr'><strong>ἀπ’</strong></span> <span class='ocrx_word' id='word_1_476' title='bbox 3369 1948 3546 2020; x_wconf 84' lang='grc' dir='ltr'><strong>ἀρχῆς</strong></span> <span class='ocrx_word' id='word_1_477' title='bbox 3569 1947 3722 2019; x_wconf 73' lang='grc' dir='ltr'><strong>ἡμῶν</strong></span> 
     </span>
    </p>
   </div>
   <div class='ocr_carea' id='block_1_65' title="bbox 2140 2041 3719 2120">
    <p class='ocr_par' dir='ltr' id='par_1_65' title="bbox 2140 2041 3719 2120">
     <span class='ocr_line' id='line_1_65' title="bbox 2140 2041 3719 2120; baseline -0.006 -17"><span class='ocrx_word' id='word_1_478' title='bbox 2140 2048 2469 2120; x_wconf 80' lang='grc' dir='ltr'><strong>πτερνιστὴς</strong></span> <span class='ocrx_word' id='word_1_479' title='bbox 2500 2046 2857 2118; x_wconf 78' lang='grc' dir='ltr'><strong>ἐπεχείρησεν</strong></span> <span class='ocrx_word' id='word_1_480' title='bbox 2888 2047 2946 2099; x_wconf 86' lang='grc' dir='ltr'><strong>ἐν</strong></span> <span class='ocrx_word' id='word_1_481' title='bbox 2977 2044 3223 2116; x_wconf 78' lang='grc' dir='ltr'><strong>ἡμετέρᾳ</strong></span> <span class='ocrx_word' id='word_1_482' title='bbox 3260 2045 3442 2115; x_wconf 77' lang='grc' dir='ltr'><strong>μορφῇ</strong></span> <span class='ocrx_word' id='word_1_483' title='bbox 3469 2041 3719 2106; x_wconf 87' lang='grc' dir='ltr'><strong>κατιδὼν,</strong></span> 
     </span>
    </p>
   </div>
   <div class='ocr_carea' id='block_1_66' title="bbox 2145 2131 3722 2210">
    <p class='ocr_par' dir='ltr' id='par_1_66' title="bbox 2145 2131 3722 2210">
     <span class='ocr_line' id='line_1_66' title="bbox 2145 2131 3722 2210; baseline -0.006 -14"><span class='ocrx_word' id='word_1_484' title='bbox 2145 2142 2243 2197; x_wconf 72' lang='grc' dir='ltr'><strong>καὶ</strong></span> <span class='ocrx_word' id='word_1_485' title='bbox 2273 2141 2366 2196; x_wconf 78' lang='grc' dir='ltr'><strong>τὸν</strong></span> <span class='ocrx_word' id='word_1_486' title='bbox 2407 2139 2588 2195; x_wconf 79' lang='grc' dir='ltr'><strong>κοινὸν</strong></span> <span class='ocrx_word' id='word_1_487' title='bbox 2618 2139 2880 2210; x_wconf 85' lang='grc' dir='ltr'><strong>πειράσαι</strong></span> <span class='ocrx_word' id='word_1_488' title='bbox 2929 2137 3204 2208; x_wconf 87' lang='grc' dir='ltr'><strong>Πλάστην,</strong></span> <span class='ocrx_word' id='word_1_489' title='bbox 3237 2134 3444 2204; x_wconf 86' lang='grc' dir='ltr'><strong>ταύτην</strong></span> <span class='ocrx_word' id='word_1_490' title='bbox 3491 2132 3584 2188; x_wconf 84' lang='grc' dir='ltr'><strong>διὰ</strong></span> <span class='ocrx_word' id='word_1_491' title='bbox 3628 2131 3722 2204; x_wconf 81' lang='grc' dir='ltr'><strong>τῆς</strong></span> 
     </span>
    </p>
   </div>
   <div class='ocr_carea' id='block_1_67' title="bbox 2145 2222 3724 2305">
    <p class='ocr_par' dir='ltr' id='par_1_67' title="bbox 2145 2222 3724 2305">
     <span class='ocr_line' id='line_1_67' title="bbox 2145 2222 3724 2305; baseline -0.006 -18"><span class='ocrx_word' id='word_1_492' title='bbox 2145 2234 2297 2305; x_wconf 81' lang='grc' dir='ltr'><strong>ἰερᾶς</strong></span> <span class='ocrx_word' id='word_1_493' title='bbox 2329 2231 2572 2304; x_wconf 78' lang='grc' dir='ltr'><strong>ἱστορίας</strong></span> <span class='ocrx_word' id='word_1_494' title='bbox 2600 2228 2909 2301; x_wconf 80' lang='grc' dir='ltr'><strong>περιδιδοὺς</strong></span> <span class='ocrx_word' id='word_1_495' title='bbox 2933 2228 3044 2299; x_wconf 77' lang='grc'><strong>(75)</strong></span> <span class='ocrx_word' id='word_1_496' title='bbox 3067 2267 3083 2292; x_wconf 84' lang='grc'><strong>,</strong></span> <span class='ocrx_word' id='word_1_497' title='bbox 3115 2235 3213 2283; x_wconf 76' lang='grc' dir='ltr'><strong>καὶ</strong></span> <span class='ocrx_word' id='word_1_498' title='bbox 3255 2226 3397 2298; x_wconf 82' lang='grc' dir='ltr'><strong>μετὰ</strong></span> <span class='ocrx_word' id='word_1_499' title='bbox 3441 2225 3546 2298; x_wconf 81' lang='grc' dir='ltr'><strong>τὴν</strong></span> <span class='ocrx_word' id='word_1_500' title='bbox 3581 2222 3724 2296; x_wconf 80' lang='grc' dir='ltr'><strong>πρώ-</strong></span> 
     </span>
    </p>
   </div>
   <div class='ocr_carea' id='block_1_68' title="bbox 2142 2317 3723 2396">
    <p class='ocr_par' dir='ltr' id='par_1_68' title="bbox 2142 2317 3723 2396">
     <span class='ocr_line' id='line_1_68' title="bbox 2142 2317 3723 2396; baseline -0.005 -18"><span class='ocrx_word' id='word_1_501' title='bbox 2142 2342 2244 2396; x_wconf 85' lang='grc' dir='ltr'><strong>την</strong></span> <span class='ocrx_word' id='word_1_502' title='bbox 2274 2322 2382 2396; x_wconf 81' lang='grc' dir='ltr'><strong>’τὴν</strong></span> <span class='ocrx_word' id='word_1_503' title='bbox 2419 2323 2680 2394; x_wconf 85' lang='grc' dir='ltr'><strong>δευτέραν</strong></span> <span class='ocrx_word' id='word_1_504' title='bbox 2708 2318 2942 2387; x_wconf 80' lang='grc' dir='ltr'><strong>ἐπεξιών</strong></span> <span class='ocrx_word' id='word_1_505' title='bbox 2963 2335 2978 2348; x_wconf 89' lang='grc'><strong>·</strong></span> <span class='ocrx_word' id='word_1_506' title='bbox 3017 2319 3128 2375; x_wconf 83' lang='lat' dir='ltr'><strong>Kal</strong></span> <span class='ocrx_word' id='word_1_507' title='bbox 3161 2317 3483 2390; x_wconf 74' lang='grc' dir='ltr'><strong>ἀναγαγὼν</strong></span> <span class='ocrx_word' id='word_1_508' title='bbox 3523 2317 3723 2382; x_wconf 81' lang='grc' dir='ltr'><strong>αὐτὸν,</strong></span> 
     </span>
    </p>
   </div>
   <div class='ocr_carea' id='block_1_69' title="bbox 2145 2405 3728 2486">
    <p class='ocr_par' dir='ltr' id='par_1_69' title="bbox 2145 2405 3728 2486">
     <span class='ocr_line' id='line_1_69' title="bbox 2145 2405 3728 2486; baseline -0.006 -18"><span class='ocrx_word' id='word_1_509' title='bbox 2145 2417 2329 2486; x_wconf 78' lang='grc' dir='ltr'><strong>φησὶν,</strong></span> <span class='ocrx_word' id='word_1_510' title='bbox 2363 2413 2396 2467; x_wconf 90' lang='grc' dir='ltr'><strong>ὁ</strong></span> <span class='ocrx_word' id='word_1_511' title='bbox 2419 2411 2698 2476; x_wconf 78' lang='grc' dir='ltr'><strong>διάϐολος</strong></span> <span class='ocrx_word' id='word_1_512' title='bbox 2727 2412 2814 2478; x_wconf 81' lang='grc' dir='ltr'><strong>εἰς</strong></span> <span class='ocrx_word' id='word_1_513' title='bbox 2842 2411 2984 2479; x_wconf 80' lang='grc' dir='ltr'><strong>ὅρος</strong></span> <span class='ocrx_word' id='word_1_514' title='bbox 3004 2409 3272 2478; x_wconf 67' lang='grc' dir='ltr'><strong>ὑψηλὸν,</strong></span> <span class='ocrx_word' id='word_1_515' title='bbox 3311 2406 3548 2472; x_wconf 70' lang='grc' dir='ltr'><strong>ἔδειξεν</strong></span> <span class='ocrx_word' id='word_1_516' title='bbox 3573 2405 3728 2470; x_wconf 82' lang='grc' dir='ltr'><strong>αὐτῷ</strong></span> 
     </span>
    </p>
   </div>
   <div class='ocr_carea' id='block_1_70' title="bbox 2144 2493 3728 2572">
    <p class='ocr_par' dir='ltr' id='par_1_70' title="bbox 2144 2493 3728 2572">
     <span class='ocr_line' id='line_1_70' title="bbox 2144 2493 3728 2572; baseline -0.007 -11"><span class='ocrx_word' id='word_1_517' title='bbox 2144 2507 2349 2572; x_wconf 83' lang='grc' dir='ltr'><strong>πάσας</strong></span> <span class='ocrx_word' id='word_1_518' title='bbox 2377 2505 2484 2572; x_wconf 82' lang='grc' dir='ltr'><strong>τὰς</strong></span> <span class='ocrx_word' id='word_1_519' title='bbox 2505 2503 2834 2569; x_wconf 79' lang='grc' dir='ltr'><strong>βασιλείας</strong></span> <span class='ocrx_word' id='word_1_520' title='bbox 2870 2499 2982 2569; x_wconf 79' lang='grc' dir='ltr'><strong>τῆς</strong></span> <span class='ocrx_word' id='word_1_521' title='bbox 3011 2498 3390 2570; x_wconf 70' lang='grc' dir='ltr'><strong>οἰκουμένης.</strong></span> <span class='ocrx_word' id='word_1_522' title='bbox 3421 2498 3537 2552; x_wconf 85' lang='lat' dir='ltr'><strong>Kal</strong></span> <span class='ocrx_word' id='word_1_523' title='bbox 3567 2493 3728 2552; x_wconf 76' lang='grc' dir='ltr'><strong>εἷπεν</strong></span> 
     </span>
    </p>
   </div>
   <div class='ocr_carea' id='block_1_71' title="bbox 2143 2588 3726 2665">
    <p class='ocr_par' dir='ltr' id='par_1_71' title="bbox 2143 2588 3726 2665">
     <span class='ocr_line' id='line_1_71' title="bbox 2143 2588 3726 2665; baseline -0.007 -13"><span class='ocrx_word' id='word_1_524' title='bbox 2143 2597 2307 2663; x_wconf 82' lang='grc' dir='ltr'><strong>αὐτῷ</strong></span> <span class='ocrx_word' id='word_1_525' title='bbox 2331 2599 2365 2652; x_wconf 85' lang='grc' dir='ltr'><strong>ό</strong></span> <span class='ocrx_word' id='word_1_526' title='bbox 2401 2593 2701 2660; x_wconf 80' lang='grc' dir='ltr'><strong>διάϐολος.</strong></span> <span class='ocrx_word' id='word_1_527' title='bbox 2742 2591 2988 2665; x_wconf 85' lang='grc' dir='ltr'><strong>Πρόσεχε</strong></span> <span class='ocrx_word' id='word_1_528' title='bbox 3019 2590 3111 2644; x_wconf 83' lang='grc' dir='ltr'><strong>τὸν</strong></span> <span class='ocrx_word' id='word_1_529' title='bbox 3146 2590 3293 2656; x_wconf 82' lang='grc' dir='ltr'><strong>νοῦν,</strong></span> <span class='ocrx_word' id='word_1_530' title='bbox 3319 2589 3600 2661; x_wconf 76' lang='grc' dir='ltr'><strong>ἄνθρωπε,</strong></span> <span class='ocrx_word' id='word_1_531' title='bbox 3633 2588 3726 2642; x_wconf 81' lang='grc' dir='ltr'><strong>πό-</strong></span> 
     </span>
    </p>
   </div>
   <div class='ocr_carea' id='block_1_72' title="bbox 2146 2679 3729 2761">
    <p class='ocr_par' dir='ltr' id='par_1_72' title="bbox 2146 2679 3729 2761">
     <span class='ocr_line' id='line_1_72' title="bbox 2146 2679 3729 2761; baseline -0.008 -18"><span class='ocrx_word' id='word_1_532' title='bbox 2146 2689 2240 2745; x_wconf 88' lang='grc' dir='ltr'><strong>θεν</strong></span> <span class='ocrx_word' id='word_1_533' title='bbox 2285 2688 2507 2761; x_wconf 88' lang='grc' dir='ltr'><strong>πρῶτον</strong></span> <span class='ocrx_word' id='word_1_534' title='bbox 2535 2686 2764 2757; x_wconf 78' lang='grc' dir='ltr'><strong>ἐξῆλθεν</strong></span> <span class='ocrx_word' id='word_1_535' title='bbox 2799 2687 2834 2755; x_wconf 76' lang='grc' dir='ltr'><strong>ἡ</strong></span> <span class='ocrx_word' id='word_1_536' title='bbox 2887 2681 3156 2754; x_wconf 84' lang='grc' dir='ltr'><strong>θεομάχος</strong></span> <span class='ocrx_word' id='word_1_537' title='bbox 3184 2680 3325 2753; x_wconf 70' lang='grc' dir='ltr'><strong>αὕτη</strong></span> <span class='ocrx_word' id='word_1_538' title='bbox 3360 2680 3540 2752; x_wconf 83' lang='grc' dir='ltr'><strong>φωνὴ,</strong></span> <span class='ocrx_word' id='word_1_539' title='bbox 3580 2679 3662 2743; x_wconf 90' lang='grc' dir='ltr'><strong>τίς</strong></span> <span class='ocrx_word' id='word_1_540' title='bbox 3697 2680 3729 2748; x_wconf 82' lang='grc' dir='ltr'><strong>ή</strong></span> 
     </span>
    </p>
   </div>
   <div class='ocr_carea' id='block_1_73' title="bbox 2149 2770 3732 2855">
    <p class='ocr_par' dir='ltr' id='par_1_73' title="bbox 2149 2770 3732 2855">
     <span class='ocr_line' id='line_1_73' title="bbox 2149 2770 3732 2855; baseline -0.008 -18"><span class='ocrx_word' id='word_1_541' title='bbox 2149 2783 2375 2855; x_wconf 88' lang='grc' dir='ltr'><strong>μυσαρά</strong></span> <span class='ocrx_word' id='word_1_542' title='bbox 2395 2780 2497 2851; x_wconf 81' lang='grc' dir='ltr'><strong>τῆς</strong></span> <span class='ocrx_word' id='word_1_543' title='bbox 2518 2779 2858 2841; x_wconf 87' lang='grc' dir='ltr'><strong>ἀποστασίας</strong></span> <span class='ocrx_word' id='word_1_544' title='bbox 2885 2776 3134 2848; x_wconf 85' lang='grc' dir='ltr'><strong>ἀπαρχή.</strong></span> <span class='ocrx_word' id='word_1_545' title='bbox 3172 2775 3270 2838; x_wconf 85' lang='grc' dir='ltr'><strong>Τίς</strong></span> <span class='ocrx_word' id='word_1_546' title='bbox 3294 2773 3567 2844; x_wconf 82' lang='grc' dir='ltr'><strong>ἐτόλμησε</strong></span> <span class='ocrx_word' id='word_1_547' title='bbox 3589 2770 3732 2844; x_wconf 91' lang='grc' dir='ltr'><strong>πρῶ-</strong></span> 
     </span>
    </p>
   </div>
   <div class='ocr_carea' id='block_1_74' title="bbox 2147 2863 3728 2944">
    <p class='ocr_par' dir='ltr' id='par_1_74' title="bbox 2147 2863 3728 2944">
     <span class='ocr_line' id='line_1_74' title="bbox 2147 2863 3728 2944; baseline -0.008 -14"><span class='ocrx_word' id='word_1_548' title='bbox 2147 2893 2240 2939; x_wconf 90' lang='grc' dir='ltr'><strong>τος</strong></span> <span class='ocrx_word' id='word_1_549' title='bbox 2280 2874 2351 2929; x_wconf 80' lang='grc' dir='ltr'><strong>τά</strong></span> <span class='ocrx_word' id='word_1_550' title='bbox 2403 2875 2662 2944; x_wconf 81' lang='grc' dir='ltr'><strong>περίγεια</strong></span> <span class='ocrx_word' id='word_1_551' title='bbox 2683 2913 2697 2937; x_wconf 89' lang='grc'><strong>,</strong></span> <span class='ocrx_word' id='word_1_552' title='bbox 2744 2871 2906 2941; x_wconf 68' lang='grc' dir='ltr'><strong>ἔργον</strong></span> <span class='ocrx_word' id='word_1_553' title='bbox 2954 2871 3051 2923; x_wconf 73' lang='grc' dir='ltr'><strong>καὶ</strong></span> <span class='ocrx_word' id='word_1_554' title='bbox 3094 2867 3373 2939; x_wconf 88' lang='grc' dir='ltr'><strong>βασιλείαν</strong></span> <span class='ocrx_word' id='word_1_555' title='bbox 3425 2868 3606 2920; x_wconf 85' lang='grc' dir='ltr'><strong>εἰπεῖν</strong></span> <span class='ocrx_word' id='word_1_556' title='bbox 3640 2863 3728 2919; x_wconf 87' lang='grc' dir='ltr'><strong>τοῦ</strong></span> 
     </span>
    </p>
   </div>
   <div class='ocr_carea' id='block_1_75' title="bbox 2161 2955 3733 3036">
    <p class='ocr_par' dir='ltr' id='par_1_75' title="bbox 2161 2955 3733 3036">
     <span class='ocr_line' id='line_1_75' title="bbox 2161 2955 3733 3036; baseline -0.008 -15"><span class='ocrx_word' id='word_1_557' title='bbox 2161 2965 2425 3036; x_wconf 85' lang='grc' dir='ltr'><strong>Ἐχθροῦ;</strong></span> <span class='ocrx_word' id='word_1_558' title='bbox 2463 2966 2547 3018; x_wconf 83' lang='grc' dir='ltr'><strong>ὅτι</strong></span> <span class='ocrx_word' id='word_1_559' title='bbox 2575 2963 2686 3018; x_wconf 85' lang='grc' dir='ltr'><strong>τῶν</strong></span> <span class='ocrx_word' id='word_1_560' title='bbox 2700 2961 3000 3028; x_wconf 89' lang='grc' dir='ltr'><strong>ζιζανίωνό</strong></span> <span class='ocrx_word' id='word_1_561' title='bbox 3030 2958 3477 3031; x_wconf 83' lang='grc' dir='ltr'><strong>ἀνθρωποκτόνος</strong></span> <span class='ocrx_word' id='word_1_562' title='bbox 3499 2955 3733 3027; x_wconf 87' lang='grc' dir='ltr'><strong>γεγονὼς</strong></span> 
     </span>
    </p>
   </div>
   <div class='ocr_carea' id='block_1_76' title="bbox 2149 3047 3734 3129">
    <p class='ocr_par' dir='ltr' id='par_1_76' title="bbox 2149 3047 3734 3129">
     <span class='ocr_line' id='line_1_76' title="bbox 2149 3047 3734 3129; baseline -0.007 -17"><span class='ocrx_word' id='word_1_563' title='bbox 2149 3057 2245 3113; x_wconf 81' lang='grc' dir='ltr'><strong>ἀπ’</strong></span> <span class='ocrx_word' id='word_1_564' title='bbox 2279 3056 2478 3129; x_wconf 81' lang='grc' dir='ltr'><strong>ἀρχῆς,</strong></span> <span class='ocrx_word' id='word_1_565' title='bbox 2510 3056 2540 3109; x_wconf 88' lang='grc' dir='ltr'><strong>ό</strong></span> <span class='ocrx_word' id='word_1_566' title='bbox 2566 3053 2784 3127; x_wconf 90' lang='grc' dir='ltr'><strong>πρῶτος</strong></span> <span class='ocrx_word' id='word_1_567' title='bbox 2817 3053 3192 3125; x_wconf 88' lang='grc' dir='ltr'><strong>τραχηλιάσας</strong></span> <span class='ocrx_word' id='word_1_568' title='bbox 3225 3050 3366 3105; x_wconf 81' lang='grc' dir='ltr'><strong>κατὰ</strong></span> <span class='ocrx_word' id='word_1_569' title='bbox 3398 3049 3561 3115; x_wconf 84' lang='grc' dir='ltr'><strong>Θεοῦ,</strong></span> <span class='ocrx_word' id='word_1_570' title='bbox 3588 3050 3617 3103; x_wconf 87' lang='grc' dir='ltr'><strong>ό</strong></span> <span class='ocrx_word' id='word_1_571' title='bbox 3652 3047 3734 3102; x_wconf 76' lang='grc' dir='ltr'><strong>διὰ</strong></span> 
     </span>
    </p>
   </div>
   <div class='ocr_carea' id='block_1_77' title="bbox 2075 3143 3734 3236">
    <p class='ocr_par' dir='ltr' id='par_1_77' title="bbox 2075 3143 3734 3236">
     <span class='ocr_line' id='line_1_77' title="bbox 2075 3143 3734 3236; baseline -0.007 -31"><span class='ocrx_word' id='word_1_572' title='bbox 2075 3172 2123 3236; x_wconf 80' lang='lat' dir='ltr'><strong><em>C</em></strong></span> <span class='ocrx_word' id='word_1_573' title='bbox 2149 3151 2213 3205; x_wconf 81' lang='grc' dir='ltr'><strong>τὸ</strong></span> <span class='ocrx_word' id='word_1_574' title='bbox 2241 3149 2584 3222; x_wconf 81' lang='grc' dir='ltr'><strong>μεγάλαυχον</strong></span> <span class='ocrx_word' id='word_1_575' title='bbox 2625 3148 2722 3202; x_wconf 77' lang='grc' dir='ltr'><strong>καὶ</strong></span> <span class='ocrx_word' id='word_1_576' title='bbox 2753 3147 2846 3201; x_wconf 85' lang='grc' dir='ltr'><strong>τὸν</strong></span> <span class='ocrx_word' id='word_1_577' title='bbox 2890 3145 3129 3211; x_wconf 80' lang='grc' dir='ltr'><strong>ἀλαζόνα</strong></span> <span class='ocrx_word' id='word_1_578' title='bbox 3169 3143 3296 3236; x_wconf 75' lang='grc' dir='ltr'><strong>νοῦν</strong></span> <span class='ocrx_word' id='word_1_579' title='bbox 3332 3143 3492 3214; x_wconf 88' lang='grc' dir='ltr'><strong>δίκην</strong></span> <span class='ocrx_word' id='word_1_580' title='bbox 3532 3143 3734 3212; x_wconf 86' lang='grc' dir='ltr'><strong>ἀστρα-</strong></span> 
     </span>
    </p>
   </div>
   <div class='ocr_carea' id='block_1_78' title="bbox 2154 3230 3735 3314">
    <p class='ocr_par' dir='ltr' id='par_1_78' title="bbox 2154 3230 3735 3314">
     <span class='ocr_line' id='line_1_78' title="bbox 2154 3230 3735 3314; baseline -0.006 -19"><span class='ocrx_word' id='word_1_581' title='bbox 2154 3245 2263 3314; x_wconf 77' lang='grc' dir='ltr'><strong>πῆς</strong></span> <span class='ocrx_word' id='word_1_582' title='bbox 2295 3239 2478 3295; x_wconf 88' lang='grc' dir='ltr'><strong>πεσὼν</strong></span> <span class='ocrx_word' id='word_1_583' title='bbox 2511 3241 2576 3293; x_wconf 87' lang='grc' dir='ltr'><strong>ἐκ</strong></span> <span class='ocrx_word' id='word_1_584' title='bbox 2605 3238 2700 3292; x_wconf 90' lang='grc' dir='ltr'><strong>τοῦ</strong></span> <span class='ocrx_word' id='word_1_585' title='bbox 2741 3237 2975 3310; x_wconf 84' lang='grc' dir='ltr'><strong>ούρανοῦ</strong></span> <span class='ocrx_word' id='word_1_586' title='bbox 2995 3255 3011 3270; x_wconf 76' lang='grc' dir='ltr'><strong>ο</strong></span> <span class='ocrx_word' id='word_1_587' title='bbox 3048 3237 3145 3291; x_wconf 73' lang='grc' dir='ltr'><strong>καὶ</strong></span> <span class='ocrx_word' id='word_1_588' title='bbox 3170 3231 3342 3291; x_wconf 76' lang='grc' dir='ltr'><strong>εἶπεν</strong></span> <span class='ocrx_word' id='word_1_589' title='bbox 3362 3233 3528 3300; x_wconf 81' lang='grc' dir='ltr'><strong>αὐτῷ</strong></span> <span class='ocrx_word' id='word_1_590' title='bbox 3551 3235 3586 3290; x_wconf 84' lang='grc' dir='ltr'><em>ὁ</em></span> <span class='ocrx_word' id='word_1_591' title='bbox 3611 3230 3735 3287; x_wconf 64' lang='grc' dir='ltr'><strong>διάη</strong></span> 
     </span>
    </p>
   </div>
   <div class='ocr_carea' id='block_1_79' title="bbox 2156 3326 3734 3400">
    <p class='ocr_par' dir='ltr' id='par_1_79' title="bbox 2156 3326 3734 3400">
     <span class='ocr_line' id='line_1_79' title="bbox 2156 3326 3734 3400; baseline -0.008 -11"><span class='ocrx_word' id='word_1_592' title='bbox 2156 3337 2356 3400; x_wconf 74' lang='grc' dir='ltr'><strong>ϐολος,</strong></span> <span class='ocrx_word' id='word_1_593' title='bbox 2410 3332 2512 3387; x_wconf 76' lang='grc' dir='ltr'><strong>Σοὶ</strong></span> <span class='ocrx_word' id='word_1_594' title='bbox 2553 3330 2727 3386; x_wconf 84' lang='grc' dir='ltr'><strong>δώσω</strong></span> <span class='ocrx_word' id='word_1_595' title='bbox 2773 3330 2888 3399; x_wconf 79' lang='grc' dir='ltr'><strong>τὴν</strong></span> <span class='ocrx_word' id='word_1_596' title='bbox 2927 3329 3224 3395; x_wconf 79' lang='grc' dir='ltr'><strong>ἐξουσίαν</strong></span> <span class='ocrx_word' id='word_1_597' title='bbox 3266 3328 3520 3396; x_wconf 58' lang='lat' dir='ltr'><strong>radente.</strong></span> <span class='ocrx_word' id='word_1_598' title='bbox 3565 3326 3734 3397; x_wconf 87' lang='grc' dir='ltr'><strong>Ὅρα,</strong></span> 
     </span>
    </p>
   </div>
   <div class='ocr_carea' id='block_1_80' title="bbox 2154 3417 3738 3492">
    <p class='ocr_par' dir='ltr' id='par_1_80' title="bbox 2154 3417 3738 3492">
     <span class='ocr_line' id='line_1_80' title="bbox 2154 3417 3738 3492; baseline -0.009 -11"><span class='ocrx_word' id='word_1_599' title='bbox 2154 3427 2275 3481; x_wconf 87' lang='grc' dir='ltr'><strong>τίνα</strong></span> <span class='ocrx_word' id='word_1_600' title='bbox 2307 3423 2630 3480; x_wconf 83' lang='grc' dir='ltr'><strong>διδάσκαλον</strong></span> <span class='ocrx_word' id='word_1_601' title='bbox 2673 3422 2737 3476; x_wconf 80' lang='grc' dir='ltr'><strong>τὸ</strong></span> <span class='ocrx_word' id='word_1_602' title='bbox 2765 3424 2866 3492; x_wconf 83' lang='grc' dir='ltr'><strong>τῆς</strong></span> <span class='ocrx_word' id='word_1_603' title='bbox 2889 3421 3155 3492; x_wconf 87' lang='grc' dir='ltr'><strong>πονηρίας</strong></span> <span class='ocrx_word' id='word_1_604' title='bbox 3189 3418 3414 3483; x_wconf 77' lang='grc' dir='ltr'><strong>καθίζει</strong></span> <span class='ocrx_word' id='word_1_605' title='bbox 3441 3417 3738 3488; x_wconf 86' lang='grc' dir='ltr'><strong>συνέδριον,</strong></span> 
     </span>
    </p>
   </div>
   <div class='ocr_carea' id='block_1_81' title="bbox 2155 3507 3738 3589">
    <p class='ocr_par' dir='ltr' id='par_1_81' title="bbox 2155 3507 3738 3589">
     <span class='ocr_line' id='line_1_81' title="bbox 2155 3507 3738 3589; baseline -0.01 -15"><span class='ocrx_word' id='word_1_606' title='bbox 2155 3521 2279 3574; x_wconf 88' lang='grc' dir='ltr'><strong>τίνα</strong></span> <span class='ocrx_word' id='word_1_607' title='bbox 2331 3515 2698 3589; x_wconf 76' lang='grc' dir='ltr'><strong>μυσταγωγὸν</strong></span> <span class='ocrx_word' id='word_1_608' title='bbox 2745 3514 2840 3568; x_wconf 80' lang='grc' dir='ltr'><strong>καὶ</strong></span> <span class='ocrx_word' id='word_1_609' title='bbox 2895 3512 3228 3585; x_wconf 82' lang='grc' dir='ltr'><strong>εἰσηγητήνί</strong></span> <span class='ocrx_word' id='word_1_610' title='bbox 3284 3512 3349 3564; x_wconf 80' lang='grc' dir='ltr'>Ὢ</span> <span class='ocrx_word' id='word_1_611' title='bbox 3391 3507 3738 3579; x_wconf 82' lang='grc' dir='ltr'><strong>ταλαιπώρου</strong></span> 
     </span>
    </p>
   </div>
   <div class='ocr_carea' id='block_1_82' title="bbox 2155 3598 3740 3682">
    <p class='ocr_par' dir='ltr' id='par_1_82' title="bbox 2155 3598 3740 3682">
     <span class='ocr_line' id='line_1_82' title="bbox 2155 3598 3740 3682; baseline -0.008 -17"><span class='ocrx_word' id='word_1_612' title='bbox 2155 3611 2258 3682; x_wconf 86' lang='grc' dir='ltr'><strong>τῆς</strong></span> <span class='ocrx_word' id='word_1_613' title='bbox 2299 3609 2442 3680; x_wconf 81' lang='grc' dir='ltr'><strong>ἐμῆς</strong></span> <span class='ocrx_word' id='word_1_614' title='bbox 2477 3607 2716 3676; x_wconf 88' lang='grc' dir='ltr'><strong>φύσεως,</strong></span> <span class='ocrx_word' id='word_1_615' title='bbox 2761 3607 2829 3677; x_wconf 80' lang='grc' dir='ltr'><strong>ἢν</strong></span> <span class='ocrx_word' id='word_1_616' title='bbox 2871 3605 3150 3675; x_wconf 88' lang='grc' dir='ltr'><strong>παρέσχον</strong></span> <span class='ocrx_word' id='word_1_617' title='bbox 3179 3603 3433 3670; x_wconf 81' lang='grc' dir='ltr'><strong>ἐξουσίαν</strong></span> <span class='ocrx_word' id='word_1_618' title='bbox 3457 3601 3584 3656; x_wconf 82' lang='grc' dir='ltr'><strong>κατ’</strong></span> <span class='ocrx_word' id='word_1_619' title='bbox 3611 3598 3740 3669; x_wconf 86' lang='grc' dir='ltr'><strong>ἐμοῦ</strong></span> 
     </span>
    </p>
   </div>
   <div class='ocr_carea' id='block_1_83' title="bbox 2155 3693 3741 3772">
    <p class='ocr_par' dir='ltr' id='par_1_83' title="bbox 2155 3693 3741 3772">
     <span class='ocr_line' id='line_1_83' title="bbox 2155 3693 3741 3772; baseline -0.007 -17"><span class='ocrx_word' id='word_1_620' title='bbox 2155 3701 2235 3772; x_wconf 83' lang='grc' dir='ltr'><strong>τῷ</strong></span> <span class='ocrx_word' id='word_1_621' title='bbox 2279 3698 2522 3772; x_wconf 84' lang='grc' dir='ltr'><strong>Ἐχθρῷἰ</strong></span> <span class='ocrx_word' id='word_1_622' title='bbox 2555 3697 2743 3762; x_wconf 79' lang='grc' dir='ltr'><strong>Οῦτως</strong></span> <span class='ocrx_word' id='word_1_623' title='bbox 2774 3695 3047 3768; x_wconf 82' lang='grc' dir='ltr'><strong>λαμπρῶς</strong></span> <span class='ocrx_word' id='word_1_624' title='bbox 3093 3694 3203 3748; x_wconf 86' lang='grc' dir='ltr'><strong>τῶν</strong></span> <span class='ocrx_word' id='word_1_625' title='bbox 3225 3693 3600 3763; x_wconf 83' lang='grc' dir='ltr'><strong>Εὑαγγελίων,</strong></span> <span class='ocrx_word' id='word_1_626' title='bbox 3625 3693 3741 3746; x_wconf 78' lang='grc' dir='ltr'><strong>ὅθεν</strong></span> 
     </span>
    </p>
   </div>
   <div class='ocr_carea' id='block_1_84' title="bbox 2159 3782 3740 3864">
    <p class='ocr_par' dir='ltr' id='par_1_84' title="bbox 2159 3782 3740 3864">
     <span class='ocr_line' id='line_1_84' title="bbox 2159 3782 3740 3864; baseline -0.006 -18"><span class='ocrx_word' id='word_1_627' title='bbox 2159 3789 2374 3864; x_wconf 80' lang='grc' dir='ltr'><strong>ἐρῤάγη</strong></span> <span class='ocrx_word' id='word_1_628' title='bbox 2418 3790 2514 3844; x_wconf 76' lang='grc' dir='ltr'><strong>καὶ</strong></span> <span class='ocrx_word' id='word_1_629' title='bbox 2553 3787 2830 3859; x_wconf 82' lang='grc' dir='ltr'><strong>προῆλθε,</strong></span> <span class='ocrx_word' id='word_1_630' title='bbox 2876 3785 3278 3856; x_wconf 84' lang='grc' dir='ltr'><strong>κηρυττόντων,</strong></span> <span class='ocrx_word' id='word_1_631' title='bbox 3318 3784 3379 3838; x_wconf 82' lang='grc' dir='ltr'><strong>τὸ</strong></span> <span class='ocrx_word' id='word_1_632' title='bbox 3425 3782 3740 3856; x_wconf 89' lang='grc' dir='ltr'><strong>τηλικοῦτον</strong></span> 
     </span>
    </p>
   </div>
   <div class='ocr_carea' id='block_1_85' title="bbox 2159 3875 3742 3954">
    <p class='ocr_par' dir='ltr' id='par_1_85' title="bbox 2159 3875 3742 3954">
     <span class='ocr_line' id='line_1_85' title="bbox 2159 3875 3742 3954; baseline -0.005 -17"><span class='ocrx_word' id='word_1_633' title='bbox 2159 3884 2260 3954; x_wconf 82' lang='grc' dir='ltr'><strong>τῆς</strong></span> <span class='ocrx_word' id='word_1_634' title='bbox 2293 3880 2635 3946; x_wconf 88' lang='grc' dir='ltr'><strong>ἀποστασίας</strong></span> <span class='ocrx_word' id='word_1_635' title='bbox 2686 3877 2876 3943; x_wconf 84' lang='grc' dir='ltr'><strong>κακὸν,</strong></span> <span class='ocrx_word' id='word_1_636' title='bbox 2911 3879 3008 3932; x_wconf 73' lang='grc' dir='ltr'><strong>καὶ</strong></span> <span class='ocrx_word' id='word_1_637' title='bbox 3029 3878 3116 3943; x_wconf 91' lang='grc' dir='ltr'><strong>τίς</strong></span> <span class='ocrx_word' id='word_1_638' title='bbox 3155 3879 3184 3931; x_wconf 87' lang='grc' dir='ltr'>ὁ</span> <span class='ocrx_word' id='word_1_639' title='bbox 3213 3878 3527 3950; x_wconf 83' lang='grc' dir='ltr'><strong>ἀρξάμενος</strong></span> <span class='ocrx_word' id='word_1_640' title='bbox 3561 3875 3742 3946; x_wconf 63' lang='lat' dir='ltr'><strong>ilum-:9</strong></span> 
     </span>
    </p>
   </div>
   <div class='ocr_carea' id='block_1_86' title="bbox 2161 3964 3743 4046">
    <p class='ocr_par' dir='ltr' id='par_1_86' title="bbox 2161 3964 3743 4046">
     <span class='ocr_line' id='line_1_86' title="bbox 2161 3964 3743 4046; baseline -0.007 -17"><span class='ocrx_word' id='word_1_641' title='bbox 2161 3974 2426 4046; x_wconf 70' lang='grc' dir='ltr'><strong>μύσαντες</strong></span> <span class='ocrx_word' id='word_1_642' title='bbox 2455 3974 2504 4026; x_wconf 89' lang='grc' dir='ltr'><strong>οἱ</strong></span> <span class='ocrx_word' id='word_1_643' title='bbox 2535 3971 2904 4043; x_wconf 85' lang='grc' dir='ltr'><strong>πλανηθέντες</strong></span> <span class='ocrx_word' id='word_1_644' title='bbox 2923 3970 2994 4024; x_wconf 79' lang='grc' dir='ltr'><strong>τὰ</strong></span> <span class='ocrx_word' id='word_1_645' title='bbox 3028 3964 3165 4033; x_wconf 79' lang='grc' dir='ltr'><strong>ὦτα,</strong></span> <span class='ocrx_word' id='word_1_646' title='bbox 3191 3969 3225 4040; x_wconf 80' lang='grc' dir='ltr'>ἢ</span> <span class='ocrx_word' id='word_1_647' title='bbox 3259 3967 3547 4033; x_wconf 86' lang='grc' dir='ltr'><strong>παντελῶς</strong></span> <span class='ocrx_word' id='word_1_648' title='bbox 3570 3967 3743 4021; x_wconf 84' lang='grc' dir='ltr'><strong>αὐτῶν</strong></span> 
     </span>
    </p>
   </div>
   <div class='ocr_carea' id='block_1_87' title="bbox 2160 4059 3746 4137">
    <p class='ocr_par' dir='ltr' id='par_1_87' title="bbox 2160 4059 3746 4137">
     <span class='ocr_line' id='line_1_87' title="bbox 2160 4059 3746 4137; baseline -0.006 -17"><span class='ocrx_word' id='word_1_649' title='bbox 2160 4063 2513 4137; x_wconf 83' lang='grc' dir='ltr'><strong>ἀφῃρημένοι</strong></span> <span class='ocrx_word' id='word_1_650' title='bbox 2535 4066 2636 4132; x_wconf 71' lang='grc' dir='ltr'><strong>τὴν</strong></span> <span class='ocrx_word' id='word_1_651' title='bbox 2659 4063 2878 4135; x_wconf 81' lang='grc' dir='ltr'><strong>χρῆσιν,</strong></span> <span class='ocrx_word' id='word_1_652' title='bbox 2912 4062 3014 4115; x_wconf 83' lang='grc' dir='ltr'><strong>οὐκ</strong></span> <span class='ocrx_word' id='word_1_653' title='bbox 3042 4061 3289 4116; x_wconf 81' lang='grc' dir='ltr'><strong>ἐθέλουσι</strong></span> <span class='ocrx_word' id='word_1_654' title='bbox 3323 4059 3583 4126; x_wconf 79' lang='grc' dir='ltr'><strong>συνιδεῖν,</strong></span> <span class='ocrx_word' id='word_1_655' title='bbox 3607 4059 3746 4120; x_wconf 87' lang='grc' dir='ltr'><strong>τίνος</strong></span> 
     </span>
    </p>
   </div>
   <div class='ocr_carea' id='block_1_88' title="bbox 2161 4149 3746 4223">
    <p class='ocr_par' dir='ltr' id='par_1_88' title="bbox 2161 4149 3746 4223">
     <span class='ocr_line' id='line_1_88' title="bbox 2161 4149 3746 4223; baseline -0.008 -11"><span class='ocrx_word' id='word_1_656' title='bbox 2161 4158 2392 4219; x_wconf 78' lang='grc' dir='ltr'><strong>ἑαυτοὺς</strong></span> <span class='ocrx_word' id='word_1_657' title='bbox 2411 4153 2629 4208; x_wconf 91' lang='grc' dir='ltr'><strong>ποιοῦσι</strong></span> <span class='ocrx_word' id='word_1_658' title='bbox 2667 4151 2939 4223; x_wconf 83' lang='grc' dir='ltr'><strong>μαθητὰς,</strong></span> <span class='ocrx_word' id='word_1_659' title='bbox 2971 4151 3068 4204; x_wconf 72' lang='grc' dir='ltr'><strong>καὶ</strong></span> <span class='ocrx_word' id='word_1_660' title='bbox 3096 4150 3243 4214; x_wconf 89' lang='grc' dir='ltr'><strong>τίνος</strong></span> <span class='ocrx_word' id='word_1_661' title='bbox 3280 4149 3615 4205; x_wconf 86' lang='grc' dir='ltr'><strong>οἰκειοῦνται</strong></span> <span class='ocrx_word' id='word_1_662' title='bbox 3657 4149 3746 4200; x_wconf 83' lang='grc' dir='ltr'><strong>καὶ</strong></span> 
     </span>
    </p>
   </div>
   <div class='ocr_carea' id='block_1_89' title="bbox 2162 4238 3742 4315">
    <p class='ocr_par' dir='ltr' id='par_1_89' title="bbox 2162 4238 3742 4315">
     <span class='ocr_line' id='line_1_89' title="bbox 2162 4238 3742 4315; baseline -0.006 -11"><span class='ocrx_word' id='word_1_663' title='bbox 2162 4247 2570 4304; x_wconf 80' lang='grc' dir='ltr'><strong>ὑποϐάλλονται</strong></span> <span class='ocrx_word' id='word_1_664' title='bbox 2602 4245 2808 4315; x_wconf 85' lang='grc' dir='ltr'><strong>φωνάς.</strong></span> <span class='ocrx_word' id='word_1_665' title='bbox 2832 4243 2948 4298; x_wconf 86' lang='lat' dir='ltr'><strong>Kal</strong></span> <span class='ocrx_word' id='word_1_666' title='bbox 2975 4238 3147 4297; x_wconf 63' lang='lat' dir='ltr'><strong>aliter</strong></span> <span class='ocrx_word' id='word_1_667' title='bbox 3187 4241 3349 4307; x_wconf 84' lang='grc' dir='ltr'><strong>αὐτῷ</strong></span> <span class='ocrx_word' id='word_1_668' title='bbox 3377 4245 3411 4297; x_wconf 85' lang='grc' dir='ltr'><strong>ό</strong></span> <span class='ocrx_word' id='word_1_669' title='bbox 3443 4241 3742 4304; x_wconf 72' lang='grc' dir='ltr'><strong>διάϐολος-⁸</strong></span> 
     </span>
    </p>
   </div>
   <div class='ocr_carea' id='block_1_90' title="bbox 2163 4332 3746 4407">
    <p class='ocr_par' dir='ltr' id='par_1_90' title="bbox 2163 4332 3746 4407">
     <span class='ocr_line' id='line_1_90' title="bbox 2163 4332 3746 4407; baseline -0.007 -10"><span class='ocrx_word' id='word_1_670' title='bbox 2163 4341 2265 4397; x_wconf 85' lang='grc' dir='ltr'><strong>Σοί</strong></span> <span class='ocrx_word' id='word_1_671' title='bbox 2281 4340 2455 4404; x_wconf 84' lang='grc' dir='ltr'><strong>δώσῳ</strong></span> <span class='ocrx_word' id='word_1_672' title='bbox 2475 4338 2591 4407; x_wconf 79' lang='grc' dir='ltr'><strong>τὴν</strong></span> <span class='ocrx_word' id='word_1_673' title='bbox 2618 4335 2910 4402; x_wconf 71' lang='grc' dir='ltr'><strong>ἐξουσίαν</strong></span> <span class='ocrx_word' id='word_1_674' title='bbox 2955 4337 3181 4403; x_wconf 75' lang='grc' dir='ltr'><strong>ταύτην</strong></span> <span class='ocrx_word' id='word_1_675' title='bbox 3211 4334 3482 4399; x_wconf 74' lang='grc' dir='ltr'><strong>ἅπασαν,</strong></span> <span class='ocrx_word' id='word_1_676' title='bbox 3509 4333 3609 4388; x_wconf 82' lang='grc' dir='ltr'><strong>καί</strong></span> <span class='ocrx_word' id='word_1_677' title='bbox 3637 4332 3746 4398; x_wconf 77' lang='grc' dir='ltr'><strong>τὴν</strong></span> 
     </span>
    </p>
   </div>
   <div class='ocr_carea' id='block_1_91' title="bbox 2163 4418 3748 4498">
    <p class='ocr_par' dir='ltr' id='par_1_91' title="bbox 2163 4418 3748 4498">
     <span class='ocr_line' id='line_1_91' title="bbox 2163 4418 3748 4498; baseline -0.005 -13"><span class='ocrx_word' id='word_1_678' title='bbox 2163 4431 2354 4496; x_wconf 77' lang='grc' dir='ltr'><strong>δόξαν</strong></span> <span class='ocrx_word' id='word_1_679' title='bbox 2397 4428 2619 4496; x_wconf 78' lang='grc' dir='ltr'><strong>αὐτῶν,</strong></span> <span class='ocrx_word' id='word_1_680' title='bbox 2655 4428 2746 4482; x_wconf 82' lang='grc' dir='ltr'><strong>ὅτι</strong></span> <span class='ocrx_word' id='word_1_681' title='bbox 2791 4427 2924 4498; x_wconf 74' lang='grc' dir='ltr'><strong>ἐμοὶ</strong></span> <span class='ocrx_word' id='word_1_682' title='bbox 2962 4425 3384 4495; x_wconf 79' lang='grc' dir='ltr'><strong>παραδέδοται,</strong></span> <span class='ocrx_word' id='word_1_683' title='bbox 3415 4425 3517 4479; x_wconf 80' lang='grc' dir='ltr'><strong>καί</strong></span> <span class='ocrx_word' id='word_1_684' title='bbox 3559 4418 3609 4493; x_wconf 84' lang='grc' dir='ltr'>ᾧ</span> <span class='ocrx_word' id='word_1_685' title='bbox 3643 4424 3748 4479; x_wconf 77' lang='grc' dir='ltr'><strong>ἐὰν</strong></span> 
     </span>
    </p>
   </div>
   <div class='ocr_carea' id='block_1_92' title="bbox 421 4502 2045 4597">
    <p class='ocr_par' dir='ltr' id='par_1_92' title="bbox 421 4509 2045 4597">
     <span class='ocr_line' id='line_1_92' title="bbox 421 4509 2045 4597; baseline -0.004 -29"><span class='ocrx_word' id='word_1_686' title='bbox 421 4593 425 4597; x_wconf 21' lang='grc'><strong>1</strong></span> <span class='ocrx_word' id='word_1_687' title='bbox 478 4513 825 4583; x_wconf 87' lang='lat' dir='ltr'><strong>inopinatum</strong></span> <span class='ocrx_word' id='word_1_688' title='bbox 860 4510 1088 4582; x_wconf 90' lang='lat' dir='ltr'><strong>conjicit</strong></span> <span class='ocrx_word' id='word_1_689' title='bbox 1111 4523 1235 4566; x_wconf 84' lang='lat' dir='ltr'><strong>:me</strong></span> <span class='ocrx_word' id='word_1_690' title='bbox 1266 4524 1398 4565; x_wconf 91' lang='lat' dir='ltr'><strong>vero</strong></span> <span class='ocrx_word' id='word_1_691' title='bbox 1415 4509 1587 4565; x_wconf 88' lang='lat' dir='ltr'><strong>multo</strong></span> <span class='ocrx_word' id='word_1_692' title='bbox 1608 4509 1779 4580; x_wconf 89' lang='lat' dir='ltr'><strong>magis</strong></span> <span class='ocrx_word' id='word_1_693' title='bbox 1812 4509 2045 4581; x_wconf 78' lang='lat' dir='ltr'><strong>percelli:</strong></span> 
     </span>
    </p>
   </div>
   <div class='ocr_carea' id='block_1_93' title="bbox 2150 4502 3748 4597">
    <p class='ocr_par' dir='ltr' id='par_1_93' title="bbox 2165 4515 3748 4597">
     <span class='ocr_line' id='line_1_93' title="bbox 2165 4515 3748 4597; baseline -0.006 -21"><span class='ocrx_word' id='word_1_694' title='bbox 2165 4520 2338 4584; x_wconf 87' lang='grc' dir='ltr'><strong>θέλω,</strong></span> <span class='ocrx_word' id='word_1_695' title='bbox 2375 4520 2585 4590; x_wconf 85' lang='grc' dir='ltr'><strong>διδωμι</strong></span> <span class='ocrx_word' id='word_1_696' title='bbox 2625 4518 2842 4584; x_wconf 79' lang='grc' dir='ltr'><strong>αὐτήν.</strong></span> <span class='ocrx_word' id='word_1_697' title='bbox 2887 4517 3276 4597; x_wconf 75' lang='grc' dir='ltr'><strong>Καταπλήττει</strong></span> <span class='ocrx_word' id='word_1_698' title='bbox 3325 4533 3387 4569; x_wconf 89' lang='grc' dir='ltr'><strong>σε</strong></span> <span class='ocrx_word' id='word_1_699' title='bbox 3439 4516 3501 4570; x_wconf 76' lang='grc' dir='ltr'><strong>τὸ</strong></span> <span class='ocrx_word' id='word_1_700' title='bbox 3551 4515 3748 4587; x_wconf 77' lang='grc' dir='ltr'><strong>θρᾴισος</strong></span> 
     </span>
    </p>
   </div>
   <div class='ocr_carea' id='block_1_94' title="bbox 487 4589 2045 4683">
    <p class='ocr_par' dir='ltr' id='par_1_94' title="bbox 487 4599 2045 4674">
     <span class='ocr_line' id='line_1_94' title="bbox 487 4599 2045 4674; baseline -0.003 -15"><span class='ocrx_word' id='word_1_701' title='bbox 487 4604 856 4674; x_wconf 87' lang='lat' dir='ltr'><strong>pessimorum</strong></span> <span class='ocrx_word' id='word_1_702' title='bbox 901 4601 1125 4671; x_wconf 89' lang='lat' dir='ltr'><strong>pessimi</strong></span> <span class='ocrx_word' id='word_1_703' title='bbox 1148 4599 1393 4671; x_wconf 83' lang='lat' dir='ltr'><strong>magistri</strong></span> <span class='ocrx_word' id='word_1_704' title='bbox 1430 4599 1846 4670; x_wconf 87' lang='lat' dir='ltr'><strong>discipulorum,</strong></span> <span class='ocrx_word' id='word_1_705' title='bbox 1869 4614 2045 4670; x_wconf 85' lang='lat' dir='ltr'><strong>praece</strong></span> 
     </span>
    </p>
   </div>
   <div class='ocr_carea' id='block_1_95' title="bbox 2150 4589 3751 4683">
    <p class='ocr_par' dir='ltr' id='par_1_95' title="bbox 2165 4589 3751 4683">
     <span class='ocr_line' id='line_1_95' title="bbox 2165 4589 3751 4683; baseline -0.004 -19"><span class='ocrx_word' id='word_1_706' title='bbox 2165 4609 2262 4664; x_wconf 89' lang='grc' dir='ltr'><strong>τοῦ</strong></span> <span class='ocrx_word' id='word_1_707' title='bbox 2283 4589 2538 4680; x_wconf 79' lang='grc' dir='ltr'><strong>ψεύδους,</strong></span> <span class='ocrx_word' id='word_1_708' title='bbox 2555 4604 2602 4664; x_wconf 81' lang='grc' dir='ltr'><strong>ῶ</strong></span> <span class='ocrx_word' id='word_1_709' title='bbox 2623 4609 2876 4678; x_wconf 79' lang='grc' dir='ltr'><strong>φιλόθεον</strong></span> <span class='ocrx_word' id='word_1_710' title='bbox 2903 4610 3131 4683; x_wconf 90' lang='grc' dir='ltr'><strong>θέατρον</strong></span> <span class='ocrx_word' id='word_1_711' title='bbox 3158 4589 3297 4678; x_wconf 52' lang='grc'><strong>(³14),</strong></span> <span class='ocrx_word' id='word_1_712' title='bbox 3316 4608 3412 4662; x_wconf 74' lang='grc' dir='ltr'><strong>καὶ</strong></span> <span class='ocrx_word' id='word_1_713' title='bbox 3442 4610 3525 4670; x_wconf 86' lang='grc' dir='ltr'><strong>εἰς</strong></span> <span class='ocrx_word' id='word_1_714' title='bbox 3546 4607 3751 4678; x_wconf 76' lang='grc' dir='ltr'><strong>θάμϐος</strong></span> 
     </span>
    </p>
   </div>
   <div class='ocr_carea' id='block_1_96' title="bbox 478 4688 2065 4764">
    <p class='ocr_par' dir='ltr' id='par_1_96' title="bbox 478 4688 2065 4764">
     <span class='ocr_line' id='line_1_96' title="bbox 478 4688 2065 4764; baseline -0.003 -14"><span class='ocrx_word' id='word_1_715' title='bbox 478 4704 690 4764; x_wconf 89' lang='lat' dir='ltr'><strong>ptorem</strong></span> <span class='ocrx_word' id='word_1_716' title='bbox 720 4706 882 4748; x_wconf 90' lang='lat' dir='ltr'><strong>suum</strong></span> <span class='ocrx_word' id='word_1_717' title='bbox 910 4689 1209 4762; x_wconf 91' lang='lat' dir='ltr'><strong>superandi</strong></span> <span class='ocrx_word' id='word_1_718' title='bbox 1225 4688 1491 4744; x_wconf 88' lang='lat' dir='ltr'><strong>studium.</strong></span> <span class='ocrx_word' id='word_1_719' title='bbox 1514 4689 1611 4744; x_wconf 86' lang='lat' dir='ltr'><strong>Ille</strong></span> <span class='ocrx_word' id='word_1_720' title='bbox 1638 4690 2065 4761; x_wconf 88' lang='lat' dir='ltr'><strong>enim,alioquin</strong></span> 
     </span>
    </p>
   </div>
   <div class='ocr_carea' id='block_1_97' title="bbox 479 4781 2064 4854">
    <p class='ocr_par' dir='ltr' id='par_1_97' title="bbox 479 4781 2064 4854">
     <span class='ocr_line' id='line_1_97' title="bbox 479 4781 2064 4854; baseline 0.001 -16"><span class='ocrx_word' id='word_1_721' title='bbox 479 4801 578 4854; x_wconf 90' lang='lat' dir='ltr'><strong>per</strong></span> <span class='ocrx_word' id='word_1_722' title='bbox 610 4785 796 4839; x_wconf 91' lang='lat' dir='ltr'><strong>omnia</strong></span> <span class='ocrx_word' id='word_1_723' title='bbox 827 4783 1004 4838; x_wconf 80' lang='lat' dir='ltr'><strong>audax</strong></span> <span class='ocrx_word' id='word_1_724' title='bbox 1031 4823 1047 4850; x_wconf 96' lang='lat'><strong>,</strong></span> <span class='ocrx_word' id='word_1_725' title='bbox 1084 4791 1143 4836; x_wconf 91' lang='lat' dir='ltr'><strong>et</strong></span> <span class='ocrx_word' id='word_1_726' title='bbox 1164 4781 1480 4851; x_wconf 88' lang='lat' dir='ltr'><strong>impudens,</strong></span> <span class='ocrx_word' id='word_1_727' title='bbox 1511 4789 1567 4836; x_wconf 91' lang='lat' dir='ltr'><strong>et</strong></span> <span class='ocrx_word' id='word_1_728' title='bbox 1589 4781 1855 4846; x_wconf 79' lang='lat' dir='ltr'><strong>mendax,</strong></span> <span class='ocrx_word' id='word_1_729' title='bbox 1894 4794 1950 4838; x_wconf 90' lang='lat' dir='ltr'><strong>et</strong></span> <span class='ocrx_word' id='word_1_730' title='bbox 1981 4791 2064 4839; x_wconf 87' lang='lat' dir='ltr'><strong>te-</strong></span> 
     </span>
    </p>
   </div>
   <div class='ocr_carea' id='block_1_98' title="bbox 480 4873 2067 4946">
    <p class='ocr_par' dir='ltr' id='par_1_98' title="bbox 480 4873 2067 4946">
     <span class='ocr_line' id='line_1_98' title="bbox 480 4873 2067 4946; baseline 0.001 -16"><span class='ocrx_word' id='word_1_731' title='bbox 480 4877 782 4941; x_wconf 88' lang='lat' dir='ltr'><strong>merarius,</strong></span> <span class='ocrx_word' id='word_1_732' title='bbox 805 4875 1064 4946; x_wconf 65' lang='lat' dir='ltr'><strong>praedicat</strong></span> <span class='ocrx_word' id='word_1_733' title='bbox 1103 4883 1284 4928; x_wconf 88' lang='lat' dir='ltr'><strong>tamen</strong></span> <span class='ocrx_word' id='word_1_734' title='bbox 1316 4887 1376 4928; x_wconf 88' lang='lat' dir='ltr'><strong>se</strong></span> <span class='ocrx_word' id='word_1_735' title='bbox 1405 4873 1474 4928; x_wconf 89' lang='lat' dir='ltr'><strong>ab</strong></span> <span class='ocrx_word' id='word_1_736' title='bbox 1499 4873 1606 4928; x_wconf 88' lang='lat' dir='ltr'><strong>alio</strong></span> <span class='ocrx_word' id='word_1_737' title='bbox 1633 4873 1801 4928; x_wconf 87' lang='lat' dir='ltr'><strong>dante</strong></span> <span class='ocrx_word' id='word_1_738' title='bbox 1837 4890 2067 4945; x_wconf 85' lang='lat' dir='ltr'><strong>regnum</strong></span> 
     </span>
    </p>
   </div>
   <div class='ocr_carea' id='block_1_99' title="bbox 2166 4699 3748 4782">
    <p class='ocr_par' dir='ltr' id='par_1_99' title="bbox 2166 4699 3748 4782">
     <span class='ocr_line' id='line_1_99' title="bbox 2166 4699 3748 4782; baseline -0.004 -26"><span class='ocrx_word' id='word_1_739' title='bbox 2166 4702 2406 4770; x_wconf 80' lang='grc' dir='ltr'><strong>ἐξαίσιον</strong></span> <span class='ocrx_word' id='word_1_740' title='bbox 2449 4702 2660 4782; x_wconf 80' lang='grc' dir='ltr'><strong>ἀπάγει</strong></span> <span class='ocrx_word' id='word_1_741' title='bbox 2710 4702 2815 4772; x_wconf 82' lang='grc' dir='ltr'><strong>τῆς</strong></span> <span class='ocrx_word' id='word_1_742' title='bbox 2863 4699 3186 4764; x_wconf 86' lang='grc' dir='ltr'><strong>ἀλαζονείας</strong></span> <span class='ocrx_word' id='word_1_743' title='bbox 3216 4701 3281 4753; x_wconf 81' lang='grc' dir='ltr'><strong>τὸ</strong></span> <span class='ocrx_word' id='word_1_744' title='bbox 3335 4700 3570 4771; x_wconf 85' lang='grc' dir='ltr'><strong>μέγεθος</strong></span> <span class='ocrx_word' id='word_1_745' title='bbox 3599 4717 3612 4729; x_wconf 73' lang='grc' dir='ltr'><strong>ο</strong></span> <span class='ocrx_word' id='word_1_746' title='bbox 3651 4699 3748 4768; x_wconf 79' lang='grc' dir='ltr'><strong>ἐμὲ</strong></span> 
     </span>
    </p>
   </div>
   <div class='ocr_carea' id='block_1_100' title="bbox 2162 4789 3754 4864">
    <p class='ocr_par' dir='ltr' id='par_1_100' title="bbox 2162 4789 3754 4864">
     <span class='ocr_line' id='line_1_100' title="bbox 2162 4789 3754 4864; baseline -0.005 -15"><span class='ocrx_word' id='word_1_747' title='bbox 2162 4795 2220 4849; x_wconf 77' lang='grc' dir='ltr'><strong>δὲ</strong></span> <span class='ocrx_word' id='word_1_748' title='bbox 2249 4794 2451 4864; x_wconf 81' lang='grc' dir='ltr'><strong>μᾶλλον</strong></span> <span class='ocrx_word' id='word_1_749' title='bbox 2484 4793 2577 4848; x_wconf 88' lang='grc' dir='ltr'><strong>τοῦ</strong></span> <span class='ocrx_word' id='word_1_750' title='bbox 2612 4793 2787 4848; x_wconf 89' lang='grc' dir='ltr'><strong>κακοῦ</strong></span> <span class='ocrx_word' id='word_1_751' title='bbox 2824 4791 3147 4846; x_wconf 88' lang='grc' dir='ltr'><strong>διδασκάλου</strong></span> <span class='ocrx_word' id='word_1_752' title='bbox 3181 4790 3292 4844; x_wconf 83' lang='grc' dir='ltr'><strong>τῶν</strong></span> <span class='ocrx_word' id='word_1_753' title='bbox 3331 4791 3520 4845; x_wconf 85' lang='grc' dir='ltr'><strong>κακῶν</strong></span> <span class='ocrx_word' id='word_1_754' title='bbox 3582 4789 3754 4860; x_wconf 70' lang='grc' dir='ltr'><strong>μαθηο</strong></span> 
     </span>
    </p>
   </div>
   <div class='ocr_carea' id='block_1_101' title="bbox 2163 4882 3754 4958">
    <p class='ocr_par' dir='ltr' id='par_1_101' title="bbox 2163 4882 3754 4958">
     <span class='ocr_line' id='line_1_101' title="bbox 2163 4882 3754 4958; baseline -0.006 -18"><span class='ocrx_word' id='word_1_755' title='bbox 2163 4888 2273 4940; x_wconf 84' lang='grc' dir='ltr'><strong>τῶν</strong></span> <span class='ocrx_word' id='word_1_756' title='bbox 2297 4888 2331 4958; x_wconf 84' lang='grc' dir='ltr'><strong>ἡ</strong></span> <span class='ocrx_word' id='word_1_757' title='bbox 2369 4885 2599 4957; x_wconf 83' lang='grc' dir='ltr'><strong>σπουδὴ,</strong></span> <span class='ocrx_word' id='word_1_758' title='bbox 2631 4888 2724 4940; x_wconf 82' lang='grc' dir='ltr'><strong>καὶ</strong></span> <span class='ocrx_word' id='word_1_759' title='bbox 2752 4883 2836 4950; x_wconf 78' lang='grc' dir='ltr'><strong>οἷς</strong></span> <span class='ocrx_word' id='word_1_760' title='bbox 2865 4887 2959 4942; x_wconf 79' lang='grc' dir='ltr'><strong>τὸν</strong></span> <span class='ocrx_word' id='word_1_761' title='bbox 2981 4883 3302 4940; x_wconf 88' lang='grc' dir='ltr'><strong>διδάσκαλον</strong></span> <span class='ocrx_word' id='word_1_762' title='bbox 3342 4882 3754 4953; x_wconf 82' lang='grc' dir='ltr'><strong>ἐφιλονείκησαν</strong></span> 
     </span>
    </p>
   </div>
   <div class='ocr_carea' id='block_1_102' title="bbox 483 4965 2045 5054">
    <p class='ocr_par' dir='ltr' id='par_1_102' title="bbox 483 4965 2045 5034">
     <span class='ocr_line' id='line_1_102' title="bbox 483 4965 2045 5034; baseline 0.002 -13"><span class='ocrx_word' id='word_1_763' title='bbox 483 4969 538 5021; x_wconf 93' lang='lat' dir='ltr'><strong>in</strong></span> <span class='ocrx_word' id='word_1_764' title='bbox 573 4977 719 5022; x_wconf 90' lang='lat' dir='ltr'><strong>terra</strong></span> <span class='ocrx_word' id='word_1_765' title='bbox 760 4977 983 5021; x_wconf 89' lang='lat' dir='ltr'><strong>nactum</strong></span> <span class='ocrx_word' id='word_1_766' title='bbox 1015 4981 1159 5022; x_wconf 86' lang='lat' dir='ltr'><strong>esse.</strong></span> <span class='ocrx_word' id='word_1_767' title='bbox 1192 4965 1324 5020; x_wconf 79' lang='lat' dir='ltr'><strong>Mihi</strong></span> <span class='ocrx_word' id='word_1_768' title='bbox 1358 4965 1538 5030; x_wconf 89' lang='lat' dir='ltr'><strong>enim,</strong></span> <span class='ocrx_word' id='word_1_769' title='bbox 1572 4965 1777 5034; x_wconf 84' lang='lat' dir='ltr'><strong>inquit,</strong></span> <span class='ocrx_word' id='word_1_770' title='bbox 1819 4966 1908 5022; x_wconf 91' lang='lat' dir='ltr'><strong>iIIa</strong></span> <span class='ocrx_word' id='word_1_771' title='bbox 1941 4968 2045 5025; x_wconf 87' lang='lat' dir='ltr'><strong>dat:</strong></span> 
     </span>
    </p>
   </div>
   <div class='ocr_carea' id='block_1_103' title="bbox 2150 4965 3754 5054">
    <p class='ocr_par' dir='ltr' id='par_1_103' title="bbox 2166 4974 3754 5054">
     <span class='ocr_line' id='line_1_103' title="bbox 2166 4974 3754 5054; baseline -0.006 -20"><span class='ocrx_word' id='word_1_772' title='bbox 2166 4980 2626 5051; x_wconf 77' lang='grc' dir='ltr'><strong>ὑπερϐάλλεσθαι.</strong></span> <span class='ocrx_word' id='word_1_773' title='bbox 2674 4981 2734 5034; x_wconf 89' lang='lat'><strong>&#39;0</strong></span> <span class='ocrx_word' id='word_1_774' title='bbox 2776 4981 2875 5051; x_wconf 84' lang='grc' dir='ltr'><strong>μὲν</strong></span> <span class='ocrx_word' id='word_1_775' title='bbox 2905 4981 3038 5054; x_wconf 85' lang='grc' dir='ltr'><strong>γὰρ,</strong></span> <span class='ocrx_word' id='word_1_776' title='bbox 3066 4980 3250 5034; x_wconf 86' lang='grc' dir='ltr'><strong>καίτοι</strong></span> <span class='ocrx_word' id='word_1_777' title='bbox 3279 4977 3458 5038; x_wconf 81' lang='grc' dir='ltr'><strong>πάντα</strong></span> <span class='ocrx_word' id='word_1_778' title='bbox 3486 4974 3754 5045; x_wconf 71' lang='grc' dir='ltr'><strong>τολμηρὸς</strong></span> 
     </span>
    </p>
   </div>
   <div class='ocr_carea' id='block_1_104' title="bbox 482 5062 2068 5132">
    <p class='ocr_par' dir='ltr' id='par_1_104' title="bbox 482 5062 2068 5132">
     <span class='ocr_line' id='line_1_104' title="bbox 482 5062 2068 5132; baseline 0.004 -16"><span class='ocrx_word' id='word_1_779' title='bbox 482 5072 647 5128; x_wconf 82' lang='lat' dir='ltr'><strong>sunt;</strong></span> <span class='ocrx_word' id='word_1_780' title='bbox 677 5077 788 5116; x_wconf 91' lang='lat' dir='ltr'><strong>non</strong></span> <span class='ocrx_word' id='word_1_781' title='bbox 818 5077 981 5117; x_wconf 86' lang='lat' dir='ltr'><strong>vero:</strong></span> <span class='ocrx_word' id='word_1_782' title='bbox 1008 5077 1109 5132; x_wconf 87' lang='lat' dir='ltr'><strong>ego</strong></span> <span class='ocrx_word' id='word_1_783' title='bbox 1137 5062 1256 5116; x_wconf 73' lang='lat' dir='ltr'><strong>haec</strong></span> <span class='ocrx_word' id='word_1_784' title='bbox 1279 5076 1346 5116; x_wconf 82' lang='lat' dir='ltr'><strong>ex</strong></span> <span class='ocrx_word' id='word_1_785' title='bbox 1372 5077 1482 5117; x_wconf 91' lang='lat' dir='ltr'><strong>non</strong></span> <span class='ocrx_word' id='word_1_786' title='bbox 1517 5062 1910 5120; x_wconf 76' lang='lat' dir='ltr'><strong>exsistentibus</strong></span> <span class='ocrx_word' id='word_1_787' title='bbox 1937 5081 2068 5122; x_wconf 90' lang='lat' dir='ltr'><strong>con-</strong></span> 
     </span>
    </p>
   </div>
   <div class='ocr_carea' id='block_1_105' title="bbox 2165 5066 3758 5144">
    <p class='ocr_par' dir='ltr' id='par_1_105' title="bbox 2165 5066 3758 5144">
     <span class='ocr_line' id='line_1_105' title="bbox 2165 5066 3758 5144; baseline -0.003 -19"><span class='ocrx_word' id='word_1_788' title='bbox 2165 5073 2261 5126; x_wconf 70' lang='lat' dir='ltr'><strong>xai.</strong></span> <span class='ocrx_word' id='word_1_789' title='bbox 2282 5072 2641 5143; x_wconf 84' lang='grc' dir='ltr'><strong>ἀναίσχυντος</strong></span> <span class='ocrx_word' id='word_1_790' title='bbox 2673 5072 2770 5127; x_wconf 78' lang='grc' dir='ltr'><strong>καὶ</strong></span> <span class='ocrx_word' id='word_1_791' title='bbox 2790 5071 3030 5144; x_wconf 83' lang='grc' dir='ltr'><strong>ψεύστης</strong></span> <span class='ocrx_word' id='word_1_792' title='bbox 3045 5071 3141 5125; x_wconf 78' lang='grc' dir='ltr'><strong>καὶ</strong></span> <span class='ocrx_word' id='word_1_793' title='bbox 3166 5069 3374 5140; x_wconf 84' lang='grc' dir='ltr'><strong>θρασὺς</strong></span> <span class='ocrx_word' id='word_1_794' title='bbox 3389 5069 3650 5137; x_wconf 83' lang='grc' dir='ltr'><strong>ὣν,δμως</strong></span> <span class='ocrx_word' id='word_1_795' title='bbox 3666 5066 3758 5121; x_wconf 80' lang='grc' dir='ltr'><strong>ἄλ-</strong></span> 
     </span>
    </p>
   </div>
   <div class='ocr_carea' id='block_1_106' title="bbox 482 5153 3760 5248">
    <p class='ocr_par' dir='ltr' id='par_1_106' title="bbox 482 5153 3760 5248">
     <span class='ocr_line' id='line_1_106' title="bbox 482 5153 3760 5248; baseline -0.005 -21"><span class='ocrx_word' id='word_1_796' title='bbox 482 5155 616 5209; x_wconf 66' lang='grc' dir='ltr'><strong>(Ῑίίιίο</strong></span> <span class='ocrx_word' id='word_1_797' title='bbox 672 5153 758 5248; x_wconf 41' lang='grc' dir='ltr'><strong>Αι.</strong></span> <span class='ocrx_word' id='word_1_798' title='bbox 788 5153 1014 5225; x_wconf 68' lang='grc' dir='ltr'><strong>εθιιυίιιί</strong></span> <span class='ocrx_word' id='word_1_799' title='bbox 1061 5153 1137 5207; x_wconf 70' lang='lat' dir='ltr'><strong>mi</strong></span> <span class='ocrx_word' id='word_1_800' title='bbox 1191 5161 1248 5208; x_wconf 67' lang='grc' dir='ltr'><strong>ει</strong></span> <span class='ocrx_word' id='word_1_801' title='bbox 1294 5163 1632 5224; x_wconf 59' lang='grc' dir='ltr'><strong>Ρτπεθβῑοτθ</strong></span> <span class='ocrx_word' id='word_1_802' title='bbox 1692 5171 1793 5211; x_wconf 76' lang='grc'><strong>5110</strong></span> <span class='ocrx_word' id='word_1_803' title='bbox 1851 5161 2070 5231; x_wconf 80' lang='lat' dir='ltr'><strong>pejores</strong></span> <span class='ocrx_word' id='word_1_804' title='bbox 2167 5165 2261 5220; x_wconf 87' lang='grc' dir='ltr'><strong>λου</strong></span> <span class='ocrx_word' id='word_1_805' title='bbox 2276 5164 2459 5229; x_wconf 88' lang='grc' dir='ltr'><strong>δόντος</strong></span> <span class='ocrx_word' id='word_1_806' title='bbox 2482 5163 2670 5220; x_wconf 82' lang='grc' dir='ltr'><strong>λαϐεῖν</strong></span> <span class='ocrx_word' id='word_1_807' title='bbox 2682 5165 2780 5236; x_wconf 80' lang='grc' dir='ltr'><strong>τὴν</strong></span> <span class='ocrx_word' id='word_1_808' title='bbox 2803 5164 3082 5236; x_wconf 84' lang='grc' dir='ltr'><strong>βασιλείαν</strong></span> <span class='ocrx_word' id='word_1_809' title='bbox 3110 5163 3211 5234; x_wconf 83' lang='grc' dir='ltr'><strong>τὴν</strong></span> <span class='ocrx_word' id='word_1_810' title='bbox 3231 5162 3325 5216; x_wconf 68' lang='grc' dir='ltr'><strong>ἐπλ⁸</strong></span> <span class='ocrx_word' id='word_1_811' title='bbox 3341 5161 3443 5234; x_wconf 83' lang='grc' dir='ltr'><strong>γῆς</strong></span> <span class='ocrx_word' id='word_1_812' title='bbox 3469 5157 3760 5231; x_wconf 87' lang='grc' dir='ltr'><strong>τερατεύε-</strong></span> 
     </span>
    </p>
   </div>
   <div class='ocr_carea' id='block_1_107' title="bbox 552 5270 1726 5336">
    <p class='ocr_par' dir='ltr' id='par_1_107' title="bbox 552 5270 1726 5336">
     <span class='ocr_line' id='line_1_107' title="bbox 552 5270 1726 5336; baseline -0.001 -10"><span class='ocrx_word' id='word_1_813' title='bbox 552 5273 594 5304; x_wconf 87' lang='lat'><strong>&#39;”</strong></span> <span class='ocrx_word' id='word_1_814' title='bbox 632 5270 823 5326; x_wconf 72' lang='lat' dir='ltr'><strong>Matth.</strong></span> <span class='ocrx_word' id='word_1_815' title='bbox 857 5286 933 5336; x_wconf 83' lang='lat' dir='ltr'><strong>1v,</strong></span> <span class='ocrx_word' id='word_1_816' title='bbox 955 5271 1007 5327; x_wconf 88' lang='lat'><strong>8.</strong></span> <span class='ocrx_word' id='word_1_817' title='bbox 1089 5270 1292 5326; x_wconf 79' lang='lat' dir='ltr'><strong>&quot;ibid.</strong></span> <span class='ocrx_word' id='word_1_818' title='bbox 1369 5273 1411 5303; x_wconf 80' lang='grc'>⁷⁰</span> <span class='ocrx_word' id='word_1_819' title='bbox 1442 5271 1575 5327; x_wconf 87' lang='lat' dir='ltr'><strong>ibid.</strong></span> <span class='ocrx_word' id='word_1_820' title='bbox 1609 5271 1663 5332; x_wconf 90' lang='grc'><strong>9,</strong></span> <span class='ocrx_word' id='word_1_821' title='bbox 1724 5314 1726 5316; x_wconf 51' lang='grc' dir='ltr'><strong>τ</strong></span> 
     </span>
    </p>
   </div>
   <div class='ocr_carea' id='block_1_108' title="bbox 1597 5405 2668 5472">
    <p class='ocr_par' dir='ltr' id='par_1_108' title="bbox 1597 5405 2668 5472">
     <span class='ocr_line' id='line_1_108' title="bbox 1597 5405 2668 5472; baseline 0.01 -12"><span class='ocrx_word' id='word_1_822' title='bbox 1597 5405 1838 5462; x_wconf 68' lang='grc' dir='ltr'><strong>ἾΑΒΙᾹΕ</strong></span> <span class='ocrx_word' id='word_1_823' title='bbox 1863 5408 2255 5470; x_wconf 83' lang='lat' dir='ltr'><strong>LECTIONES</strong></span> <span class='ocrx_word' id='word_1_824' title='bbox 2302 5413 2393 5468; x_wconf 88' lang='lat' dir='ltr'><strong>ET</strong></span> <span class='ocrx_word' id='word_1_825' title='bbox 2429 5413 2668 5472; x_wconf 69' lang='grc' dir='ltr'>ΝΟΤΕ.</span> 
     </span>
    </p>
   </div>
   <div class='ocr_carea' id='block_1_109' title="bbox 485 5521 2524 5593">
    <p class='ocr_par' dir='ltr' id='par_1_109' title="bbox 485 5521 2524 5593">
     <span class='ocr_line' id='line_1_109' title="bbox 485 5521 2524 5593; baseline 0.002 -15"><span class='ocrx_word' id='word_1_826' title='bbox 485 5523 705 5586; x_wconf 84' lang='lat' dir='ltr'><strong>Juliani,</strong></span> <span class='ocrx_word' id='word_1_827' title='bbox 739 5538 860 5593; x_wconf 62' lang='lat' dir='ltr'><strong>quae</strong></span> <span class='ocrx_word' id='word_1_828' title='bbox 890 5531 1072 5577; x_wconf 82' lang='lat' dir='ltr'><strong>exstat</strong></span> <span class='ocrx_word' id='word_1_829' title='bbox 1125 5523 1182 5576; x_wconf 92' lang='lat' dir='ltr'><strong>in</strong></span> <span class='ocrx_word' id='word_1_830' title='bbox 1206 5521 1396 5593; x_wconf 8' lang='lat' dir='ltr'><strong>pceleb.</strong></span> <span class='ocrx_word' id='word_1_831' title='bbox 1455 5521 1542 5577; x_wconf 83' lang='lat' dir='ltr'><strong>Jo.</strong></span> <span class='ocrx_word' id='word_1_832' title='bbox 1587 5523 1798 5578; x_wconf 63' lang='lat' dir='ltr'><strong>&#39;Allierti</strong></span> <span class='ocrx_word' id='word_1_833' title='bbox 1837 5523 2074 5581; x_wconf 90' lang='lat' dir='ltr'><strong>Fabricii</strong></span> <span class='ocrx_word' id='word_1_834' title='bbox 2173 5528 2274 5583; x_wconf 87' lang='lat' dir='ltr'><strong>tari</strong></span> <span class='ocrx_word' id='word_1_835' title='bbox 2310 5528 2365 5583; x_wconf 91' lang='lat' dir='ltr'><strong>in</strong></span> <span class='ocrx_word' id='word_1_836' title='bbox 2390 5544 2524 5584; x_wconf 90' lang='lat' dir='ltr'><strong>mss.</strong></span> 
     </span>
    </p>
   </div>
   <div class='ocr_carea' id='block_1_110' title="bbox 486 5591 1560 5662">
    <p class='ocr_par' dir='ltr' id='par_1_110' title="bbox 486 5591 1560 5662">
     <span class='ocr_line' id='line_1_110' title="bbox 486 5591 1560 5662; baseline 0.001 -16"><span class='ocrx_word' id='word_1_837' title='bbox 486 5591 808 5648; x_wconf 66' lang='lat' dir='ltr'><strong>Bibliotheca</strong></span> <span class='ocrx_word' id='word_1_838' title='bbox 831 5593 1040 5649; x_wconf 70' lang='lat' dir='ltr'><strong>Grazca.</strong></span> <span class='ocrx_word' id='word_1_839' title='bbox 1067 5593 1176 5646; x_wconf 75' lang='lat' dir='ltr'><strong>vol.</strong></span> <span class='ocrx_word' id='word_1_840' title='bbox 1203 5591 1317 5656; x_wconf 79' lang='lat' dir='ltr'><strong>VII,</strong></span> <span class='ocrx_word' id='word_1_841' title='bbox 1347 5606 1402 5662; x_wconf 88' lang='lat' dir='ltr'><strong>p.</strong></span> <span class='ocrx_word' id='word_1_842' title='bbox 1437 5593 1560 5647; x_wconf 86' lang='lat' dir='ltr'><strong>I66.</strong></span> 
     </span>
    </p>
   </div>
   <div class='ocr_carea' id='block_1_111' title="bbox 559 5662 2071 5744">
    <p class='ocr_par' dir='ltr' id='par_1_111' title="bbox 559 5662 2071 5744">
     <span class='ocr_line' id='line_1_111' title="bbox 559 5662 2071 5744; baseline -0.001 -24"><span class='ocrx_word' id='word_1_843' title='bbox 559 5666 670 5731; x_wconf 72' lang='lat'><strong>(75)</strong></span> <span class='ocrx_word' id='word_1_844' title='bbox 729 5663 1101 5744; x_wconf 63' lang='grc' dir='ltr'><strong>Ιζεριδιδούς.</strong></span> <span class='ocrx_word' id='word_1_845' title='bbox 1165 5662 1476 5744; x_wconf 65' lang='lat' dir='ltr'><strong>Legendum</strong></span> <span class='ocrx_word' id='word_1_846' title='bbox 1530 5672 1668 5744; x_wconf 12' lang='lat' dir='ltr'><strong>putor</strong></span> <span class='ocrx_word' id='word_1_847' title='bbox 1721 5665 2071 5744; x_wconf 62' lang='grc' dir='ltr'><strong>παραδιδούς,</strong></span> 
     </span>
    </p>
   </div>
   <div class='ocr_carea' id='block_1_112' title="bbox 490 5726 3096 5803">
    <p class='ocr_par' dir='ltr' id='par_1_112' title="bbox 490 5726 3096 5803">
     <span class='ocr_line' id='line_1_112' title="bbox 490 5726 3096 5803; baseline 0.004 -20"><span class='ocrx_word' id='word_1_848' title='bbox 490 5726 610 5800; x_wconf 73' lang='lat' dir='ltr'><strong>qua:</strong></span> <span class='ocrx_word' id='word_1_849' title='bbox 636 5726 737 5787; x_wconf 78' lang='lat' dir='ltr'><strong>vox</strong></span> <span class='ocrx_word' id='word_1_850' title='bbox 768 5726 894 5787; x_wconf 80' lang='lat' dir='ltr'><strong>huic</strong></span> <span class='ocrx_word' id='word_1_851' title='bbox 941 5726 1270 5803; x_wconf 72' lang='lat' dir='ltr'><strong>argumento</strong></span> <span class='ocrx_word' id='word_1_852' title='bbox 1284 5726 1708 5803; x_wconf 79' lang='lat' dir='ltr'><strong>accommodata</strong></span> <span class='ocrx_word' id='word_1_853' title='bbox 1743 5726 1846 5791; x_wconf 73' lang='lat' dir='ltr'><strong>esi.</strong></span> <span class='ocrx_word' id='word_1_854' title='bbox 1882 5726 2075 5790; x_wconf 84' lang='lat' dir='ltr'><strong>Solent</strong></span> <span class='ocrx_word' id='word_1_855' title='bbox 2173 5726 2298 5791; x_wconf 75' lang='lat' dir='ltr'><strong>olim</strong></span> <span class='ocrx_word' id='word_1_856' title='bbox 2332 5739 2398 5793; x_wconf 91' lang='lat' dir='ltr'><strong>ad</strong></span> <span class='ocrx_word' id='word_1_857' title='bbox 2430 5726 2716 5796; x_wconf 74' lang='lat' dir='ltr'><strong>audienies</strong></span> <span class='ocrx_word' id='word_1_858' title='bbox 2746 5726 3020 5798; x_wconf 70' lang='lat' dir='ltr'><strong>habitum.</strong></span> <span class='ocrx_word' id='word_1_859' title='bbox 3058 5726 3096 5794; x_wconf 72' lang='lat' dir='ltr'><strong>il</strong></span> 
     </span>
    </p>
   </div>
   <div class='ocr_carea' id='block_1_113' title="bbox 496 5802 2074 5876">
    <p class='ocr_par' dir='ltr' id='par_1_113' title="bbox 496 5802 2074 5876">
     <span class='ocr_line' id='line_1_113' title="bbox 496 5802 2074 5876; baseline 0.003 -21"><span class='ocrx_word' id='word_1_860' title='bbox 496 5813 673 5856; x_wconf 80' lang='lat' dir='ltr'><strong>autem</strong></span> <span class='ocrx_word' id='word_1_861' title='bbox 699 5803 1114 5872; x_wconf 61' lang='lat' dir='ltr'><strong>prmpositiones</strong></span> <span class='ocrx_word' id='word_1_862' title='bbox 1155 5802 1306 5873; x_wconf 83' lang='grc' dir='ltr'><strong>παρὰ</strong></span> <span class='ocrx_word' id='word_1_863' title='bbox 1340 5814 1393 5858; x_wconf 92' lang='lat' dir='ltr'><strong>et</strong></span> <span class='ocrx_word' id='word_1_864' title='bbox 1429 5806 1556 5876; x_wconf 77' lang='grc' dir='ltr'><strong>περὶ</strong></span> <span class='ocrx_word' id='word_1_865' title='bbox 1585 5805 1728 5860; x_wconf 91' lang='lat' dir='ltr'><strong>inter</strong></span> <span class='ocrx_word' id='word_1_866' title='bbox 1767 5821 1824 5862; x_wconf 87' lang='lat' dir='ltr'><strong>se</strong></span> <span class='ocrx_word' id='word_1_867' title='bbox 1853 5822 2074 5876; x_wconf 85' lang='lat' dir='ltr'><strong>permu-</strong></span> 
     </span>
    </p>
   </div>
   <div class='ocr_carea' id='block_1_114' title="bbox 2244 5598 3756 5675">
    <p class='ocr_par' dir='ltr' id='par_1_114' title="bbox 2244 5598 3756 5675">
     <span class='ocr_line' id='line_1_114' title="bbox 2244 5598 3756 5675; baseline 0.005 -23"><span class='ocrx_word' id='word_1_868' title='bbox 2244 5599 2356 5668; x_wconf 72' lang='grc'><strong>(74)</strong></span> <span class='ocrx_word' id='word_1_869' title='bbox 2393 5598 2676 5668; x_wconf 80' lang='grc' dir='ltr'><strong>Θέατρον.</strong></span> <span class='ocrx_word' id='word_1_870' title='bbox 2720 5599 2899 5675; x_wconf 83' lang='lat' dir='ltr'><strong>Habes</strong></span> <span class='ocrx_word' id='word_1_871' title='bbox 2953 5600 3043 5657; x_wconf 90' lang='lat' dir='ltr'><strong>hic</strong></span> <span class='ocrx_word' id='word_1_872' title='bbox 3086 5616 3290 5658; x_wconf 89' lang='lat' dir='ltr'><strong>novum</strong></span> <span class='ocrx_word' id='word_1_873' title='bbox 3347 5615 3756 5675; x_wconf 82' lang='lat' dir='ltr'><strong>argumentum,</strong></span> 
     </span>
    </p>
   </div>
   <div class='ocr_carea' id='block_1_115' title="bbox 2172 5672 3760 5756">
    <p class='ocr_par' dir='ltr' id='par_1_115' title="bbox 2172 5672 3760 5756">
     <span class='ocr_line' id='line_1_115' title="bbox 2172 5672 3760 5756; baseline 0.004 -32"><span class='ocrx_word' id='word_1_874' title='bbox 2172 5683 2282 5756; x_wconf 68' lang='lat' dir='ltr'><strong>quo</strong></span> <span class='ocrx_word' id='word_1_875' title='bbox 2330 5679 2584 5756; x_wconf 60' lang='lat' dir='ltr'><strong>constare</strong></span> <span class='ocrx_word' id='word_1_876' title='bbox 2634 5672 3160 5756; x_wconf 33' lang='lat' dir='ltr'><strong>possiesermonle&#39;m</strong></span> <span class='ocrx_word' id='word_1_877' title='bbox 3212 5675 3304 5729; x_wconf 87' lang='lat' dir='ltr'><strong>hic</strong></span> <span class='ocrx_word' id='word_1_878' title='bbox 3357 5672 3488 5756; x_wconf 65' lang='lat' dir='ltr'><strong>legi,</strong></span> <span class='ocrx_word' id='word_1_879' title='bbox 3543 5676 3760 5756; x_wconf 74' lang='lat' dir='ltr'><strong>publice</strong></span> 
     </span>
    </p>
   </div>
   <div class='ocr_carea' id='block_1_116' title="bbox 2175 5743 3758 5820">
    <p class='ocr_par' dir='ltr' id='par_1_116' title="bbox 2175 5743 3758 5820">
     <span class='ocr_line' id='line_1_116' title="bbox 2175 5743 3758 5820; baseline 0.008 -30"><span class='ocrx_word' id='word_1_880' title='bbox 2175 5743 2724 5820; x_wconf 62' lang='lat' dir='ltr'><strong>plirii__ad_audierites_</strong></span> <span class='ocrx_word' id='word_1_881' title='bbox 2746 5743 3012 5798; x_wconf 90' lang='lat' dir='ltr'><strong>habitum.</strong></span> <span class='ocrx_word' id='word_1_882' title='bbox 3058 5743 3190 5800; x_wconf 87' lang='lat' dir='ltr'><strong>Vide</strong></span> <span class='ocrx_word' id='word_1_883' title='bbox 3211 5759 3333 5816; x_wconf 69' lang='lat' dir='ltr'><strong>qua:</strong></span> <span class='ocrx_word' id='word_1_884' title='bbox 3356 5743 3636 5802; x_wconf 40' lang='lat' dir='ltr'><strong>iu’limine</strong></span> <span class='ocrx_word' id='word_1_885' title='bbox 3655 5747 3758 5803; x_wconf 84' lang='lat' dir='ltr'><strong>hu-</strong></span> 
     </span>
    </p>
   </div>
   <div class='ocr_carea' id='block_1_117' title="bbox 2167 5809 3136 5877">
    <p class='ocr_par' dir='ltr' id='par_1_117' title="bbox 2167 5809 3136 5877">
     <span class='ocr_line' id='line_1_117' title="bbox 2167 5809 3136 5877; baseline 0.004 -15"><span class='ocrx_word' id='word_1_886' title='bbox 2167 5809 2260 5877; x_wconf 85' lang='lat' dir='ltr'><strong>jus</strong></span> <span class='ocrx_word' id='word_1_887' title='bbox 2298 5809 2464 5864; x_wconf 90' lang='lat' dir='ltr'><strong>libelli</strong></span> <span class='ocrx_word' id='word_1_888' title='bbox 2491 5825 2522 5865; x_wconf 89' lang='lat' dir='ltr'><strong>a</strong></span> <span class='ocrx_word' id='word_1_889' title='bbox 2547 5826 2634 5867; x_wconf 85' lang='lat' dir='ltr'><strong>me</strong></span> <span class='ocrx_word' id='word_1_890' title='bbox 2674 5811 2964 5868; x_wconf 84' lang='lat' dir='ltr'><strong>observata</strong></span> <span class='ocrx_word' id='word_1_891' title='bbox 2992 5821 3136 5868; x_wconf 89' lang='lat' dir='ltr'><strong>sunt.</strong></span> 
     </span>
    </p>
   </div>
  </div>
