3886 6428
270 383 377 448 173

1299 374 1597 437 CONTRA
1628 367 2089 434 MANICHIEOS
2129 364 2362 428 LIBER
2399 363 2512 425 III.

3445 351 3547 419 174

267 514 382 551 ται.
411 491 567 562 Ἐμοὶ
587 490 718 561 γάρ,
737 488 892 561 φησι,
906 485 1287 561 παραδέδοται,
1309 485 1426 539 ἀλλ’
1445 485 1545 538 οὐκ
1556 483 1669 551 ἑγὼ
1682 481 1855 536 ταῦτα

1974 475 2210 547 liscipuli
2229 516 2244 541 ,
2278 473 2423 544 quod
2456 486 2580 526 eum
2627 470 2853 525 horrore
2891 468 3034 535 dico,
3063 484 3130 524 ex
3158 482 3247 534 eo,
3274 467 3419 539 quod
3443 483 3540 524 ac-

266 589 336 641 ἑκ
376 586 450 657 μὴ
485 584 658 637 ὄντων
708 582 1015 652 ύφὲστηκα.
1042 581 1104 633 Οἱ
1137 579 1194 632 δὲ
1242 579 1482 647 γενναῖοι
1523 576 1620 630 καὶ
1666 575 1859 628 δυσσε-

267 679 519 747 ϐέστεροι
550 674 646 728 τοῦ
691 672 1022 727 διδασκάλου
1069 669 1332 740 μαθηταὶ,
1365 668 1428 721 τὸ
1472 666 1858 739 φρυαξάμενον

269 770 463 833 εἰπεῖν,
485 769 551 821 ἑκ
566 765 661 820 τοῦ
674 762 1013 834 παραλαϐεῖν
1039 762 1184 831 ἔχειν
1206 760 1305 830 τὴν
1322 757 1596 829 βασιλείαν
1626 757 1735 811 τῶν
1765 756 1859 809 ἑπὶ

269 862 374 929 γῆς
395 857 497 926 τῆς
540 853 914 917 διδασκαλίας,
936 853 1012 915 ὡς
1041 851 1239 915 ἑοικεν,
1275 849 1324 902 οἳ
1358 848 1518 901 πλέον
1548 846 1856 910 ἀσεϐοῦσιν,

268 948 630 1019 ἀμειϐόμενοι
658 942 996 1015 δημιουργὸν
1028 942 1126 996 καὶ
1168 940 1416 1013 πλάστην
1450 937 1559 991 τῶν
1600 936 1858 1006 ἐπιγείων

270 1038 762 1107 καταγγέλλουσιν.
795 1035 904 1089 Καὶ
939 1032 1113 1087 ταῦτα
1133 1032 1352 1103 φρονεῖν
1394 1030 1489 1083 καὶ
1517 1030 1698 1097 λέγειν
1735 1027 1859 1081 τολ-

272 1134 507 1203 μῶντες,
546 1130 676 1184 οὔτε
714 1127 1067 1197 πεφρίκασιν,
1093 1125 1217 1177 οὔτε
1285 1125 1519 1194 συνορᾷν
1564 1120 1860 1192 ἐϐουλήθη-

271 1223 493 1288 σαν,είς
506 1218 622 1276 οἷον
650 1219 929 1283 ἀπωλείας
965 1217 1129 1288 βυθὸν
1161 1214 1513 1270 καταδύουσι.
1541 1215 1612 1268 Σὺ
1634 1214 1689 1267 δὲ
1720 1212 1859 1284 μηδὲ

271 1316 334 1367 τὸ
371 1314 506 1382 ἑξῆς
554 1310 951 1382 παραδράμῃς.
990 1308 1152 1377 Λέγει
1217 1308 1367 1378 γὰρ,
1419 1306 1503 1359 Σὺ
1569 1302 1685 1361 οὖν
1750 1305 1861 1359 ἐὰν

272 1401 722 1470 προσκυνήσῃς
768 1398 1029 1452 ἐνώπιόν
1073 1415 1195 1468 μου
1218 1438 1233 1463 ,
1272 1398 1447 1451 ἔσται
1500 1397 1619 1450 σοῦ
1668 1396 1857 1450 πᾶσα.

272 1495 443 1547 Ὥστε
474 1496 506 1547 ό
534 1491 807 1547 πιστεύων
836 1488 931 1543 τοῦ
959 1489 1207 1543 διαϐόλου
1234 1484 1374 1541 εἶναι
1402 1488 1473 1540 τὰ
1503 1486 1744 1554 ἐπίγεια,
1768 1485 1863 1538 καλ⁵

272 1587 409 1657 παρ’
455 1587 624 1642 αὑτοῦ
654 1588 958 1659 λαμϐάνειν
988 1584 1224 1653 νομίζων
1255 1581 1325 1634 τά
1374 1583 1432 1634 ἑν
1468 1582 1675 1643 αὐτοῖς,
1704 1572 1862 1639 οὗτός

270 1682 427 1732 ἑστιν
458 1683 489 1734 ό
527 1680 622 1733 τὸν
662 1670 910 1734 διάϐολον
945 1674 1287 1748 προσκυνῶν.
1322 1673 1399 1726 Οὐ
1429 1670 1539 1740 γὰρ
1591 1671 1679 1736 ἂν,
1730 1669 1862 1739 παρ’
1902 1719 1905 1721 ,

269 1772 451 1826 αὑτοῦ
499 1772 686 1827 λαϐεῖν
723 1771 1003 1842 ὁμολογῶν
1047 1769 1084 1824 ἀ
1114 1768 1216 1838 τῆς
1268 1765 1691 1836 προσκυνήσεως
1720 1760 1789 1834 ἦν
1832 1760 1861 1814 ό

278 1861 502 1931 μισθὸς,
521 1861 722 1916 δύναιτ’
753 1860 821 1915 ἂν
849 1861 950 1931 τὴν
971 1858 1344 1929 προσκύνησιν
1360 1852 1747 1921 ἀπαρνεῖσθαι.
1774 1850 1861 1904 Τί·
1898 1850 1909 1891 Ι

273 1973 373 2019 vs;
420 1956 469 2007 δ’
514 1956 580 2009 ἂν
630 1950 741 2007 εἷεν
778 1947 1009 2023 οὗτοι,ἢ
1054 1954 1105 2006 οῑ
1168 1951 1299 2021 παρ’
1341 1946 1507 2003 αὑτοῦ
1568 1946 1667 2016 μὲν
1718 1944 1865 2015 ἔχειν

277 2046 680 2115 ὁμολογοῦντες
725 2045 789 2098 τὸ
837 2049 1022 2115 σῶμα,
1050 2044 1151 2113 τῆς
1201 2040 1370 2095 αὐτοῦ
1415 2039 1474 2092 δὲ
1503 2037 1866 2110 δημιουργίας

276 2134 384 2185 καὶ
415 2131 693 2201 βασιλείας
719 2131 878 2203 ἔργον
909 2130 1045 2185 εἶναι
1074 2130 1234 2185 τοῦτο
1259 2146 1276 2197 ;
1307 2128 1403 2184 καὶ
1429 2127 1489 2180 ού
1510 2128 1573 2180 τὸ
1601 2127 1758 2197 σῶμα
1779 2126 1869 2196 μό-

273 2240 399 2289 νον,
429 2221 567 2277 ἀλλὰ
596 2222 691 2276 καὶ
733 2222 823 2276 τὸν
847 2224 1012 2293 ἄρτον
1038 2221 1133 2276 καὶ
1167 2221 1258 2275 τὸν
1285 2218 1450 2284 οίνον,
1470 2219 1565 2273 καὶ
1601 2217 1662 2270 τὸ
1700 2216 1867 2287 ὕδωρ,

277 2316 384 2369 καὶ
411 2314 485 2368 τά
516 2315 650 2369 ἄλλα
680 2314 881 2377 πάντα,
902 2315 971 2368 δι’
994 2314 1139 2368 ὅσων
1171 2313 1232 2367 τὸ
1264 2311 1604 2382 ἀνθρώπινον
1638 2309 1867 2379 διακρα-
1910 2356 1915 2359 .

276 2410 462 2461 τεῖται
513 2408 608 2460 καὶ
654 2407 940 2477 συνέχεται
986 2405 1290 2477 σύγκριμα,
1330 2404 1429 2457 καὶ
1468 2401 1560 2456 τὸν
1612 2399 1871 2471 αίσθητδν

278 2500 483 2553 τοῦτον
520 2498 931 2570 διαπορεύονται
972 2497 1108 2569 βίον.
1146 2495 1256 2549 Καὶ
1284 2494 1392 2565 γὰρ
1440 2492 1535 2546 καὶ
1583 2489 1789 2544 τούτων
1834 2489 1868 2558 ἡ

278 2591 531 2663 αίσθητὴ
576 2590 774 2656 κτίσις,
807 2589 879 2643 τά
932 2591 1031 2659 μὲν
1080 2585 1326 2658 προχέει,
1367 2583 1437 2638 τά
1492 2582 1551 2636 δὲ
1607 2580 1867 2650 γεωργεῖ.

276 2685 462 2737 Ὥστε
507 2685 554 2736 οἱ
583 2682 1045 2754 δημιουργήματα
1080 2679 1178 2751 μὲν
1219 2674 1317 2729 τοῦ
1363 2674 1616 2728 διαϐόλου
1647 2671 1871 2741 καὶτῆς

279 2775 579 2846 βασιλείας
621 2772 809 2839 αὑτοῦ,
837 2772 908 2826 τά
968 2768 1229 2841 αἰσθητὰ,
1260 2767 1321 2834 ἑξ
1368 2759 1445 2822 ὧν
1497 2763 1702 2836 ἔμαθον
1737 2761 1868 2834 παρ’

280 2868 466 2923 αὑτοῦ
495 2909 511 2935 ,
570 2868 748 2938 δόγμα
799 2862 1103 2928 ποιοῦντες,
1163 2860 1337 2916 ταῦτα
1403 2860 1461 2913 δὲ
1528 2858 1672 2928 ἔχειν
1739 2854 1871 2926 παρ’

279 2961 485 3027 αὑτοῦ,
513 2960 608 3015 καὶ
630 2957 844 3022 τούτοις
873 2956 1066 3028 διαζῆν
1084 2956 1197 3018 τοῖς
1231 2952 1415 3024 ἔργοις
1443 2947 1868 3012 ἐπιδεικνύντες,

278 3048 443 3108 οὗτοι
488 3050 733 3122 φανερῶς
763 3048 861 3104 καὶ
909 3045 1299 3117 ἀναμφιϐόλως
1325 3043 1454 3110 είσὶ,
1484 3042 1589 3096 κᾶν
1620 3040 1721 3113 τὴν
1763 3039 1873 3095 τῶν

1959 570 2123 639 cepit,
2152 568 2332 622 eidem
2356 564 2648 635 imperium
2690 564 2743 616 in
2772 570 2989 617 terrena
3016 561 3297 619 vindicant
3326 570 3540 615 creato-

1959 675 2075 715 rem
2107 659 2286 729 ipsum
2311 667 2368 712 et
2396 656 2738 711 conditorem
2772 642 3114 709 terrestrium
3146 654 3202 707 in
3230 653 3539 708 mercedem

1960 751 2170 808 scilicet
2216 757 2454 818 acccptm
2503 747 2571 802 ab
2611 762 2677 801 eo
2727 745 3067 815 disciplinae,
3127 744 3537 798 renuntiantes.

1959 842 2136 910 Atque
2169 840 2242 895 ita
2259 840 2543 906 sentirejet
2569 836 2717 906 loqui
2746 836 3010 890 audentes
3035 850 3137 890 nec
3164 835 3414 901 horrent,
3438 850 3543 889 nec

1962 934 2150 989 videre
2177 932 2429 1002 cupiunt,
2462 929 2517 983 in
2549 938 2812 999 quantum
2846 928 2997 982 exitii
3028 927 3350 982 barathrum
3396 942 3574 998 pne--

1963 1023 2155 1093 cipites
2186 1030 2437 1093 agantur.
2468 1018 2551 1073 Tu
2585 1032 2713 1074 vero
2760 1033 2864 1072 nec
2900 1018 3179 1086 sequentia
3223 1027 3542 1087 praetereas.

1964 1116 2056 1170 Ait
2086 1116 2233 1170 enim
2273 1132 2287 1168 :
2329 1114 2402 1167 Tu
2437 1113 2603 1183 igitur
2626 1113 2671 1165 si
2702 1127 2784 1164 me
2810 1111 3137 1173 adoraveria,
3170 1111 3271 1163 erit
3298 1122 3390 1164 tua
3426 1127 3543 1164 om-
3574 1145 3580 1149 -

1967 1207 2069 1260 nis.
2109 1203 2214 1270 Qui
2244 1205 2409 1276 igitur
2456 1203 2631 1259 credit
2663 1213 2873 1258 terrena
2923 1216 3043 1256 esse
3082 1202 3319 1268 diaboli,
3355 1218 3545 1272 seque,

1964 1314 2084 1368 qua:
2120 1299 2174 1352 in
2208 1298 2314 1352 illis
2341 1309 2501 1362 sunt,
2532 1297 2601 1350 ab
2629 1296 2745 1365 ipso
2769 1294 3017 1365 accipere
3039 1294 3313 1364 opinatur,
3353 1296 3398 1350 is
3428 1296 3549 1350 dia-

1964 1388 2150 1442 bolum
2188 1388 2397 1447 adorat.
2434 1385 2621 1456 Neque
2651 1386 2833 1451 enim,
2872 1385 2964 1454 qui
3006 1385 3075 1439 ab
3109 1400 3173 1439 eo
3208 1400 3268 1439 se
3296 1385 3550 1455 accipere

1966 1478 2253 1547 profitetur
2305 1494 2405 1544 ea,
2467 1494 2589 1548 qua:
2634 1477 2969 1531 adorationis
3016 1477 3298 1546 pra'mium
3352 1485 3547 1540 erant,

1966 1570 2339 1624 adorationem
2370 1569 2541 1638 ipsam
2585 1568 2857 1637 denegare
2902 1568 3096 1636 possit.
3132 1565 3366 1632 Quinam
3410 1582 3544 1622 vero

1968 1659 2044 1713 illi
2078 1660 2284 1714 fuerint
2307 1658 2419 1723 alii,
2450 1674 2613 1727 quam
2638 1657 2762 1721 isti,
2790 1658 2883 1727 qui
2914 1660 2983 1712 ab
3013 1673 3077 1712 ea
3118 1673 3177 1712 se
3219 1658 3423 1712 habere
3472 1657 3551 1711 fa-

1974 1758 2160 1805 tentur
2198 1764 2415 1819 corpus,
2443 1758 2608 1818 atque
2640 1748 2744 1803 hoc
2776 1749 2844 1802 ad
2878 1749 3212 1803 creationem
3244 1757 3300 1802 et
3322 1763 3550 1819 regnum

1970 1842 2091 1911 ejus
2120 1843 2395 1911 pertinere
2418 1841 2647 1896 dicunt?
2683 1842 2795 1895 lmo
2834 1856 2937 1895 nec
2973 1855 3174 1911 corpus
3206 1841 3405 1906 solum,
3453 1841 3551 1895 sed

1969 1944 2024 1989 et
2051 1950 2247 2004 panem
2275 1944 2331 1988 et
2365 1934 2588 1996 vinum,
2624 1942 2680 1987 et
2702 1948 2930 2003 aquam,
2975 1941 3030 1986 et
3080 1932 3287 2001 reliqua
3335 1933 3548 1996 omnia,

1970 2041 2065 2095 per
2091 2040 2212 2095 quae
2238 2025 2524 2079 hominum
2556 2024 2863 2079 substantia
2895 2023 3210 2078 continetur
3238 2033 3293 2077 et
3322 2039 3552 2078 conser-

1970 2123 2160 2178 vatur,
2215 2114 2495 2183 vitamque
2540 2114 2685 2169 hanc
2731 2113 3047 2168 sensibilem
3092 2112 3365 2183 producit.
3414 2112 3549 2167 Nam

1970 2206 2241 2262 sensibilis
2290 2215 2542 2260 creatura
2592 2220 2783 2261 eorum
2831 2205 2939 2259 alia
2986 2204 3303 2274 profundit,
3349 2204 3452 2258 alia
3483 2220 3547 2257 ex

1973 2309 2114 2354 terra
2142 2295 2365 2366 profert.
2402 2296 2579 2365 Atque
2627 2296 2701 2348 ita
2735 2294 2847 2361 illi,
2881 2294 2976 2364 qui
3018 2293 3297 2348 scnsibilia
3348 2293 3551 2348 diaboli

1971 2398 2249 2446 creaturas
2277 2388 2468 2442 dicunt
2496 2394 2551 2442 et
2578 2386 2645 2441 ad
2684 2386 2972 2456 imperium
2997 2385 3138 2453 ejus,
3172 2399 3272 2455 pro
3303 2383 3552 2439 doctrina

1972 2481 2041 2535 ab
2074 2480 2191 2550 ipso
2214 2480 2408 2534 hausta
2428 2519 2442 2544 ,
2474 2476 2848 2542 constituunt,
2882 2485 3046 2545 atque
3087 2475 3205 2529 hzec
3238 2474 3308 2528 ab
3342 2474 3462 2544 ipso
3492 2490 3555 2529 se

1976 2572 2199 2635 habere,
2226 2579 2282 2625 et
2308 2570 2363 2624 in
2392 2568 2477 2623 bis
2508 2568 2693 2624 vivere
2723 2581 2890 2636 opere
2919 2566 3037 2637 ipso
3067 2566 3391 2632 ostendunt,
3436 2581 3553 2619 ma-

1972 2660 2173 2716 nifeste
2211 2667 2268 2715 et
2290 2658 2534 2725 indubie,
2553 2658 2766 2713 etiamsi
2792 2658 3092 2714 videntium
3109 2656 3297 2711 oculos
3317 2664 3373 2711 et
3394 2672 3557 2711 aures

1973 2751 2164 2809 fallere
2201 2761 2492 2816 conentur,
2533 2752 2740 2806 cultum
2795 2749 2901 2821 ipsi
2945 2757 3227 2820 praestant.
3277 2748 3348 2803 At
3399 2747 3558 2803 facile

1975 2842 2254 2897 inveneris
2294 2842 2440 2895 aliud
2495 2840 2752 2897 amentia:
2807 2855 3031 2907 eorum,
3083 2854 3187 2909 qua
3232 2839 3554 2911 magistrum

1974 2932 2154 3002 ipsum
2196 2941 2492 3003 superant,
2533 2931 2869 3002 exemplum.
2910 2928 3005 2985 Ille
3040 2931 3189 2985 cnim
3226 2929 3380 2985 brevi
3414 2938 3556 2984 tem-

1976 3041 2109 3097 pore
2138 3034 2294 3093 terna
2322 3023 2625 3079 tentatione
2651 3023 2942 3079 Dominum
2970 3022 3219 3087 adortus,
3260 3028 3317 3076 et
3345 3030 3429 3075 ter
3455 3021 3558 3075 ob-

281 3114 548 3215 ὁρώντων
592 3114 714 3211 ϐίην
753 3139 851 3193 καὶ
888 3114 1354 3208 ἀκοηνίκλέπτειν
1404 3127 1869 3201 διαμηχανῶνται,

1975 3121 2245 3193 jurgatus,
2281 3119 2498 3176 tandem
2531 3132 2590 3173 se
2615 3134 2647 3172 a
2679 3117 2985 3175 tentatione
3032 3116 3121 3170 illa
3143 3157 3158 3182 ,
3207 3114 3560 3184 fastuosaque

278 3235 391 3307 τὴν
426 3231 800 3303 προσκύνησιν
839 3226 989 3297 αὐτῷ
1030 3220 1511 3297 προσενηνοχότες.
1546 3218 1786 3289 Εὑρήσει
1826 3216 1873 3269 δ’

282 3329 359 3383 ἄν
400 3343 490 3389 τις
516 3314 723 3377 τούτων
750 3321 844 3383 καὶ
867 3318 1062 3389 ἑτέραν
1098 3316 1357 3370 ἀπόνοιαν
1386 3312 1485 3383 τὴν
1508 3310 1603 3365 τοῦ
1626 3307 1877 3364 διδασκά-

284 3422 385 3473 λου
420 3417 690 3472 νικῶσαν.
729 3414 787 3468 '0
818 3413 919 3485 μὲν
948 3411 1058 3483 γὰρ
1108 3413 1165 3464 ὲν
1207 3408 1401 3480 βραχεῖ
1441 3423 1501 3459 τε
1543 3404 1720 3477 χρόνῳ
1779 3401 1877 3456 καὶ⁹

282 3512 439 3583 τρισὶ
475 3505 801 3580 προσϐαλὼν
826 3504 906 3575 τῷ
947 3502 1194 3573 Δεσπότῃ
1224 3501 1462 3572 πείραις,
1495 3498 1590 3550 καὶ⁹
1609 3492 1876 3548 τοσαυτά-

285 3622 376 3675 κις
410 3598 764 3672 ἐπιτιμηθεὶς
814 3596 1030 3667 ἀπέστη
1085 3592 1244 3647 τοῠτε
1298 3587 1579 3662 πειράζειν
1624 3586 1873 3652 τοιαῦτα,

284 3696 387 3749 καὶ
414 3693 522 3763 τῆς
567 3689 829 3755 ἀλαζόνος
865 3686 1083 3755 ἑκείνης
1124 3684 1220 3737 καὶ
1263 3680 1427 3737 ἀθέου
1481 3675 1874 3750 μεγαλαυχίας.

285 3787 353 3839 οι
379 3784 441 3838 δὲ
468 3784 528 3836 ού
553 3783 675 3854 τρὶς
700 3780 863 3851 μόνον
887 3777 978 3832 διὰ
1004 3770 1317 3844 τῶνζαύτῶν
1346 3766 1763 3839 ἑπιτιμηθέντες
1790 3766 1880 3817 Δε-

288 3875 572 3931 σποτικῶν
600 3871 799 3943 φωνῶν
831 3865 935 3943 (οἷς
966 3868 1075 3938 γὰρ
1099 3870 1127 3921 ὁ
1153 3860 1475 3923 διδάσκαλος
1525 3854 1878 3928 ἑπιτιμηθεὶς

286 3968 544 4037 ἑσίγησε,
580 3963 670 4018 διὰ
697 3962 807 4017 τῶν
838 3959 1020 4015 αὐτῶν
1047 3960 1097 4014 οί
1133 3954 1374 4029 μαθηταὶ
1403 3948 1876 4018 κατεδικάσθησαν

284 4062 385 4134 τὴν
414 4058 603 4131 σιγήν)
626 4074 642 4091 ·
670 4055 809 4112 άλλὰ
839 4054 1121 4127 μυριάκις,
1157 4049 1357 4121 μᾶλλον
1382 4045 1441 4100 δὲ
1461 4043 1601 4112 ὑπὲρ
1621 4041 1875 4134 ἀριθμὸν,

286 4131 384 4210 καὶ
431 4148 719 4213 τοσούτοις
754 4148 953 4213 ἔτεσιν,
985 4143 1046 4208 ἑξ
1074 4137 1135 4197 οὗ
1184 4137 1567 4194 διαπέπτωκεν
1613 4133 1797 4195 αὐτοῖς
1840 4131 1876 4201 ἡ

1977 3213 2069 3267 illa
2097 3222 2153 3267 et
2180 3211 2346 3283 impia
2370 3210 2681 3274 insolentia,
2716 3210 3004 3265 abstinuit.
3045 3208 3125 3263 llli
3157 3222 3290 3263 vero
3328 3222 3437 3262 non
3467 3205 3561 3259 tri-

1968 3301 2105 3373 plici
2151 3310 2363 3357 tantum
2399 3302 2523 3357 vice
2556 3302 2751 3358 iisdem
2781 3300 2999 3355 Domini
3039 3299 3267 3355 vocibus
3312 3297 3558 3368 castigati

1978 3394 1997 3463 (
2026 3393 2225 3463 quibus
2261 3393 2407 3447 enim
2452 3392 2634 3447 verbis
2663 3391 3034 3460 reprehensus
3067 3388 3315 3443 diabolus
3354 3386 3558 3449 tacuit,

1976 3485 2173 3540 iisdem
2220 3493 2275 3540 et
2307 3484 2559 3554 discipuli
2588 3485 2655 3539 ad
2695 3483 2974 3539 silentium
3004 3480 3245 3537 damnati
3266 3479 3436 3551 sunt),
3464 3479 3561 3534 sed

1979 3574 2125 3629 mille
2141 3616 2157 3641 ,
2174 3574 2283 3629 imo
2310 3572 2489 3644 potius
2510 3572 2739 3628 inﬁnitis
2762 3573 2998 3638 vicibus,
3014 3571 3283 3641 annisque
3310 3572 3558 3637 totidem,

1975 3682 2044 3722 ex
2091 3681 2201 3736 quo
2244 3664 2600 3736 praeceptoris
2642 3664 2942 3720 insolentes
2987 3672 3041 3718 et
3088 3663 3267 3733 impiae
3313 3671 3462 3717 artes
3504 3663 3558 3717 in

1978 3756 2128 3827 ipsos
2161 3755 2501 3821 ceciderunt,
2528 3754 2727 3809 divinis
2754 3752 2991 3808 oraculis
3014 3750 3353 3821 reprehensi,
3380 3751 3562 3807 adhuc

1978 3848 2325 3919 impudentes
2364 3854 2420 3902 et
2460 3854 2779 3918 arrogantes
2807 3860 2866 3900 se
2896 3843 3179 3899 Gonditori
3220 3845 3551 3909 obvertunt,

1978 3943 2207 4013 ejusque
2227 3956 2455 4012 regnum
2484 3941 2594 3995 vita
2616 3948 2671 3994 et
2694 3937 2877 3994 verbis
2906 3937 3236 4002 dividentes,
3264 3935 3405 3990 hosti
3436 3950 3559 4005 per-

1980 4038 2227 4101 mittunt,
2252 4036 2504 4092 nolentes
2522 4050 2671 4103 vere,
2694 4043 2757 4089 ut
2780 4032 3087 4091 communis
3111 4032 3374 4089 Conditor
3396 4047 3564 4102 super

1983 4144 2044 4185 se
2074 4136 2284 4200 regnet.

285 4250 384 4306 τοῠ
419 4245 757 4317 ,διᾶισκάλου
790 4238 1009 4305 ἀλαζών
1032 4235 1209 4291 τεκαὶ
1256 4232 1526 4303 θεομάχος
1585 4224 1802 4299 μηχανὴ
1869 4222 2263 4292 ἑπιτιμώμενοι
2320 4221 2441 4283 ταῖς
2488 4222 2696 4283 θεῖκαῖς
2740 4220 2949 4287 φωναῖς
2997 4217 3078 4270 ἑτι
3133 4233 3563 4288 προσαναισχυνο

285 4309 445 4401 τοῦσί
485 4344 583 4397 καὶ
626 4336 1115 4402 καταυθαδίζονται
1153 4330 1248 4386 τοῦ
1288 4322 1656 4400 Δημιουργοῦ,
1693 4321 1786 4375 καὶ
1823 4318 1925 4390 τὴν
1959 4315 2235 4388 βασιλείαν
2271 4314 2435 4371 αὑτοῦ
2503 4315 2603 4385 βίῳ
2640 4314 2735 4368 καὶ
2788 4312 2933 4383 λόγῳ
2974 4309 3286 4382 διχάζοντες
3335 4312 3568 4382 ἐγχειρί-

289 4445 447 4510 ζουσι
468 4439 550 4511 τῷ
589 4433 823 4507 Ἐχθρῷ,
863 4432 939 4505 μὴ
956 4430 1203 4491 θέλοντες
1226 4425 1302 4488 ὼς
1329 4421 1546 4493 ἀληθῶς
1564 4419 1664 4488 1τὸν
1706 4414 1885 4470 κοινὸν
1921 4412 2198 4482 Δεσπότην
2230 4411 2533 4482 βασιλεύειν
2568 4409 2651 4479 ἐφ’
2697 4407 2925 4462 ἑαυτῶν.

361 4536 466 4591 19.
517 4500 684 4587 ’Ἃλλζ
726 4500 970 4600 ’ἴδωμεῆ
1022 4526 1074 4579 εί
1121 4523 1291 4587 δοκεῖ,
1333 4518 1431 4574 καὶ
1487 4517 1571 4580 τίς
1622 4515 1808 4577 αὐτοῖς
1844 4512 1871 4583 ἡ

2055 4507 2199 4564 XIX.
2244 4506 2353 4563 Sed
2378 4505 2682 4567 videamus,
2724 4504 2769 4559 si
2820 4504 3018 4573 placet,
3058 4517 3222 4573 quam
3269 4500 3447 4556 ferant
3494 4516 3562 4557 ex

289 4622 680 4686 ἀνταπόδοσιξ
693 4621 795 4691 τῆς
835 4594 1170 4689 συνηγορίας
1202 4611 1297 4667 καὶ
1326 4609 1750 4681 προσκυνήσεως
1786 4604 1871 4658 καὶ

1987 4616 2055 4657 eo
2075 4600 2406 4664 mercedem,
2440 4597 2587 4667 quod
2617 4597 2831 4651 hostem
2854 4595 3070 4665 juvent,
3103 4594 3354 4657 adorent,
3398 4602 3455 4648 et
3502 4603 3567 4648 ut

290 4723 373 4783 εἰς
435 4684 691 4788 βασιλέα
718 4684 1076 4783 ἀναρρήσεως
1107 4704 1203 4759 τοῦ
1265 4700 1497 4774 Ἐχθροῦ
1531 4715 1545 4729 °
1580 4699 1676 4753 καὶ
1714 4698 1769 4752 τί
1820 4695 1871 4749 τί

1987 4705 2171 4763 regem
2203 4688 2622 4754 renuntient,et
2647 4686 2794 4757 quod
2828 4685 3116 4756 praemium
3139 4684 3431 4767 accipiant,
3469 4684 3564 4755 qui

292 4811 530 4867 ἔπαθλον
553 4808 635 4872 οἷς
662 4807 765 4860 οὐκ
783 4805 1058 4877 ἠθέλησαν
1091 4798 1399 4873 βασιλεύειν
1439 4795 1526 4865 ἐφ’
1558 4793 1765 4848 ἑαυτῶν
1788 4790 1881 4843 τὸν

296 4903 534 4977 βασιλέα
564 4900 659 4954 τοῦ
693 4890 915 4961 παντός.
954 4892 1345 4956 Ἀπεικάζουσι
1375 4889 1474 4960 μὲν
1510 4882 1606 4940 οὖν
1634 4885 1692 4977 et
1734 4880 1879 4977 ἱεραὶ

293 4972 610 5067 παραϐολαὶ
631 4994 723 5046 τὸν
768 4991 972 5060 Κύριον
1004 4985 1163 5058 ἡμῶν
1205 4980 1415 5053 Ἰησοῦν
1457 4975 1714 5049 Χριστὸν,
1748 4972 1883 5045 μᾶλ-

294 5090 386 5143 λον
417 5089 475 5140 δὲ
497 5085 663 5147 αὐτὸς
694 5081 906 5145 ἑαυτὸν,
925 5076 1199 5149 ἀνθρώπῳ
1223 5075 1454 5143 εὐγενεῖ,
1486 5070 1537 5124 τί
1563 5069 1672 5140 γὰρ
1696 5067 1878 5135 θεότη-

295 5198 389 5244 τος
420 5177 845 5247 εὖγενέστερονς
871 5172 933 5225 τδ
954 5170 1011 5224 δὲ
1039 5165 1382 5238 ἀνθρώπινον
1402 5164 1676 5232 σύστημα,
1707 5160 1795 5213 ἴνα
1813 5156 1883 5211 τὰ

295 5273 437 5326 ἄλλα
467 5270 635 5331 ἑάσω,
676 5268 791 5328 τοῖς
821 5262 1069 5323 πολίταις
1099 5256 1288 5319 αὐτοῦ,
1311 5255 1407 5309 ac;
1433 5254 1731 5322 πλάσματα
1783 5248 1881 5303 αὐ-

296 5363 418 5428 τοῦ,
457 5361 555 5415 καὶ
601 5360 686 5412 ὅτι
745 5353 910 5416 αὐτὸς
943 5348 1110 5405 αὑτοῦ
1152 5346 1403 5401 ἑπόλισεν
1437 5346 1496 5397 ἑν
1537 5345 1603 5413 τῇ
1645 5343 1716 5411 γῇ
1740 5355 1753 5369 ο
1784 5339 1879 5393 καὶ

297 5457 379 5509 ὅτι
426 5452 607 5523 σάρκα
637 5448 738 5517 τὴν
766 5442 1047 5516 ἡμετέραν
1078 5435 1285 5501 λαϐὼν,
1316 5435 1410 5490 καὶ
1438 5433 1684 5494 σύνοικος
1723 5428 1881 5499 ἡμῶν

296 5546 392 5601 καὶ
429 5522 767 5614 συμπολίτης
797 5534 1001 5605 ἠξίωσε
1033 5528 1285 5601 γενέσθαι
1307 5528 1402 5581 καὶ
1432 5524 1716 5614 κληθῆναι.
1736 5522 1885 5614 Πλην

299 5631 413 5686 ἀλλ’
435 5633 478 5684 ’ὁ
501 5611 614 5697 -τῆς
660 5626 913 5695 θεότητος
946 5620 1048 5690 τὴν
1074 5618 1353 5687 εὐγένειαν
1381 5614 1563 5686 φέρων
1590 5615 1647 5666 ἐν
1681 5611 1881 5681 ἑαυτῷ,

299 5724 392 5778 καὶ
417 5722 513 5793 τὴν
544 5715 823 5789 βασιλείαν
845 5712 1027 5767 λαϐὼν
1056 5711 1180 5781 ἴσην
1212 5709 1307 5763 καὶ
1336 5705 1700 5776 ἀναφαίρετον
1732 5705 1884 5773 παρὰ

296 5809 389 5864 τοῦ
421 5804 924 5878 Πατρός,.ἑπείπερ
974 5801 1194 5859 ἅπαντα
1253 5797 1443 5863 είδὼς,
1478 5795 1598 5850 οὐδὲ
1642 5797 1742 5866 τὴν
1790 5797 1885 5847 ἐπ-

1986 4798 2170 4853 regem
2222 4780 2463 4836 universi
2518 4779 2618 4833 sibi
2676 4777 2946 4831 dominari
3001 4776 3320 4831 noluerunt.
3384 4775 3568 4830 Sacra:

1986 4874 2167 4943 itaque
2187 4872 2457 4941 parabolae
2475 4869 2765 4924 Dominum
2784 4876 3033 4922 nostrum
3052 4865 3240 4921 Jesum
3260 4865 3567 4932 Christum,

1983 4966 2072 5021 vel
2104 4965 2287 5035 potius
2343 4964 2460 5033 ipse
2502 4976 2564 5017 se
2598 4968 2877 5030 comparat
2924 4975 3049 5015 cum
3101 4960 3324 5015 homine
3372 4961 3565 5016 nobili.

1987 5057 2271 5124 Quodnam
2315 5054 2460 5109 enim
2495 5052 2779 5108 divinitate
2826 5059 2911 5105 est
2952 5051 3228 5106 nobilius?
3277 5051 3567 5108 hominum

1986 5164 2115 5204 vero
2149 5149 2462 5211 cohortem,
2507 5154 2566 5199 ut
2613 5153 2810 5198 caetera
2833 5144 3114 5209 omittam,
3166 5159 3291 5198 cum
3352 5145 3567 5199 civibus

1987 5242 2121 5306 suis,
2162 5251 2415 5310 tanquam
2446 5237 2537 5307 qui
2572 5244 2819 5291 creatura
2854 5251 2952 5290 sua
2985 5237 3117 5301 sint,
3151 5247 3206 5292 et
3230 5239 3429 5308 quibus
3455 5247 3567 5293 ter-

1990 5348 2106 5388 ram
2131 5348 2285 5387 suam
2314 5329 2658 5386 incolendam
2690 5328 2924 5393 dederit,
2968 5328 3080 5382 imo
3118 5344 3349 5398 quorum
3402 5344 3571 5383 carne

1987 5433 2263 5494 assumpta
2300 5422 2633 5479 domesticus
2660 5431 2715 5476 et
2749 5420 2991 5476 concivis
3018 5436 3208 5476 eorum
3238 5421 3354 5476 ﬁeri
3382 5430 3439 5477 et
3472 5437 3572 5476 vo.

1986 5516 2095 5572 cari
2127 5513 2386 5570 voluerit.
2417 5513 2486 5565 At
2517 5511 2564 5567 is
2592 5510 2896 5565 divinitatis
2929 5510 3271 5565 nobilitatem
3331 5509 3571 5564 circum-

1988 5609 2193 5674 ferens,
2225 5620 2562 5677 regnumque
2598 5605 2805 5675 aquale
2838 5613 2896 5659 et
2953 5603 3319 5673 inseparabile
3349 5619 3378 5658 a
3411 5603 3572 5659 Patre

1988 5711 2205 5763 nactus,
2240 5714 2363 5754 cum
2391 5698 2575 5754 omnia
2613 5696 2809 5760 'scivit,
2844 5708 2959 5750 tum
3013 5712 3124 5750 non
3176 5696 3448 5766 ignoravit
3494 5713 3573 5751 re-

1992 5792 2314 5857 bellionem,
2347 5805 2508 5855 quam
2539 5787 2757 5857 quidam
2786 5786 2986 5841 civium
3038 5786 3091 5840 in
3146 5787 3325 5855 ipsum
3380 5788 3572 5842 molie-
3656 5854 3657 5857 η
