3886 6430
405 342 507 408 175

1548 343 1812 406 ΡΠΟΤΙΙ
1853 343 2363 408 PATRIARCH/E
2418 350 2529 412 CP.

3567 359 3668 428 176

401 460 620 514 bantur.
654 456 721 511 Et
751 454 824 510 illi
859 455 1081 526 quidem
1125 465 1396 528 negarunt
1439 469 1666 526 regnum
1705 454 1846 524 ejus,
1885 467 1954 506 ne

2058 501 2064 509 ,
2087 452 2382 507 ανάστασιν
2421 455 2707 525 ἠγνόησεν,
2734 430 2804 529 ἦν
2827 476 2973 525 τινες
2992 460 3103 516 τῶν
3133 463 3368 520 πολιτῶν
3399 467 3668 544 έμιλέτη-

397 547 691 604 voluerunt
731 563 857 603 eum
897 563 1064 618 super
1113 562 1173 602 se
1230 563 1478 619 regnare.
1538 547 1637 603 llic
1693 546 1978 601 hominum

397 640 844 704 amantissimus,
875 640 1054 694 bonus
1098 638 1274 695 Patris
1306 639 1494 704 Filius,
1530 639 1654 694 fons
1681 639 1976 693 commise-

396 731 644 792 rationis.
671 730 812 786 Deus
841 731 1247 795 misericordiae,
1276 732 1394 788 haec
1415 732 1802 788 misericordia:
1830 747 1977 785 nun-

395 839 560 894 quam
596 823 874 878 vacuanda
917 823 1310 887 viscera,,non
1363 825 1540 894 potuit
1587 825 1733 880 ferre
1766 833 1973 880 tantam

393 914 597 970 civium
635 913 975 986 ingratorum
1009 915 1382 971 insolentiam.
1418 916 1608 986 Neque
1649 916 1794 971 enim
1842 931 1974 987 pec-

392 1015 636 1060 catorum
679 1005 1047 1062 humanorum
1094 1007 1310 1077 aliquod
1358 1007 1475 1062 ausi
1523 1017 1684 1064 erant
1727 1008 1826 1074 illi,
1873 1007 1973 1063 sed

391 1106 582 1152 contra
615 1099 954 1164 Creatorem,
986 1108 1175 1154 contra
1221 1109 1502 1156 auctorem
1523 1141 1538 1167 ,
1574 1110 1766 1158 contra
1798 1102 1973 1156 bene-

390 1188 678 1251 factorem,
731 1197 921 1244 contra
969 1189 1260 1258 providum
1310 1191 1548 1245 amentia
1588 1190 1901 1262 insurgebat
1951 1208 1966 1246 :

390 1281 502 1336 imo
537 1295 634 1349 pro
674 1281 831 1336 boete
877 1281 946 1336 ab
982 1280 1195 1352 origine
1223 1282 1389 1344 malo.
1421 1297 1521 1352 pro
1552 1282 1821 1338 homicida
1853 1283 1968 1354 pri-

387 1386 583 1437 maevo,
628 1387 728 1442 pro
767 1373 1085 1428 adversario
1141 1374 1382 1428 studium
1438 1374 1507 1429 ab
1538 1373 1604 1428 iis
1637 1376 1915 1445 .probatur
1951 1392 1966 1429 :

387 1479 454 1519 co
488 1464 617 1530 line,
653 1474 713 1520 ut
738 1465 895 1520 alteri
927 1466 1146 1536 quidem
1190 1466 1482 1536 imperium
1515 1467 1775 1533 demant,
1807 1468 1967 1523 alteri

383 1556 706 1627 largiantur.
743 1556 884 1624 Quid
912 1558 1077 1630 igitur
1099 1557 1250 1621 facit,
1271 1568 1327 1613 et
1352 1575 1514 1630 quam
1537 1574 1757 1629 pinnam
1783 1559 1968 1630 justus

380 1647 550 1717 judex
579 1647 648 1702 ab
687 1648 951 1718 apostatis
984 1648 1090 1703 illis
1127 1649 1365 1718 repetit?
1406 1653 1634 1710 Praestat
1676 1650 1823 1705 enim
1865 1665 1967 1704 au-

382 1738 501 1793 dire
524 1739 702 1808 ipsam
729 1739 877 1794 illam
911 1739 1243 1795 sententiam
1265 1758 1279 1795 :
1300 1739 1554 1795 Inimicos
1575 1758 1737 1807 meos,
1765 1742 1962 1812 inquit,

2084 564 2186 603 σαν
2217 551 2339 604 κατ’
2379 552 2568 606 αὑτοῦ.
2602 554 2713 608 Καὶ
2759 556 3067 627 ἠρνήσαντο
3099 557 3218 630 (75)
3248 561 3348 631 μιν
3375 565 3478 636 τὴν
3507 564 3667 636 βασι-

2080 640 2230 698 λείαν
2292 644 2491 711 αὐτοῦ,
2534 647 2637 700 οὐκ
2692 647 2970 719 ἠθέλησαν
3019 650 3079 705 δὲ
3143 651 3454 722 βασιλεύειν
3497 660 3666 715 αὑτὸν

2077 733 2165 804 ἐφ’
2209 736 2438 791 ἑαυτῶν.
2469 729 2641 801 Οὗτος
2686 739 2717 792 ὀ
2768 740 3180 814 φιλάνθρωπος,
3211 747 3242 800 ὀ
3283 747 3488 816 ἀγαθὸς
3546 753 3656 806 Πα-

2077 827 2202 898 τρὸς
2236 829 2393 894 Παῖς,
2419 831 2454 900 ἡ
2501 832 2655 901 πηγὴ
2684 831 2787 902 τῆς
2837 835 3208 905 συμπαθείας,
3246 840 3277 893 ὀ
3329 839 3426 895 τοῦ
3477 843 3666 910 έλέους

2075 916 2230 981 Θεὸς,
2259 917 2328 972 τά
2361 919 2470 974 τῶν
2518 921 2822 994 οίκτιρμῶν
2867 925 2946 996 μὴ
2992 927 3303 998 κενούμενα
3347 931 3662 1004 σπλάγχνα,

2073 1009 2176 1063 ούκ
2218 1010 2478 1080 ἠνέσχετο
2525 1011 2628 1083 τὴν
2654 1013 2928 1086 τοσαύτην
2973 1019 3266 1089 παροινίαν
3313 1021 3422 1076 τῶν
3459 1025 3663 1097 ἀχαρί-

2075 1117 2216 1156 στων
2234 1103 2401 1157 αὑτοῦ
2426 1103 2681 1160 πολιτῶν.
2717 1105 2855 1161 Οὐδὲ
2871 1107 2981 1179 γάρ
3011 1109 3071 1163 ἓν
3095 1125 3148 1165 τι
3167 1111 3280 1167 τῶν
3299 1112 3662 1184 ἀνθρωπίνων

2071 1194 2490 1265 ἁμαρτημάτων
2503 1191 2573 1268 ἦν
2601 1196 2894 1271 τολμηθὲν,
2922 1200 3062 1256 ἀλλά
3091 1203 3234 1258 κατά
3263 1202 3360 1260 τοῦ
3381 1206 3658 1273 Πλάστου,

2070 1285 2216 1339 κατά
2238 1285 2333 1341 τοῦ
2353 1287 2723 1358 Δημιουργοῦ,
2743 1289 2887 1345 κατά
2916 1291 3012 1345 τοῦ
3033 1292 3360 1364 Εὐεργέτου,
3393 1299 3536 1353 κατὰ
3556 1299 3659 1355 τοῦ

2069 1375 2370 1446 προνοητοῦ
2405 1377 2440 1449 ἠ
2472 1377 2721 1444 ἀπόνοια,
2744 1377 2860 1433 ἀλλ’
2889 1378 3030 1451 ὑπὲρ
3063 1382 3159 1435 τοῦ
3192 1383 3506 1452 ἀρχεκάκου
3555 1385 3655 1456 έχ-

2070 1466 2223 1538 θροῦ,
2249 1469 2390 1540 ὑπερ
2414 1468 2510 1523 τοῦ
2545 1469 2644 1525 ἀπ’
2671 1471 2850 1542 ἀρχῆς
2873 1471 3349 1542 άνθρωποκτόνου,
3374 1476 3516 1547 ὑπὲρ
3549 1475 3655 1531 τοῦ

2068 1561 2453 1632 ἀντικειμένου
2488 1561 2523 1631 η
2560 1559 2766 1632 σπουδή
2791 1575 2807 1594 ο
2845 1561 2934 1615 ἶνα
2959 1559 3056 1616 τοῦ
3093 1561 3193 1633 μὲν
3221 1563 3533 1632 ἀφέλωνται
3549 1565 3656 1636 τὴν

2069 1650 2370 1722 βασιλείαν,
2397 1649 2478 1722 τῷ
2501 1651 2559 1706 δὲ
2587 1651 2946 1723 χαρίσωνται.
2977 1651 3070 1706 Διδ
3085 1651 3140 1707 τί
3176 1657 3325 1708 ποιεί
3347 1671 3365 1722 ;
3399 1655 3496 1708 καὶ¹
3526 1656 3657 1712 τίνα

2065 1743 2225 1814 δίκην
2262 1744 2392 1808 τοὺς
2435 1743 2750 1808 ἀποστάτας
2798 1745 2829 1799 ὀ
2866 1744 3076 1809 δίκαιος
3127 1745 3354 1800 ἀπαιτεῖ
3417 1747 3653 1818 κριτήςς

383 1831 474 1899 qui
504 1829 786 1884 noluerunt
825 1847 906 1884 me
925 1847 1084 1900 super
1113 1847 1169 1885 se
1197 1847 1420 1903 regnare
1440 1832 1708 1895 adducite,
1741 1841 1791 1886 et
1825 1833 1954 1886 occi-

2082 1812 2244 1890 °Am
2303 1835 2413 1908 γὰρ
2473 1835 2698 1907 ἄμεινον
2766 1837 2938 1905 αὐτῆς
2987 1837 3205 1907 ἐκείνης
3271 1812 3494 1893 ἀκούειλθ

377 1922 489 1974 dite
517 1937 698 1975 coram
732 1938 814 1976 me
837 1921 906 1975 ⁸⁸.
937 1921 1210 1989 Quoniam
1242 1923 1390 1978 enim
1432 1923 1606 1978 oculis
1643 1923 1760 1979 suis
1791 1922 1962 1978 Crea-

381 2021 556 2064 torem
609 2009 942 2080 despiciunt,
978 2011 1047 2066 ad
1073 2011 1541 2082 supplantatorem
1575 2012 1956 2082 respicientes,

376 2102 574 2157 merito
600 2102 655 2156 in
684 2101 858 2157 oculis
886 2102 1114 2172 justitia‘.
1145 2103 1329 2158 omnia
1359 2103 1601 2159 videntis
1625 2112 1683 2158 et
1714 2111 1960 2159 contem-

374 2194 572 2264 plantis
617 2194 687 2250 ad
729 2195 948 2266 dignam
999 2202 1267 2250 vocantur
1323 2209 1567 2266 pmnam.
1617 2194 1687 2250 Et
1727 2196 1961 2252 occidite

371 2301 466 2340 eos
483 2301 682 2382 .c'oram
729 2301 840 2352 me,
873 2296 934 2341 ut
973 2301 1136 2358 quem
1176 2301 1290 2342 non
1326 2286 1623 2342 voluerunt
1655 2301 1956 2358 agnoscere

370 2375 590 2450 regem,
643 2393 770 2432 eum
813 2377 900 2432 vel
953 2375 1113 2432 inviti
1137 2391 1206 2431 ex
1252 2375 1342 2442 iis,
1375 2375 1578 2446 quibus
1617 2376 1956 2446 plectuntur,

370 2473 551 2543 pinnis
588 2480 642 2528 et
688 2471 891 2544 Regem
930 2479 986 2527 et
1022 2470 1232 2542 justum
1254 2470 1496 2541 iudicem
1534 2480 1856 2542 agnoscant.
1892 2470 1960 2525 Et

369 2566 627 2637 quoniam
653 2579 851 2634 corpus
873 2579 903 2617 a
927 2577 1014 2618 me
1032 2562 1326 2618 formatum
1344 2571 1401 2617 et
1426 2561 1614 2617 datum
1637 2561 1742 2617 illis
1764 2561 1959 2617 aliena:

369 2668 569 2710 manus
606 2669 745 2723 opus
773 2651 1144 2716 venditarunt,
1169 2649 1404 2706 occidite
1432 2648 1579 2714 illos,
1603 2657 1665 2702 ut
1685 2662 1785 2718 per
1808 2647 1958 2718 quod

371 2745 556 2816 injurii
591 2744 645 2798 in
682 2758 769 2800 me
797 2742 1041 2807 luerunt,
1069 2740 1323 2812 quodque
1370 2754 1497 2811 meo
1540 2737 1776 2810 imperio
1819 2738 1957 2793 sub-

376 2844 596 2906 replum
628 2834 772 2889 hosti
801 2831 1204 2904 manciparunt,
1233 2830 1304 2885 ab
1329 2843 1397 2884 eo
1436 2828 1673 2900 sejuncti
1714 2827 1958 2884 debitam

375 2928 670 2998 apostasia:
700 2941 920 2997 pinnam
953 2924 1205 2979 solvant:
1229 2921 1474 2978 Occidite
1503 2934 1601 2976 eos
1623 2934 1810 2976 coram
1840 2918 1951 2974 mel

368 3021 729 3076 Considerate
793 3032 1013 3090 poenam
1042 3058 1056 3084 ,
1135 3031 1301 3086 quam
1366 3014 1440 3070 sit
1505 3012 1839 3069 inevitabilis
1901 3017 1960 3066 et

369 3113 587 3168 acerba.
623 3109 759 3178 Quis
789 3110 897 3166 l'ert
925 3109 1257 3166 sententiam
1282 3107 1306 3161 ?
1331 3106 1501 3178 Cujus
1538 3114 1595 3161 et
1626 3105 1759 3160 illud
1801 3103 1956 3175 judi-

369 3205 550 3260 cium?
589 3203 673 3260 Ab
729 3205 891 3260 hoste
917 3202 1090 3259 occidi
1133 3201 1385 3272 quamvis
1433 3199 1662 3270 lugubre
1678 3197 1770 3263 sit,
1814 3195 1955 3251 mul-

370 3307 485 3352 tum
521 3303 704 3350 tamen
752 3293 931 3350 solatii
968 3293 1255 3348 materiam
1295 3290 1630 3361 suppeditat.
1673 3285 1959 3358 Relinquit

368 3387 517 3442 enim
573 3387 863 3441 Dominum
895 3385 1141 3439 futurum
1185 3383 1460 3448 ultorem,
1504 3390 1562 3437 et
1603 3394 1730 3452 spes
1767 3393 1956 3435 resur-

368 3478 655 3542 rectionis,
696 3491 761 3532 ac
806 3491 934 3532 cum
993 3490 1060 3531 ea
1105 3473 1387 3545 conjuncti
1435 3471 1654 3546 gaudii,
1693 3479 1954 3542 tanquam
1989 3528 2009 3541 κ

369 3569 590 3624 initium
672 3565 917 3632 laetitiae,
1004 3565 1438 3637 cogitare_eum
1521 3562 1653 3618 facit
1707 3562 1778 3618 de
1844 3562 1955 3616 im-

365 3659 613 3714 minente
638 3658 880 3713 hostium
919 3657 1086 3713 caede.
1117 3655 1352 3724 Quando
1378 3669 1509 3710 vero
1539 3653 1803 3709 Dominus
1835 3653 1955 3724 ipse

361 3749 518 3820 jubet
541 3747 744 3814 occidi,
772 3763 804 3802 a
833 3761 946 3817 quo
979 3747 1138 3813 ultio,
1165 3761 1196 3800 a
1221 3760 1330 3817 quo
1359 3743 1756 3807 misericordia,
1777 3757 1809 3797 a
1841 3757 1952 3812 quo

363 3850 489 3910 post
521 3840 982 3896 resurrectionem
1007 3838 1302 3894 exsultatio
1329 3847 1385 3892 et
1408 3834 1618 3900 laetitia,
1644 3849 1676 3888 a
1708 3847 1818 3905 quo
1840 3833 1951 3888 vita

363 3941 421 3986 et
445 3932 593 3986 salus
617 3930 985 4002 proﬁciscitur
1016 3948 1031 3985 :
1061 3945 1185 4001 quae
1211 3929 1388 3985 oratio
1413 3927 1644 3983 acerbas
1671 3935 1726 3981 et
1749 3924 1952 3980 intole-

363 4028 564 4082 rabiles
594 4025 1011 4097 reprmsentabit
1032 4024 1264 4096 poenas?
1283 4038 1406 4094 quae
1434 4021 1653 4078 dolores
1694 4020 1949 4076 acutissi-

361 4134 502 4186 mos,
529 4129 585 4175 et
605 4120 758 4174 nullo
781 4118 1042 4174 levandos
1062 4117 1371 4174 solatio?ad
1392 4131 1554 4188 quem
1578 4113 1948 4190 confugietur?

359 4214 638 4283 quodnam
673 4212 780 4267 erit
795 4211 1141 4284 refrigerium
1171 4209 1275 4266 sub
1298 4210 1545 4265 cruciatu
1561 4207 1674 4263 line
1692 4197 1942 4270 carente,

359 4314 416 4360 et
440 4305 542 4358 sub
567 4319 729 4375 poma
762 4301 1196 4358 interminabili?
1215 4302 1342 4356 Haec
1372 4299 1626 4372 cogitate,
1653 4300 1770 4354 bzec
1796 4298 1946 4370 cogi-

356 4405 536 4453 tantes
550 4396 738 4451 timete
759 4395 913 4451 vobis
933 4409 1166 4465 a'ptena,
1183 4407 1344 4464 quam
1368 4393 1424 4448 in
1452 4391 1575 4448 aliis
1591 4391 1786 4448 videtis
1805 4390 1941 4446 etab

2059 1926 2281 1999 ψῆφον
2335 1927 2483 1995 Τοὺς
2532 1929 2790 1998 ἐχθρούς
2839 1945 2982 1998 μου.
3033 1928 3382 1999 (Mai,th
3416 1929 3504 1999 μὴ
3554 1932 3655 1984 θε-

2060 2017 2377 2085 λήσαντάς
2421 2035 2500 2088 με
2544 2019 2911 2083 ,ϐασιλεύειν
2951 2019 3045 2088 ἐφ’
3091 2016 3359 2083 ἑαυτῶν,
3394 2019 3654 2091 ἀγάγετε

2059 2109 2164 2164 καί
2201 2108 2629 2180 κατασφάξατε
2663 2108 3006 2178 ἔμπροσθέν
3048 2127 3193 2180 μου.
3261 2110 3480 2182 Ἐπειδὴ
3536 2111 3653 2182 γάρ

2061 2201 2177 2265 τοῖς
2208 2199 2511 2271 ὀφθαλμοῖς
2554 2199 2737 2255 αὐτῶν
2792 2200 3046 2270 παρεῖδον
3101 2201 3201 2270 μὲν
3247 2199 3342 2254 τὸν
3382 2199 3649 2272 Ποιητὴν,

2054 2289 2376 2360 ἀπέϐλεψαν
2419 2290 2477 2344 δὲ
2525 2290 2662 2361 πρὸς
2693 2290 2809 2360 τὸν,
2837 2288 3186 2362 πτερνιστὴν,
3213 2288 3304 2343 διὰ
3348 2288 3507 2344 τοῦτο
3555 2291 3649 2343 ὲν-

2055 2382 2236 2437 ώπιον
2277 2383 2371 2436 τοῦ
2395 2381 2744 2453 παντεφόρου
2770 2382 2866 2435 καὶ
2889 2380 3333 2435 παντεπισκόπου
3361 2381 3460 2452 τῆς
3482 2381 3647 2452 δίκης
3699 2432 3704 2436 ,

2059 2473 2343 2553 ὀφθαλμοῦ
2393 2474 2493 2545 τὴν
2529 2471 2690 2539 ἀξίαν
2743 2471 3104 2528 ἀπαιτοῦνται
3139 2472 3355 2542 ποινήν.
3394 2471 3506 2528 Καὶ
3541 2490 3649 2527 κα-

2058 2564 2377 2636 τασφάξατε
2419 2564 2622 2628 αὐτοὺς
2668 2562 2983 2636 ἔμπροσθέν
3011 2579 3140 2632 μου,
3165 2561 3276 2626 ίνα,
3301 2561 3361 2615 δν
3389 2561 3491 2616 οὐκ
3514 2562 3647 2632 ὴθέο

2058 2657 2232 2728 λησαν
2275 2637 2577 2724 ἐπιγνῶναι
2624 2652 2892 2724 βασιλέα,
2945 2651 3214 2721 έπιγνῶσι
3263 2652 3358 2707 καὶ⁹
3394 2652 3645 2721 ἄκοντες,

2057 2747 2142 2812 οἷς
2174 2747 2537 2803 ἀπαιτοῦνται
2564 2746 2664 2812 τάς
2706 2745 2959 2810 εὐθύνας,
2983 2742 3210 2814 βασιλέα
3256 2743 3354 2798 καὶ
3409 2743 3644 2802 δίκαιον.

2058 2839 2170 2893 Καὶ
2193 2839 2316 2893 ἐπεὶ
2341 2838 2404 2891 τδ
2432 2838 2564 2909 παρ’
2585 2836 2726 2908 ἐμοῦ
2768 2835 2928 2906 σῶμα
2965 2833 3206 2888 πλασθὲν
3236 2833 3422 2897 αὐτοῖς
3478 2833 3646 2888 ἀλλο-

2057 2928 2216 3000 τρίας
2250 2927 2434 3000 χειρὸς
2463 2926 2626 2998 ἔργον
2665 2925 2874 2990 ἔθεντο,
2906 2923 3290 2995 κατασφάξατε
3316 2925 3534 2989 αὐτοὺς,
3563 2926 3649 2992 ὡς

2058 3023 2128 3078 ἂν
2164 3021 2232 3077 δι’
2257 3014 2321 3076 οῦ
2364 3020 2699 3092 παρῴνησαν
2737 3019 2817 3082 εἰς
2841 3017 2945 3089 ἐμὲ
2973 3018 3068 3072 καὶ
3086 3017 3185 3088 τῆς
3213 3016 3353 3088 ἐμῆς
3378 3016 3647 3081 διελόντες

2059 3112 2470 3177 αὑτοὸασιλείας
2498 3108 2874 3182 προσέρριψαν
2903 3108 2982 3182 τῷ
3016 3107 3248 3182 Ἐχθρῷ,
3277 3107 3464 3163 τούτου
3495 3109 3650 3179 διχα-

2057 3203 2280 3268 σθέντες
2311 3202 2412 3274 τὴν
2439 3202 2803 3274 ὀφειλομένην
2831 3194 2935 3256 ὦσι
2975 3199 3134 3270 δίκην
3162 3199 3261 3270 τῆς
3307 3200 3650 3264 ἀποστασίας

2057 3297 2419 3360 έκτετικότες.
2469 3293 2868 3362 Κατασφάξατε
2893 3292 3092 3356 αὐτοὺς
3141 3290 3452 3362 ἔμπροσθέν
3487 3308 3593 3362 μοο
3623 3293 3640 3348 ι

2073 3388 2396 3458 Ἐννοήσατε
2425 3386 2528 3457 τῆς
2550 3385 2825 3458 τιμωρίας
2857 3384 2919 3438 τὸ
2950 3383 3192 3454 ἀφυκτον
3239 3383 3354 3459 (76)
3399 3385 3493 3438 xci.
3547 3402 3645 3437 πι-

2057 3481 2212 3552 κρόν.
2249 3481 2347 3544 Τίς
2387 3481 2416 3534 ὀ
2457 3479 2582 3542 δοὺς
2624 3476 2998 3549 τὴνδψῆφονς
3054 3477 3212 3541 Τίνος
3245 3477 3280 3548 η
3333 3476 3642 3546 ἀπόφασιςς

2055 3567 2345 3639 Σφαγῆναι
2377 3567 2478 3639 μὲν
2510 3566 2615 3620 ὑπὸ
2639 3565 2735 3620 τοῦ
2776 3563 3026 3637 Ἐχθροῦ,
3058 3564 3165 3619 κᾶν
3214 3565 3358 3638 φέρῃ
3389 3583 3443 3620 τι
3466 3565 3649 3636 λυπη-

2057 3660 2172 3732 ρὸν,
2223 3657 2343 3714 ἀλλ’
2393 3654 2486 3712 οὖν
2527 3656 2732 3729 πολλὴν
2776 3656 3010 3727 παρέχει
3054 3655 3410 3728 παραμυθίας
3465 3657 3646 3728 ἀφορ-

2055 3751 2186 3822 μήν.
2225 3749 2543 3803 ’Υπολείπει
2585 3747 2696 3820 γάρ
2749 3747 2843 3802 τὸν
2875 3746 3155 3819 Δεσπότην
3191 3746 3504 3818 ἐκδικητὴν,
3543 3747 3643 3801 καὶ

2049 3843 2152 3912 τῆς
2184 3839 2538 3904 ἀναστάσεως
2586 3840 2682 3894 καὶ
2729 3837 2831 3909 τῆς
2861 3838 2921 3891 ὲν
2970 3837 3112 3909 αὐτῇ
3157 3838 3333 3908 χαρᾶς
3386 3837 3421 3906 ἠ
3475 3835 3638 3901 ἐλπὶς

2051 3931 2341 4005 προοίμιον
2374 3931 2526 4002 αύτῷ
2573 3930 2679 4002 τῆς
2715 3927 3060 4001 εὐφροσύνης
3096 3929 3304 3982 ἐννοεῖν
3346 3927 3641 3998 ὑποτίθησι

2047 4025 2149 4097 τὴν
2181 4022 2420 4095 σφαγήν.
2459 4022 2631 4078 Ὅταν
2657 4020 2716 4076 δὲ
2743 4021 2772 4074 ὀ
2803 4020 3088 4090 Δεσπότης
3121 4019 3285 4082 αὐτὸς
3315 4020 3640 4092 προστάσσῃ

2047 4116 2491 4188 κατασφαγῆναι,
2523 4115 2658 4188 παρ’
2681 4107 2744 4168 οῦ
2763 4114 2798 4185 ἡ
2818 4112 3122 4185 ἐκδίκησις,
3145 4112 3276 4184 παρ’
3295 4106 3358 4168 οῦ
3376 4110 3436 4165 τὸ
3458 4111 3637 4178 ἔλεος,

2047 4210 2177 4280 παρ’
2205 4203 2267 4266 οῦ
2299 4209 2334 4280 ἡ
2371 4207 2516 4280 μετά
2546 4207 2648 4276 τὴν
2695 4206 2998 4262 ἀνάστασιν
3035 4203 3360 4274 ἀγαλλίασις
3400 4202 3498 4256 καὶ
3536 4204 3637 4256 εὐ·-

2045 4302 2312 4374 φροσύνη,
2343 4300 2479 4372 παρ’
2495 4292 2556 4353 οὗ
2584 4301 2620 4372 η
2648 4297 2766 4370 ζωὴ
2786 4298 2882 4353 καὶ
2908 4299 2942 4369 ή
2967 4296 3234 4367 σωτηρία,
3253 4294 3336 4358 τίς
3355 4293 3422 4348 ἀν
3442 4310 3637 4366 παρα-

2045 4398 2224 4470 στήσῃ
2265 4395 2425 4463 λόγος
2464 4393 2528 4448 τὺ
2559 4391 2758 4465 πικρὸν
2799 4391 2897 4444 καὶ
2920 4391 3199 4461 ἀφόρητον
3234 4387 3334 4459 τῆς
3369 4387 3634 4459 πληγῆς;

355 4489 647 4544 horrendis
672 4487 1082 4557 tremendisque
1111 4486 1470 4552 cruciatibus,
1509 4495 1804 4555 antequam
1841 4496 1940 4536 eos

2058 4493 2107 4548 τὸ
2147 4487 2543 4562 ἀπαράκλητον
2577 4486 2676 4540 καὶ
2717 4483 2814 4551 ὀξὺ
2843 4483 2954 4537 τῶν
2993 4479 3292 4550 ἀλγεινῶν;
3327 4479 3466 4552 πρὸς
3505 4489 3636 4534 τινα

353 4581 688 4653 experiendo
707 4581 951 4639 discatis.
972 4580 1236 4637 Recedite
1254 4595 1285 4634 a
1311 4579 1474 4635 simili
1495 4579 1758 4644 amentia,
1782 4585 1942 4633 ante-

329 4689 517 4743 quam
557 4673 792 4730 similem
834 4673 1154 4729 sustineatis
1195 4687 1438 4745 pcenam.
1486 4669 1594 4738 Qui
1635 4671 1786 4727 enim
1827 4669 1933 4726 sub

352 4766 643 4823 amictione
707 4767 952 4823 nascitur
1011 4766 1176 4822 timor
1203 4775 1260 4822 et
1316 4763 1674 4836 paenitentia,
1723 4761 1936 4817 nullum

353 4857 514 4914 aﬂert
590 4859 826 4914 lucrum.
902 4857 1092 4926 Quoad
1146 4857 1488 4929 paenitentia!
1555 4864 1774 4928 tempus
1813 4859 1938 4924 est,

352 4967 474 5007 eam
502 4951 857 5008 admittamus
898 4968 915 5005 :
955 4951 1133 5021 quoad
1179 4950 1356 5007 venia;
1389 4950 1560 5021 ianua
1595 4962 1786 5023 aperta
1809 4962 1934 5020 est,

351 5059 423 5099 ne
445 5044 723 5116 pigremur
755 5058 855 5115 per
885 5057 1008 5098 eam
1035 5042 1286 5099 introire.
1320 5042 1516 5110 Quoad
1551 5047 1716 5101 mina;
1747 5045 1932 5100 immi-

352 5145 508 5202 nent,
537 5135 955 5191 conversionem
980 5144 1265 5190 testemur.
1303 5136 1440 5192 Dato
1471 5135 1619 5191 enim
1663 5137 1846 5209 signo,
1873 5145 1930 5194 et

349 5229 461 5285 vita
507 5231 706 5295 soluta,
741 5229 891 5284 nulla
924 5229 1158 5300 amplius
1189 5229 1380 5284 salutis
1415 5241 1669 5300 superest
1693 5231 1805 5300 via,
1826 5247 1929 5288 nec

417 5345 464 5378 ⁸⁸
490 5343 624 5399 Luc.
665 5361 775 5412 Χιπ,
804 5344 896 5398 27.

417 5577 970 5652 (75)__‘H9rriaarro.
984 5574 1234 5652 __Videtur
1255 5573 1346 5629 hic
1359 5574 1652 5652 excidisse_
1666 5577 1935 5652 particula

347 5643 582 5719 negandi
614 5643 916 5719 cumquod
947 5647 1084 5701 alias
1118 5643 1231 5698 ﬁeri
1269 5644 1577 5719 consuevit.
1612 5643 1746 5700 Eam
1785 5647 1933 5701 enim

349 5713 601 5788 postulat
644 5713 987 5788 advel-sativa
1037 5729 1273 5783 sequens
1300 5713 1401 5788 Δδέ,
1432 5723 1512 5788 Διιι
1571 5725 1932 5788 taceamwrem

350 5783 525 5857 ipsam
558 5787 610 5843 id
645 5787 805 5843 velle.
837 5789 1179 5857 Acceperunt
1226 5783 1372 5840 enim
1431 5783 1694 5842 incuriosi
1739 5786 1817 5840 illi
1880 5787 1935 5840 in

2038 4587 2194 4642 ἔσται
2221 4584 2258 4655 ἠ
2287 4579 2614 4651 καταφυγῆς
2650 4576 2736 4642 τίς
2769 4573 3039 4645 ἀνάψυξις
3065 4571 3160 4627 τοῦ
3195 4571 3404 4636 πάθους
3442 4570 3504 4624 οὐ
3541 4571 3636 4625 δε-

2038 4675 2273 4750 χομένου
2303 4671 2482 4738 τέλος,
2513 4668 2880 4738 ἀτελευτήτου
2907 4666 3008 4736 τῆς
3035 4663 3307 4736 τιμωρίας
3339 4660 3636 4733 διαμενού-

2039 4786 2140 4842 σης
2165 4784 2182 4835 ;
2224 4763 2364 4820 Ἀλλ’
2393 4762 2687 4832 ἐννοήσατε
2713 4759 2914 4825 ταῦτα,
2945 4757 3040 4811 καὶ
3077 4754 3436 4825 ὲννοήσαντες
3460 4751 3634 4824 φοϐή-

2040 4862 2170 4934 θητε
2194 4861 2297 4930 τὴν
2330 4855 2548 4928 πληγὴν
2577 4852 2813 4924 ὁρῶντες
2842 4853 2901 4904 ὲν
2924 4849 3158 4921 ἑτέροις,
3189 4847 3298 4918 πρὸ
3326 4845 3421 4900 τοῦ
3450 4845 3633 4916 ἔμπε-

2045 4958 2161 5010 σεϊν
2199 4952 2282 5018 είς
2310 4951 2532 5021 πεῖραν,
2559 4945 2625 5000 τὸ
2649 4943 2880 5014 φρικτὸν
2913 4942 3016 5014 τῆς
3035 4940 3229 5011 ὀδύνης
3254 4937 3351 4995 καὶ
3372 4937 3630 5010 φοϐερὸν,

2044 5047 2145 5103 καὶ
2173 5044 2454 5112 ἀπόστητε
2479 5037 2584 5114 τῆς
2616 5038 2738 5108 ίσης
2771 5035 3034 5098 ἀπονοίας
3062 5033 3168 5105 πρὸ
3191 5031 3290 5104 τῆς
3316 5031 3439 5103 ῐσης
3462 5048 3637 5103 τιμωο

2045 5142 2189 5214 ρίας.
2230 5137 2288 5192 ’0
2322 5134 2431 5206 γάρ
2461 5133 2522 5186 ὲν
2563 5129 2643 5200 τῷ
2682 5128 2848 5184 πάθει
2881 5127 3046 5198 φόϐος
3089 5125 3185 5180 καὶ
3213 5126 3248 5196 η
3290 5123 3634 5214 μεταμέλεια

2039 5213 2194 5286 οὐδὲν
2225 5225 2402 5281 οῐδασι
2433 5221 2628 5294 κέρδος
2657 5219 2864 5291 φέρειν.
2905 5215 3052 5282 "Em;
3089 5215 3280 5286 καιρὸς
3315 5213 3630 5285 μετανοίας,

1459 5455 1697 5512 νΑιὶιιΕ
1749 5455 2145 5515 LECTIONES
2181 5452 2271 5509 ET
2307 5449 2544 5508 NOTAE.

2045 5570 2308 5644 parabola
2339 5567 2591 5644 homines
2635 5582 2733 5622 sua
2787 5583 2817 5621 a
2861 5579 3046 5620 rerum
3088 5558 3629 5644 Domino,adeoque

2047 5629 2109 5698 ἰιι
2137 5643 2301 5695 talem
2336 5638 2732 5708 agnoscebant,
2760 5644 3085 5708 nouantem
3120 5629 3530 5708 reverebantur.

2111 5710 2232 5836 Ις’ἵοϐ)
2286 5696 2615 5778 Ἀέόυκτον.
2655 5696 2732 5762 Ita
2781 5705 2978 5778 scripsi
3039 5719 3139 5776 pro
3186 5701 3436 5775 ἀφικτον,
3475 5696 3628 5768 quod

2167 5797 2223 5836 in
2257 5795 2362 5836 ms.

2045 5795 2130 5837 est
2167 5797 2223 5836 In
2257 5795 2362 5836 ms.
