3886 6456
414 402 514 469 179

1554 393 1816 458 ΡΗΟΤΙΙ
1861 389 2370 452 PATRIARCH/E
2402 393 2508 452 CP.

3590 389 3686 466 18.0

413 515 580 585 igitur
605 525 890 568 sermones
931 511 1072 575 illos,
1119 509 1324 580 scripto
1367 507 1814 577 comprehensos,
1849 502 1994 558 desi-

2107 498 2318 569 γραφὴν
2347 497 2758 569 ἀναληφθέντας
2780 500 3148 572 ὲπεζήτησας,
3183 501 3218 571 ή
3244 500 3291 554 δ’
3323 499 3548 570 ἁρπαγὴ
3578 499 3686 552 τῶν

410 605 647 672 derasti,
693 606 883 674 rapina
910 618 1040 659 vero
1065 602 1359 666 librorum,
1397 600 1559 655 etiam
1600 598 1818 652 illorum
1857 596 1994 649 irre-

409 697 707 767 parabilem
739 697 1006 767 jacturam
1051 694 1264 759 attulit,
1297 707 1476 764 neque
1511 691 1578 746 ad
1609 703 1806 744 manus
1846 701 1996 743 nunc

412 798 497 842 est
527 790 628 842 ista
659 787 1082 851 commentatio;
1117 786 1215 840 tibi
1245 800 1375 840 vero
1404 784 1531 846 illis,
1561 798 1682 852 qua:
1715 781 1818 836 ista
1859 796 1994 834 con-

417 879 683 941 tinentur,
715 892 840 931 cum
895 876 1130 929 maxime
1157 890 1296 944 opus
1327 882 1445 940 est;
1480 873 1622 928 scias
1665 887 1729 926 ea
1773 872 1956 926 omnia
1978 910 1992 931 .

414 986 537 1040 qua:
567 985 631 1024 ex
659 968 987 1039 evangelicis
1012 976 1068 1023 et
1108 966 1421 1038 apostolicis
1461 965 1702 1021 oraculis
1749 965 1995 1035 germina

417 1055 541 1109 novi
588 1054 733 1109 illius
798 1055 1227 1110 Manichaeorum
1278 1054 1480 1110 surculi
1533 1069 1658 1110 cum
1719 1053 1998 1132 radicibus

413 1147 655 1202 cvellunt
682 1149 698 1214 (
725 1163 852 1201 nam
883 1147 972 1201 illa
1006 1163 1138 1202 sane
1165 1163 1275 1218 prae
1295 1147 1509 1202 cmteris
1529 1146 1997 1202 omnibusinevi-

419 1240 661 1306 tabiletn,
683 1255 788 1310 qua
810 1240 1225 1304 exscindantur,
1253 1238 1446 1294 falcem
1484 1238 1833 1309 immittunt),
1860 1239 1994 1304 haec,

418 1343 479 1386 ut
500 1333 810 1386 summatim
843 1333 1042 1400 dicam,
1074 1334 1354 1400 evincere,
1377 1333 1522 1404 quod
1545 1332 1716 1404 gratia
1748 1331 2001 1386 Mosaicae

2106 587 2328 658 βιϐλίων
2371 589 2484 660 (85)
2524 589 2800 652 κάκείνοις
2849 591 3138 662 ὑπερόριον
3189 589 3394 660 ζημίαν
3428 589 3686 653 ἐπέϐαλε,

2104 679 2199 732 καὶ
2239 678 2300 730 οὐ
2353 679 2587 748 πάρεστι
2632 678 2694 732 τὸ
2733 677 3165 749 συνταγμάτιονο
3201 677 3310 731 τῶν
3351 675 3411 730 δὲ
3443 678 3502 730 ὲν
3533 674 3688 742 αὐτῷ

2103 769 2600 839 κατατεταγμένων
2624 770 3016 841 προηγουμένη
3047 786 3106 822 σε
3133 768 3291 839 χρεία
3318 767 3560 836 κατέχειο
3586 767 3688 818 ὅσα

2102 861 2191 915 διά
2223 860 2732 929 τῶν.εὐαγγελικῶν
2766 861 2861 913 καὶ
2889 859 3267 914 ἀποπολικῶν
3299 858 3563 929 ῥημάτων
3591 857 3691 926 τῆς

2102 955 2450 1026 Μανιχαῖκῆς
2490 954 2808 1018 ἀποσπάδος
2845 954 3144 1025 πρόρριζον
3180 953 3283 1023 τήν
3321 952 3560 1023 βλάστην
3598 953 3694 1005 ὲκε

2103 1046 2289 1116 τέμνει
2346 1045 2365 1116 (
2393 1045 2490 1100 καὶ
2525 1045 2634 1116 γὰρ
2659 1044 2948 1098 καὶταῦτα
2977 1044 3102 1097 κατ’
3130 1044 3312 1098 αὐτῶν
3337 1045 3455 1096 ἐστι
3486 1042 3695 1113 μᾶλλον

2102 1139 2214 1194 τῶν
2247 1139 2426 1193 ἄλλων
2455 1137 2697 1208 ἄφυκτον
2727 1137 2788 1191 τὸ
2813 1137 2912 1207 τῆς
2952 1135 3194 1206 ὲκτομῆς
3226 1135 3528 1204 ἑπαφιέντα
3573 1133 3696 1204 δρέ-

2104 1231 2320 1298 πανον),
2377 1231 2525 1293 τάδε,
2561 1229 2636 1294 ὡς
2676 1229 2736 1283 ὲν
2775 1227 3059 1298 κεφαλαίῳ
3093 1229 3262 1296 φάναι
3283 1267 3298 1293 ,
3325 1226 3693 1290 ἐπιδείκνυσι,

2104 1323 2181 1387 ὠς
2209 1325 2242 1394 ή
2270 1323 2429 1394 χάρις
2454 1324 2522 1392 τῇ
2556 1322 2826 1392 Μωσαῖκῇ
2861 1319 3225 1391 κοσμογενείᾳ
3251 1318 3693 1388 συμφθέγγεται,

415 1422 484 1476 de
509 1430 695 1476 creato
721 1423 926 1478 mundo
949 1423 1249 1478 narrationi
1279 1432 1564 1488 consonet,
1593 1438 1695 1478 nec
1725 1422 1906 1477 minus
1934 1437 1999 1476 ea

2107 1415 2202 1469 καὶ
2236 1415 2384 1478 ὅσοις
2411 1413 2592 1477 ἄλλοις
2622 1412 2747 1484 ἀρτί
2782 1411 3032 1488 πολιτεία.
3061 1411 3193 1466 Θεὺν
3221 1410 3516 1480 γινώσκειν
3554 1410 3697 1465 καθε-

415 1513 598 1566 omnia
617 1555 632 1579 ,
657 1513 858 1582 quibus
896 1529 1046 1570 nunc
1072 1515 1213 1570 ratio
1240 1525 1294 1570 et
1324 1515 1571 1571 instituta
1604 1513 1775 1569 Deum
1807 1528 2002 1584 cogno-

2110 1507 2375 1577 ισταμένη
2418 1505 2850 1574 παιδαγωγεῖται
2892 1505 2989 1559 καὶ
3033 1505 3443 1560 κατενθύνεται.
3476 1504 3586 1557 Ναὶ
3623 1502 3696 1574 δὴ

417 1604 605 1658 sceudi
627 1606 981 1660 continentur
1005 1615 1060 1661 et
1083 1606 1394 1678 diriguntur
1431 1624 1446 1661 :
1479 1607 1589 1662 imo
1617 1617 1674 1662 et
1696 1606 1838 1676 quod
1858 1605 2000 1660 idem

2108 1599 2205 1652 καὶ
2241 1599 2321 1652 δτι
2369 1597 2468 1670 τὴν
2519 1597 2840 1670 σωματικὴν
2887 1600 2983 1652 καὶ
3021 1599 3224 1669 ὁρατὴν
3262 1597 3439 1651 κτίσιν
3483 1597 3699 1661 ἐκεῖνός

417 1713 736 1768 corpoream
771 1709 828 1754 et
856 1699 1123 1754 visibilem
1155 1708 1462 1754 creaturam
1499 1715 1566 1754 ex
1598 1715 1707 1753 non
1731 1699 2003 1754 exsisten-

2109 1691 2257 1744 ἔστιν
2285 1691 2315 1743 ὁ
2340 1689 2404 1742 ὲκ
2436 1689 2511 1761 μὴ
2534 1689 2704 1742 ὄντων
2731 1688 2876 1760 λόγῳ
2899 1689 3369 1760 ὑποστησάμενος,
3388 1687 3446 1753 ὃς
3469 1690 3563 1742 καὶ
3591 1688 3700 1760 τὴν

420 1790 566 1844 tibus
598 1791 767 1845 verbo
797 1791 1089 1857 creaverit,
1120 1792 1213 1862 qui
1245 1792 1640 1864 intelligibilem
1676 1800 1730 1846 et
1755 1789 2003 1845 invisibi-

2111 1781 2306 1852 νοεράν
2333 1798 2393 1834 τε
2439 1781 2534 1840 καὶ
2560 1782 2794 1850 ἀόρατον
2825 1780 3198 1852 παραπλησίῳ
3240 1780 3429 1850 σοφίας
3473 1779 3698 1850 πλούτῳ

417 1880 523 1934 lem
562 1897 663 1951 pro
695 1882 859 1936 simili
895 1859 1178 1954 sapientiae.
1221 1884 1378 1954 copia
1404 1859 1684 1954 produxit.
1729 1880 2001 1938 Praeterea

2107 1877 2453 1947 παρήγαγεν.
2500 1873 2640 1927 Ἀλλ’
2677 1872 2759 1926 ὅτι
2798 1872 2896 1926 καὶ
2921 1872 2984 1926 τὸ
3017 1871 3358 1958 ἀνθρώπινον
3398 1873 3559 1942 σῶμα
3589 1871 3699 1942 τῆς

415 1985 568 2035 vero,
603 1973 749 2043 quod
788 1988 987 2043 corpus
1042 1973 1345 2028 humanum
1391 1988 1547 2043 atque
1574 1988 1639 2027 ac
1713 1973 1893 2028 anima
1936 1973 2003 2028 ab

2107 1969 2277 2040 αὐτῆς
2315 1969 2431 2020 ἐστι
2464 1964 2853 2036 φιλανθρώπου
2896 1966 2994 2018 καὶ⁸
3026 1961 3376 2034 ἀγαθουργοῦ
3407 1964 3696 2035 προνοίας,

415 2063 607 2119 eadem
653 2063 994 2134 providentia
1052 2063 1296 2119 benefica
1343 2072 1400 2119 et
1444 2064 1727 2118 hominum
1783 2072 2002 2120 amante

2107 2059 2296 2130 ὥσπερ
2334 2059 2431 2113 καὶ
2466 2059 2500 2129 η
2546 2057 2694 2129 ψυχὴ
2736 2056 3141 2130 φιλοτέχνημα,
3173 2059 3266 2111 καὶ
3294 2058 3370 2122 ὡς
3395 2059 3445 2111 οί
3487 2060 3554 2128 τῇ
3600 2074 3697 2110 νο-

414 2154 720 2225 profectum
746 2154 848 2219 sit;
883 2153 1139 2225 quodque
1183 2154 1412 2224 insuper
1445 2154 1560 2219 illi,
1601 2154 1694 2224 qui
1751 2153 1804 2208 in
1828 2153 2000 2209 veteri

2107 2153 2243 2223 μικῇ
2293 2151 2540 2222 πολιτείᾳ
2567 2149 2967 2220 διαπρέψαντες
2993 2149 3126 2202 Θεόν
3147 2167 3206 2202 τε
3239 2150 3332 2203 τὸν
3375 2150 3552 2222 ἀληθῆ
3593 2151 3695 2204 καὶ

414 2245 722 2302 ωοοιιοηιίει
752 2245 1146 2312 inclaruerunt,
1172 2246 1343 2300 Deum
1371 2261 1563 2302 verum
1591 2255 1647 2301 et
1669 2246 1874 2302 bonum
1903 2246 2001 2301 eo?

416 2339 656 2404 luerunt,
693 2345 749 2392 et
776 2337 996 2391 malitiae.
1028 2352 1087 2391 se
1117 2345 1514 2408 opposuerunt.
1546 2340 1723 2408 Atque
1751 2338 1854 2392 ista
1874 2338 2000 2408 qui-

415 2429 560 2494 dem,
575 2429 755 2500 quoad
771 2445 867 2500 per
878 2428 1022 2485 vires
1034 2429 1270 2494 licuerit,
1285 2428 1682 2500 difﬁcultasque
1695 2439 2000 2500 temporum

417 2522 752 2592 permiserit,
781 2523 1225 2578 commentationi
1257 2532 1460 2578 nostra:
1483 2523 1842 2589 destinantes,
1874 2523 2000 2592 qui-

418 2617 521 2671 bus
555 2613 688 2685 ipsis
716 2614 905 2678 etiam,
935 2623 1088 2684 puto,
1121 2613 1454 2670 desiderium
1489 2625 1640 2671 tuum
1673 2616 1997 2680 absolvitur,

413 2706 687 2762 sanctitati
713 2715 820 2762 tuae
839 2722 986 2762 nunc
1012 2706 1303 2761 mittimus.
1337 2705 1495 2774 Quod
1521 2707 1568 2763 si
1597 2718 1814 2779 sperata
1845 2709 2002 2764 inve-

414 2799 586 2867 neris,
625 2800 680 2855 id
710 2799 931 2870 quidem
976 2801 1232 2871 precibus
1277 2800 1386 2855 tuis
1428 2809 1484 2857 et
1513 2802 1750 2858 orationi
1794 2803 1849 2857 in
1893 2805 2002 2858 fide

415 2891 574 2946 facta:
601 2891 950 2946 tribuendum
1003 2891 1188 2948 fuerit.
1237 2892 1296 2948 Si
1333 2907 1467 2948 vero
1513 2893 1823 2956 inveneris,
1853 2896 2002 2965 quod

416 2997 530 3037 non
583 2992 982 3053 exspectasses,
1029 2983 1082 3039 id
1123 2991 1402 3055 perpetuae
1449 2984 1845 3050 invaletudini,
1892 3003 1999 3057 qua

415 3090 541 3130 cum
572 3075 957 3144 corpusculum
991 3090 1176 3131 meum
1206 3075 1573 3145 conﬂictatur,
1605 3088 1660 3133 et
1693 3087 1999 3149 temporum

2101 2248 2164 2315 ἀγ
2177 2245 2305 2299 αθδν
2333 2245 2689 2315 ἐθεράπευον,
2712 2243 2808 2297 καὶ
2834 2242 2976 2298 κατά
2996 2242 3098 2311 τῆς
3124 2242 3392 2314 πονηρίας
3419 2241 3698 2313 παρετάτὲ

2101 2355 2277 2393 τοντο.
2310 2335 2498 2392 Ταῦτα
2525 2335 2615 2407 δὴ,
2641 2335 2841 2402 ταῦτα,
2867 2335 3099 2388 καθόσον
3129 2329 3246 2388 οἷόν
3263 2333 3323 2387 τέ
3353 2336 3507 2386 ἐστιν
3529 2335 3698 2405 ἡμῖν,

2103 2431 2198 2485 καὶ
2218 2431 2251 2500 ή
2271 2428 2366 2482 τοῦ
2388 2427 2585 2498 καιροῦ
2604 2429 2878 2499 συγχωρεῖ
2895 2425 3158 2497 βαρύτης,
3178 2423 3695 2490 καθυποϐἀλλοντες

2105 2522 2319 2576 ικδόσει
2350 2521 2432 2593 (ὲν
2459 2520 2672 2584 τοῦτοις
2695 2519 2826 2591 γάρ,
2847 2515 3022 2590 οἶμαι,
3045 2518 3446 2590 περιγράφεται
3477 2517 3708 2574 coaan

2101 2613 2162 2668 τὸ
2187 2611 2440 2686 αῐτημα),
2463 2614 2532 2682 τῇ
2556 2613 2622 2683 σῇ
2647 2610 3068 2682 διεπεμψάμεθα
3091 2611 3353 2680 ὁσιότητι.
3387 2611 3497 2664 Καὶ
3515 2611 3564 2664 εί
3592 2613 3698 2682 μὲν

2103 2705 2311 2776 εὕροις,
2329 2705 2404 2768 ὡς
2421 2703 2796 2776 ήλπισας,τῆς
2818 2703 2919 2772 σῆς
2941 2703 3007 2757 ἂν
3020 2703 3186 2772 εὐχῆς
3197 2703 3305 2774 εἴη,
3328 2703 3530 2774 καὶτῆς
3546 2703 3698 2759 κατά

2100 2799 2202 2869 τήν
2231 2797 2416 2851 πίστιν
2449 2798 2722 2869 αἰτήσεως
2764 2797 2800 2868 ή
2829 2796 3102 2868 ἐνέργεια.
3149 2797 3214 2850 Et
3245 2797 3302 2851 δὲ
3328 2797 3428 2861 τὰς
3464 2797 3699 2862 ἐλπίδας

2103 2891 2386 2960 ὲκνικήσει
2419 2888 2483 2943 τὸ
2511 2889 2798 2961 ἀδόκητον,
2837 2887 3000 2942 τοῦτο
3045 2887 3114 2959 δὴ
3159 2891 3288 2953 ταῖς
3315 2906 3374 2942 τε
3405 2892 3701 2959 συνεχέσιν

2103 2981 2464 3056 ἀρρωστίαις,
2496 2977 2585 3046 αἶς
2616 2982 2678 3035 οὐ
2711 2982 2871 3052 λήγει
2907 2980 3277 3054 παρεεθοχλοῦν
3307 2983 3466 3053 ήμῶν
3494 2982 3558 3035 τὸ
3589 2999 3702 3035 σω-

2109 3077 2323 3146 μάτιον,
2356 3077 2453 3129 καὶ
2484 3077 2550 3147 τῇ
2587 3069 2681 3128 τοῦ
2723 3075 2915 3147 καιροῦ
2949 3075 3164 3144 λογίζου
3197 3074 3552 3146 χαλεπότητι.
3594 3077 3700 3129 "Av

415 3165 721 3221 difﬁcultati
759 3175 1044 3238 acceptum
1098 3167 1263 3224 feres.
1304 3168 1359 3223 Si
1394 3170 1615 3239 quando
1657 3170 1887 3226 fortasse
1913 3172 2000 3226 di-

2107 3169 2303 3240 δήποτε
2350 3167 2451 3239 τῆς
2505 3166 2655 3230 Θείας
2697 3167 3008 3236 ἐπισκοπῆς
3065 3166 3397 3239 παρορώσης
3452 3168 3555 3238 μὲν
3609 3164 3703 3231 οἷς

346 3307 350 3310 ,
414 3256 544 3310 vina
594 3257 937 3328 providentia
994 3258 1063 3313 ad
1113 3271 1338 3328 peccata
1405 3268 1597 3316 nostra
1663 3263 1997 3328 conuiveat,

418 3347 691 3417 rebusque
733 3348 940 3403 nostris
974 3348 1269 3418 benignius
1290 3351 1561 3417 consulat,
1607 3351 2000 3423 hominumque

415 3436 554 3492 iram
596 3452 704 3492 non
749 3439 1102 3508 promeritam
1141 3439 1198 3493 in
1246 3441 1726 3497 mansuetudinem
1770 3458 2001 3499 conver-

417 3535 519 3594 tat,
562 3538 726 3598 atque
777 3528 856 3584 sic
900 3529 976 3594 id,
1018 3529 1162 3600 quod
1207 3530 1368 3585 initio
1418 3532 1651 3602 petiisti,
1692 3534 1759 3588 ad
1808 3550 2004 3590 manus

418 3629 542 3677 tuas
577 3621 890 3693 perveniat;
947 3637 1057 3677 non
1109 3622 1419 3688 miraberis,
1474 3624 1576 3680 ista
1632 3626 1904 3696 relegens,
1956 3627 2002 3682 si

415 3713 678 3784 pleraque
705 3727 918 3777 eorum,
953 3729 1074 3784 quae
1099 3713 1173 3769 ibi
1199 3723 1440 3780 exstant,
1485 3716 1576 3773 hic
1606 3719 2003 3788 comprehensa

419 3807 718 3863 inveneris.
753 3805 860 3862 Sed
889 3822 992 3862 nec
1019 3807 1306 3865 miraberis
1355 3809 1625 3876 vicissim,
1665 3812 1712 3865 si
1758 3812 1846 3865 illa
1890 3829 2004 3868 non

419 3898 621 3954 adsint.
651 3897 786 3951 Nam
812 3897 1011 3953 oblivio
1045 3914 1191 3969 saepe
1220 3899 1276 3954 in
1311 3915 1375 3955 ea
1414 3901 1754 3969 dominatur,
1793 3919 1916 3974 qua:
1949 3914 2006 3961 et

416 3989 715 4060 praestabat
735 3997 790 4044 et
812 4005 1036 4045 necesse
1072 4000 1190 4046 erat
1229 3991 1390 4054 scire,
1436 3992 1491 4047 in
1521 3994 1712 4063 primis
1745 3995 1837 4050 ubi
1872 4013 2006 4052 con-

417 4079 626 4134 flictum
664 4096 788 4134 cum
817 4081 980 4135 rebus
1017 4082 1380 4152 praesentibus
1420 4083 1606 4140 infert.
1656 4085 1829 4142 Simul
1877 4104 2007 4144 vero

418 4183 524 4224 nec
567 4169 738 4232 illud,
787 4170 971 4237 velim,
1022 4173 1441 4241 praetermittas;
1499 4177 1645 4246 quod
1689 4194 1798 4233 non
1843 4181 2005 4236 aliam

416 4276 729 4331 novamque
784 4265 1304 4342 commentationem
1379 4267 1437 4322 in
1504 4270 1743 4326 medium
1806 4273 2006 4330 afl'erre

417 4352 780 4408 constitutum
825 4354 919 4420 sit,
951 4355 1046 4411 sed
1082 4365 1291 4412 tantum
1338 4359 1395 4414 in
1436 4360 1540 4417 hac
1588 4377 1772 4419 rerum
1826 4367 2005 4437 inopia

417 4444 625 4516 aliquid
686 4444 742 4500 in
782 4447 1038 4503 solatium
1073 4449 1304 4518 jactura;
1335 4452 1538 4524 prioris
1593 4463 1649 4512 et
1706 4459 2003 4518 oblivionis

417 4538 687 4593 medelam
728 4540 887 4596 nobis
934 4549 990 4597 et
1037 4542 1230 4599 amicis
1285 4546 1390 4602 hoc
1437 4548 1816 4622 qualecunque
1871 4570 2000 4627 sug-
2028 4527 2080 4588 Β

416 4645 626 4701 gerere.
684 4683 688 4686 _

487 4721 555 4776 ll.
589 4722 806 4779 Initium
833 4725 969 4782 aciei
1002 4737 1239 4796 nostrae,
1298 4741 1489 4788 contra
1534 4735 1879 4795 adversarios
1918 4741 2007 4795 in-
2087 4769 2090 4774 -

2101 3261 2516 3332 ἁμαρτάνομεν,
2554 3260 2949 3332 εὐμενέστερον
2972 3260 3029 3314 δὲ
3051 3260 3432 3331 διατιθεμένης
3458 3263 3528 3316 τά
3552 3261 3705 3333 ήμέ-

2101 3368 2258 3424 τερα,
2301 3352 2397 3404 καὶ
2435 3351 2534 3422 τήν
2567 3350 2915 3422 ἀνθρωπίνην
2945 3351 3039 3405 καὶ
3077 3351 3319 3406 ἀναίτιον
3348 3350 3534 3422 ’ὀργὴν
3574 3351 3704 3406 δια-

2101 3443 2337 3512 λυούσης
2365 3443 2446 3505 είς
2477 3443 2787 3514 πραότητα,
2823 3443 2886 3495 τὸ
2926 3442 3049 3496 κατ’
3095 3443 3274 3514 ἀρχὰς
3299 3443 3545 3514 ξαίτηθὲν
3576 3443 3700 3514 (8!)

2102 3537 2223 3598 ταῖς
2253 3537 2374 3598 σαῖς
2402 3534 2560 3604 χερσὶ
2593 3533 2997 3606 περιενεχθείη,
3036 3535 3203 3606 μηδὲν
3235 3535 3527 3607 θαυμάσῃς
3553 3537 3703 3591 ἀνα-

2103 3628 2418 3699 λεγόμενος,
2450 3630 2499 3681 εί
2536 3627 2650 3697 (85)
2680 3629 2749 3682 τά
2774 3628 2947 3681 πλείω
2975 3628 3085 3682 τῶν
3117 3631 3178 3684 ὲν
3212 3628 3363 3700 αὖτῷ
3404 3629 3705 3684 κάνταῦθα

2106 3718 2608 3790 συμπεριείληπται
2633 3759 2648 3785 ,
2677 3717 2816 3772 ἀλλά
2845 3717 3157 3773 τούναντίον
3200 3721 3248 3774 εί
3295 3720 3372 3790 μὴ
3406 3723 3701 3792 παρεῖται.

2107 3811 2261 3882 Λήθη
2309 3810 2419 3881 γὰρ
2468 3809 2730 3873 πολλάκις
2781 3811 2877 3864 καὶ
2926 3811 3036 3865 τῶν
3086 3813 3314 3882 ἄμεινον
3360 3813 3563 3866 εἰδέναι
3599 3815 3705 3867 καὶ

2105 3905 2217 3957 τῶν
2249 3903 2566 3972 ἀναγκαίων
2607 3901 2976 3975 ἐπεκράτησε,
3013 3902 3249 3973 μάλιστά
3276 3920 3339 3972 γε
3365 3905 3707 3976 συμμαχίαν

2106 3995 2207 4066 τὴν
2231 3995 2296 4047 ἐκ
2320 3995 2430 4049 τῶν
2468 3993 2756 4064 παρόντων
2782 3995 2831 4048 εί
2855 3996 3237 4064 συνεπάγοιτο.
3281 3997 3435 4065 ’Ἅμα
3462 3997 3520 4050 δὲ
3556 3999 3706 4068 μηδὲ

2107 4089 2284 4140 ἐκεῖνο
2315 4085 2458 4140 δίδου
2497 4087 2772 4157 παρορᾷν,
2805 4086 2887 4140 ὅτι
2925 4087 2999 4156 μὴ
3041 4087 3305 4159 προάγειν
3335 4087 3503 4157 ἀλλην
3546 4107 3706 4161 πρα-

2107 4177 2399 4249 γματείαν,
2446 4176 2594 4242 ἀλλ’,
2632 4176 2708 4240 ώς
2757 4178 2818 4231 ὲν
2849 4178 3112 4249 ἀπόροις,
3147 4179 3248 4250 τῆς
3283 4181 3707 4252 ὲστερουμὲνης

2107 4269 2460 4342 παραμύθιον
2489 4267 2588 4322 καὶ
2614 4267 2786 4341 λήθης
2817 4270 3109 4342 φάρμακον
3133 4273 3355 4338 ’ἑαυτοῖς
3387 4274 3483 4328 καὶ
3515 4274 3707 4343 φίλοις

2109 4361 2545 4431 ἀντεισάγοντες.

2175 4734 2252 4788 Β’.
2305 4734 2474 4808 Ἀρχὴ
2501 4736 2559 4790 δὲ
2589 4735 2723 4808 ήμῐν
2748 4735 2852 4805 τῆς
2893 4719 3185 4795 κατάτῶν
3233 4734 3552 4790 ἀντιπάλων
3583 4755 3705 4792 πα-
3738 4744 3744 4748 ’

416 4813 711 4877 struendae,
748 4815 860 4884 ipsa
893 4817 1110 4874 Domini
1133 4835 1300 4890 opera
1333 4832 1388 4878 et
1429 4827 1592 4881 verba
1633 4838 1782 4884 sunt.
1817 4830 2003 4902 Neque

2107 4827 2405 4900 ρατάξεως,
2422 4829 2564 4882 αὐτὰ
2582 4827 2651 4880 τὰ
2673 4826 2983 4881 Δεσποτικά
3008 4826 3147 4896 ἔργα
3169 4827 3262 4880 καὶ
3283 4827 3348 4897 ρή
3358 4845 3527 4898 ματα.
3553 4827 3708 4883 Οὔτε

416 4902 569 4956 enim
598 4919 702 4960 nos
728 4906 948 4962 aliunde
975 4927 1270 4980 possumus
1291 4929 1534 4986 pugnare
1561 4918 1793 4988 felicius,
1827 4939 2003 4993 neque

2107 4919 2215 4991 γὰρ
2247 4921 2379 4990 ἡμῖν
2434 4918 2731 4989 ἀλλαχόθεν
2787 4916 3215 4988 στρατηγεῖσθαι
3271 4916 3504 4987 βέλτιον,
3565 4919 3707 4974 οὔτε

417 4993 669 5051 hostibus
717 4999 1043 5069 quidquam,
1094 5019 1258 5073 quam
1301 5007 1433 5062 inde
1477 5023 1579 5064 nos
1649 5027 1998 5083 oppugnare,

2107 5011 2218 5072 τοίς
2252 5007 2536 5079 πολεμίοις
2563 5006 2777 5079 βάλλειν
2803 5005 3226 5078 εὐστοχώτερον,
3257 5006 3377 5061 ἀλλ’
3399 5008 3523 5061 οὐδὲ
3553 5009 3712 5063 ὲκεί-

416 5085 593 5156 magis
640 5087 863 5143 obvium
900 5101 1002 5160 est,
1046 5110 1226 5166 neque
1265 5096 1460 5153 iisdem
1511 5101 1618 5156 ulla
1664 5102 1790 5170 alia,
1837 5121 1999 5174 quam

2107 5123 2230 5169 νους
2265 5103 2489 5158 πίπτειν
2519 5099 2895 5174 φοϐερώτερον
2924 5101 2957 5172 ἢ
2989 5102 3341 5174 ἀθλιώτερον.
3384 5103 3530 5173 Ὅρα
3561 5103 3713 5171 γοῦν

1496 5275 1734 5335 ἾΑΒΙΛΕ
1768 5280 2152 5339 LECTIONES
2178 5283 2266 5340 ET
2289 5283 2524 5341 ΝΟΤᾸὶ.

484 5439 601 5514 (θᾷ)
639 5436 906 5514 ῘΑρεζᾳχή
941 5439 1066 5514 τῶν
1099 5440 1375 5514 βιϐλίαν.
1402 5441 1639 5514 Quando
1677 5443 1765 5497 illa
1796 5443 1993 5500 Photio

2107 5443 2424 5514 posteriore,
2456 5444 2665 5513 inqua,
2700 5458 2982 5513 nunquam
3012 5443 3260 5514 pristinae
3295 5443 3427 5498 sorti
3460 5444 3710 5500 restitu-

415 5507 709 5584 acciderit,
749 5507 1043 5584 difﬁculter
1078 5509 1244 5584 ‘forte
1292 5511 1606 5584 conjectura
1669 5515 2004 5584 assequaris.

415 5579 646 5636 Constat
669 5578 892 5650 quidem
933 5579 1189 5651 Photium
1221 5580 1349 5635 sede
1396 5578 1501 5636 sua
1543 5578 1895 5651 patriarcb'ali
1921 5585 2007 5640 bis

416 5651 633 5722 pulsum
659 5665 802 5722 esse,
830 5665 933 5704 ceu
961 5650 1252 5722 diligenter
1275 5653 1501 5722 exppnit
1529 5650 1794 5708 Martinus
1820 5653 2004 5709 Hanc-

417 5719 562 5792 kius,
594 5720 672 5792 De
701 5718 1124 5792 Byzantinarttm
1157 5735 1331 5792 rerum
1346 5718 1712 5792 scriptoribus
1741 5765 1755 5786 ,
1787 5734 1926 5792 part.
1961 5741 2000 5790 ι,

420 5805 472 5842 c.
495 5790 580 5844 18.
611 5791 748 5862 cum
775 5792 1033 5846 alterutra
1059 5791 1162 5845 hac
1187 5791 1495 5862 calamitate
1531 5790 2000 5862 librortimjactu-

421 5875 539 5914 ram
568 5861 918 5927 coniunctam
950 5861 1118 5919 fuisse
1143 5861 1469 5918 crediderim
1492 5903 1507 5932 ,
1531 5873 1587 5918 et
1616 5861 1844 5921 fortasse
1873 5880 1998 5920 eum

2106 5513 2214 5578 tus,
2246 5515 2403 5578 obiit,
2437 5514 2499 5584 in,
2528 5514 2760 5584 quadam
2789 5515 2926 5569 urbe
2959 5513 3370 5578 Armeniorum,
3401 5529 3564 5582 quam
3598 5531 3706 5571 re-

2104 5585 2322 5656 gionem
2354 5583 2681 5656 Paulicianis
2710 5583 3029 5656 abundasse
3053 5583 3196 5656 liber
3222 5599 3236 5636 ι
3267 5584 3448 5656 docet.

2175 5654 2593 5726 (84)}izq0ér.
2626 5651 2874 5726 Petierat_
2911 5653 3127 5726 scilicet
3150 5653 3420 5726 Arsenius
3444 5653 3704 5726 priorem

2102 5722 2246 5848 illar'p
2269 5722 2472 5778 'Photii
2521 5723 3066 5792 commentationem,
3096 5723 3312 5782 duobus
3344 5723 3499 5782 libris
3533 5738 3704 5780 com-

2102 5811 2195 5848 l)l'8
2239 5809 2449 5848 ensam.
3306 5837 3308 5840 ,
3508 5835 3510 5838 .

2099 5809 2449 5865 υτεηεληεέιηι.
2642 5863 2650 5865 _
2730 5863 2738 5865 ν
3306 5837 3308 5840 ,
3508 5835 3510 5838 .

2173 5862 2286 5928 (85)
2317 5863 2410 5920 El.
2443 5865 2522 5921 lla
2547 5863 2745 5935 scripsi
2774 5879 2874 5935 pro
2897 5865 2995 5928 είς.
