3886 6438
213 347 293 414 181

1160 352 1457 413 CONTRA
1496 350 1956 415 MANICH/EOS
1992 354 2223 414 LIBER
2264 355 2360 415 IV.

3334 343 3436 410 182

209 463 335 523 οπως
359 458 413 523 ἐξ
440 456 611 526 αὐτῆς
636 456 914 529 συμϐολῆς
952 458 982 511 ὁ
1014 450 1268 529 βασιλεὺς
1303 460 1413 515 τῶν
1444 461 1605 527 ὅλων,
1659 460 1757 513 καὶ

1866 462 1992 517 hinc
2047 472 2267 532 accepta
2321 460 2524 528 clades,
2573 458 2875 515 luctuosior
2925 464 3019 512 aut
3071 456 3281 526 gravior
3313 472 3439 513 esse

211 550 373 620 Σωτὴρ
402 548 555 618 ἡμῶν
582 548 670 602 καὶ
701 550 1009 621 στρατηγὸς
1036 551 1126 603 τὸν
1151 552 1369 622 χάρακα
1400 551 1511 604 τῶν
1537 551 1752 622 ἐχθρῶν

209 642 259 706 ἐξ
284 640 449 693 αὐτῶν
481 638 761 710 κρηπίδων
800 641 1046 711 ἁνασπᾷξ
1080 642 1175 694 καὶ
1215 642 1625 712 καταστρέφει,
1659 642 1755 695 καὶ

212 733 373 802 συγχεί
403 732 462 783 τὸ
490 731 748 801 φρόνημα
769 771 784 797 ,
828 732 925 786 καὶ
952 731 1299 796 διασκεδάξει
1325 733 1386 785 τὸ
1412 732 1614 801 θράσος
1646 733 1755 786 τῶν

208 824 517 879 ἀποστατῶν.
547 822 612 875 Τί
638 822 914 892 βουλεύων
935 825 1030 877 καὶ
1061 824 1187 878 τίνα
1220 825 1420 895 τέχνην
1446 825 1632 890 κινῶν,
1660 825 1756 877 οὐ·

208 915 280 969 ὁὲν
309 914 774 985 μεμηχανημένον,
821 914 943 968 οὐδὲ
980 914 1051 967 δι’
1090 914 1319 985 ἀγώνων
1351 914 1441 969 καὶ
1490 915 1755 986 καμάτων

211 998 395 1073 προϊὸν,
417 1002 532 1057 ἀλλ’
553 1002 669 1074 ἅμα
691 1020 752 1058 τε
779 1003 967 1076 φωνὴν
994 1004 1189 1075 ἀφίησι
1222 1005 1383 1076 μόνον
1404 1044 1421 1069 ,
1449 1006 1544 1059 καὶ
1577 1005 1755 1059 πάντα

211 1095 269 1149 τά
295 1094 392 1147 τῶν
418 1093 690 1165 πολεμίων
722 1094 1041 1164 ἠφάνισται.
1068 1094 1248 1149 Πᾶσα
1284 1096 1394 1165 γὰρ
1414 1136 1429 1161 ,
1454 1096 1607 1166 φησὶ,
1636 1096 1757 1160 ,ϐα-

210 1186 383 1241 σιλεία
420 1184 775 1254 μερισθεῖσα
824 1186 953 1240 καθ’
1005 1186 1229 1257 ἑαυτῆς
1261 1187 1603 1256 ἐρημοῦται,
1653 1187 1755 1241 καί

211 1274 352 1334 πᾶσα
393 1275 569 1342 πόλις
612 1275 651 1344 ἢ
689 1277 851 1330 olxla
876 1277 1235 1346 μερισθεῖσα
1261 1277 1391 1332 καθ’
1435 1276 1656 1347 ἑαυτῆς
1683 1281 1757 1334 οὐ

212 1366 561 1435 ἂταθήσεται.
613 1368 779 1439 Ὁρᾷς
800 1410 816 1434 ,
851 1368 999 1432 ὅπως
1021 1369 1051 1421 ὁ
1079 1368 1317 1438 φθόγγος
1350 1369 1565 1441 ἠχήσας
1596 1371 1757 1440 μόνον

211 1459 295 1527 τῆς
340 1457 630 1527 σάλπιγγος
664 1459 767 1529 τῆς
814 1457 1134 1529 βασιλικῆς,
1178 1459 1240 1512 τὸ
1289 1459 1601 1529 χαράκωμα
1648 1459 1759 1512 τῶν

214 1548 395 1619 ἐχθρῶν
432 1548 713 1620 διέφθειρέ
751 1567 810 1603 τε
846 1551 941 1605 καὶ
978 1550 1323 1622 ἐξερήμωσε.
1371 1550 1482 1605 Καὶ
1526 1550 1580 1603 τί
1617 1550 1768 1617 λέγω

214 1641 524 1714 χαράκωμας
554 1641 695 1695 ἀλλὰ
722 1642 819 1696 καὶ
846 1642 947 1713 τὴν
978 1641 1155 1706 πόλιν,
1207 1641 1304 1695 καὶ
1329 1641 1463 1694 αὐτὸ
1490 1642 1590 1711 τῆς
1622 1643 1760 1696 ἀπο-

215 1733 438 1798 στοσίας¹,
468 1732 608 1804 ὅπερ
645 1734 768 1797 ταῖς
814 1733 995 1787 αὐτῶν
1020 1732 1487 1797 δυσσεϐεστάταις
1524 1733 1624 1786 καὶ
1660 1750 1759 1787 πε-

212 1822 547 1895 πλανημέναις
584 1824 857 1888 ἐπινοίαις
883 1824 1259 1879 ἀνεπλάσαντό
1286 1842 1347 1878 τε
1387 1825 1484 1879 καὶ
1512 1824 1761 1896 ὠχύρουν
1790 1807 1838 1866 Β

216 1916 467 1985 βασίλειον,
509 1914 576 1969 Ei
617 1917 733 1987 γὰρ
774 1917 1024 1987 βασιλεία
1076 1916 1409 1988 μεριζομένη
1442 1919 1529 1986 ἐφ’
1560 1917 1762 1988 ἑαυτῆς

214 2008 293 2077 οὐχ
320 2007 622 2075 ὑφίσταται,
655 2007 769 2060 ἀλλ’
800 2007 938 2080 αὑτὴ
965 2009 1095 2079 περὶ
1139 2009 1308 2079 αὐτὴν
1344 2008 1538 2063 θᾶττόν
1566 2025 1625 2060 τε
1658 2025 1762 2061 κα·-

214 2101 377 2171 ταρρεϊ
397 2099 489 2154 καὶ
518 2098 882 2169 ἀφανίζεται,
913 2101 946 2168 ἡ
989 2099 1047 2154 δὲ
1086 2100 1421 2171 δημιουργὸς
1470 2101 1581 2153 τῶν
1624 2102 1763 2154 ὅλων

216 2189 332 2259 ἀρχὴ
357 2189 443 2242 καὶ
474 2188 726 2259 βασιλεία
753 2190 821 2244 δι’
853 2190 1049 2253 αίῶνος
1086 2190 1258 2260 μένει,
1290 2192 1366 2253 ὠς
1392 2190 1459 2244 ἂν
1488 2190 1599 2243 οὐδ’
1624 2176 1763 2245 αὐτὸ

215 2280 263 2333 τὸ
307 2282 395 2350 τῆς
447 2281 788 2345 ἁποστασίας
839 2280 1281 2351 ἀποθρασυνθείη
1338 2281 1760 2354 ὲξαρνήσασθαι.

216 2372 326 2424 Οὐδὲ
343 2373 443 2443 γάρ
468 2372 592 2426 οὐδὲ
626 2374 790 2444 μέχρι
818 2371 914 2427 νῦν
935 2375 963 2427 ὁ
990 2373 1176 2428 ’πάντα
1200 2373 1543 2444 νεωτερίζων
1571 2374 1765 2445 χρόνος

217 2464 375 2518 οὗδένα
417 2464 739 2535 παρέδειξεν
792 2465 874 2527 είς
929 2464 1188 2534 τοιαύτην
1238 2464 1442 2518 λύσσαν
1492 2465 1764 2536 ἐκλυσσή-

218 2570 374 2608 σαντα.
404 2555 463 2608 El
491 2553 587 2608 οὖν
623 2556 656 2626 ή
691 2554 789 2609 τοῦ
819 2556 1057 2625 Ἀγαθοῦ
1083 2556 1249 2629 ἀρχὴ,
1281 2556 1356 2620 ὡς
1380 2558 1545 2610 πᾶσιν
1572 2557 1764 2625 ἐπίδη-

218 2644 307 2707 λον,
348 2644 605 2712 κρείττων
647 2645 830 2716 πάσης
884 2645 1184 2711 διαλύσεως
1209 2686 1225 2711 ,
1279 2648 1398 2713 πῶς
1447 2648 1508 2699 οὐ
1563 2647 1768 2718 μᾶλλον

218 2735 577 2808 ἐπιδηλότερον,
612 2736 689 2800 ὡς
717 2732 804 2800 αἷς
839 2737 996 2790 αὐτοὶ
1022 2738 1083 2791 τὸ
1112 2736 1307 2809 όλόκλη
1316 2755 1409 2809 ρον
1437 2739 1612 2803 αὐτῆς
1642 2741 1767 2807 ταῖς

218 2825 409 2895 τόλμαις
450 2825 956 2898 διασπαράσσοντες
989 2828 1236 2899 πονηράν
1267 2828 1444 2900 ἀρχὴν
1472 2847 1765 2901 σκηνοποι-

218 2915 342 2969 οῦσιν
369 2916 458 2970 καὶ
487 2916 992 2989 παραπηγνύουσι,
1025 2916 1123 2984 τὴν
1170 2919 1272 2989 μὲν
1311 2918 1406 2972 τοῦ
1441 2922 1627 2974 κοινοῦ
1670 2923 1766 2975 καὶ

219 3008 389 3075 ἀγαθοῦ
426 3011 700 3064 Δεσπότου
754 3010 1043 3081 βασιλείαν
1090 3010 1525 3082 προπηλακίζειν
1568 3012 1765 3082 μανίαν

1856 562 2057 624 potest.
2093 554 2228 607 Vide
2271 553 2457 624 igitur,
2503 551 2777 623 quomodo
2833 550 2935 604 sub
2971 549 3146 619 ipsam
3182 564 3438 619 congres-

1858 645 2069 698 sionem
2106 658 2201 698 rex
2242 642 2507 708 universi,
2561 650 2617 697 et
2662 642 2926 696 Servator
2968 648 3179 705 noster,
3228 647 3284 692 et
3327 639 3440 692 dux

1856 736 1987 791 belli
2041 735 2242 791 vallum
2288 734 2529 789 hostium
2578 733 2646 787 ab
2697 733 2831 802 ipsis
2883 730 3258 787 fundamentis
3304 746 3439 785 con-

1856 826 2022 880 vellat
2050 835 2106 880 et
2154 834 2382 891 evertat,
2423 839 2613 879 eorum
2662 825 2976 879 molitiones
3015 822 3338 887 confundat,
3386 832 3443 876 et

1858 916 2141 971 audaciam
2189 924 2562 987 apostatarum
2610 915 2858 985 dissipet.
2918 914 3060 981 Quid
3121 915 3440 977 meditetur,

1856 1006 2059 1077 quidve
2106 1006 2380 1071 moliatur,
2428 1021 2538 1059 non
2576 1005 2735 1076 longa
2776 1014 2893 1060 arte
2931 1004 3214 1075 quaeritur,
3266 1019 3369 1059 nec
3410 1019 3444 1059 a

1857 1097 2209 1153 contentione
2257 1107 2352 1152 aut
2393 1097 2579 1153 labore
2631 1096 2903 1167 procedit,
2957 1096 3053 1151 sed
3101 1096 3190 1151 vix
3224 1110 3442 1151 .vocem

1857 1187 2080 1253 emittit,
2132 1196 2189 1242 et
2235 1202 2427 1243 omnes
2477 1188 2716 1243 hostium
2774 1186 3087 1241 molitiones
3140 1186 3440 1241 dililantur.

1857 1277 2023 1335 Omne
2052 1279 2211 1344 enim,
2250 1278 2449 1349 inquit,
2490 1295 2731 1349 regnum,
2770 1289 2953 1332 contra
2994 1294 3049 1331 se
3090 1279 3261 1347 ipsum
3308 1278 3447 1330 divi-

1858 1388 1972 1427 sum
2013 1370 2305 1436 desolatur,
2346 1380 2397 1425 et
2447 1371 2618 1433 omnis
2658 1369 2781 1425 urbs
2819 1384 2909 1423 aut
2944 1371 3129 1423 domus
3163 1378 3343 1423 contra
3390 1385 3447 1421 se

1859 1462 2031 1517 divisa
2083 1480 2185 1516 non
2240 1463 2482 1516 consistet
2510 1462 2590 1518 εί.
2636 1461 2908 1527 Videsne,
2965 1461 3239 1530 quomodo
3274 1476 3446 1515 sonus

1860 1554 2108 1609 buccinae
2160 1553 2458 1609 Dominicae
2512 1553 2607 1609 vix
2654 1552 2873 1607 auditus
2928 1552 3131 1606 vallum
3199 1553 3442 1606 hostium

1861 1645 2194 1701 everteritet
2223 1645 2584 1700 destruxerit?
2613 1644 2680 1699 Et
2718 1646 2848 1715 quid
2893 1645 3017 1700 dico
3057 1644 3296 1699 vallum?
3330 1643 3447 1697 imo

1864 1746 1921 1792 et
1947 1737 2159 1802 urbem,
2207 1745 2262 1790 et
2308 1737 2535 1807 regiam,
2583 1752 2746 1807 quam
2791 1745 3053 1805 apostatze
3098 1734 3284 1804 impiis
3330 1734 3450 1789 suis

1865 1838 1921 1883 et
1948 1844 2193 1884 errorum
2240 1828 2578 1899 plenissimis
2611 1828 2912 1884 ratiociniis
2958 1837 3349 1884 exstruxerunt
3392 1838 3449 1882 et

1865 1921 2240 1976 muniverunt.
2296 1920 2351 1976 Si
2401 1920 2549 1976 enim
2600 1936 2849 1991 regnum,
2908 1920 2962 1974 in
3010 1935 3070 1975 se
3128 1920 3308 1989 ipsum
3360 1919 3449 1973 di-

1864 2012 2064 2079 visum,
2108 2028 2217 2068 non
2254 2013 2529 2079 consistit,
2569 2013 2661 2067 sed
2712 2008 2887 2081 ipsum
2923 2027 3019 2081 per
3049 2028 3106 2067 se
3150 2013 3311 2066 citius
3340 2011 3449 2066 dif-

1864 2103 1983 2160 ﬂuit
2025 2113 2081 2159 et
2129 2104 2490 2169 disturbatur,
2539 2103 2830 2173 imperium
2876 2111 3028 2157 certe
3069 2102 3345 2157 Creatoris
3393 2110 3452 2155 et

1865 2211 2092 2267 regnum
2121 2195 2177 2248 in
2212 2204 2478 2249 aeternum
2511 2204 2715 2258 manet,
2747 2194 2894 2263 quod
2918 2209 3019 2248 nec
3052 2202 3314 2263 apostatre
3345 2192 3449 2262 ipsi

1864 2302 2067 2359 negare
2128 2287 2332 2343 ausint.
2396 2286 2585 2356 Neque
2643 2286 2789 2340 enim
2865 2285 3104 2339 hucdum
3196 2298 3449 2353 tempus,

1865 2380 2049 2436 omnia
2089 2380 2377 2444 innovans,
2428 2394 2757 2448 quemquam
2786 2377 3064 2442 exhibuit,
3109 2392 3176 2432 eo
3221 2375 3459 2431 insaniae»

1866 2482 2205 2543 provectum.
2239 2469 2295 2525 Si
2339 2470 2503 2540 igitur
2541 2468 2668 2524 boni
2711 2467 2804 2522 Dei
2838 2468 3151 2538 imperium,
3192 2483 3293 2521 ceu
3330 2483 3451 2521 om-

1866 2565 2031 2619 nibus
2083 2570 2324 2626 constat,
2384 2560 2537 2615 omni
2599 2559 2960 2615 dissolutione
3016 2558 3270 2628 superius
3330 2568 3448 2623 est,

1867 2671 2053 2710 nonne
2082 2655 2253 2708 multo
2305 2654 2476 2725 magis
2508 2650 2859 2707 manifestum
2891 2658 3007 2717 est,
3041 2650 3188 2720 quod
3209 2692 3222 2715 ,
3254 2650 3455 2720 quibus

1866 2748 1940 2802 illi
1993 2746 2283 2809 institutis,
2325 2744 2693 2817 integritatem
2733 2742 2854 2814 ejus
2894 2743 3211 2805 turbantes,
3251 2742 3453 2799 malum

1867 2837 2198 2910 principium
2218 2836 2563 2900 eﬂabricant,
2598 2844 2654 2890 et
2682 2836 2901 2890 alatere
2928 2842 3239 2896 exstruunt,
3260 2833 3454 2888 iisdem

1867 2943 2097 2999 regnum
2143 2926 2365 2997 quidem
2416 2926 2726 2981 communis
2764 2933 2820 2980 et
2859 2924 2991 2980 boni
3030 2924 3248 2980 Domini
3292 2940 3454 2978 aver-

1868 3018 2134 3074 runcandi
2162 3018 2415 3074 insanum
2454 3016 2747 3072 consilium
2783 3024 3081 3085 ceperunt,
3130 3015 3290 3069 simul
3325 3029 3455 3069 vero

221 3100 411 3166 efaavro,
451 3103 517 3173 ἢν
548 3102 621 3157 δὲ·
640 3101 1059 3168 ἀντανιστῶσιν,
1092 3101 1215 3173 ἄμα
1238 3120 1298 3156 τε
1343 3102 1641 3159 πλάττουσι
1670 3104 1766 3157 καὶ

1870 3109 1947 3175 id,
1980 3109 2126 3179 quod
2159 3124 2225 3165 ex
2254 3109 2483 3164 adverso
2511 3108 2753 3178 erigunt,
2783 3115 2839 3161 et
2864 3114 3107 3172 struunt,
3127 3114 3182 3160 et
3208 3107 3453 3160 solvunt.

222 3193 315 3264 ἅμα
335 3193 925 3265 λύουσιν1;’Δμερίστου
952 3193 1060 3264 γὰρ
1092 3194 1193 3265 τῆς
1224 3194 1318 3248 τοῦ
1353 3194 1586 3263 Ἀγαθοῦ
1618 3195 1770 3266 βασι-

221 3285 343 3346 λείας
400 3287 844 3358 συντηρουμένης
899 3285 1057 3357 (ὁδὸς
1111 3287 1219 3358 γὰρ
1273 3288 1302 3340 ὁ
1361 3287 1627 3359 μερισμὸς
1690 3289 1772 3352 είς

221 3375 471 3448 διάλυσιν),
500 3378 587 3431 ὅτι
626 3395 687 3431 τε
725 3376 789 3430 τὸ
817 3376 929 3446 (86)
971 3376 1167 3431 ἄλυτον
1194 3375 1288 3429 τὸν
1320 3376 1593 3447 μερισμὸν
1622 3376 1764 3430 ἀπο-

225 3466 497 3538 πέμπεται,
516 3470 618 3523 καὶ
654 3467 761 3539 πρό
780 3484 844 3537 γε
874 3468 975 3537 τῆς
998 3467 1256 3538 ὲπιόολῆς
1284 3467 1490 3538 ταύτης
1516 3467 1545 3519 ὁ
1568 3469 1772 3522 Δεσπό-

223 3575 305 3631 της
323 3561 497 3614 ἀνεῖπε
520 3562 587 3614 τὸ
611 3560 969 3632 μεριζόμενον
990 3559 1363 3615 διαλύσεσθαι.
1394 3560 1506 3613 Καὶ
1533 3561 1567 3631 ἠ
1594 3560 1774 3624 κτίσις

224 3648 463 3714 τοσούτοις
489 3650 687 3703 αἰῶσιν
720 3649 786 3715 ἐξ
824 3650 997 3716 αὐτῆς
1039 3651 1385 3721 παραγωγῆς
1406 3651 1551 3704 κατά
1577 3667 1641 3719 γε
1671 3651 1773 3721 τὴν

224 3738 504 3811 ὁλοκληρίαν
543 3743 772 3814 κρατεῖν
805 3742 904 3811 τῆς
946 3739 1156 3805 λύσεως
1201 3742 1576 3813 ἐκληρώσατο.
1614 3742 1775 3812 Ὁρᾶ-

225 3848 296 3885 ut
316 3833 367 3886 δὲ
384 3833 701 3905 περιφανῶς
723 3833 821 3890 καὶ
847 3836 961 3896 τοῖς
986 3833 1261 3905 οὐρανίοις
1291 3832 1776 3904 άλληλουχούμενά

223 3938 271 3977 τε
293 3924 731 3996 καὶξσυνεχόμενα
761 3926 829 3979 τά
856 3925 1093 3993 ἐπίγεια,
1125 3926 1196 3980 τά
1224 3942 1285 3980 τε
1305 3924 1470 3995 νοερὰ
1491 3926 1584 3979 καὶ
1607 3924 1776 3995 νοητὰ

224 4015 311 4068 τῶν
336 4016 657 4087 σωματικῶν
706 4018 804 4070 καὶ
833 4019 957 4080 ταῖς
984 4015 1271 4087 αἰσθήσεσι
1322 4015 1660 4087 κρινομένων
1684 4016 1775 4071 διὰ

223 4106 303 4175 τῆς
326 4107 596 4178 ἀδιαδόχου
624 4109 885 4178 προνοίας
913 4108 975 4160 οὐ
1018 4107 1363 4179 διιστάμενα,
1389 4106 1527 4162 ἀλλὰ
1552 4109 1645 4161 καὶ
1674 4125 1775 4161 πε·-
1792 4144 1808 4164 .

229 4202 597 4271 ριφανεστάτην
616 4202 855 4271 φέροντα
866 4200 1299 4271 τὴνσυνάφειαν.
1325 4200 1402 4254 Οὐ
1425 4200 1533 4271 μὴν
1554 4199 1694 4255 ἀλλά
1707 4218 1773 4269 γε

225 4292 303 4343 καὶ
341 4293 463 4345 αὐτὸ
499 4292 722 4362 λογικὸν
767 4292 907 4356 ζῶον
957 4294 986 4345 ὁ
1028 4291 1318 4363 ὥνθρωπος
1365 4292 1435 4357 ἐξ
1473 4292 1696 4361 ὁρατῶν,
1713 4309 1774 4345 τε

227 4383 303 4434 καὶ
320 4383 555 4454 ἀοράτων
592 4385 775 4455 μερῶν
810 4384 1159 4455 ἡρμοσμένος
1190 4383 1545 4451 συνέστηκεν.
1582 4385 1645 4438 Ei
1674 4379 1770 4438 οῦν

1875 3200 2013 3253 Dum
2056 3200 2205 3255 enim
2239 3200 2369 3255 boni
2419 3199 2675 3269 principii
2718 3214 2945 3268 regnum
2986 3197 3285 3252 indivisum
3333 3213 3457 3251 ma~

1870 3300 1967 3345 net
1996 3291 2255 3360 (namque
2284 3288 2663 3346 divisioviam
2685 3288 2752 3343 ad
2774 3286 3193 3343 dissolutionem
3220 3284 3453 3355 pandit),

1870 3382 1999 3452 quia
2058 3380 2441 3437 indissolubile
2493 3379 2822 3437 divisionem
2876 3391 3094 3432 omnem
3150 3386 3453 3442 aversatur,

1872 3469 2137 3525 Dominus
2170 3477 2359 3525 noster
2381 3468 2547 3523 etiam
2573 3478 2701 3523 ante
2730 3467 2874 3522 hanc
2912 3465 3283 3521 incursionem
3314 3481 3456 3536 pra:-

1872 3561 2009 3618 dixit
2067 3561 2185 3617 fore
2245 3569 2306 3615 ut
2340 3559 2574 3615 divisum
2619 3558 2967 3615 dissolvatur.
3014 3546 3233 3613 [molet
3298 3572 3456 3611 crea-

1873 3662 2010 3708 tura:
2047 3651 2182 3723 ipsi,
2231 3659 2340 3706 tam
2378 3648 2567 3705 multis
2604 3648 2839 3713 satculis,
2877 3647 3006 3702 inde
3051 3648 3120 3702 ab
3167 3648 3285 3717 ipsa
3327 3663 3457 3716 pro-

1873 3743 2167 3809 ductione,
2196 3756 2294 3813 pro
2350 3740 2824 3811 integritatejsua,
2865 3739 3138 3807 solutione
3183 3740 3454 3809 ejusmodi

1874 3834 2141 3906 superiori
2162 3848 2285 3889 esse
2312 3831 2488 3889 licuit.
2530 3830 2877 3886 Manifestum
2907 3846 3038 3886 vero
3068 3840 3154 3885 est
3178 3830 3457 3885 terrestria

1874 3926 2188 3983 caelestibus
2213 3923 2519 3979 arctissime
2543 3922 2731 3994 juncta
2760 3935 2903 3984 esse,
2934 3921 3064 3976 etin
3095 3921 3286 3977 eadem
3307 3937 3459 3976 com-

1875 4032 2011 4088 page
2037 4015 2336 4082 contineri,
2364 4029 2467 4069 nec
2513 4029 2613 4080 ea,
2642 4028 2765 4083 quae
2803 4021 2988 4068 mente
3024 4028 3089 4067 ac
3128 4012 3460 4083 cogitatione

1875 4109 2302 4180 investigantur,
2339 4122 2372 4161 a
2398 4105 2674 4177 corporeis
2722 4106 3022 4175 sensuique
3066 4106 3327 4176 subjectis
3368 4120 3458 4159 re-

1875 4202 1978 4258 bus
2036 4216 2138 4271 per
2194 4199 2515 4255 continuam
2571 4197 2974 4269 providentiam
3036 4198 3253 4268 sejungi
3282 4236 3298 4262 ,
3363 4198 3459 4251 sed

1875 4290 2133 4347 eximiam
2194 4289 2596 4345 connexionem
2661 4304 2775 4358 prae
2833 4303 2893 4342 se
2953 4288 3119 4342 ferre.
3183 4285 3251 4341 Et
3310 4287 3457 4355 quod

1876 4382 2049 4453 magis
2092 4381 2255 4447 valet,
2289 4381 2469 4451 ipsum
2512 4379 2645 4435 illud
2688 4379 2891 4434 animal
2932 4379 3221 4443 rationale,
3269 4379 3456 4443 homo,

224 4472 357 4538 ήτοῦ
382 4475 587 4543 ἀγαθοῦ
617 4474 754 4529 Θεοῦ
796 4474 1130 4544 δημιουργία
1175 4490 1234 4527 τε
1275 4475 1371 4527 καὶ
1406 4475 1657 4545 βασιλεία
1682 4492 1766 4528 το-

1876 4487 1941 4528 ex
1991 4471 2298 4527 visibilibus
2356 4479 2412 4526 et
2462 4470 2832 4525 invisibilibus
2878 4470 3043 4525 rebus
3100 4477 3456 4538 compactus,

229 4561 317 4630 μὴν
344 4563 431 4618 καὶ
455 4564 727 4636 μερισμὸν
752 4563 853 4618 οὐκ
879 4564 1233 4636 ἐπιδέχεται,
1253 4565 1320 4635 ἣν
1352 4564 1408 4618 δὲ
1437 4565 1594 4618 αὐτοὶ
1640 4567 1774 4621 ἀνα-

228 4648 523 4719 πλάττουσι,
576 4651 773 4723 μερίδα
820 4651 946 4707 τινὰ
991 4652 1093 4722 τῆς
1119 4651 1262 4723 ⁸ὅλης
1310 4652 1676 4722 δημιουργίας
1704 4657 1771 4726 τῇ

228 4739 418 4814 γλώσσῃ
441 4742 956 4813 ἀποσπαράξαντες,
980 4744 1095 4805 τοῖς
1135 4742 1236 4811 τῆς
1264 4742 1606 4807 ἀποστασίας
1648 4762 1775 4815 προ⁴

228 4830 392 4895 ἁγουσι
424 4833 636 4904 ῥήμασι
661 4831 755 4885 καὶ
778 4831 1006 4903 Ἐχθρὸν
1036 4832 1095 4885 ὲν
1125 4832 1263 4902 αὐτῇ
1295 4831 1604 4902 βασιλεύειν
1633 4834 1772 4887 καθ-

231 4922 458 4992 ιὸρύουσιε
476 4924 593 4988 πῶς
618 4924 757 4994 αὐτὴ
779 4924 902 4977 καθ’
933 4923 1133 4995 ἑαυτὴν
1156 4924 1361 4989 δέξοιτο
1381 4924 1571 4979 στάσιν
1591 4926 1728 4997 αὐτῇ
1751 4945 1767 4994 ;

229 5012 326 5074 πῶς
345 5015 386 5067 δ’
409 5015 473 5069 ἂν
501 5015 793 5085 ὑποσταίη,
830 5015 1002 5086 αὐτὴν
1024 5014 1126 5086 τὴν
1164 5016 1378 5084 γένεσιν
1403 5018 1468 5069 ὲκ
1496 5018 1768 5089 μερισμοῦ

229 5099 305 5152 καὶ
321 5100 512 5165 λύσεως
537 5101 801 5170 λαϐοῦσα,
823 5102 917 5157 καὶ
936 5103 1111 5174 τομῆς
1132 5103 1227 5158 καὶ
1251 5103 1593 5175 διαιρέσεως,
1616 5107 1653 5161 ἃ
1679 5108 1775 5161 καὶ

228 5188 279 5240 τὸ
311 5191 589 5263 ὀλόκληρον
627 5194 707 5257 είς
741 5193 952 5265 φθορὰν
994 5194 1397 5268 καταστρέφει,
1432 5197 1774 5268 προελθοῦσα

231 5280 306 5332 καὶ
344 5283 676 5356 ἀπορρυεῖσα
698 5325 714 5351 ,
748 5287 797 5340 εί
845 5285 944 5341 καὶ
973 5285 1053 5357 μὴ
1098 5287 1493 5359 δυσφημούσης
1518 5289 1773 5362 γλώσσης

236 5369 447 5445 ὑπῆρχεν
462 5378 791 5449 ἀνάπλασμα
815 5396 830 5448 ;
866 5381 991 5444 Πῶς
1018 5380 1063 5434 δ’
1088 5380 1185 5451 οὐχ
1212 5379 1401 5452 ὥσπερ
1428 5383 1461 5450 ἡ
1490 5381 1585 5435 τοῦ
1614 5382 1773 5451 Ἀγα-

289 5503 328 5536 ⁸¹
363 5506 565 5582 Matth,
594 5529 691 5580 xu,
717 5513 807 5570 25.

1873 4563 2147 4621 consistit.
2194 4560 2250 4616 Si
2295 4560 2459 4632 igitur
2502 4558 2628 4615 boni
2663 4558 2760 4613 Dei
2796 4557 3087 4628 imperium
3127 4566 3182 4610 et
3224 4572 3457 4626 regnum

1872 4655 2195 4713 divisionem
2234 4661 2290 4715 et
2322 4649 2723 4720 separationem
2755 4662 2861 4701 non
2915 4645 3175 4703 admittit.
3218 4645 3271 4698 id
3303 4660 3455 4710 vero,

1871 4747 2017 4819 quod
2046 4746 2148 4815 ipsi
2179 4742 2443 4806 inferunt,
2473 4749 2684 4811 partem
2716 4738 2928 4793 scilicet
2956 4736 3250 4806 quamdam
3287 4737 3457 4792 totius

1871 4834 2360 4892 administrationis
2396 4832 2579 4901 lingua
2625 4844 2726 4883 sua
2790 4826 3211 4889 subtrahentes,
3272 4827 3458 4882 verbis

1876 4926 2189 4998 apostaticis
2209 4924 2549 4995 producunt,
2595 4928 2651 4975 et
2680 4919 2894 4974 hostem
2938 4918 3059 4988 ejus
3093 4933 3278 4988 regem
3319 4932 3456 4972 con-

1872 5020 2139 5083 stituunt;
2177 5012 2450 5085 quomodo
2481 5011 2571 5066 illa
2601 5025 2729 5081 pars
2773 5023 2871 5078 per
2897 5023 2958 5062 se
2996 5008 3323 5078 discordiam
3352 5009 3455 5063 sibi

1871 5107 2222 5167 conciliabit?
2263 5103 2539 5175 quomodo
2580 5116 2712 5157 vero
2753 5099 3048 5163 consistet,
3102 5115 3223 5169 quae
3273 5109 3457 5153 ortum

1871 5216 2035 5257 suum
2063 5214 2130 5254 ex
2162 5195 2432 5252 divisione
2459 5201 2515 5249 et
2542 5191 2903 5249 dissolutione
2948 5191 3175 5251 habeat,
3225 5200 3455 5259 quaeque

1872 5289 2220 5362 separatione
2247 5296 2304 5343 et
2326 5270 2688 5358 sejunctione,
2728 5298 2828 5355 per
2859 5298 2997 5354 quas
3028 5283 3332 5343 substantia
3366 5284 3454 5339 ine
3494 5312 3497 5315 <

1875 5391 2023 5452 tegra
2051 5378 2320 5450 perditur,
2366 5375 2883 5448 provenitprimum
2915 5383 2970 5430 et
3008 5373 3273 5429 deﬂuxit?
3311 5372 3454 5427 Sane

1248 5630 1483 5686 VARIAE
1519 5628 1903 5686 LECTIONES
1945 5629 2034 5683 ET
2072 5623 2303 5683 NOTAE.

290 5752 386 5822 (86)
429 5757 513 5811 Τό.
550 5758 621 5814 lta
680 5760 799 5830 lego
864 5774 963 5829 pro
1015 5758 1128 5826 τὸν,
1189 5760 1333 5828 quod
1382 5767 1464 5814 est
1523 5759 1579 5813 in
1626 5756 2015 5828 manuscripto.
