3886 6422
174 362 267 427 185

1195 352 1495 415 CONTRA
1534 348 1994 412 MANICHEOS
2028 348 2262 410 LIBER
2301 349 2401 411 IV.

3350 338 3455 403 186

166 475 534 545 βασιλεῦσαι
561 473 659 528 ἐπ’
689 470 934 535 αὐτοὺς,
958 467 1211 540 ἀγάγετε
1256 461 1396 529 ὦδε,
1425 466 1529 522 καὶ
1576 483 1756 519 κατα-

1887 483 2153 538 lesistisne
2175 498 2205 535 a
2239 480 2537 537 dividendo
2563 479 2797 550 imperio
2822 479 2913 534 Dei
2943 476 3150 548 Optimi
3168 477 3192 531 ?
3210 451 3453 531 Com-er;

174 570 447 641 σφὰξατε
475 565 822 637 ἔμπροσθέν
844 580 990 633 μου.
1018 561 1083 614 Τί
1100 561 1281 628 λέγεις
1310 577 1325 623 ;
1362 557 1611 628 φρίττεις
1658 557 1760 625 τὴν

172 664 370 733 ψῆφον,
400 661 499 715 καὶ
524 657 756 729 φεύγεις
788 655 889 725 τὴν
917 653 1179 723 σφαγήν;
1237 650 1334 703 καὶ
1365 649 1460 702 τοῦ
1515 647 1761 719 δικάζειν

172 757 474 822 ἀφέστασαι
543 750 644 820 τὴν
702 745 984 820 βασιλείαν
1025 743 1122 796 τοῦ
1167 740 1379 809 ἀγαθοῦ
1447 740 1624 805 Θεοῦ;
1666 741 1763 792 καὶ

174 846 307 913 πρὸς
338 841 684 915 ἐπιστροφὴν
706 840 862 911 ὁρᾷς,
890 836 975 905 ἐφ’
1011 828 1057 903 ᾧ
1086 835 1189 904 τὴν
1215 832 1556 901 Δεσποτικὴν
1582 832 1764 902 ἀρχὴν

173 935 468 1006 ὁλόκληρον
498 933 601 1004 μὲν
626 932 937 1002 ὁμολογεῖν,
968 930 1064 981 καὶ
1112 924 1222 978 τῶν
1265 923 1541 993 σωμάτων
1580 921 1641 975 δὲ’
1671 923 1766 975 καὶ

173 1031 271 1097 τῆς
292 1028 478 1098 ψυχῆς
526 1022 905 1095 ἀναφέρεσθαι
953 1020 1054 1091 τὴν
1087 1016 1387 1088 κυριότητα
1422 1017 1503 1079 εἰς
1552 1015 1765 1085 αὐτήν;

178 1122 207 1191 ἢ
244 1120 409 1188 μέχρι
428 1118 525 1171 τοῦ
563 1116 782 1179 παθεῖν,
816 1114 853 1168 ἃ
889 1112 1086 1166 παθεῖν
1132 1107 1491 1171 ἀθλιώτατον,
1551 1107 1649 1160 καὶ
1704 1099 1768 1160 οῦ

178 1213 251 1282 μὴ
285 1212 409 1264 ἐστι
444 1210 585 1280 μηδὲ
639 1210 849 1279 ῥήματι
894 1205 1134 1275 δηλῶσαι
1164 1200 1570 1271 χαλεπώτερον,
1612 1199 1769 1268 φιλο-

175 1304 417 1363 νεικεῖςτ,
451 1302 565 1355 Καὶ
617 1303 725 1371 γὰρ
781 1298 894 1353 οὐδ’
921 1295 1238 1350 ἀποκτείνει
1272 1292 1457 1362 μόνον,
1484 1293 1609 1345 οὐδὲ
1666 1294 1768 1363 τῆς

176 1393 465 1466 παρούσης
502 1395 707 1462 ἀπάγει
740 1392 910 1462 ζωῆς,
937 1388 1074 1444 ἀλλὰ
1109 1386 1249 1460 μετὰ
1272 1385 1335 1438 τὸ
1376 1385 1771 1442 ἀποκτιννύναι

177 1490 231 1541 ιν
258 1488 617 1557 ἀτελευτήτῳ
646 1486 737 1539 καὶ
760 1483 1028 1554 ἀδιαδόχῳ
1058 1482 1253 1555 γεέννῃ
1293 1481 1487 1555 πυρὸς,
1520 1481 1618 1534 καὶ
1667 1479 1770 1551 τὴν

176 1580 361 1650 ψυχὴν
384 1580 485 1632 καὶ
503 1579 565 1631 τὸ
595 1577 757 1648 σῶμα
784 1575 1149 1647 τιμωρεῖσθαι
1182 1575 1574 1648 παραπέμπει.
1606 1573 1771 1627 Ἀλλά

178 1671 287 1741 γὰρ
318 1669 433 1738 ἐγώ
479 1685 563 1722 σοι
601 1669 696 1722 καὶ
746 1666 911 1737 ἕτερα
945 1665 1201 1731 πλείονα,
1258 1667 1371 1719 εἴτε
1424 1666 1554 1736 βέλη
1590 1664 1772 1736 βούλει

176 1763 562 1831 τιτρώσκοντα
588 1760 684 1814 mi.
729 1759 1126 1828 ὲξαφανίξοντα
1157 1758 1518 1829 πολυτρόπως
1557 1774 1619 1811 τε
1675 1758 1771 1809 καὶ

179 1853 516 1923 πολυμερῶς
538 1852 620 1905 ἔτι
653 1853 813 1906 τόσον
840 1851 1040 1915 ἀσεϐὲς
1074 1849 1353 1922 φρόνημα,
1384 1850 1494 1903 εἴτε
1521 1852 1770 1921 σωτήρια

180 1945 463 2012 φάρμακα
487 1942 587 2013 τῆς
616 1944 773 1996 νόσου
792 1942 887 1996 καὶ
916 1942 1125 2012 ἰάματα
1151 1945 1216 1995 ὲκ
1245 1943 1346 2011 τῆς
1376 1941 1554 2011 αὐτῆς
1583 1941 1774 2010 φιλαν-

181 2026 410 2105 Θρώπου
442 2034 539 2087 καὶ
590 2034 1102 2106 παντοκρατορικῆς
1168 2033 1427 2103 γλώσσης
1470 2033 1674 2098 λαϐὼν,
1709 2032 1777 2087 ἂν

1864 575 2004 629 tisne
2034 583 2085 628 te
2114 573 2181 627 ad
2204 572 2609 642 paenitentiam,
2638 581 2697 625 ut
2723 570 3016 641 imperium
3061 567 3279 621 Domini
3333 565 3456 634 ple-

1863 666 2078 719 narium
2106 664 2419 719 conﬁtearis
2447 703 2463 730 ,
2493 674 2549 719 et
2573 664 2638 717 ad
2681 663 2822 718 idem
2852 671 2968 716 tum
3010 673 3305 729 corporum
3340 666 3456 710 tum

1865 761 2063 814 animae
2097 758 2400 813 dominium
2452 756 2793 811 transferas?
2841 770 2910 809 an
2967 753 3153 825 potius
3213 763 3460 821 pugnare

1866 860 2055 907 contra
2088 849 2222 904 illud
2253 864 2425 915 amas,
2458 863 2633 917 usque
2659 848 2789 901 dum
2823 862 2886 901 ea
2913 842 3241 916 perpetiaris
3263 883 3277 906 ,
3336 855 3461 909 qum

1868 940 2078 1013 perpeti
2118 938 2493 993 tristissimum
2522 947 2625 1001 est,
2661 946 2711 992 et
2753 936 2955 1006 quibus
2990 934 3241 1005 graviora
3274 929 3461 985 verbis

1870 1030 2098 1101 exprimi
2130 1046 2238 1085 non
2270 1030 2539 1099 possunt?
2582 1028 2830 1097 Namque
2870 1043 2983 1081 non
3023 1025 3223 1081 occidit
3256 1024 3456 1087 solum,

1870 1134 1926 1179 et
1951 1140 2019 1178 ex
2052 1124 2309 1193 przesenti
2339 1122 2449 1179 vita
2483 1121 2642 1186 tollit,
2688 1122 2786 1176 sed
2825 1130 3115 1190 postquam
3159 1117 3463 1173 intereme-

1872 1218 1967 1279 rit,
2007 1225 2062 1270 te
2090 1216 2143 1269 in
2168 1225 2491 1285 perpetuam
2523 1230 2627 1269 nec
2676 1213 2973 1268 ﬁniendam
3042 1225 3285 1279 unquam
3370 1224 3464 1278 ge-

1873 1309 2111 1365 hennam
2144 1309 2305 1380 ignis,
2346 1309 2529 1363 anima
2556 1315 2611 1362 et
2644 1322 2875 1377 corpore
2919 1304 3284 1377 puniendum,
3315 1302 3466 1356 able-

1874 1410 1982 1473 gat.
2012 1402 2307 1455 Enimvero
2341 1401 2521 1455 etalia
2551 1399 2649 1455 tibi
2682 1400 2837 1468 plura
2875 1438 2892 1465 ,
2948 1397 3064 1452 sive
3106 1396 3212 1450 tela
3266 1394 3465 1455 mavis,

1874 1495 2097 1565 impiam
2141 1496 2286 1548 hanc
2328 1493 2659 1548 sententiam
2691 1490 2859 1546 variis
2899 1489 3075 1544 modis
3115 1484 3467 1541 conficientia

1874 1593 1930 1640 et
1954 1583 2346 1647 confodientia,
2379 1582 2496 1637 sive
2525 1581 2787 1635 salutaria
2823 1586 3014 1633 contra
3048 1576 3300 1630 morbum
3350 1588 3468 1626 me-

1874 1674 2147 1731 dicamina
2175 1690 2239 1730 ex
2288 1674 2458 1730 verbo
2500 1673 2613 1727 oris
2646 1670 3043 1741 omnipotentis
3073 1678 3129 1723 et
3182 1666 3469 1721 hominum

1876 1765 2111 1819 amantis
2148 1765 2436 1834 desumpta
2478 1763 2740 1828 afferam,
2794 1770 2851 1816 et
2906 1761 2974 1814 ad
3030 1757 3471 1830 propulsandum

1874 1855 2126 1911 morbum
2161 1853 2402 1908 studium
2428 1853 2733 1915 conferam,
2764 1853 2807 1907 si
2843 1852 2984 1906 forte
3006 1849 3229 1905 sanitati
3254 1845 3473 1901 restitui

1878 1947 2083 2018 potius,
2118 1961 2284 2016 quam
2329 1961 2400 2001 ex
2438 1944 2761 2001 vulneribus
2810 1950 3083 2013 perpetuo
3139 1940 3475 1996 decumbere
3525 1978 3531 1984 -

1882 2053 2095 2108 cupias.

182 2125 296 2198 ἄρα
330 2146 415 2183 σοι
438 2130 541 2200 τῆς
573 2129 765 2198 ὑγείας
785 2130 946 2200 ἐρωῇ,
982 2128 1105 2182 ἀντὶ
1144 2128 1241 2183 τοῦ
1303 2129 1665 2184 κατακεῖσθαι
1700 2134 2254 2205 τετραυματισμὲνῳ,
2320 2133 2672 2205 περιγέγονε,
2696 2132 2976 2202 προοίσω,
3017 2130 3114 2183 καὶ
3175 2129 3313 2199 πρὸς
3367 2126 3467 2196 τὴν

184 2226 516 2297 ἀπαλλαγὴν
554 2225 996 2295 συναγωνίσομαι
1017 2225 1113 2278 τοῦ
1138 2227 1472 2297 νοσήματος.

254 2322 337 2372 Δι,
367 2318 676 2387 Ἐκήρυσσε
710 2315 805 2368 τὸν
846 2316 1089 2385 Χριστὸν
1118 2317 1147 2369 ό
1168 2315 1432 2386 Ἰωάννης
1479 2316 1651 2386 μήπω
1680 2316 1780 2385 τῆς

185 2412 419 2481 χάριτος
449 2405 760 2478 μετασχὼν,
810 2405 927 2460 ἀλλ’
962 2405 1043 2458 ἐτι
1073 2404 1151 2475 τῷ
1192 2406 1344 2475 νόμῳ
1382 2403 1778 2473 παιδαγωγού-

189 2519 379 2572 μενος.
424 2500 729 2569 Ἐκήρυσσε
761 2497 817 2551 δὲ
847 2497 1119 2566 θεολογῶν
1173 2497 1272 2567 μὲν
1325 2497 1512 2559 αὑτὸν,
1568 2491 1651 2559 οἷς
1680 2496 1776 2550 τοῦ

188 2593 401 2662 κόσμου
427 2591 527 2661 τὴν
572 2588 847 2660 ἁμαρτίαν
899 2588 1079 2658 αἴρειν
1122 2588 1295 2641 ἅπασι
1348 2587 1783 2659 διεμαρτύρατο,

190 2686 289 2738 καὶ
322 2679 407 2745 οἷς
432 2682 597 2737 αὐτὸν
628 2682 754 2734 Υἱδν
801 2680 938 2734 Θεοῦ
987 2681 1082 2735 καὶ¹
1105 2682 1165 2733 ὲν
1218 2680 1353 2752 πυρὶ
1400 2680 1498 2732 καὶ
1537 2681 1596 2733 ὲν
1641 2680 1784 2750 ἁγίῳ

193 2779 533 2848 βαπτίζοντα
562 2772 866 2844 Πνεῦματι,
890 2775 1143 2828 τουτέστι
1168 2777 1236 2844 τῇ
1262 2773 1502 2845 ἐμπύρῳ
1526 2774 1622 2828 καὶ
1640 2791 1785 2845 πρη-

192 2871 404 2940 στηρίῳ
426 2868 537 2939 (88)
568 2866 662 2921 τοῦ
717 2866 1038 2936 Πνεύματος
1087 2865 1319 2937 δυνάμει
1376 2867 1476 2937 τὴν
1524 2883 1777 2920 καταπε-

192 2964 398 3016 σοῦσαν
428 2961 591 3032 ἡμῶν
634 2960 802 3029 φύσιν
844 2958 1266 3029 ἀναχωνεύοντά
1318 2976 1377 3011 τε
1418 2959 1512 3012 καὶ
1557 2959 1789 3013 ἀνακαι-

190 3056 413 3121 νίζοντα
445 3053 710 3125 ἐλευθέρα
737 3054 893 3123 φωνῇ
932 3050 1307 3105 ἀνεδίδασκεν.
1352 3050 1665 3121 Ἑκήρυσσε
1722 3050 1781 3103 δὲ

1950 2310 2037 2366 ιγ.
2079 2310 2406 2367 Pnedicavit
2432 2310 2711 2367 Christum
2737 2310 2999 2374 Joannes,
3029 2308 3254 2363 fcederis
3285 2310 3475 2379 gratiae

1878 2404 2124 2459 nondum
2172 2405 2448 2474 particeps
2482 2444 2497 2468 ,
2550 2404 2648 2458 sed
2701 2402 3007 2457 secundum
3058 2401 3234 2472 legem
3291 2402 3477 2456 adhuc

1880 2494 2096 2549 ductus.
2132 2494 2457 2549 Praidicavit
2492 2503 2677 2547 autem
2705 2509 2852 2559 eum,
2893 2502 2950 2547 et
2988 2493 3159 2546 Deum
3194 2493 3478 2561 professus

1882 2595 1967 2641 est
1988 2586 2056 2640 iis
2085 2586 2219 2640 locis
2242 2584 2529 2648 omnibus,
2563 2585 2763 2654 quibus
2805 2591 3036 2637 testatus
3064 2594 3150 2637 est
3188 2599 3315 2637 eum
3346 2600 3479 2653 pec-

1882 2688 2004 2734 cata
2036 2678 2224 2733 mundi
2257 2678 2467 2743 tollere,
2491 2686 2545 2732 et
2568 2677 2767 2746 quibus
2792 2677 2967 2747 ipsum
3000 2676 3092 2730 Dei
3130 2675 3326 2729 Filium
3354 2677 3482 2748 igne

1884 2779 1941 2825 et
1974 2770 2181 2840 Spiritu
2207 2778 2399 2825 sancto
2430 2770 2821 2839 baptizantem,
2879 2767 2932 2821 id
2965 2778 3071 2833 est,
3097 2768 3253 2838 ignea
3287 2778 3343 2822 et
3368 2768 3482 2822 ful-

1884 2865 2065 2919 minea
2100 2864 2339 2934 Spiritus
2366 2864 2569 2918 virtute
2598 2872 2850 2917 naturam
2885 2874 3132 2916 nostram
3161 2861 3483 2931 depressam

1884 2959 2216 3015 exeitantem
2244 2966 2299 3012 ct
2335 2964 2694 3011 renovantem
2733 2955 2906 3008 libera
2934 2969 3068 3009 voce
3115 2954 3481 3009 demonstrat.

1888 3050 2217 3106 Praedicavit
2236 3066 2368 3105 vero
2397 3057 2454 3104 et
2483 3049 2727 3115 Patrem,
2761 3064 3023 3118 eumque,
3062 3057 3123 3102 ut
3160 3049 3354 3113 Deum,
3397 3048 3487 3100 in-

192 3150 292 3202 καὶ
325 3147 419 3201 τὸν
475 3147 722 3217 Πατέρα,
777 3143 1050 3213 θεολογῶν
1108 3161 1169 3196 τε
1221 3143 1409 3210 αὑτὸν,
1438 3144 1535 3197 καὶ
1566 3146 1631 3197 ὲκ
1672 3144 1781 3197 τῶν

1892 3144 2114 3199 dubiam
2154 3150 2482 3211 potestatem
2521 3141 2688 3195 etiam
2734 3156 2802 3195 ex
2852 3139 3124 3209 lapidibus
3168 3139 3488 3193 Abrahamo

192 3238 359 3291 λίθων
402 3237 617 3307 ἐγεῖραι
654 3237 823 3288 τέκνα
848 3232 926 3305 τῷ
972 3232 1228 3304 Ἀϐραὰμ
1282 3233 1382 3304 τὴν
1442 3234 1599 3303 ἰσχὺν
1628 3234 1784 3287 ἀκώ-

192 3314 602 3399 ὶυτοῖἐχοντα.
633 3327 743 3380 Καὶ
772 3325 835 3379 τὸ
874 3324 1105 3395 Πνεῦμα
1132 3324 1212 3391 δὲ,
1244 3322 1329 3388 οἷς
1356 3341 1416 3377 τε
1444 3325 1505 3390 ἐξ
1547 3326 1783 3396 ούρανοῦ

194 3422 483 3495 προελθεῖν
510 3420 803 3484 ἐθεάσατο,
829 3418 926 3473 καὶ
962 3416 1046 3481 οἷς
1074 3418 1171 3471 ἐπὶ
1211 3418 1308 3471 τὸν
1340 3418 1469 3470 Υἱὸν
1510 3418 1607 3471 τοῦ
1648 3418 1784 3471 Θεοῦ

191 3518 287 3570 τὸν
321 3514 590 3585 μονογενῆ
618 3510 953 3581 ὲπεφοίτησό
976 3527 1061 3573 τε,
1082 3510 1178 3563 καὶ
1190 3509 1269 3574 ὡς
1305 3509 1584 3580 ὀμοουσίῳ
1610 3528 1787 3581 προσ·
1818 3528 1826 3539 ·

194 3611 381 3678 ἔμενε,
415 3608 511 3660 καὶ
530 3606 592 3660 τό
619 3623 685 3676 γε
715 3602 1200 3675 θεολογικὼτερον,
1249 3597 1333 3665 οἷς
1360 3602 1618 3655 κοινωνὸν
1652 3603 1787 3656 αὐτὸ

195 3701 297 3769 τῆς
324 3696 594 3769 ἐργασίας
618 3693 946 3765 ἀνομολογεῖ
964 3692 1102 3762 (89),
1141 3690 1212 3745 δι’
1243 3687 1314 3763 ἦς
1355 3692 1387 3760 ἡ
1413 3690 1659 3759 σωτηρία
1692 3689 1786 3743 τοῦ

194 3792 403 3860 κόσμου
434 3784 901 3860 ἐπαρρησιάζετο.
942 3785 1055 3837 Καὶ
1083 3784 1195 3855 γὰρ
1232 3783 1419 3852 κοινὴν
1467 3783 1655 3844 αὐτοῖς
1688 3780 1789 3851 τὴν

193 3880 305 3933 τῶν
349 3879 660 3949 ἀνθρώπων
694 3875 975 3947 σωτηρίαν
1008 3875 1334 3945 ἀνατίθησιν
1358 3886 1373 3901 ⁸
1409 3874 1570 3943 εἰπερ
1609 3874 1640 3926 ὁ
1686 3872 1789 3942 μὲν

197 3977 345 4042 αἴρει
381 3972 484 4041 τὴν
530 3969 813 4040 ἁμαρτίαν
853 3967 948 4021 τοῦ
977 3968 1209 4037 κόσμου,
1247 3964 1387 4035 αὕτη
1426 3964 1486 4018 δὲ
1516 3964 1595 4035 τῷ
1645 3981 1789 4018 παν-

196 4066 340 4135 αγίῳ
367 4063 653 4134 Πνεύματι
683 4060 1012 4131 καθαίρεταί
1048 4077 1107 4113 τε
1124 4059 1220 4112 καὶ¹
1240 4060 1645 4129 ἀποσμήχεται.
1679 4059 1791 4110 Καὶ

199 4160 308 4228 γὰρ
368 4158 643 4230 λαμπρῶς
699 4156 1106 4229 ἀνακέκραγεν,
1154 4155 1234 4218 ὡς
1285 4154 1321 4214 ὁ,
1396 4154 1624 4223 κόσμος,
1687 4154 1790 4222 τῆς

200 4252 480 4321 ἁμαρτίας
506 4250 606 4321 τὴν
636 4248 953 4319 ἐλευθερίαν
980 4248 1300 4319 δεχόμενος,
1331 4248 1425 4301 καὶ
1455 4247 1555 4318 τῆς
1605 4264 1789 4317 σωτη-

207 4344 325 4413 ρίας
357 4340 706 4412 ἀξιούμενος,
745 4340 826 4412 τῷ
871 4340 1130 4410 παναγίῳ
1178 4339 1467 4409 Πνεύματι
1521 4335 1641 4391 εἶτα
1694 4337 1789 4391 καὶ

205 4436 339 4506 napi.
372 4435 803 4507 βαπτιζόμενος,
837 4434 909 4488 δι’
930 4427 995 4488 οῦ
1032 4434 1132 4505 τὴν
1189 4432 1475 4505 πυρφόρον
1514 4433 1610 4485 καὶ
1655 4431 1790 4502 δρα-

1895 3236 2034 3289 tilios
2084 3233 2405 3305 procreandi
2461 3233 2666 3288 habere
2707 3232 2992 3303 professus
3020 3242 3125 3286 est.
3157 3230 3489 3286 Praedicavit

1892 3343 2024 3382 vero
2044 3327 2211 3381 etiam
2245 3326 2508 3396 Spiritum
2536 3336 2810 3390 sanctum,
2836 3325 3056 3395 quando
3079 3340 3205 3379 eum
3237 3340 3301 3378 ex
3332 3324 3488 3378 coalis

1894 3420 2245 3491 prodiisse,et
2275 3420 2329 3473 in
2364 3417 2559 3474 Filium
2597 3420 2690 3474 Dei
2726 3419 3073 3490 unigenitum
3103 3417 3486 3483 descendisse,

1894 3520 1950 3567 et
1974 3526 2138 3579 super
2166 3524 2232 3564 eo
2283 3518 2544 3578 tanquam
2585 3509 2832 3580 ejusdem
2868 3509 3123 3564 essentia:
3167 3509 3487 3564 consedisse

1895 3606 2063 3669 videt,
2092 3604 2223 3668 itno,
2255 3604 2401 3674 quod
2434 3604 2608 3674 magis
2640 3602 2812 3657 Deum
2842 3602 3032 3668 infert,
3082 3604 3302 3674 quando
3357 3618 3487 3657 eum

1896 3710 1958 3755 ut
1978 3700 2296 3771 participem
2320 3698 2502 3769 Operis
2532 3698 2792 3763 celebrat,
2817 3698 2873 3752 in
2903 3714 3014 3768 quo
3039 3699 3188 3753 salus
3214 3698 3404 3751 mundi
3426 3713 3490 3753 se

1896 3790 2342 3861 conspiciendam
2387 3790 2640 3861 praebuit.
2692 3789 2940 3859 Namque
2990 3790 3207 3859 utrique
3266 3803 3491 3844 causam

1898 3886 2091 3942 salutis
2132 3885 2420 3940 hominum
2463 3895 2745 3954 acceptam
2788 3884 2919 3940 fert.
2967 3884 3119 3938 Alter
3152 3882 3301 3936 enim
3350 3881 3494 3935 tollit

1898 3988 2183 4050 peccatum
2223 3978 2437 4045 mundi,
2473 3979 2579 4033 hoc
2610 3986 2795 4032 autem
2825 3992 2923 4047 per
2953 3975 3222 4046 Spiritum
3257 3974 3495 4029 sanctis-

1897 4070 2097 4125 simum
2121 4069 2419 4124 mundatur
2442 4078 2498 4124 et
2526 4069 2881 4139 abstergitur.
2913 4066 3077 4122 Clare
3111 4067 3259 4121 enim
3287 4066 3494 4120 clama-

1898 4166 1997 4230 vit,
2023 4164 2167 4233 quod
2198 4164 2454 4227 mundus,
2478 4179 2509 4217 a
2539 4173 2765 4234 peccato
2796 4162 3077 4228 liberatus,
3114 4172 3170 4215 et
3196 4161 3375 4215 salute
3408 4159 3496 4213 di-

1898 4271 2037 4327 gnus
2065 4256 2306 4317 habitus,
2360 4263 2475 4310 tum
2516 4269 2648 4310 vero
2697 4253 2910 4324 Spiritu
2976 4262 3170 4309 sancto
3202 4267 3267 4307 ac
3302 4259 3496 4321 postea

1899 4348 2024 4418 igne
2076 4346 2418 4416 baptizatus,
2471 4360 2571 4415 per
2629 4360 2795 4414 quem
2857 4344 2968 4399 vim
3028 4343 3267 4413 Spiritus
3316 4342 3496 4396 sancti

1900 4438 2135 4510 igneam,
2161 4437 2436 4493 elllcacem
2467 4446 2523 4492 et
2568 4437 2930 4507 expiatoriam
2980 4436 3288 4504 intelligere
3341 4434 3493 4496 licet,

208 4530 397 4598 στικὴν
439 4528 536 4581 καὶ
584 4526 885 4597 καθάρσιον
936 4526 1033 4579 τοῦ
1070 4526 1389 4596 Πνεύματος
1439 4525 1594 4595 ἰσχὺν
1635 4524 1781 4578 ἐστιν

1893 4541 2045 4589 tanto
2078 4531 2349 4587 beneﬁcio
2373 4530 2605 4585 fruatur.
2638 4529 2886 4595 Quorum
2915 4542 3050 4582 vero
3072 4540 3212 4596 opus
3238 4537 3495 4579 commu-

206 4620 589 4691 ἐκμανθάνειν,
618 4620 719 4691 τῆς
747 4618 1087 4689 τηλικαύτης
1119 4616 1440 4688 εὐεργεσίας
1468 4616 1783 4671 ἀπολαύου-

205 4728 312 4767 σιν.
342 4704 448 4764 Ὧν
467 4712 525 4765 δὲ
563 4710 625 4764 τὸ
658 4712 818 4781 ἔργον
847 4712 1029 4767 κοινὸν
1046 4711 1142 4765 καὶ
1171 4710 1501 4782 ἀμέριστον,
1530 4712 1628 4765 καὶ
1666 4709 1793 4763 τότε

210 4804 411 4874 κόσμου
461 4804 862 4874 ἀνακαινισμὸς
903 4803 1001 4857 καὶ
1050 4802 1379 4868 ἀνάπλασις,
1413 4801 1535 4866 πῶς
1603 4803 1703 4872 οὐκ
1758 4804 1793 4873 ἡ

210 4894 343 4966 αύτὴ
372 4896 474 4966 μὲν
492 4896 709 4959 τούτοις
750 4895 935 4964 φύσις,
978 4896 1010 4966 ἡ
1052 4894 1191 4964 αὑτὴ
1239 4893 1527 4965 δὲνείσχὺς,
1578 4896 1613 4965 ή
1653 4895 1794 4967 αὐτὴ

210 4988 263 5041 δὲ
291 4988 679 5060 φιλανθρωπία
707 4992 803 5043 καὶ
847 4988 1114 5061 πρόνοιαῖ;
1154 4987 1314 5043 Οὕτω
1359 4986 1492 5056 γοῦν
1524 4986 1585 5053 ἐξ
1620 4988 1794 5058 αὐτῆς

1892 4639 1965 4678 ne
1993 4631 2165 4677 estet
2200 4621 2499 4675 indivisum
2525 4661 2541 4687 ,
2592 4620 2739 4689 quod
2778 4617 2972 4673 mundi
3026 4613 3389 4670 renovatione
3440 4618 3500 4663 et

1891 4712 2240 4783 reparatione
2267 4712 2620 4773 continetur,
2659 4708 2936 4780 quomodo
2977 4706 3084 4761 illis
3131 4719 3246 4758 non
3297 4702 3497 4757 eadem

1892 4812 2113 4868 natura,
2141 4803 2332 4858 eadem
2372 4817 2501 4857 vero
2531 4804 2701 4857 etiam
2728 4809 2996 4871 potestas,
3028 4796 3225 4852 eadem
3253 4795 3501 4864 denique

1894 4897 2211 4951 humanitas
2236 4902 2292 4950 et
2321 4895 2668 4965 providentia
2700 4891 2906 4948 fuerit?
2943 4891 3045 4957 Qui
3078 4890 3246 4962 igitur
3291 4889 3347 4942 in
3378 4887 3501 4957 ipso

1893 4990 2087 5045 limine
2117 4990 2288 5045 Deum
2323 4988 2526 5046 trinum
2573 4985 2915 5060 pradicavit,
2953 4994 3011 5040 et
3042 4981 3393 5039 tremendum
3434 4996 3501 5035 ac

1325 5121 1562 5178 YARIIE
1598 5121 1985 5181 LECTlONES
2022 5123 2115 5179 ET
2153 5121 2387 5178 NOTAE.

274 5242 390 5310 (88)
421 5242 535 5296 Καὶ
561 5241 932 5311 χρηστηρίῳ.
963 5240 1158 5298 Varias
1182 5241 1468 5310 phraseos,
1518 5241 1578 5294 ὲν
1611 5240 1787 5295 Πνεύ-

209 5330 338 5382 ματι
363 5312 462 5367 καὶ
484 5312 642 5439 πυιρι,
670 5327 791 5380 qua:
828 5311 1026 5368 Matth.
1065 5328 1148 5377 ιιι,
1178 5313 1274 5379 11,
1302 5320 1502 5376 exstat,
1548 5313 1790 5381 explica-

209 5384 381 5439 tiones
435 5397 543 5439 anu
647 5382 837 5439 Patres
898 5383 1201 5439 inveneris.
1257 5398 1491 5439 auarum
1576 5391 1788 5439 partem

208 5384 381 5439 tiones
435 5382 581 5453 apud
647 5382 837 5453 Patres
898 5383 1201 5448 inveneris,
1257 5398 1519 5453 quarum,
1576 5391 1788 5450 partem

205 5455 429 5510 exhibet
455 5450 1031 5523 Jo.Casp.Svicerus,
1082 5454 1163 5523 in,
1188 5450 1451 5508 Thesauro
1472 5452 1785 5508 Ecclesiast.

206 5532 338 5578 tom.
369 5524 412 5588 Ι,
444 5540 500 5594 p.
532 5522 641 5581 629
668 5522 783 5594 seq.
810 5525 895 5581 Ad
926 5523 1104 5580 nostri
1138 5522 1321 5580 Photii
1357 5524 1503 5578 illam
1538 5524 1790 5591 proxime

208 5596 417 5667 accedit
445 5594 680 5667 Cyrillus
707 5593 1115 5667 Alexandrinus
1146 5594 1243 5667 lib,
1271 5611 1357 5667 ιιι,
1385 5594 1708 5667 ϐέαρΙιῃιΨ.
1733 5593 1791 5667 in

209 5661 573 5736 Exodumfp.
598 5666 724 5729 522,
768 5666 844 5720 ita
865 5665 1113 5721 scribens
1150 5682 1167 5733 ιη
1193 5666 1336 5734 Πυρὶ
1374 5664 1458 5736 τῷ,
1483 5661 1664 5735 νοητῷ
1698 5663 1792 5736 τὸν

210 5735 267 5808 tv
298 5737 431 5808 ημῖν
452 5733 769 5808 δαπανῶντι
792 5736 1087 5808 σύρφετὸμν,
1130 5736 1226 5808 κα).
1270 5733 1362 5788 τὸν
1414 5735 1474 5808 εξ
1506 5733 1791 5808 αμαρτίας

210 5805 499 5873 ἑκτήκοντι
530 5805 726 5876 ῥύπον,
758 5804 878 5861 καὶ]
902 5805 1286 5877 ἀποψύχεσθαι
1336 5806 1476 5877 πρὸς
1525 5804 1794 5869 ἐκτύπους

1896 5238 2098 5311 ἡδονὰς
2143 5235 2525 5311 ούκῌάιριὲντι
2572 5235 2666 5289 τὸν
2690 5232 2853 5311 ⁸νοῦν,
2893 5227 3395 5311 ἀττοτετελιὲσμεθα¹
3436 5227 3499 5282 δὲ

1895 5298 2188 5381 ταύτῃ-τοι
2220 5306 2300 5378 τῷ
2357 5298 2636 5381 πνεύματι
2684 5298 2936 5369 ζέοντες·
2992 5305 3096 5358 hoc
3158 5298 3314 5381 est):
3368 5298 3503 5381 Lque

1897 5370 2173 5451 ερὶνὶὶἱιαιὶ
2203 5370 2537 5432 εοὶιδιιηιρηιε
2569 5378 2722 5451 faeces
2744 5386 2974 5440 nostras,
3000 5384 3048 5428 et
3081 5373 3284 5451 peccati
3312 5370 3498 5451 sordes

1900 5439 2231 5512 dbsmnente,
2290 5465 2382 5503 nec
2420 5439 2775 5517 permittente,
2824 5456 2880 5500 ut
2955 5439 3133 5519 mena
3175 5439 3502 5519 inordinati}.

1898 5520 2261 5588 voluptatibus
2322 5511 2597 5589 frigescat,
2650 5511 2767 5571 hac'
2810 5525 2988 5589 autem
3027 5513 3232 5567 ratione
3280 5511 3499 5589 perfecti

1899 5581 2082 5661 anna.
2122 5591 2252 5661 [acti
2290 5581 2483 5661 spiritu
2513 5581 2790 5660 ferventes.
2836 5587 2973 5642 Vide
3018 5600 3142 5655 quae
3179 5581 3342 5651 paulo
3373 5587 3500 5649 post

1902 5659 2102 5715 Noster
2134 5660 2297 5714 affert
2319 5659 2508 5730 plura.

1902 5802 1933 5856 λ
1975 5730 2112 5816 (8.9)
2191 5719 2599 5802 Ἀνοὶιολογεῖ.
2660 5730 2741 5785 Ita
2802 5723 3063 5797 rescripsi
3127 5737 3227 5794 pro
3296 5719 3499 5787 ἀνομο-

1936 5818 2107 5856 ογειν.

1936 5818 2107 5871 ογειν.
