3886 6424
475 358 570 423 187

1633 347 1901 408 ΡΗΟΤΙΙ
1940 342 2450 405 PATRIARCH/E
2479 342 2590 400 (ΣΡ.

3617 353 3713 420 188

468 473 844 530 venerandum
875 472 1072 540 dogma
1116 468 1222 522 hoc
1256 466 1312 521 in
1358 464 1583 521 introitu
1622 465 1903 520 concionis
1937 477 2049 518 sua:

2165 459 2336 522 ἑστίας
2367 457 2636 526 θεολογῶν
2667 457 2767 529 τήν
2791 459 3023 530 Τριάδα,
3054 462 3147 516 καὶ
3187 461 3249 517 τδ
3290 465 3392 536 τῆς
3441 468 3712 541 θεολογίας

467 565 773 637 proposuit,
793 561 940 631 quod
963 561 1223 615 Servator
1246 565 1372 628 post
1401 557 1858 612 resurrectionem
1890 556 2048 610 disci-

469 655 612 724 pulis
642 652 756 708 suis
783 651 983 706 clarius
1020 647 1308 718 explicuit
1339 687 1354 710 ,
1409 662 1540 700 num
1588 646 1634 700 is
1682 645 1901 699 aliunde
1931 645 2048 698 haec

471 744 741 805 hausisse,
765 749 822 794 et
859 739 1062 794 dixisse
1100 753 1165 791 ac
1213 735 1537 805 pra-dicasse
1585 735 1682 789 tibi
1723 735 1958 799 videtur,
1989 741 2050 786 ut

471 836 557 890 vel
607 834 778 905 legem
808 830 996 901 gratia:
1027 830 1360 883 contrariam
1400 827 1628 891 dixerit,
1687 829 1770 881 vel
1811 826 2046 897 negarit,

469 943 619 991 eum,
669 924 759 994 qui
809 937 875 977 ex
917 920 1190 990 lapidibus
1233 919 1550 973 Abrahamo
1583 933 1770 972 semen
1811 917 2051 972 excitare

470 1017 661 1088 possit,
692 1013 1041 1068 Servatorem
1067 1009 1258 1065 mundi
1304 1010 1476 1063 [ilium
1507 1023 1666 1063 suum
1706 1018 1761 1063 et
1789 1006 2049 1061 dilectum

469 1093 614 1174 esse,
637 1107 894 1162 omnibus
926 1102 1375 1159 demonstrasse?
1399 1101 1456 1155 Si
1487 1115 1639 1167 vero,
1672 1099 1764 1168 qui
1798 1097 1902 1152 sub
1933 1096 2050 1166 lege

470 1201 658 1272 gratiae
687 1211 969 1269 przecones
1000 1194 1243 1258 fuerunt,
1277 1201 1334 1247 et
1369 1193 1486 1262 ipse
1517 1205 1735 1261 quoque
1775 1189 2051 1259 legislator

472 1295 636 1357 Deus,
667 1291 758 1360 qui
791 1297 963 1344 totum
983 1295 1140 1342 vetus
1169 1295 1555 1340 testamentum
1578 1282 1832 1348 instituit,
1851 1281 2050 1336 Filium

470 1381 749 1455 proprimn
778 1381 943 1435 Deum
967 1379 1176 1432 Bonum
1199 1386 1255 1431 et
1273 1375 1458 1430 mundi
1484 1373 1832 1430 Servatorem
1857 1385 2055 1426 renun-

472 1475 665 1539 tiavit,
724 1487 961 1542 eumque
1012 1485 1150 1540 aqua
1200 1469 1573 1538 baptizatum,
1619 1465 1896 1537 quomodo
1941 1478 2052 1518 non

471 1565 676 1631 omnia,
703 1580 825 1635 qua:
865 1563 918 1617 in
958 1563 1074 1634 lege
1103 1570 1158 1616 et
1185 1559 1356 1632 gratia
1403 1567 1554 1623 sunt,
1589 1558 1838 1629 ejusdem
1869 1555 2055 1626 provi-

471 1658 693 1721 demite,
721 1672 868 1712 cura:
885 1665 941 1710 et
958 1654 1218 1710 bonitatis
1233 1667 1400 1722 opera
1423 1667 1486 1706 ac
1503 1658 1776 1734 pragcepta
1804 1647 2054 1704 habenda

473 1750 676 1805 erunt?

547 1964 612 2021 V.
642 1965 944 2022 Considera
971 1979 1106 2020 vero
1130 1961 1330 2029 simul,
1367 1963 1569 2034 quibus
1594 1961 1860 2018 encomiis
1886 1959 2056 2015 Joan-

476 2074 600 2111 nem
634 2066 836 2112 mactet
856 2055 1134 2122 Servator,
1164 2055 1384 2125 quando
1405 2070 1531 2109 eum
1563 2053 1770 2109 divitiis
1799 2053 2056 2107 omnibus

475 2147 840 2216 superiorem,
868 2154 925 2200 et
950 2160 1117 2214 supra
1143 2159 1364 2198 omnem
1389 2143 1577 2198 mundi
1601 2143 1797 2198 fastum
1821 2143 2056 2197 colloca-

476 2247 613 2300 tum,
646 2241 701 2290 in
736 2235 840 2291 [ide
877 2244 1144 2306 praeterea
1173 2233 1415 2298 ﬁrmum,
1445 2249 1509 2288 ac
1533 2234 1588 2286 in
1610 2234 1913 2304 sententiis
1953 2233 2056 2288 bo-

475 2329 562 2384 nis
588 2329 858 2396 rectisque
906 2328 1125 2382 tuendis
1167 2327 1454 2382 immotum
1486 2327 1806 2397 pronuntiat
1851 2327 1921 2380 ⁸⁸.
1973 2326 2056 2381 Ab

476 2419 562 2472 his
581 2419 766 2492 ipsum
791 2417 1100 2482 celebrans,
1129 2417 1273 2482 vide,
1311 2432 1476 2488 quam
1511 2419 1668 2490 longe
1687 2419 1848 2474 altius
1877 2417 2056 2472 virum

475 2511 692 2573 ctl’erat,
739 2511 1129 2580 neminemque
1175 2511 1322 2565 inter
1353 2511 1567 2580 genitos
1615 2527 1681 2566 ex
1732 2509 2059 2567 mulieribus

475 2621 604 2659 cum
628 2619 692 2657 eo
720 2605 1174 2672 comparandum,
1197 2603 1292 2658 sed
1321 2605 1556 2672 palmam
1587 2601 1844 2658 omnibus
1869 2604 2060 2674 prteri-

480 2683 749 2767 pieittem,
780 2695 957 2750 sistat.
990 2694 1183 2750 Postea
1210 2711 1240 2749 a
1263 2695 1468 2750 virtute
1487 2695 1559 2748 ita
1584 2695 1866 2750 laudatum
1892 2695 2058 2749 etiam

480 2788 806 2858 prophetam
824 2793 878 2840 et
901 2786 1166 2856 propheta
1182 2786 1443 2856 majorem
1458 2786 1716 2855 appellat,
1737 2787 2060 2856 prophetam

479 2879 726 2949 quidem,
763 2887 824 2933 ut
859 2879 1193 2944 ostenderet,
1236 2878 1626 2948 prophetarum
1659 2893 1858 2932 nomen
1908 2877 2063 2948 ejus-

481 2985 592 3040 que
621 2985 779 3024 usum
811 2969 1077 3038 ejusmodi
1113 2969 1372 3038 operibus
1400 2978 1456 3024 et
1486 2970 1888 3042 prterogativis,
1939 2983 2063 3040 quae

481 3060 744 3116 bonitatis
791 3061 934 3115 dona
984 3069 1144 3127 sunt,
1207 3062 1677 3116 accommodatum
1741 3075 1884 3116 esse.
1928 3059 2063 3115 Pro-

2150 552 2377 622 φρικτὸν
2399 551 2494 603 καὶ
2525 549 2723 603 σεπτὸν
2758 551 2992 622 μάθημα
3046 555 3106 606 ἐν
3141 556 3440 629 προθύροις
3472 561 3565 615 τοῦ
3620 582 3715 632 κη-

2151 644 2434 716 ρύγματος
2466 641 2852 711 ἀπαγγέλλων,
2884 644 2914 697 ὃ
2955 646 3095 716 μετά
3119 646 3220 719 τήν
3269 651 3566 707 ἀνάστασιν
3612 659 3716 719 τοῖς

2153 736 2464 807 μαθηταῖςό
2494 733 2686 805 Σωτήρ
2712 734 3150 806 τηλαυγέστερον
3172 740 3484 810 παρεδίδου,
3509 738 3618 813 ἆρά
3641 762 3717 798 σοι

2149 826 2372 882 άλλοθεν
2397 824 2746 878 ἐπιπνεῖτθαι
2775 824 2952 880 ταῦτα
2979 828 3075 880 καὶ
3091 826 3273 897 λέγειν
3305 831 3400 884 καὶ
3431 833 3718 904 κηρύσσειν

2149 917 2426 988 δόξειεν,ἢ
2454 915 2531 980 ὡς
2547 916 2712 988 νόμος
2743 918 3074 990 ἀσύμφωνος
3092 921 3331 992 ὑπάρχει
3359 927 3426 996 τῇ
3454 926 3658 995 χάριτι,
3684 929 3715 998 ἢ

2149 1005 2224 1070 ὡς
2257 1008 2286 1059 6
2306 1007 2371 1058 ἐκ
2396 1004 2560 1059 λίθων
2588 1005 2820 1077 ἐγείρων
2847 1007 3017 1063 τέκνα
3049 1009 3128 1080 τῷ
3171 1011 3421 1085 Ἀϐραάμ
3449 1015 3603 1082 Θεὸς,
3629 1018 3720 1088 οὐχ

2151 1100 2179 1152 6
2209 1097 2371 1161 αὐτὸς
2402 1097 2532 1151 Υίδν
2554 1097 2750 1151 ἐαυτοῦ
2776 1093 2920 1154 εἶναι
2942 1100 3037 1154 καὶ
3058 1103 3367 1175 ἀγαπητὸν,
3387 1106 3480 1160 τὸν
3503 1108 3723 1180 Σωτῆρα

2155 1189 2252 1244 τοῦ
2280 1191 2489 1261 κόσμου
2515 1191 2685 1244 πᾶσιν
2706 1191 3052 1263 ἐτράνωσεν;
3092 1196 3154 1248 Et
3192 1195 3250 1250 δὲ
3285 1199 3334 1250 οί
3363 1199 3423 1253 ἐν
3451 1199 3532 1269 τιῖ»
3581 1201 3723 1270 νόμῳ

2152 1283 2254 1353 τῆς
2279 1282 2503 1355 χάριτος
2533 1285 2774 1354 κήρυκες
2806 1283 2903 1337 καὶ
2927 1286 2956 1338 6
2985 1287 3282 1359 νομοθέτης
3305 1289 3460 1358 Θεὸς,
3494 1293 3525 1345 6
3548 1293 3726 1348 πᾶσαν

2152 1375 2252 1446 τὴν
2276 1375 2519 1428 Παλαιὰν
2546 1374 2889 1446 διαθέμενος,
2903 1377 2998 1431 τὸν
3017 1378 3223 1447 ἀγαθὸν
3244 1380 3378 1435 Θεὸν
3409 1383 3504 1438 καὶ
3518 1384 3726 1456 Δυτρω-

2153 1469 2256 1536 τὴν
2300 1467 2397 1520 τοῦ
2444 1467 2652 1538 κόσμου
2710 1467 2837 1521 Υίὸν
2894 1469 3028 1524 ῖδιον
3076 1473 3403 1543 ἀνεκήρυξε,
3455 1477 3556 1530 καὶ
3608 1477 3725 1532 τότε

2157 1558 2558 1629 βαπτιζόμενον
2587 1561 2646 1614 ἐν
2677 1559 2757 1629 τῷ
2778 1559 2956 1624 ὕδατι,
2992 1561 3110 1626 πῶς
3160 1565 3285 1636 ούχὶ
3329 1567 3426 1620 καὶ
3461 1567 3534 1622 τά
3561 1569 3620 1622 ἐν
3653 1570 3728 1640 τῷ

2155 1653 2308 1722 νόμῳ
2332 1653 2510 1706 πάντα
2565 1652 2660 1707 καὶ
2701 1652 2772 1706 τά
2821 1653 2882 1707 ἐν
2917 1657 2985 1726 τῇ
3032 1657 3218 1727 χάριτι
3267 1658 3368 1728 τῆς
3395 1660 3571 1730 αὐτῆς
3627 1664 3728 1717 elo:

2159 1744 2417 1813 προνοίας
2445 1745 2541 1798 καὶ
2563 1745 2924 1817 δημιουργίας
2955 1748 3052 1799 καὶ
3098 1747 3440 1820 ἀγαθότητος
3471 1750 3615 1824 ἔργα
3643 1753 3730 1808 καὶ

2083 1806 2130 1868 Β
2156 1806 2537 1907 διατάγματα;

2226 1964 2302 2018 E'.
2330 1964 2728 2018 Συνεπισκόπει
2746 1965 2803 2019 δέ
2839 1966 2936 2020 καὶ
2959 1967 3106 2032 ὅσοις
3142 1968 3234 2023 τὸν
3267 1969 3529 2041 Ἰωάννην
3557 1972 3729 2040 ἐγκω-

2159 2055 2304 2126 μίοις
2331 2057 2360 2108 6
2388 2055 2581 2126 Σωτὴρ
2607 2055 2814 2125 στέφει,
2850 2057 3084 2128 κρείττω
3115 2059 3216 2128 μέν
3263 2060 3729 2132 ἐπιψηφιζόμενος

2156 2145 2481 2216 χρημάτων,
2512 2146 2697 2216 πάσης
2741 2146 2800 2200 δὲ
2848 2148 3131 2218 περιγείου
3179 2149 3339 2221 δόξης
3369 2151 3733 2222 ύπεριδρυμέο

2157 2253 2270 2300 vov,
2302 2237 2527 2308 στερρὸν
2558 2236 2616 2290 δέ
2641 2235 2740 2308 τὴν
2766 2237 2859 2292 ἐπὶ
2884 2240 2953 2310 τῇ
2984 2239 3166 2292 πίστει
3188 2241 3394 2312 κρίσιν,
3417 2243 3515 2295 καὶ
3548 2244 3731 2308 άπλῶς

2156 2325 2255 2396 τὴν
2281 2326 2367 2380 ἐπ’
2412 2325 2636 2394 ἀγαθοῖς
2689 2327 2822 2381 πᾶσι
2866 2329 3097 2400 γνώμην
3145 2329 3466 2403 ἀκλόνητον.
3514 2331 3734 2397 Τούτοις

2157 2417 2216 2472 δὲ
2249 2417 2412 2472 αύτδν
2441 2417 2817 2487 ἀνακηρύξας,
2845 2420 2947 2491 δρα
2973 2421 3092 2484 πῶς
3125 2421 3219 2474 ἐπὶ
3245 2422 3418 2491 μείζω
3437 2423 3532 2477 τὸν
3573 2425 3736 2495 ἀνδρα

2159 2509 2398 2579 ἐπαίρει,
2431 2509 2528 2562 καὶ
2579 2510 2687 2563 τῶν
2747 2510 2808 2562 ἐν
2869 2508 3153 2580 γεννητοῖς
3197 2514 3478 2578 γυναικῶν
3549 2515 3737 2569 ούδένα

2159 2600 2371 2669 τίθησιν
2395 2599 2764 2670 ἐξισούμενον,
2785 2600 2922 2656 άλλά
2937 2601 3079 2655 κατά
3103 2603 3321 2656 πάντων
3346 2604 3406 2657 τὸ
3435 2605 3737 2677 πρεσϐεῦον

2161 2695 2417 2762 φέροντα.
2442 2687 2576 2745 Εἶτα
2605 2691 2744 2763 πρὸς
2777 2693 2983 2764 ἀρετὴν
3026 2693 3188 2747 αὐτὸν
3226 2694 3405 2760 οὕτως
3446 2697 3739 2767 άνυψώσας

2161 2782 2257 2836 καὶ
2276 2783 2567 2854 προφήτην
2584 2783 2869 2848 ἀποκαλεῖ,
2898 2784 2994 2837 καὶ
3011 2787 3292 2855 προφήτου
3327 2789 3736 2860 περισσότερονο

2163 2877 2454 2947 προφήτην
2490 2875 2610 2946 μὲν,
2642 2876 2729 2929 ῖνα
2750 2875 2898 2948 δείξῃ
2923 2877 2984 2930 τὸ
2997 2877 3106 2930 τῶν
3130 2879 3429 2949 προφητῶν
3448 2879 3623 2951 ὄνομα
3647 2881 3741 2934 καὶ

2161 2966 2261 3037 τὴν
2291 2966 2481 3036 χρείαν
2531 2967 2802 3030 τοιούτοις
2843 2966 3027 3037 ἔργοις
3056 2967 3152 3021 καὶ
3188 2967 3498 3038 ἀξιώμασιν
3526 3010 3544 3036 ,
3583 2969 3622 3024 ἃ
3646 2970 3742 3040 τῆς

2163 3057 2504 3128 ἀγαθότητός
2530 3059 2648 3112 ἐστι
2677 3058 2851 3130 δῶρα,
2877 3059 3424 3132 προσαρμοζόμενον.
3452 3062 3741 3134 Προφήτου

483 3154 647 3224 pheta
694 3161 876 3207 autem
928 3152 1189 3222 majorem
1237 3161 1414 3218 vocat,
1469 3153 1615 3223 quod
1669 3153 1762 3223 qui
1803 3154 2062 3223 aequalem

2165 3151 2223 3206 δέ
2263 3150 2676 3222 περισσότερον,
2701 3150 2785 3204 ὅτι
2812 3151 2913 3222 τήν
2946 3151 3072 3222 ῖσην
3109 3152 3346 3217 ἐκείνοις
3369 3154 3533 3225 χάριν
3566 3155 3746 3210 λαϐὼν

480 3262 606 3301 cum
639 3246 743 3300 illis
789 3247 1016 3317 gratiam
1048 3254 1241 3299 nactus
1268 3254 1374 3311 est,
1407 3253 1468 3298 ut
1499 3244 1678 3299 futura
1712 3245 2059 3316 praevideret,

483 3334 627 3389 idem
673 3335 855 3388 adhuc
885 3335 1008 3404 plus
1038 3333 1231 3388 habuit
1260 3341 1320 3387 ut
1348 3334 1559 3388 scilicet
1603 3334 1812 3389 videret
1839 3349 1964 3389 eum
1995 3335 2064 3389 de

481 3443 592 3498 quo
639 3427 715 3481 illi
759 3426 1038 3482 vaticinati
1101 3434 1232 3481 sunt
1269 3435 1326 3480 et
1362 3426 1558 3498 dignus
1606 3426 1922 3492 haberetur,
1967 3426 2064 3497 qui

484 3520 793 3590 baptizaret
821 3533 962 3588 aqua
991 3518 1165 3585 illum,
1205 3518 1299 3588 qui
1333 3519 1598 3573 mundum
1627 3519 1754 3590 igne
1775 3528 1831 3574 et
1855 3519 2062 3590 Spiritu

485 3611 860 3680 haptizaturus
896 3620 1035 3675 erat,
1081 3619 1136 3665 et
1163 3626 1194 3665 a
1233 3610 1473 3681 peccatis
1505 3611 1889 3667 mundaturus.
1924 3609 2065 3666 Num

487 3701 652 3772 igitur
679 3703 848 3774 gratia
873 3717 997 3757 cum
1030 3701 1146 3774 lege
1169 3704 1414 3774 pugnat?
1445 3718 1630 3758 nonne
1659 3703 1840 3773 potius
1872 3717 2067 3773 magna

484 3804 572 3848 est
600 3793 740 3848 inter
764 3801 1052 3864 utramque
1087 3793 1377 3849 consensio
1405 3802 1462 3848 et
1487 3791 1758 3848 afﬁnitas?
1783 3792 2069 3858 Quomodo

485 3897 641 3946 vero,
699 3883 970 3952 siquidem
1027 3880 1270 3938 Joannes
1327 3883 1397 3938 ab
1451 3882 1558 3938 alio
1605 3891 1724 3938 erat
1776 3882 2066 3954 principio,

484 3971 673 4041 gratiae
718 3981 910 4026 auctor
942 3972 1058 4027 haec
1090 3972 1159 4028 de
1195 3988 1262 4029 eo
1298 3981 1529 4029 testatus
1578 3983 1681 4038 est,
1723 3989 1845 4044 quae
1881 3974 2070 4044 paucis

489 4061 678 4130 eisque
703 4061 919 4116 selectis
951 4071 1195 4132 tempore
1221 4063 1347 4118 novi
1377 4063 1689 4119 testamenti
1715 4073 1924 4134 patrata
1947 4079 2070 4120 esse

488 4148 738 4202 constat?
776 4148 1065 4214 Quomodo
1122 4151 1273 4216 item,
1329 4166 1453 4207 cum
1501 4152 1628 4208 boni
1674 4152 1846 4208 Patris
1893 4154 2070 4209 bonus

490 4236 563 4291 sit
594 4237 782 4304 Filius,
835 4239 1087 4310 idemque
1137 4241 1395 4298 bonitatis
1435 4243 1579 4309 fons,
1614 4244 1771 4316 legali
1801 4252 1858 4300 et
1884 4245 2070 4299 manui

489 4335 548 4382 et
574 4329 718 4393 voci,
767 4345 904 4399 quas
949 4341 1211 4404 apostatae
1258 4334 1495 4403 oppositi
1539 4334 1796 4404 principii
1848 4350 1989 4405 opus
2015 4343 2072 4390 et

2163 3241 2259 3296 τοῦ
2295 3243 2541 3313 προορᾷν
2571 3241 2641 3296 τὰ
2670 3241 2936 3312 ἐσόμενα,
2971 3241 3136 3297 πλέον
3182 3243 3403 3297 εἵλκυσε
3443 3245 3504 3298 τὸ
3534 3246 3746 3300 καὶτὸν

2163 3334 2647 3406 προφητευόμενον
2701 3334 2851 3400 ἰδεῖν,
2887 3335 2985 3388 καὶ
3027 3334 3089 3388 τὸ
3143 3336 3550 3408 καταξιωθῆναι
3594 3337 3747 3392 ὕδατι

2165 3424 2428 3494 βαπτίσας
2461 3423 2554 3478 τὸν
2603 3424 2741 3496 πυρὶ
2767 3425 2864 3478 καὶ
2902 3423 3185 3496 Πνεύματι
3237 3427 3382 3498 ἁγίῳ
3416 3427 3507 3481 τὸν
3543 3429 3747 3500 κόσμον

2166 3515 2499 3586 βαπτίζοντα
2523 3555 2540 3581 ,
2602 3517 2700 3570 καὶ
2737 3514 2847 3569 τῶν
2907 3516 3327 3588 ἁμαρτημάτων
3389 3518 3748 3591 καθαίροντα.

2164 3603 2313 3678 Ἀρα
2341 3605 2436 3660 οὖν
2463 3608 2498 3677 ή
2532 3607 2692 3678 χάρις
2727 3606 2807 3678 τῷ
2833 3605 2983 3678 νόμῳ
3019 3606 3385 3678 διαμάχεται;
3420 3608 3453 3679 ἢ
3488 3610 3552 3661 ού
3580 3609 3747 3679 πολλή

2166 3697 2252 3761 τίς
2285 3698 2435 3749 ἐστιν
2471 3697 2530 3750 tv
2575 3696 2761 3759 αὐτοῖς
2809 3697 3100 3766 συμφωνία
3137 3697 3234 3749 καὶ
3273 3696 3576 3766 συνάφειας
3628 3697 3751 3760 Πῶς

2165 3788 2212 3842 δ’
2243 3788 2403 3859 εῑπερ
2432 3783 2502 3859 ἦν
2525 3788 2554 3841 6
2603 3787 2862 3858 Ἰωάννης
2905 3786 3072 3857 ἀλλης
3101 3787 3301 3859 ἀρχῆς,
3333 3789 3364 3840 6
3390 3787 3491 3858 τῆς
3529 3788 3752 3858 χάριτος

2167 3880 2468 3951 νομοθέτης
2510 3880 2684 3934 ταῦτα
2719 3880 3250 3954 προσεμαρτύρησεν
3283 3880 3453 3952 αὐτῷ,
3480 3882 3518 3936 ἃ
3551 3883 3753 3951 ὀλίγοις

2169 3975 2319 4030 ἐστιν
2353 3975 2555 4047 εὑρεῖν,
2589 3975 2684 4030 καὶ
2719 3973 2897 4030 ταῦτα
2921 3976 3037 4039 τοῖς
3105 3974 3386 4038 ἐκλεκτοῖς
3433 3974 3547 4029 τῶν
3597 3975 3658 4029 ἐν
3686 3976 3754 4045 τῇ

2169 4068 2354 4138 χάριτι
2404 4065 2856 4138 κατορθούμενα;
2905 4065 3032 4130 Πῶς
3080 4065 3127 4119 δ’
3177 4065 3244 4118 ἂν
3296 4065 3584 4136 ήνέσχετο,
3622 4066 3757 4129 Παῖς

2170 4155 2247 4209 ῶν
2273 4155 2480 4223 ἀγαθὸς
2541 4152 2750 4223 ἀγαθοῦ
2775 4153 3009 4226 Πατρός,
3043 4153 3142 4207 καὶ
3193 4153 3346 4225 πηγή
3389 4153 3755 4222 ἀγαθότητος,

2169 4248 2246 4317 τῇ
2276 4246 2474 4315 νομικῇ
2508 4245 2604 4299 καὶ
2658 4243 2804 4317 χειρὶ
2842 4245 2936 4297 καὶ⁵
2969 4245 3145 4314 φωνῇ,
3174 4243 3212 4298 ἀ
3243 4246 3292 4297 oi
3323 4245 3636 4298 ἀποστάται
3659 4248 3760 4315 τῆς

2171 4337 2560 4407 ἀντικειμένης
2587 4325 2748 4406 ἔργον
2775 4335 3020 4407 τολμῶσι
3051 4334 3233 4403 λέγειν
3272 4337 3368 4390 καὶ
3400 4337 3756 4408 πρόσταγμα,

491 4430 824 4491 praeceptum
843 4422 1025 4478 dicere
1045 4423 1270 4489 audent,
1299 4425 1708 4481 immaculatum
1730 4437 1892 4498 caput
1909 4443 2062 4483 suum

2174 4427 2274 4500 τὴν
2305 4429 2575 4499 ἄχραντον
2607 4425 2774 4482 αὑτοῦ
2829 4427 3075 4498 κεφαλὴν
3106 4427 3416 4494 ὑποκλῖναι,
3452 4429 3551 4482 καὶ⁸
3589 4429 3650 4482 τὸ
3701 4429 3762 4493 ἐξ

491 4489 834 4580 submittere,
891 4525 948 4569 et
995 4515 1331 4585 baptismum
1397 4532 1496 4587 per
1555 4532 1749 4587 aquam
1797 4489 2062 4589 -recipere

2179 4489 2701 4592 ὖδατοῖὑποστῆναι
2727 4489 3013 4593 βάπτισμα
3028 4489 3106 4592 ,(6)
3129 4489 3505 4592 γλώσσηςϋίδν
3532 4489 3761 4583 ἀσπίδος

489 4603 782 4671 sustineat,
812 4621 846 4660 ο
873 4605 1115 4677 linguam
1161 4621 1434 4662 venenum
1476 4608 1748 4678 serpentis
1779 4608 2075 4664 edunden-

492 4696 635 4749 tem!
665 4695 712 4751 si
737 4711 878 4767 aqua
905 4712 1016 4752 non
1039 4697 1168 4752 sita
1195 4697 1342 4752 bono
1369 4706 1616 4753 creatore
1652 4698 1935 4769 profecta?

563 4825 654 4882 Vl.
694 4827 850 4894 Quod
887 4844 1017 4884 vero
1061 4829 1299 4900 amplius
1331 4831 1495 4895 valet,
1529 4847 1641 4886 non
1681 4847 2074 4888 commemoro.

495 4914 552 4970 ιιι
581 4933 710 4972 vero
759 4919 866 4974 tale
909 4929 1013 4986 est,
1053 4921 1199 4991 quod
1250 4937 1415 4977 nemo
1461 4922 1580 4977 sine
1621 4921 1850 4979 horrore
1895 4925 2078 4981 dicere

496 5008 780 5078 suscipiat,
831 5011 939 5065 illis
985 5027 1134 5079 vero,
1168 5013 1222 5068 in
1252 5015 1456 5085 quibus
1495 5030 1652 5070 error
1696 5015 1788 5071 hic
1818 5018 2076 5086 exsultat,

497 5100 854 5158 conﬁciendis
901 5105 1137 5161 maxime
1196 5117 1384 5177 aptum
1420 5109 1513 5175 sit,
1560 5121 1726 5182 atque
1757 5113 1896 5168 adeo
1949 5128 2075 5168 cum

499 5191 737 5246 maxime
810 5193 990 5250 fructu
1039 5207 1097 5252 et
1139 5200 1320 5254 studio
1368 5215 1401 5255 a
1447 5203 1606 5258 nobis
1666 5206 2074 5275 exponendum.

498 5284 672 5338 Natus
706 5285 854 5339 enim
881 5299 966 5342 est
1008 5288 1135 5343 boni
1179 5292 1360 5346 Patris
1401 5293 1582 5351 bonus
1603 5295 1777 5353 Filius
1805 5313 1869 5353 ex
1898 5298 2078 5371 Virgi-

497 5374 584 5427 nis
615 5381 790 5440 utero,
819 5375 873 5429 in
899 5377 1083 5432 mundi
1111 5380 1366 5444 salutem,
1396 5383 1472 5438 ita
1500 5393 1560 5439 ut
1583 5398 1804 5442 carnem
1827 5378 2076 5444 nostram

492 5466 602 5520 sibi
652 5482 720 5521 ex
771 5466 1120 5526 immaculato
1177 5473 1443 5544 sanguine
1493 5475 1776 5542 formaret,
1813 5488 1868 5534 et
1911 5479 2078 5536 homo

499 5568 806 5613 vocaretur.
855 5560 1034 5631 Atque
1062 5562 1117 5618 id
1146 5564 1368 5637 quidem
1397 5575 1612 5624 veteres
1650 5567 1949 5641 impietatis
1979 5587 2077 5644 pa-

579 5759 626 5795 ⁸³
643 5762 828 5822 Matth.
858 5787 934 5837 x1,
963 5770 1015 5824 7.

2173 4612 2516 4685 προχεούσης
2537 4609 2603 4681 l),
2621 4611 2724 4666 ούκ
2742 4610 2898 4675 ὖντος
2925 4609 3021 4664 τοῦ
3049 4609 3243 4675 ὓδατος
3275 4611 3376 4682 τῆς
3403 4609 3498 4664 τοῦ
3524 4608 3762 4680 ’Δγαθοῦ

2171 4703 2536 4776 δημιουργίας
2555 4719 2571 4769 ;

2248 4840 2341 4908 C1".
2391 4839 2557 4893 Ἀλλά
2583 4837 2694 4910 γάρ
2721 4837 2775 4891 τί
2805 4837 2866 4890 τὸ
2891 4837 3097 4909 μεῖζον,
3124 4837 3187 4892 οὐ
3212 4837 3380 4906 λέγω.
3415 4837 3573 4892 Ἐστι
3615 4838 3675 4892 δὲ
3705 4837 3767 4891 τὸ

2177 4932 2311 4988 αὐτὸ
2331 4931 2410 5003 τῷ
2430 4949 2489 4985 τε
2521 4932 2735 5000 λέγοντι
2759 4931 2928 5002 χωρὶς
2958 4930 3160 5003 φρίκης
3177 4932 3353 4985 εἰπεῖν
3381 4932 3768 5002 ἀπορώτατον,

2177 5025 2273 5079 καὶ
2301 5024 2424 5076 καθ’
2461 5016 2536 5077 ὧν
2566 5025 2600 5093 ή
2659 5022 2834 5092 πλάνη
2869 5021 3122 5094 χορεύει,
3155 5021 3517 5092 σφοδρότατόν
3551 5038 3615 5074 τε
3671 5023 3771 5075 καὶ

2175 5114 2629 5186 τμητικώτατον,
2660 5116 2757 5169 καὶ
2785 5114 2910 5167 ὅσον
2962 5113 3198 5186 ῥηθῆναι
3236 5113 3678 5184 χρειωδέστατόν
3710 5130 3770 5166 τε

2175 5207 2274 5262 κα)⁸
2307 5207 2774 5278 σεδασμιὼτερον.
2806 5206 3141 5276 Γεγέννηται
3179 5204 3280 5276 μὲν
3307 5203 3418 5273 γὰρ
3443 5205 3472 5256 6
3504 5202 3602 5256 τοῦ
3633 5206 3774 5272 ἁγαο

2177 5298 2273 5354 θοῦ
2317 5299 2532 5370 Πατρδς
2579 5297 2788 5368 ἀγαθὸς
2839 5298 2969 5360 Υίὸς
3015 5299 3081 5350 ἐκ
3125 5294 3476 5367 παρθενικῶν
3521 5293 3774 5362 λαγόνων

2177 5391 2267 5446 διὰ
2291 5391 2392 5462 τὴν
2416 5390 2514 5444 τοῦ
2545 5391 2754 5462 κόσμου
2795 5390 3101 5462 σωτηρίαν,
3144 5390 3240 5442 καὶ
3277 5388 3458 5460 σάρκα
3496 5387 3599 5455 τήν
3629 5389 3776 5456 ήμε-

2179 5483 2346 5555 τέραν
2388 5485 2454 5536 ἐκ
2499 5482 2609 5537 τῶν
2649 5480 2938 5554 ἀχράντων
2967 5480 3149 5552 ἐαυτῷ
3177 5481 3483 5545 διαπλάσας
3515 5479 3776 5549 αἱμάτων

2178 5575 2546 5647 ἐχρημάτισεν
2595 5573 2908 5646 ἅνθρωπος.
2945 5571 3060 5630 Καὶ
3091 5571 3252 5628 τοῦτο
3287 5573 3402 5636 τοῖς
3457 5571 3558 5642 μὲν
3599 5570 3776 5624 πάλαι
