3886 6438
170 401 273 465 m

1207 388 1503 449 CONTRA
1537 382 1997 447 MANICH/EOS
2038 382 2271 441 LIBER
2312 383 2409 443 IV.

3352 377 3454 443 190

167 517 279 569 τῶν
310 512 529 567 ἀσεϐῶν
549 506 942 580 παρεγράφετο
970 500 1106 575 (90),
1138 502 1251 563 τοῖς
1278 499 1336 552 δὲ
1372 499 1583 553 ἐκεῖθεν
1605 499 1759 566 φυεῖ-

1882 494 2007 547 roni
2047 492 2401 562 refugerunt;
2435 488 2511 543 illi
2544 496 2752 555 autem,
2792 490 2885 559 qui
2924 491 3055 545 hinc
3077 490 3185 547 orti
3218 502 3367 556 sunt,
3396 502 3452 549 et

169 624 275 668 σιν,
318 606 419 658 οὐκ
459 598 557 656 οἷδ’
588 604 740 664 ὅπως
771 599 921 669 ἔργῳ
957 597 1057 666 τὴν
1087 594 1319 664 ἄρνησιν
1354 591 1635 660 ἀγαπῶσι,
1659 589 1760 658 τῆς

167 701 225 751 ἐν
256 697 443 765 λόγοις
485 694 657 764 τιμῆς
700 693 802 745 οὐκ
830 688 1175 743 ἐκϐάλλεται.
1220 686 1331 737 Καὶ
1361 682 1470 753 γὰρ
1502 682 1761 752 σεμνολο-

166 790 474 859 γουμένους
514 787 725 840 ἔνεστιν
746 784 949 844 αὐτοὺς
975 781 1128 851 όρᾷν,
1161 772 1243 841 οἷς
1282 794 1341 830 τε
1390 776 1488 838 τὰς
1530 776 1760 843 εὐαγγε-

167 882 329 943 inci;
352 881 579 950 Γραφὰς
604 878 773 948 τιμᾷν
804 872 1196 944 ἰσχυρίζονται,
1233 869 1328 922 καὶ
1352 861 1436 931 οἷς
1464 867 1556 919 τὸν
1596 865 1762 918 Ἀπό-

170 974 365 1026 στολον
397 972 492 1025 καὶ
522 969 783 1040 Θεοφόρον
803 965 1016 1031 Παῦλον
1040 960 1136 1015 τοῦ
1168 962 1372 1014 οἰκείου
1405 960 1762 1031 φρονήματος

170 1064 549 1135 δογματιττὴν
578 1063 676 1115 καὶ
723 1056 1047 1113 διδάσκαλον
1084 1053 1543 1124 καταψεύδονται.
1576 1051 1765 1120 Σάρκα

169 1157 357 1210 τοίνυν
430 1151 835 1225 προσλαϐόντος
904 1149 1000 1203 τοῦ
1075 1147 1283 1217 Κυρίου
1355 1144 1515 1216 ἡμῶν
1584 1140 1762 1213 Ἰησοῦ

170 1247 435 1318 Χριστοῦ*
473 1248 590 1315 (καὶ
616 1244 724 1315 γάρ
745 1246 774 1296 6
801 1246 901 1313 τῆς
930 1239 1160 1313 βροντῆς
1188 1236 1568 1307 ἀνακέκραγεν
1597 1234 1725 1297 Υἱός
1747 1250 1761 1263 ·

172 1342 284 1395 Kal
324 1344 360 1395 ὁ
384 1342 575 1409 Λόγος
627 1336 786 1405 σὰρξ
834 1335 1094 1405 ἐγένετο,
1140 1332 1241 1387 καί
1284 1328 1645 1396 ἐσκήνωσεν
1692 1328 1763 1380 ἐν

170 1432 346 1501 ἡμῖν.
395 1431 508 1484 Καὶ
556 1426 652 1483 τοῦ
699 1424 874 1499 Ἰησοῦ
904 1422 1141 1495 Χριστοῦ
1173 1421 1273 1493 τὴν
1315 1420 1572 1490 γέννησιν
1606 1418 1767 1482 ἄλλος

171 1523 346 1575 πάλιν
390 1520 501 1574 τῶν
548 1517 955 1588 εύαγγελιστῶν
1004 1514 1313 1584 ἀναγράφει
1356 1513 1420 1565 ὲκ
1447 1510 1765 1578 Πνεύματος

170 1612 339 1679 ἁγίου
376 1610 681 1680 γεγονέναι,
714 1609 808 1661 καὶ
822 1608 1005 1661 τεκεῖν
1042 1605 1140 1677 τὴν
1172 1602 1471 1674 Παρθένον,
1515 1601 1607 1656 τὸν
1638 1601 1768 1653 Υἱὸν

174 1701 360 1770 αὑτῆς
387 1701 481 1753 τὸν
510 1698 879 1770 πρωτότοκον,
915 1695 1011 1748 καὶ
1039 1694 1268 1747 καλέσαι
1303 1692 1364 1745 τὸ
1401 1692 1576 1762 ὄνομα
1599 1691 1766 1744 αὐτοῦ

185 1792 432 1863 Ἰησοῦν·
458 1792 478 1861 )
507 1792 538 1845 6
583 1791 641 1844 δὲ
673 1788 889 1853 τούτοις
918 1788 992 1841 ὢν
1015 1787 1281 1859 όμόχορος
1311 1785 1407 1838 καὶ
1458 1781 1766 1837 συνθιασῶ-

171 1902 299 1953 της,
337 1885 401 1937 οὗ
431 1883 524 1937 τὸν
570 1882 813 1952 ἄληπτον
840 1881 999 1934 τόκον
1040 1879 1201 1949 μόνον
1232 1874 1589 1945 ἀπαγγέλλει,
1632 1872 1770 1927 ἀλλὰ

174 1978 273 2029 καὶ
300 1976 401 2028 τὸν
439 1974 753 2045 ἀπόρρητον
803 1972 897 2026 καὶ
934 1968 1397 2041 προηγησάμενον
1443 1965 1538 2019 ἐπὶ
1571 1964 1773 2035 μέρους

173 2070 390 2139 τρόπον
423 2066 561 2139 (91),
598 2066 721 2120 καθ’
770 2064 832 2117 ὃν
862 2060 1231 2133 ὲκυοφορήθη,
1264 2061 1359 2113 καὶ
1390 2059 1467 2122 ὡς
1511 2057 1773 2127 τεχθέντα

176 2163 270 2215 τὸν
310 2162 445 2215 Υίδν
495 2160 663 2230 αὐτῆς
716 2158 809 2211 τὸν
854 2155 1203 2228 πρωτότοκον
1255 2151 1686 2222 ἐσπαργάνωσεν
1737 2149 1771 2218 ὴ

178 2251 469 2324 Παρθένος
495 2251 590 2305 καὶ
620 2252 679 2303 ἐν
706 2252 770 2321 τῇ
805 2249 983 2321 φάτνῃ
1011 2245 1290 2301 ἀνέκλινε·
1326 2244 1423 2297 καὶ
1460 2242 1537 2305 ὡς
1582 2242 1771 2313 Σωτὴρ

179 2344 385 2414 ἐτέχθη
433 2342 515 2413 τῷ
546 2342 738 2412 κόσμῳ
771 2340 1008 2412 Χριστὸς
1053 2338 1261 2408 Κύριος
1310 2338 1369 2389 ὲν
1398 2335 1551 2387 πόλει
1579 2333 1769 2397 Δαΰὶδ,

180 2436 292 2491 τῶν
322 2435 575 2504 ἀγγέλων
603 2435 631 2486 6
656 2434 827 2505 δῆμος
862 2433 1164 2502 ἀνύμνησε.
1204 2427 1317 2481 Καὶ
1364 2427 1502 2497 πρός
1537 2441 1602 2494 γε
1649 2423 1773 2477 τού-

177 2545 321 2593 τοις
359 2529 409 2597 (ὃ
428 2529 557 2590 τοὺς
591 2524 1001 2596 φαπασιαστάς
1022 2521 1118 2575 τοῦ
1140 2518 1466 2592 μυστηρίου,
1486 2518 1587 2587 τὴν
1610 2516 1774 2588 χάριν

182 2624 263 2686 είς
292 2622 468 2693 λῆρον
501 2620 851 2689 ἀπάγοντας,
889 2617 969 2670 ἔτι
1019 2614 1221 2687 μᾶλλον
1274 2608 1619 2682 ἐπιστομίζει
1678 2608 1775 2662 καὶ

183 2714 567 2784 καταισχύνει,
619 2713 740 2784 μεθ’
786 2711 885 2775 οὓς
924 2709 1021 2763 καὶ
1050 2708 1149 2780 τὴν
1196 2706 1424 2760 ἐκείνων
1457 2703 1770 2769 ἀποσπάδα,

182 2809 310 2864 καθ’
351 2803 420 2881 ἧς
439 2810 469 2862 6
497 2806 652 2876 λόγος
684 2802 1025 2877 κεκίνηταιο)
1052 2801 1278 2863 τούτους
1313 2796 1408 2853 οὖν
1433 2798 1568 2867 ὑφὲν
1598 2798 1775 2866 ἀπορ-

186 2902 440 2974 ραπίζων
480 2900 574 2953 καὶ
597 2896 1144 2969 καταστρεφόμενος,
1194 2893 1290 2947 καὶ
1336 2890 1437 2963 τὴν
1489 2888 1634 2943 κατὰ
1684 2888 1776 2941 τὸν

183 2995 355 3064 νόμον
387 2991 696 3062 περιτομὴν
723 2988 825 3057 τῆς
850 2986 1053 3058 σαρκὸς
1072 2984 1376 3055 ὑποστῆναι
1396 2982 1489 3037 τὸν
1513 2980 1779 3051 τεχθέντα

186 3085 425 3156 Σιιηῆρα
475 3083 633 3153 ἡμῶν
672 3079 1003 3144 ἐκδιδάσκει,
1062 3077 1229 3150 ἡνίκα
1284 3075 1380 3129 καὶ
1430 3073 1529 3145 τὴν
1595 3068 1773 3144 Ἰησοῦ

1865 585 1954 653 qui
1986 584 2168 638 nescio
2197 581 2493 651 quomodo,
2543 595 2709 649 opere
2738 580 2858 650 ipso
2892 597 3095 652 negare
3128 582 3181 636 id
3218 584 3451 648 malunt,

1866 675 1918 727 in
1948 673 2293 727 sermonibus
2327 686 2755 727 commemorare
2784 687 2893 726 non
2927 671 3224 743 refugiunt.
3257 673 3457 728 Videas

1865 766 2011 820 enim
2062 779 2159 819 eos
2220 763 2470 833 speciose
2532 763 2722 833 loqui,
2764 764 2983 833 quando
3027 773 3084 818 et
3140 765 3455 834 evangelica

1866 855 2067 923 scripta
2119 869 2179 907 se
2223 854 2406 907 colere
2455 852 2766 917 aliirmant,
2822 862 2876 907 et
2922 852 3149 907 Paulum
3193 854 3459 908 divinitus

1866 955 2047 1000 actum
2094 943 2382 999 sententiae
2431 958 2545 997 sua:
2579 950 2860 997 auctorem
2895 952 2951 997 et
2982 943 3261 997 doctorem
3302 959 3459 997 men-

1869 1037 2099 1091 tiuntur.
2131 1036 2268 1090 Cum
2317 1035 2501 1103 itaque
2537 1049 2758 1089 carnem
2789 1034 3151 1103 assumpserit
3194 1036 3458 1089 Dominus

1867 1136 2055 1180 noster
2104 1124 2266 1179 Jesus
2312 1124 2565 1179 Christus
2601 1141 2614 1177 :
2646 1139 2884 1193 namque
2928 1123 3018 1177 ille
3061 1123 3264 1176 tonitru
3312 1123 3458 1181 ﬁlius

1868 1218 2238 1274 exclamavit:
2272 1216 2340 1270 Et
2372 1214 2561 1271 Sermo
2601 1232 2725 1268 caro
2778 1218 2953 1285 factus
2997 1225 3067 1279 et,
3101 1224 3149 1268 et
3201 1215 3459 1267 habitavit

1868 1311 1924 1363 in
1952 1309 2100 1363 nobis
2124 1308 2225 1362 ⁸³³⁸⁸.
2255 1308 2321 1362 Ει
2343 1307 2471 1362 Jesu
2489 1306 2692 1362 Christi
2714 1307 3057 1361 nativitatem
3088 1306 3228 1359 alius
3261 1306 3459 1359 iterum

1868 1397 2328 1471 evangelislarum
2372 1414 2437 1453 ex
2492 1397 2700 1467 Spiritu
2754 1406 2944 1452 saneto
2992 1398 3191 1452 factam
3247 1397 3458 1459 scribit,

1869 1491 2144 1558 traditque
2195 1488 2474 1560 Virginem
2507 1488 2787 1558 peperisse
2821 1486 3021 1542 Filium
3053 1503 3210 1541 suum
3249 1488 3459 1556 primo-

1870 1582 2137 1653 genitum,
2171 1589 2227 1635 et
2259 1595 2487 1634 vocasse
2528 1595 2730 1634 nomen
2764 1579 2885 1649 ejus
2933 1576 3123 1632 Jesum
3151 1576 3218 1632 ⁸⁸.
3255 1578 3460 1633 Horum

1869 1689 2002 1729 vero
2026 1674 2231 1744 collega
2260 1680 2316 1727 et
2338 1672 2562 1737 sodalis,
2588 1687 2699 1725 non
2723 1670 2899 1725 solum
2929 1669 3462 1739 incomprehensibi-

1871 1767 1979 1821 lem
2029 1774 2270 1836 partum,
2308 1764 2401 1819 sed
2432 1771 2487 1818 et
2510 1761 2893 1817 absconditum
2923 1777 2987 1815 ac
3016 1777 3081 1816 ex
3110 1771 3265 1831 parte
3304 1772 3463 1818 ante-

1798 1830 1845 1887 B
1874 1873 2116 1930 gressum
2166 1856 2546 1926 conceptionis
2582 1854 2803 1910 modum
2834 1830 3126 1924 signiﬁcat.
3177 1853 3464 1919 Quomodo

1875 1966 2004 2006 vero
2023 1951 2219 2005 Filium
2243 1966 2403 2005 suum
2432 1948 2871 2019 promogenitum
2901 1946 3063 2017 Virgo
3089 1946 3273 2001 fasciis
3294 1947 3467 2001 invol-

1874 2043 2035 2105 verit,
2066 2054 2121 2095 et
2162 2042 2215 2095 in
2263 2041 2494 2111 praesepi
2542 2038 2853 2109 reposuerit
2900 2039 2983 2101 3";
3019 2038 3296 2107 quomodo
3332 2038 3463 2092 item

1877 2132 2135 2187 Servator
2162 2132 2321 2187 Jesus
2350 2132 2602 2186 Christus
2630 2130 2836 2184 mundo
2864 2138 3028 2183 natus
3061 2128 3132 2183 sit
3158 2128 3211 2181 in
3240 2129 3466 2184 civitate

1874 2224 2065 2289 David,
2111 2224 2428 2294 angelorum
2501 2223 2661 2278 turba
2717 2222 2945 2276 cecinit.
3003 2219 3275 2274 Przeterca
3329 2236 3464 2274 vero

1875 2318 2016 2371 idem
2046 2317 2122 2385 (id
2152 2316 2297 2385 quod
2323 2314 2574 2369 homines
2604 2313 2922 2384 mysterium
2954 2314 3058 2367 hoc
3086 2312 3267 2383 specie
3302 2320 3465 2367 tenus

1877 2416 2150 2472 tenentes,
2194 2416 2250 2461 et
2288 2406 2518 2478 gratiam
2573 2406 2629 2459 in
2683 2420 2857 2475 nugas
2910 2413 3320 2478 convertentcs,
3360 2419 3466 2458 nec

1875 2500 2057 2555 minus
2095 2500 2309 2554 illorum
2341 2498 2598 2559 asseclas,
2623 2505 2814 2552 contra
2843 2511 2983 2565 quos
3015 2496 3100 2550 his
3129 2496 3464 2565 disputatur,

1876 2593 2058 2648 adhuc
2105 2592 2279 2663 magis
2312 2590 2616 2659 compescit
2644 2599 2701 2643 et
2728 2588 3041 2659 confundit)
3073 2589 3295 2658 penitus
3342 2604 3467 2643 eos-

1877 2686 2001 2740 dem
2059 2684 2340 2739 debellans
2406 2692 2460 2737 et
2511 2681 2817 2752 dejiciens,
2879 2683 3041 2737 docet
3121 2683 3467 2736 Servatorern

1877 2777 2037 2832 nobis
2090 2784 2281 2830 natum
2340 2774 2505 2829 etiam
2575 2773 3052 2829 circumcisioncm
3118 2774 3301 2827 carnis
3354 2774 3471 2843 lege

1878 2876 2209 2938 praeceptam
2242 2864 2542 2936 recepisse,
2586 2880 2649 2920 ac
2682 2877 2949 2936 praeterea
2989 2864 3271 2927 eumdem,
3299 2864 3470 2918 etiam

1882 2963 2071 3017 hacin
2112 2970 2265 3031 parte
2315 2960 2549 3016 Mosaica
2602 2969 2878 3031 przeeepta
2940 2960 3286 3030 implentcm,
3337 2957 3471 3012 Jesu

1881 3053 2303 3123 appellationem
2345 3052 2619 3122 recepisse
2662 3051 2973 3123 proﬁtetur.
3007 3051 3144 3107 Cum
3179 3052 3362 3120 itaque
3394 3049 3475 3102 in-

186 3142 568 3244 προσ-ξγορίάν
604 3172 708 3225 κάν
745 3170 824 3241 τῷ
859 3142 1095 3241 παρόντί
1126 3168 1284 3237 μέρει
1321 3165 1422 3230 τὰς
1467 3142 1773 3226 Μωσαΐκάς

1882 3147 2124 3201 carnatio
2171 3146 2358 3212 Verbi,
2401 3161 2498 3200 seu
2548 3144 2732 3200 carnis
2784 3145 3089 3215 assumptio
3129 3142 3475 3199 etnativitas

190 3266 411 3328 ἐντολὰς
470 3262 783 3334 πληροῦντα
826 3259 1279 3332 συμπαραδίδωσι
1326 3255 1605 3320 δέξασθαι.
1664 3254 1776 3324 Τῆς

188 3359 244 3413 ἃ
268 3356 364 3411 τοῦ
394 3356 576 3425 Λόγου
602 3352 1099 3424 ὲνσωματώσεωςῆ
1130 3349 1463 3422 σαρκώσεως
1494 3347 1591 3401 καὶ
1621 3347 1778 3399 ἐναν-

190 3449 529 3519 θρωπήσεως
550 3445 695 3500 οὕτω
724 3444 1204 3517 περιφανεστάτης
1233 3440 1402 3511 οὔσης
1422 3437 1581 3509 (άλλά
1614 3437 1779 3509 μέχρι

189 3541 398 3593 τούτων
429 3537 576 3591 κατά
603 3536 732 3609 ροὖν
753 3552 814 3590 τε
842 3538 873 3589 6
906 3537 1066 3605 λόγος
1101 3537 1231 3606 ἡμῖν
1254 3534 1348 3588 καὶ
1370 3533 1436 3586 δι’
1461 3530 1657 3603 ἡδονῆς
1685 3532 1781 3585 καὶ

191 3634 434 3703 χαρίτων
469 3630 717 3701 ἐφέρετο,
751 3628 812 3682 τὸ
837 3628 894 3681 δὲ
927 3624 1179 3680 ἐντεῦθεν
1204 3622 1417 3692 ἴλιγγός
1445 3640 1504 3675 τε
1542 3622 1638 3675 καὶ
1663 3620 1782 3683 δέος

194 3723 581 3794 προσίσταται.
628 3718 777 3789 Πλὴν
806 3719 984 3771 εἰπεῖν
1011 3717 1225 3785 ἀνάγκη
1260 3712 1354 3765 καὶ
1376 3711 1617 3780 ἀγωνίας
1639 3710 1782 3776 πλη-

197 3814 489 3885 ρούμενον,
541 3812 580 3866 ἃ
620 3808 916 3883 παρελθεῖν
957 3806 985 3859 6
1015 3807 1113 3877 τῆς
1166 3803 1377 3871 πλάνης
1408 3802 1632 3871 ἔλεγχος
1682 3799 1785 3852 οὐκ

196 3906 306 3974 ἐᾷ),
338 3903 594 3974 πότερον,
614 3894 659 3954 ὦ
685 3898 903 3969 τολμῶν
931 3899 998 3951 σὺ
1015 3897 1083 3950 τά
1113 3895 1419 3964 ἀτόλμητα,
1443 3891 1602 3945 τοῦτο
1628 3889 1693 3961 δὴ
1720 3889 1781 3942 τὸ

196 3993 480 4065 κυριακὸν
520 3993 681 4062 σῶμα
705 3992 806 4060 τῆς
839 3987 1051 4057 φαύλης
1086 3986 1150 4039 ἂν
1191 3984 1343 4054 Θείης
1373 3981 1572 4052 ἀρχῆς,
1613 3979 1647 4050 ἢ
1693 3978 1785 4032 τὸν

197 4087 361 4154 δγκον
393 4084 751 4154 εὐλαϐηθήσῃ
794 4080 890 4135 τοῦ
922 4077 1386 4147 ηδυσσεϐἡματοκ
1428 4076 1492 4128 El
1548 4075 1646 4144 μὲν
1676 4073 1785 4143 γὰρ

199 4177 295 4231 καὶ
328 4178 388 4229 σὲ
422 4177 634 4246 τρόμος
661 4172 897 4244 ἔχεικαὶ
931 4169 1097 4241 φόϐος
1127 4166 1420 4231 κατέλαϐε,
1453 4164 1788 4234 ἀφαιρήσεις

201 4267 332 4321 wine
369 4265 594 4329 πάντως
624 4264 723 4333 τῆς
751 4264 997 4334 πονηρᾶς
1030 4262 1122 4315 καὶ
1148 4259 1400 4321 πλάσεως
1451 4257 1545 4308 καὶ
1586 4254 1787 4325 ἀρχῆς,

206 4360 409 4430 μᾶλλον
434 4358 494 4411 δὲ
521 4358 619 4428 τῆς
652 4357 752 4424 σῆς
777 4355 1153 4426 βλασφημίας,
1190 4352 1283 4406 καὶ
1315 4349 1513 4403 σαυτοῦ
1544 4347 1642 4418 τὴν
1665 4345 1790 4398 τόλ-

1882 3247 1992 3297 tam
2040 3237 2328 3293 manifesta
2381 3236 2452 3291 sit
2503 3237 2711 3307 (hucus
2741 3250 2849 3305 que
2884 3235 3031 3289 enim
3086 3249 3261 3304 prono
3308 3246 3475 3287 cursu

1881 3346 2061 3385 sermo
2093 3344 2194 3385 nos
2219 3345 2345 3384 cum
2378 3328 2657 3399 voluptate
2688 3328 2921 3382 detulit:
2950 3328 3064 3393 jam
3090 3339 3223 3379 vero
3255 3322 3471 3392 vertigo

1882 3437 1972 3477 me
2019 3423 2134 3476 fere
2181 3430 2236 3477 et
2288 3435 2459 3490 pavor
2502 3410 2779 3490 occupat:
2813 3419 2909 3474 sed
2946 3417 3241 3473 dicendum
3289 3424 3475 3468 tamen

1883 3514 2110 3568 omnino
2148 3521 2253 3578 est,
2300 3512 2552 3582 quamvis
2584 3526 2697 3565 non
2732 3511 2869 3566 sine.
2900 3509 3287 3580 trepidatione,
3328 3504 3477 3575 quod

1884 3605 2187 3661 confutatio
2231 3602 2656 3675 przetermittere
2702 3616 2815 3657 non
2864 3602 3040 3669 sinit),
3095 3598 3347 3669 nunquid
3392 3605 3476 3660 tu,

1885 3700 1976 3768 qui
2019 3713 2129 3751 non
2187 3695 2438 3750 audenda
2491 3695 2685 3759 audes,
2730 3692 3079 3748 Dominicum
3120 3691 3226 3744 hoc
3277 3704 3480 3757 corpus

1886 3789 1954 3843 ad
1982 3788 2183 3842 malum
2218 3785 2554 3857 principium
2590 3783 2802 3839 referre
2825 3781 3023 3843 mavis,
3049 3795 3118 3833 an
3154 3778 3478 3849 gravitatem

1887 3880 2072 3952 ﬂagitii
2116 3879 2284 3949 hujus
2312 3875 2653 3949 agnoscere?
2688 3873 2743 3930 Si
2768 3873 2940 3928 “enim
2991 3871 3189 3925 horror
3226 3877 3278 3922 te
3308 3865 3478 3937 capit,

1889 3982 1946 4027 et
1996 3975 2160 4026 timor
2209 3979 2480 4039 occupat,
2539 3966 2835 4023 subtrabes
2876 3964 3009 4018 illud
3057 3961 3286 4016 omnino
3334 3957 3482 4012 malo

1888 4062 2155 4143 conditori
2185 4071 2243 4116 et
2273 4059 2569 4130 principio,
2600 4058 2710 4122 vel,
2749 4068 2809 4115 ut
2833 4056 3039 4111 rectius
3068 4055 3283 4123 loquar,
3325 4049 3480 4104 omni

1891 4156 2076 4210 studio
2114 4153 2340 4213 etiicies,
2391 4160 2453 4207 ut
2496 4151 2710 4207 facinus
2761 4151 2903 4214 hoc,
2959 4145 3318 4216 blasphemia:
3376 4152 3485 4197 tua:

1892 4247 2113 4314 fletum,
2154 4244 2456 4300 amoliaris.
2510 4244 2669 4310 Quod
2710 4242 2757 4297 si
2796 4256 2956 4305 vero,
3007 4255 3115 4293 non
3162 4236 3348 4291 habita
3393 4251 3485 4288 ra-

1894 4340 2042 4395 tione
2074 4339 2168 4392 ira:
2216 4338 2437 4401 divinae,
2472 4336 2833 4407 neglectoque
2874 4340 3042 4386 recta:
3075 4329 3307 4384 rationis
3333 4328 3484 4397 judi-

208 4421 316 4520 μαν
341 4447 551 4517 ταύτην
577 4421 1188 4500 ’συναποσκευάσασθαι
1238 4440 1444 4511 πολλὴν
1497 4437 1777 4505 ἐπιδείξεις

1897 4434 2013 4499 cio,
2060 4433 2173 4486 imo
2207 4433 2329 4501 ipso
2377 4446 2504 4500 erga
2546 4430 2802 4483 homines
2851 4426 3086 4496 pudore,
3150 4421 3483 4477 sententiam

202 4511 303 4611 τὴν
334 4511 597 4610 σπουδὴν.
645 4539 709 4591 Εἰ
736 4538 794 4590 δὲ
839 4536 1104 4607 καὶπρὸς
1146 4534 1246 4605 τὴν
1296 4531 1448 4584 Θείαν
1477 4530 1650 4602 ὀργὴν
1694 4528 1777 4582 κα¹

1899 4534 2048 4580 tuam
2076 4522 2356 4577 mordicus
2389 4519 2531 4575 tueri
2570 4517 2927 4589 pertinaciter
2957 4511 3319 4573 constituisti,
3347 4524 3483 4578 quo-

206 4633 313 4686 τῶν
358 4630 646 4701 λογισμῶν
689 4629 792 4699 τὴν
827 4628 1009 4699 κρίσιν
1051 4626 1143 4680 καὶ
1175 4623 1522 4691 κατάγνωσιν
1556 4620 1651 4673 καὶ
1692 4619 1777 4691 τὴι

1891 4618 2078 4681 modo,
2127 4630 2348 4685 quaeso,
2402 4613 2603 4667 Malum
2652 4611 2801 4666 Bono
2848 4611 3100 4680 junctum
3132 4614 3239 4668 est,
3265 4611 3319 4658 et
3342 4616 3473 4669 quo-

206 4726 283 4787 είς
310 4722 636 4793 ἀνθρώπους
671 4716 808 4773 αίδὼ
840 4718 940 4788 τὴν
965 4715 1062 4787 σὴν
1085 4714 1446 4782 ἀντανασχεϊν
1490 4709 1795 4782 ὲπωρώθης

207 4815 459 4885 γνώμην,
494 4812 638 4875 πῶς,
660 4810 804 4874 εἰπὲ,
826 4809 888 4861 τὸ
911 4806 1153 4877 Πονηρδν
1178 4804 1421 4874 συνήφοη
1448 4802 1528 4873 τῷ
1557 4800 1793 4871 Ἀγαθῷ,

1892 4709 2059 4764 modo
2123 4707 2306 4761 bonus
2376 4704 2521 4760 Deus
2582 4703 2816 4757 salutem
2881 4696 3073 4753 mundi
3130 4710 3232 4765 per
3284 4692 3483 4746 Malunt

1894 4814 2154 4870 reparare
2199 4796 2485 4860 sustinuit,
2514 4803 2590 4857 et,
2620 4792 2767 4863 quod
2816 4789 2987 4859 magis
3026 4784 3389 4841 admiratione
3411 4796 3481 4835 ac

210 4873 305 4958 καὶ
484 4873 699 4971 ὑπέστη
723 4904 752 4955 ὁ
782 4873 986 4968 ἀγαθὸς
1018 4873 1153 4960 Θεὸς
1174 4895 1264 4949 διὰ
1292 4873 1387 4948 τοῦ
1421 4892 1667 4963 Πονηροῦ
1696 4891 1777 4961 τὴε

1898 4892 2131 4946 horrore
2175 4890 2399 4959 dignum
2429 4896 2532 4950 est,
2568 4887 2623 4939 in
2659 4887 2918 4939 thronum
2951 4878 3193 4949 patrium
3222 4873 3489 4930 collocat?

208 4996 303 5050 τοῦ
333 4997 547 5064 κόσμου
580 4991 860 5063 σωτηρίαν
909 4986 1392 5058 καταπράξασοαι,
1428 4985 1523 5039 καὶ
1558 4984 1620 5036 τὸ
1657 4974 1794 5036 θάυ-

214 5088 558 5158 μασιιὶιτερόν
598 5103 659 5138 τε
704 5086 797 5138 καὶ
843 5082 1305 5155 φρικωδέστερον,
1348 5077 1427 5148 τῷ
1467 5075 1645 5146 Θρόνῳ
1671 5089 1797 5126 συν-

1900 4984 1956 5039 id
1988 4982 2133 5037 enim
2177 4980 2592 5035 absonditarum
2639 4991 2824 5030 rerum
2854 4974 3039 5028 sciens
3071 4980 3128 5027 et
3157 4970 3349 5036 doctor
3370 4974 3487 5020 uta-

1903 5072 2005 5127 dit.
2041 5072 2151 5125 Aut
2196 5071 2361 5141 igitur
2395 5070 2492 5122 has
2519 5082 2607 5120 res
2634 5079 2828 5118 omnes
2878 5075 3081 5132 negare
3112 5069 3166 5114 te
3192 5052 3481 5128 oportebit,

213 5149 563 5251 εδριάζειντῷ
594 5149 897 5249 πατρικῷ-ς’
924 5174 1085 5228 τοῦτο
1122 5149 1235 5243 γάρ
1265 5172 1295 5224 ὁ
1321 5168 1431 5222 τῶν
1459 5164 1777 5239 ἀπορῤἠτωγ

1904 5163 2053 5235 quod
2079 5161 2291 5219 scilicet
2316 5160 2561 5217 Verbum
2586 5172 2811 5214 carnem
2843 5152 3229 5224 assumpserit,
3257 5149 3489 5204 inmun—

284 5322 363 5354 ⁸³⁴
388 5321 553 5378 Joan.
586 5336 627 5384 ι,
666 5317 753 5372 14.
829 5316 876 5348 ⁸⁸
905 5314 1099 5370 Matth.
1141 5328 1181 5376 ι,
1212 5309 1304 5364 25.
1380 5307 1425 5339 ⁸⁵
1456 5304 1591 5359 Luc.
1629 5320 1691 5366 ιι,
1726 5301 1779 5354 7.

1210 5408 1217 5413 ’
1266 5442 1533 5511 vitam,
1568 5436 1952 5497 LECTIONES
1998 5432 2086 5488 ET
2123 5429 2350 5487 norm.

289 5550 399 5620 (90)
441 5544 1028 5620 Hapsmci_5pst_o._Eos
1059 5539 1239 5595 innuit
1265 5553 1339 5620 _e_x
1380 5534 1659 5620 veteribus
1677 5532 1804 5620 illa:-

222 5603 442 5684 retices,
480 5603 1227 5684 tum'Val'entinianos,_tum
1264 5607 1615 5684 Manichagos,
1644 5603 1809 5684 alios-

221 5675 325 5758 que
354 5675 520 5759 huius
553 5686 790 5759 generis,
837 5684 929 5753 qui
973 5681 1255 5759 Christum
1285 5692 1474 5759 verum
1503 5675 1805 5759 hominem

222 5744 387 5815 fuisse
404 5744 695 5829 negarunt.
729 5744 875 5829 Lege
901 5768 1023 5829 eos,
1044 5752 1097 5805 in
1118 5765 1247 5829 suas
1269 5749 1471 5829 classes
1485 5744 1799 5829 distinctos,

223 5813 741 5901 apud‘For’besium,
787 5813 883 5883 lii).
925 5840 963 5879 ιι
994 5813 1334 5879 Instruction.
1384 5813 1803 5871 historico—theo-

1920 5531 2105 5617 (0913.0;
2126 5525 2375 5617 ’μέτρι’..ἶῖ
2589 5588 2815 5617 ηιηηζηα
2851 5585 2903 5617 ιιι
2960 5582 3109 5617 ηιιηιι
3142 5585 3364 5617 εαηοιης
3382 5574 3491 5617 [ιι-

1982 5574 2105 5668 (in?
2132 5574 2566 5668 ’Ῠρῖίξτὸὶρῖντυῖι
2589 5588 2817 5668 Ph_o_t_ius
2851 5585 2929 5668 aq,
2960 5574 3459 5668 quodusat‘lelusnliu

1912 5654 2004 5723 cas
2033 5654 2195 5730 ιζ’ὂϐζ
2243 5670 2512 5717 memorat
2535 5661 2604 5715 de
2648 5658 2986 5721 Elisahetha,
3034 5663 3274 5730 (ινδιξ.οξ
3336 5654 3493 5715 parte

1911 5719 2389 5809 praeternawram
2428 5732 2599 5788 [ilium
2633 5719 3112 5800 conceperat’anie
3133 5719 3387 5774 Mariam.
