  <div class='ocr_page' id='page_1' title='image "/cluster/home/n/w/nwhite01/storage/ocr_20150623/102:no.2/coo.31924054870062/109.png"; bbox 0 0 3886 6438; ppageno 0'>
   <div class='ocr_carea' id='block_1_1' title="bbox 503 384 600 454">
    <p class='ocr_par' dir='ltr' id='par_1_1' title="bbox 503 384 600 454">
     <span class='ocr_line' id='line_1_1' title="bbox 503 384 600 454; baseline 0.041 -5"><span class='ocrx_word' id='word_1_1' title='bbox 503 384 600 454; x_wconf 70' lang='lat' dir='ltr'><strong>illi</strong></span> 
     </span>
    </p>
   </div>
   <div class='ocr_carea' id='block_1_2' title="bbox 1665 368 2622 440">
    <p class='ocr_par' dir='ltr' id='par_1_2' title="bbox 1665 368 2622 440">
     <span class='ocr_line' id='line_1_2' title="bbox 1665 368 2622 440; baseline -0.006 0"><span class='ocrx_word' id='word_1_2' title='bbox 1665 376 1930 440; x_wconf 83' lang='lat' dir='ltr'><strong>PIIOTII</strong></span> <span class='ocrx_word' id='word_1_3' title='bbox 1965 368 2474 436; x_wconf 63' lang='lat' dir='ltr'><strong>PATRIARCHAZ</strong></span> <span class='ocrx_word' id='word_1_4' title='bbox 2515 372 2622 434; x_wconf 92' lang='lat' dir='ltr'><strong>CP.</strong></span> 
     </span>
    </p>
   </div>
   <div class='ocr_carea' id='block_1_3' title="bbox 3659 381 3762 448">
    <p class='ocr_par' dir='ltr' id='par_1_3' title="bbox 3659 381 3762 448">
     <span class='ocr_line' id='line_1_3' title="bbox 3659 381 3762 448; baseline 0.019 -1"><span class='ocrx_word' id='word_1_5' title='bbox 3659 381 3762 448; x_wconf 72' lang='lat'><strong>192</strong></span> 
     </span>
    </p>
   </div>
   <div class='ocr_carea' id='block_1_4' title="bbox 499 467 2079 568">
    <p class='ocr_par' dir='ltr' id='par_1_4' title="bbox 499 492 2079 568">
     <span class='ocr_line' id='line_1_4' title="bbox 499 492 2079 568; baseline -0.007 -14"><span class='ocrx_word' id='word_1_6' title='bbox 499 501 632 554; x_wconf 88' lang='lat' dir='ltr'><strong>dum</strong></span> <span class='ocrx_word' id='word_1_7' title='bbox 675 510 775 568; x_wconf 91' lang='lat' dir='ltr'><strong>per</strong></span> <span class='ocrx_word' id='word_1_8' title='bbox 821 493 1165 550; x_wconf 74' lang='lat' dir='ltr'><strong>nativitatem</strong></span> <span class='ocrx_word' id='word_1_9' title='bbox 1196 493 1252 548; x_wconf 92' lang='lat' dir='ltr'><strong>in</strong></span> <span class='ocrx_word' id='word_1_10' title='bbox 1291 501 1454 564; x_wconf 86' lang='lat' dir='ltr'><strong>partu</strong></span> <span class='ocrx_word' id='word_1_11' title='bbox 1494 492 1731 559; x_wconf 69' lang='lat' dir='ltr'><strong>Venerit,</strong></span> <span class='ocrx_word' id='word_1_12' title='bbox 1783 493 2079 546; x_wconf 88' lang='lat' dir='ltr'><strong>humanum</strong></span> 
     </span>
    </p>
   </div>
   <div class='ocr_carea' id='block_1_5' title="bbox 2181 467 3763 568">
    <p class='ocr_par' dir='ltr' id='par_1_5' title="bbox 2188 467 3763 560">
     <span class='ocr_line' id='line_1_5' title="bbox 2188 467 3763 560; baseline 0.005 -20"><span class='ocrx_word' id='word_1_13' title='bbox 2188 486 2402 558; x_wconf 82' lang='grc' dir='ltr'><strong>μύστης</strong></span> <span class='ocrx_word' id='word_1_14' title='bbox 2425 467 2536 541; x_wconf 69' lang='grc' dir='ltr'><strong>καὶ⁸</strong></span> <span class='ocrx_word' id='word_1_15' title='bbox 2555 485 2922 558; x_wconf 80' lang='grc' dir='ltr'>μυσταγωγὸς</span> <span class='ocrx_word' id='word_1_16' title='bbox 2953 487 3253 554; x_wconf 69' lang='grc' dir='ltr'>ἐδιδάξατο.</span> <span class='ocrx_word' id='word_1_17' title='bbox 3283 490 3356 544; x_wconf 83' lang='grc' dir='ltr'><strong><em>Ἦ</em></strong></span> <span class='ocrx_word' id='word_1_18' title='bbox 3388 489 3521 560; x_wconf 82' lang='grc' dir='ltr'>γοῦν</span> <span class='ocrx_word' id='word_1_19' title='bbox 3557 493 3763 548; x_wconf 80' lang='grc' dir='ltr'>τούτων</span> 
     </span>
    </p>
   </div>
   <div class='ocr_carea' id='block_1_6' title="bbox 501 582 2088 664">
    <p class='ocr_par' dir='ltr' id='par_1_6' title="bbox 501 582 2088 664">
     <span class='ocr_line' id='line_1_6' title="bbox 501 582 2088 664; baseline -0.008 -17"><span class='ocrx_word' id='word_1_20' title='bbox 501 606 677 664; x_wconf 83' lang='lat' dir='ltr'><strong>genus</strong></span> <span class='ocrx_word' id='word_1_21' title='bbox 744 585 1060 654; x_wconf 88' lang='lat' dir='ltr'><strong>redemerit,</strong></span> <span class='ocrx_word' id='word_1_22' title='bbox 1117 593 1574 655; x_wconf 88' lang='lat' dir='ltr'><strong>assumptumque</strong></span> <span class='ocrx_word' id='word_1_23' title='bbox 1623 598 1825 652; x_wconf 85' lang='lat' dir='ltr'><strong>corpus</strong></span> <span class='ocrx_word' id='word_1_24' title='bbox 1888 582 2088 636; x_wconf 83' lang='lat' dir='ltr'><strong>throno</strong></span> 
     </span>
    </p>
   </div>
   <div class='ocr_carea' id='block_1_7' title="bbox 504 673 2086 754">
    <p class='ocr_par' dir='ltr' id='par_1_7' title="bbox 504 673 2086 754">
     <span class='ocr_line' id='line_1_7' title="bbox 504 673 2086 754; baseline -0.008 -15"><span class='ocrx_word' id='word_1_25' title='bbox 504 684 680 754; x_wconf 88' lang='lat' dir='ltr'><strong>patrio</strong></span> <span class='ocrx_word' id='word_1_26' title='bbox 726 673 1059 745; x_wconf 87' lang='lat' dir='ltr'><strong>vindicarit;</strong></span> <span class='ocrx_word' id='word_1_27' title='bbox 1093 689 1184 735; x_wconf 88' lang='lat' dir='ltr'><strong>aut</strong></span> <span class='ocrx_word' id='word_1_28' title='bbox 1221 678 1569 748; x_wconf 79' lang='lat' dir='ltr'><strong>relinquitur,</strong></span> <span class='ocrx_word' id='word_1_29' title='bbox 1601 677 1644 732; x_wconf 90' lang='lat' dir='ltr'><strong>si</strong></span> <span class='ocrx_word' id='word_1_30' title='bbox 1679 692 1743 731; x_wconf 90' lang='lat' dir='ltr'><strong>ea</strong></span> <span class='ocrx_word' id='word_1_31' title='bbox 1774 689 1887 730; x_wconf 90' lang='lat' dir='ltr'><strong>non</strong></span> <span class='ocrx_word' id='word_1_32' title='bbox 1915 689 2086 746; x_wconf 89' lang='lat' dir='ltr'><strong>nega-</strong></span> 
     </span>
    </p>
   </div>
   <div class='ocr_carea' id='block_1_8' title="bbox 502 769 2087 845">
    <p class='ocr_par' dir='ltr' id='par_1_8' title="bbox 502 769 2087 845">
     <span class='ocr_line' id='line_1_8' title="bbox 502 769 2087 845; baseline -0.008 -13"><span class='ocrx_word' id='word_1_33' title='bbox 502 779 599 842; x_wconf 86' lang='lat' dir='ltr'><strong>ris,</strong></span> <span class='ocrx_word' id='word_1_34' title='bbox 630 790 833 845; x_wconf 88' lang='lat' dir='ltr'><strong>negare</strong></span> <span class='ocrx_word' id='word_1_35' title='bbox 871 782 926 829; x_wconf 86' lang='lat' dir='ltr'><strong>te</strong></span> <span class='ocrx_word' id='word_1_36' title='bbox 959 773 1262 828; x_wconf 83' lang='lat' dir='ltr'><strong>bonitatem</strong></span> <span class='ocrx_word' id='word_1_37' title='bbox 1297 771 1414 836; x_wconf 89' lang='lat' dir='ltr'><strong>Dei,</strong></span> <span class='ocrx_word' id='word_1_38' title='bbox 1445 787 1630 841; x_wconf 89' lang='lat' dir='ltr'><strong>quem,</strong></span> <span class='ocrx_word' id='word_1_39' title='bbox 1664 769 1782 839; x_wconf 90' lang='lat' dir='ltr'><strong>ipsa</strong></span> <span class='ocrx_word' id='word_1_40' title='bbox 1820 769 1925 822; x_wconf 90' lang='lat' dir='ltr'><strong>hac</strong></span> <span class='ocrx_word' id='word_1_41' title='bbox 1953 782 2087 821; x_wconf 86' lang='lat' dir='ltr'><strong>con-</strong></span> 
     </span>
    </p>
   </div>
   <div class='ocr_carea' id='block_1_9' title="bbox 495 861 2088 939">
    <p class='ocr_par' dir='ltr' id='par_1_9' title="bbox 495 861 2088 939">
     <span class='ocr_line' id='line_1_9' title="bbox 495 861 2088 939; baseline -0.006 -16"><span class='ocrx_word' id='word_1_42' title='bbox 495 869 786 939; x_wconf 88' lang='lat' dir='ltr'><strong>junctione</strong></span> <span class='ocrx_word' id='word_1_43' title='bbox 836 875 1107 931; x_wconf 89' lang='lat' dir='ltr'><strong>astructa,</strong></span> <span class='ocrx_word' id='word_1_44' title='bbox 1160 863 1382 919; x_wconf 71' lang='lat' dir='ltr'><strong>malitiae</strong></span> <span class='ocrx_word' id='word_1_45' title='bbox 1433 861 1748 932; x_wconf 86' lang='lat' dir='ltr'><strong>suspicione</strong></span> <span class='ocrx_word' id='word_1_46' title='bbox 1797 873 1998 916; x_wconf 89' lang='lat' dir='ltr'><strong>oneres</strong></span> <span class='ocrx_word' id='word_1_47' title='bbox 2030 867 2088 914; x_wconf 90' lang='lat' dir='ltr'><strong>et</strong></span> 
     </span>
    </p>
   </div>
   <div class='ocr_carea' id='block_1_10' title="bbox 502 953 2088 1030">
    <p class='ocr_par' dir='ltr' id='par_1_10' title="bbox 502 953 2088 1030">
     <span class='ocr_line' id='line_1_10' title="bbox 502 953 2088 1030; baseline -0.005 -17"><span class='ocrx_word' id='word_1_48' title='bbox 502 959 701 1030; x_wconf 86' lang='lat' dir='ltr'><strong>injuria</strong></span> <span class='ocrx_word' id='word_1_49' title='bbox 739 958 979 1025; x_wconf 79' lang='lat' dir='ltr'><strong>alﬁcias;</strong></span> <span class='ocrx_word' id='word_1_50' title='bbox 1032 958 1239 1028; x_wconf 88' lang='lat' dir='ltr'><strong>quippe</strong></span> <span class='ocrx_word' id='word_1_51' title='bbox 1270 955 1364 1026; x_wconf 86' lang='lat' dir='ltr'><strong>qui</strong></span> <span class='ocrx_word' id='word_1_52' title='bbox 1393 963 1450 1010; x_wconf 88' lang='lat' dir='ltr'><strong>et</strong></span> <span class='ocrx_word' id='word_1_53' title='bbox 1479 953 1763 1018; x_wconf 83' lang='lat' dir='ltr'><strong>malitiam,</strong></span> <span class='ocrx_word' id='word_1_54' title='bbox 1814 967 1938 1007; x_wconf 90' lang='lat' dir='ltr'><strong>cum</strong></span> <span class='ocrx_word' id='word_1_55' title='bbox 1981 965 2088 1006; x_wconf 91' lang='lat' dir='ltr'><strong>nec</strong></span> 
     </span>
    </p>
   </div>
   <div class='ocr_carea' id='block_1_11' title="bbox 504 1045 2082 1120">
    <p class='ocr_par' dir='ltr' id='par_1_11' title="bbox 504 1045 2082 1120">
     <span class='ocr_line' id='line_1_11' title="bbox 504 1045 2082 1120; baseline -0.005 -14"><span class='ocrx_word' id='word_1_56' title='bbox 504 1062 618 1106; x_wconf 92' lang='lat' dir='ltr'><strong>tum</strong></span> <span class='ocrx_word' id='word_1_57' title='bbox 650 1050 889 1106; x_wconf 85' lang='lat' dir='ltr'><strong>retinere</strong></span> <span class='ocrx_word' id='word_1_58' title='bbox 909 1050 1105 1120; x_wconf 88' lang='lat' dir='ltr'><strong>possis,</strong></span> <span class='ocrx_word' id='word_1_59' title='bbox 1139 1049 1194 1102; x_wconf 92' lang='lat' dir='ltr'><strong>in</strong></span> <span class='ocrx_word' id='word_1_60' title='bbox 1225 1049 1430 1104; x_wconf 91' lang='lat' dir='ltr'><strong>bonum</strong></span> <span class='ocrx_word' id='word_1_61' title='bbox 1453 1045 1809 1102; x_wconf 85' lang='lat' dir='ltr'><strong>converterit.</strong></span> <span class='ocrx_word' id='word_1_62' title='bbox 1833 1045 1901 1099; x_wconf 91' lang='lat' dir='ltr'><strong>Et</strong></span> <span class='ocrx_word' id='word_1_63' title='bbox 1929 1058 2082 1110; x_wconf 83' lang='lat' dir='ltr'><strong>sane,</strong></span> 
     </span>
    </p>
   </div>
   <div class='ocr_carea' id='block_1_12' title="bbox 501 1135 2085 1210">
    <p class='ocr_par' dir='ltr' id='par_1_12' title="bbox 501 1135 2085 1210">
     <span class='ocr_line' id='line_1_12' title="bbox 501 1135 2085 1210; baseline -0.003 -14"><span class='ocrx_word' id='word_1_64' title='bbox 501 1142 546 1196; x_wconf 91' lang='lat' dir='ltr'><strong>si</strong></span> <span class='ocrx_word' id='word_1_65' title='bbox 597 1140 824 1196; x_wconf 90' lang='lat' dir='ltr'><strong>omnino</strong></span> <span class='ocrx_word' id='word_1_66' title='bbox 894 1149 1086 1196; x_wconf 89' lang='lat' dir='ltr'><strong>contra</strong></span> <span class='ocrx_word' id='word_1_67' title='bbox 1167 1139 1336 1193; x_wconf 91' lang='lat' dir='ltr'><strong>Deum</strong></span> <span class='ocrx_word' id='word_1_68' title='bbox 1406 1153 1650 1210; x_wconf 88' lang='lat' dir='ltr'><strong>pugnare</strong></span> <span class='ocrx_word' id='word_1_69' title='bbox 1723 1135 2085 1193; x_wconf 88' lang='lat' dir='ltr'><strong>constitutum</strong></span> 
     </span>
    </p>
   </div>
   <div class='ocr_carea' id='block_1_13' title="bbox 501 1229 2086 1304">
    <p class='ocr_par' dir='ltr' id='par_1_13' title="bbox 501 1229 2086 1304">
     <span class='ocr_line' id='line_1_13' title="bbox 501 1229 2086 1304; baseline -0.002 -15"><span class='ocrx_word' id='word_1_70' title='bbox 501 1235 728 1299; x_wconf 85' lang='lat' dir='ltr'><strong>habeas,</strong></span> <span class='ocrx_word' id='word_1_71' title='bbox 784 1233 956 1304; x_wconf 81' lang='lat' dir='ltr'><strong>magis</strong></span> <span class='ocrx_word' id='word_1_72' title='bbox 1001 1231 1054 1285; x_wconf 91' lang='lat' dir='ltr'><strong>in</strong></span> <span class='ocrx_word' id='word_1_73' title='bbox 1107 1240 1363 1302; x_wconf 90' lang='lat' dir='ltr'><strong>promptu</strong></span> <span class='ocrx_word' id='word_1_74' title='bbox 1413 1239 1531 1286; x_wconf 90' lang='lat' dir='ltr'><strong>erat</strong></span> <span class='ocrx_word' id='word_1_75' title='bbox 1581 1229 1734 1301; x_wconf 85' lang='lat' dir='ltr'><strong>prius</strong></span> <span class='ocrx_word' id='word_1_76' title='bbox 1785 1229 2086 1300; x_wconf 84' lang='lat' dir='ltr'><strong>impietatis</strong></span> 
     </span>
    </p>
   </div>
   <div class='ocr_carea' id='block_1_14' title="bbox 499 1323 2084 1398">
    <p class='ocr_par' dir='ltr' id='par_1_14' title="bbox 499 1323 2084 1398">
     <span class='ocr_line' id='line_1_14' title="bbox 499 1323 2084 1398; baseline -0.003 -16"><span class='ocrx_word' id='word_1_77' title='bbox 499 1339 703 1398; x_wconf 89' lang='lat' dir='ltr'><strong>caput,</strong></span> <span class='ocrx_word' id='word_1_78' title='bbox 752 1341 914 1395; x_wconf 91' lang='lat' dir='ltr'><strong>quam</strong></span> <span class='ocrx_word' id='word_1_79' title='bbox 961 1325 1238 1394; x_wconf 86' lang='lat' dir='ltr'><strong>posterius</strong></span> <span class='ocrx_word' id='word_1_80' title='bbox 1296 1325 1522 1396; x_wconf 78' lang='lat' dir='ltr'><strong>eligere.</strong></span> <span class='ocrx_word' id='word_1_81' title='bbox 1561 1324 1684 1379; x_wconf 80' lang='lat' dir='ltr'><strong>Fuit</strong></span> <span class='ocrx_word' id='word_1_82' title='bbox 1741 1323 1891 1379; x_wconf 90' lang='lat' dir='ltr'><strong>enim</strong></span> <span class='ocrx_word' id='word_1_83' title='bbox 1940 1331 2084 1379; x_wconf 87' lang='lat' dir='ltr'><strong>tem-</strong></span> 
     </span>
    </p>
   </div>
   <div class='ocr_carea' id='block_1_15' title="bbox 501 1411 2080 1485">
    <p class='ocr_par' dir='ltr' id='par_1_15' title="bbox 501 1411 2080 1485">
     <span class='ocr_line' id='line_1_15' title="bbox 501 1411 2080 1485; baseline -0.001 -15"><span class='ocrx_word' id='word_1_84' title='bbox 501 1431 624 1485; x_wconf 85' lang='lat' dir='ltr'><strong>pus,</strong></span> <span class='ocrx_word' id='word_1_85' title='bbox 661 1430 772 1484; x_wconf 91' lang='lat' dir='ltr'><strong>quo</strong></span> <span class='ocrx_word' id='word_1_86' title='bbox 797 1413 854 1466; x_wconf 92' lang='lat' dir='ltr'><strong>in</strong></span> <span class='ocrx_word' id='word_1_87' title='bbox 899 1411 1086 1483; x_wconf 82' lang='lat' dir='ltr'><strong>ﬂagitii</strong></span> <span class='ocrx_word' id='word_1_88' title='bbox 1121 1414 1284 1483; x_wconf 88' lang='lat' dir='ltr'><strong>hujus</strong></span> <span class='ocrx_word' id='word_1_89' title='bbox 1323 1428 1542 1484; x_wconf 63' lang='lat' dir='ltr'><strong>poenam</strong></span> <span class='ocrx_word' id='word_1_90' title='bbox 1575 1429 1688 1469; x_wconf 92' lang='lat' dir='ltr'><strong>non</strong></span> <span class='ocrx_word' id='word_1_91' title='bbox 1719 1415 2080 1482; x_wconf 84' lang='lat' dir='ltr'><strong>vocabantur,</strong></span> 
     </span>
    </p>
   </div>
   <div class='ocr_carea' id='block_1_16' title="bbox 499 1504 2083 1578">
    <p class='ocr_par' dir='ltr' id='par_1_16' title="bbox 499 1504 2083 1578">
     <span class='ocr_line' id='line_1_16' title="bbox 499 1504 2083 1578; baseline 0.002 -18"><span class='ocrx_word' id='word_1_92' title='bbox 499 1506 594 1576; x_wconf 90' lang='lat' dir='ltr'><strong>qui</strong></span> <span class='ocrx_word' id='word_1_93' title='bbox 623 1505 806 1576; x_wconf 88' lang='lat' dir='ltr'><strong>priora</strong></span> <span class='ocrx_word' id='word_1_94' title='bbox 840 1505 930 1558; x_wconf 91' lang='lat' dir='ltr'><strong>illa</strong></span> <span class='ocrx_word' id='word_1_95' title='bbox 970 1504 1312 1570; x_wconf 84' lang='lat' dir='ltr'><strong>nesciebant,</strong></span> <span class='ocrx_word' id='word_1_96' title='bbox 1348 1521 1520 1576; x_wconf 89' lang='lat' dir='ltr'><strong>eaque</strong></span> <span class='ocrx_word' id='word_1_97' title='bbox 1545 1516 1806 1578; x_wconf 90' lang='lat' dir='ltr'><strong>tanquam</strong></span> <span class='ocrx_word' id='word_1_98' title='bbox 1835 1507 2083 1564; x_wconf 91' lang='lat' dir='ltr'><strong>nondum</strong></span> 
     </span>
    </p>
   </div>
   <div class='ocr_carea' id='block_1_17' title="bbox 499 1597 2084 1666">
    <p class='ocr_par' dir='ltr' id='par_1_17' title="bbox 499 1597 2084 1666">
     <span class='ocr_line' id='line_1_17' title="bbox 499 1597 2084 1666; baseline 0.003 -14"><span class='ocrx_word' id='word_1_99' title='bbox 499 1597 842 1664; x_wconf 79' lang='lat' dir='ltr'><strong>exsistentia,</strong></span> <span class='ocrx_word' id='word_1_100' title='bbox 890 1611 1002 1651; x_wconf 88' lang='lat' dir='ltr'><strong>non</strong></span> <span class='ocrx_word' id='word_1_101' title='bbox 1035 1597 1452 1655; x_wconf 84' lang='lat' dir='ltr'><strong>reverebantur.</strong></span> <span class='ocrx_word' id='word_1_102' title='bbox 1493 1599 1599 1666; x_wconf 83' lang='lat' dir='ltr'><strong>Qui</strong></span> <span class='ocrx_word' id='word_1_103' title='bbox 1637 1617 1768 1657; x_wconf 92' lang='lat' dir='ltr'><strong>vero</strong></span> <span class='ocrx_word' id='word_1_104' title='bbox 1797 1603 1890 1658; x_wconf 89' lang='lat' dir='ltr'><strong>Dei</strong></span> <span class='ocrx_word' id='word_1_105' title='bbox 1923 1601 2084 1657; x_wconf 90' lang='lat' dir='ltr'><strong>boni-</strong></span> 
     </span>
    </p>
   </div>
   <div class='ocr_carea' id='block_1_18' title="bbox 499 1688 2080 1764">
    <p class='ocr_par' dir='ltr' id='par_1_18' title="bbox 499 1688 2080 1764">
     <span class='ocr_line' id='line_1_18' title="bbox 499 1688 2080 1764; baseline 0.004 -22"><span class='ocrx_word' id='word_1_106' title='bbox 499 1695 667 1743; x_wconf 86' lang='lat' dir='ltr'><strong>tatem</strong></span> <span class='ocrx_word' id='word_1_107' title='bbox 709 1688 762 1744; x_wconf 93' lang='lat' dir='ltr'><strong>in</strong></span> <span class='ocrx_word' id='word_1_108' title='bbox 811 1691 1014 1747; x_wconf 91' lang='lat' dir='ltr'><strong>malum</strong></span> <span class='ocrx_word' id='word_1_109' title='bbox 1063 1691 1493 1758; x_wconf 89' lang='lat' dir='ltr'><strong>transtulerunt,</strong></span> <span class='ocrx_word' id='word_1_110' title='bbox 1525 1700 1620 1747; x_wconf 89' lang='lat' dir='ltr'><strong>aut</strong></span> <span class='ocrx_word' id='word_1_111' title='bbox 1649 1693 1788 1759; x_wconf 88' lang='lat' dir='ltr'><strong>hoc,</strong></span> <span class='ocrx_word' id='word_1_112' title='bbox 1821 1703 2080 1764; x_wconf 82' lang='lat' dir='ltr'><strong>tanquam</strong></span> 
     </span>
    </p>
   </div>
   <div class='ocr_carea' id='block_1_19' title="bbox 398 1773 2082 1862">
    <p class='ocr_par' dir='ltr' id='par_1_19' title="bbox 398 1773 2082 1862">
     <span class='ocr_line' id='line_1_19' title="bbox 398 1773 2082 1862; baseline 0.009 -36"><span class='ocrx_word' id='word_1_113' title='bbox 398 1856 405 1862; x_wconf 32' lang='lat'><em>.</em></span> <span class='ocrx_word' id='word_1_114' title='bbox 499 1773 638 1829; x_wconf 85' lang='lat' dir='ltr'><strong>Boni</strong></span> <span class='ocrx_word' id='word_1_115' title='bbox 691 1779 971 1849; x_wconf 88' lang='lat' dir='ltr'><strong>particeps</strong></span> <span class='ocrx_word' id='word_1_116' title='bbox 1017 1779 1246 1850; x_wconf 79' lang='lat' dir='ltr'><strong>factum,</strong></span> <span class='ocrx_word' id='word_1_117' title='bbox 1304 1781 1516 1838; x_wconf 89' lang='lat' dir='ltr'><strong>illustre</strong></span> <span class='ocrx_word' id='word_1_118' title='bbox 1571 1783 1953 1851; x_wconf 82' lang='lat' dir='ltr'><strong>reddiderunt,</strong></span> <span class='ocrx_word' id='word_1_119' title='bbox 1985 1801 2082 1841; x_wconf 90' lang='lat' dir='ltr'><strong>eos</strong></span> 
     </span>
    </p>
   </div>
   <div class='ocr_carea' id='block_1_20' title="bbox 498 1867 2078 1950">
    <p class='ocr_par' dir='ltr' id='par_1_20' title="bbox 498 1867 2078 1950">
     <span class='ocr_line' id='line_1_20' title="bbox 498 1867 2078 1950; baseline 0.008 -29"><span class='ocrx_word' id='word_1_120' title='bbox 498 1867 646 1922; x_wconf 86' lang='lat' dir='ltr'><strong>nulla</strong></span> <span class='ocrx_word' id='word_1_121' title='bbox 691 1885 803 1926; x_wconf 89' lang='lat' dir='ltr'><strong>non</strong></span> <span class='ocrx_word' id='word_1_122' title='bbox 844 1881 979 1929; x_wconf 70' lang='lat' dir='ltr'><strong>tetas</strong></span> <span class='ocrx_word' id='word_1_123' title='bbox 1017 1873 1322 1930; x_wconf 89' lang='lat' dir='ltr'><strong>inevitabili</strong></span> <span class='ocrx_word' id='word_1_124' title='bbox 1360 1890 1524 1946; x_wconf 75' lang='lat' dir='ltr'><strong>poma</strong></span> <span class='ocrx_word' id='word_1_125' title='bbox 1555 1875 1750 1948; x_wconf 89' lang='lat' dir='ltr'><strong>dignos</strong></span> <span class='ocrx_word' id='word_1_126' title='bbox 1795 1878 2078 1950; x_wconf 90' lang='lat' dir='ltr'><strong>judicavit.</strong></span> 
     </span>
    </p>
   </div>
   <div class='ocr_carea' id='block_1_21' title="bbox 571 2115 2079 2199">
    <p class='ocr_par' dir='ltr' id='par_1_21' title="bbox 571 2115 2079 2199">
     <span class='ocr_line' id='line_1_21' title="bbox 571 2115 2079 2199; baseline 0.009 -28"><span class='ocrx_word' id='word_1_127' title='bbox 571 2115 684 2171; x_wconf 84' lang='lat' dir='ltr'><strong>VII.</strong></span> <span class='ocrx_word' id='word_1_128' title='bbox 739 2118 877 2174; x_wconf 88' lang='lat' dir='ltr'><strong>Cum</strong></span> <span class='ocrx_word' id='word_1_129' title='bbox 967 2137 1101 2178; x_wconf 90' lang='lat' dir='ltr'><strong>vero</strong></span> <span class='ocrx_word' id='word_1_130' title='bbox 1193 2124 1421 2180; x_wconf 90' lang='lat' dir='ltr'><strong>audacia</strong></span> <span class='ocrx_word' id='word_1_131' title='bbox 1513 2126 1633 2182; x_wconf 70' lang='lat' dir='ltr'><strong>haec</strong></span> <span class='ocrx_word' id='word_1_132' title='bbox 1694 2135 1752 2183; x_wconf 91' lang='lat' dir='ltr'><strong>et</strong></span> <span class='ocrx_word' id='word_1_133' title='bbox 1825 2127 2079 2199; x_wconf 87' lang='lat' dir='ltr'><strong>impietas</strong></span> 
     </span>
    </p>
   </div>
   <div class='ocr_carea' id='block_1_22' title="bbox 493 2208 2077 2284">
    <p class='ocr_par' dir='ltr' id='par_1_22' title="bbox 493 2208 2077 2284">
     <span class='ocr_line' id='line_1_22' title="bbox 493 2208 2077 2284; baseline 0.008 -23"><span class='ocrx_word' id='word_1_134' title='bbox 493 2208 730 2264; x_wconf 87' lang='lat' dir='ltr'><strong>amasios</strong></span> <span class='ocrx_word' id='word_1_135' title='bbox 803 2226 932 2266; x_wconf 90' lang='lat' dir='ltr'><strong>suos</strong></span> <span class='ocrx_word' id='word_1_136' title='bbox 994 2221 1073 2268; x_wconf 88' lang='lat' dir='ltr'><strong>tot</strong></span> <span class='ocrx_word' id='word_1_137' title='bbox 1123 2215 1283 2271; x_wconf 91' lang='lat' dir='ltr'><strong>malis</strong></span> <span class='ocrx_word' id='word_1_138' title='bbox 1352 2217 1696 2284; x_wconf 85' lang='lat' dir='ltr'><strong>circumdet,</strong></span> <span class='ocrx_word' id='word_1_139' title='bbox 1747 2221 1820 2273; x_wconf 89' lang='lat' dir='ltr'><strong>illi</strong></span> <span class='ocrx_word' id='word_1_140' title='bbox 1892 2227 2077 2275; x_wconf 88' lang='lat' dir='ltr'><strong>tamen</strong></span> 
     </span>
    </p>
   </div>
   <div class='ocr_carea' id='block_1_23' title="bbox 492 2297 2074 2381">
    <p class='ocr_par' dir='ltr' id='par_1_23' title="bbox 492 2297 2074 2381">
     <span class='ocr_line' id='line_1_23' title="bbox 492 2297 2074 2381; baseline 0.01 -31"><span class='ocrx_word' id='word_1_141' title='bbox 492 2297 633 2353; x_wconf 88' lang='lat' dir='ltr'><strong>adeo</strong></span> <span class='ocrx_word' id='word_1_142' title='bbox 682 2300 753 2354; x_wconf 84' lang='lat' dir='ltr'><strong>ab</strong></span> <span class='ocrx_word' id='word_1_143' title='bbox 792 2316 1120 2359; x_wconf 86' lang='lat' dir='ltr'><strong>errore-suo</strong></span> <span class='ocrx_word' id='word_1_144' title='bbox 1160 2320 1220 2360; x_wconf 88' lang='lat' dir='ltr'><strong>se</strong></span> <span class='ocrx_word' id='word_1_145' title='bbox 1260 2322 1372 2362; x_wconf 89' lang='lat' dir='ltr'><strong>non</strong></span> <span class='ocrx_word' id='word_1_146' title='bbox 1417 2318 1712 2374; x_wconf 86' lang='lat' dir='ltr'><strong>avertunt,</strong></span> <span class='ocrx_word' id='word_1_147' title='bbox 1761 2321 1820 2365; x_wconf 92' lang='lat' dir='ltr'><strong>ut</strong></span> <span class='ocrx_word' id='word_1_148' title='bbox 1861 2311 2074 2381; x_wconf 89' lang='lat' dir='ltr'><strong>potius,</strong></span> 
     </span>
    </p>
   </div>
   <div class='ocr_carea' id='block_1_24' title="bbox 493 2390 2079 2472">
    <p class='ocr_par' dir='ltr' id='par_1_24' title="bbox 493 2390 2079 2472">
     <span class='ocr_line' id='line_1_24' title="bbox 493 2390 2079 2472; baseline 0.009 -30"><span class='ocrx_word' id='word_1_149' title='bbox 493 2390 654 2445; x_wconf 79' lang='lat' dir='ltr'><strong>veriti</strong></span> <span class='ocrx_word' id='word_1_150' title='bbox 712 2393 912 2462; x_wconf 88' lang='lat' dir='ltr'><strong>quasi,</strong></span> <span class='ocrx_word' id='word_1_151' title='bbox 967 2410 1038 2458; x_wconf 78' lang='lat' dir='ltr'><strong>ne</strong></span> <span class='ocrx_word' id='word_1_152' title='bbox 1077 2397 1332 2452; x_wconf 86' lang='lat' dir='ltr'><strong>satietate</strong></span> <span class='ocrx_word' id='word_1_153' title='bbox 1397 2400 1632 2469; x_wconf 85' lang='lat' dir='ltr'><strong>quadam</strong></span> <span class='ocrx_word' id='word_1_154' title='bbox 1693 2399 1863 2456; x_wconf 89' lang='lat' dir='ltr'><strong>Deum</strong></span> <span class='ocrx_word' id='word_1_155' title='bbox 1903 2417 2079 2472; x_wconf 84' lang='lat' dir='ltr'><strong>oppu-</strong></span> 
     </span>
    </p>
   </div>
   <div class='ocr_carea' id='block_1_25' title="bbox 493 2483 2078 2562">
    <p class='ocr_par' dir='ltr' id='par_1_25' title="bbox 493 2483 2078 2562">
     <span class='ocr_line' id='line_1_25' title="bbox 493 2483 2078 2562; baseline 0.012 -30"><span class='ocrx_word' id='word_1_156' title='bbox 493 2483 698 2550; x_wconf 83' lang='lat' dir='ltr'><strong>gnandi</strong></span> <span class='ocrx_word' id='word_1_157' title='bbox 771 2485 1174 2555; x_wconf 84' lang='lat' dir='ltr'><strong>corripiantur,</strong></span> <span class='ocrx_word' id='word_1_158' title='bbox 1224 2504 1383 2544; x_wconf 74' lang='lat' dir='ltr'><strong>novae</strong></span> <span class='ocrx_word' id='word_1_159' title='bbox 1437 2491 1652 2546; x_wconf 85' lang='lat' dir='ltr'><strong>cuidam</strong></span> <span class='ocrx_word' id='word_1_160' title='bbox 1706 2493 2078 2562; x_wconf 77' lang='lat' dir='ltr'><strong>profanationi</strong></span> 
     </span>
    </p>
   </div>
   <div class='ocr_carea' id='block_1_26' title="bbox 494 2570 2080 2655">
    <p class='ocr_par' dir='ltr' id='par_1_26' title="bbox 494 2570 2080 2655">
     <span class='ocr_line' id='line_1_26' title="bbox 494 2570 2080 2655; baseline 0.011 -31"><span class='ocrx_word' id='word_1_161' title='bbox 494 2570 626 2626; x_wconf 77' lang='lat' dir='ltr'><strong>liuui</strong></span> <span class='ocrx_word' id='word_1_162' title='bbox 645 2582 893 2630; x_wconf 82' lang='lat' dir='ltr'><strong>naturam</strong></span> <span class='ocrx_word' id='word_1_163' title='bbox 925 2591 1226 2648; x_wconf 81' lang='lat' dir='ltr'><strong>exponant.</strong></span> <span class='ocrx_word' id='word_1_164' title='bbox 1251 2581 1389 2636; x_wconf 88' lang='lat' dir='ltr'><strong>Cum</strong></span> <span class='ocrx_word' id='word_1_165' title='bbox 1417 2583 1565 2638; x_wconf 88' lang='lat' dir='ltr'><strong>enim</strong></span> <span class='ocrx_word' id='word_1_166' title='bbox 1592 2597 1748 2640; x_wconf 88' lang='lat' dir='ltr'><strong>vetus</strong></span> <span class='ocrx_word' id='word_1_167' title='bbox 1767 2585 1888 2655; x_wconf 87' lang='lat' dir='ltr'><strong>ejus</strong></span> <span class='ocrx_word' id='word_1_168' title='bbox 1919 2595 2080 2642; x_wconf 86' lang='lat' dir='ltr'><strong>testa-</strong></span> 
     </span>
    </p>
   </div>
   <div class='ocr_carea' id='block_1_27' title="bbox 492 2673 2078 2746">
    <p class='ocr_par' dir='ltr' id='par_1_27' title="bbox 492 2673 2078 2746">
     <span class='ocr_line' id='line_1_27' title="bbox 492 2673 2078 2746; baseline 0.011 -30"><span class='ocrx_word' id='word_1_169' title='bbox 492 2676 762 2727; x_wconf 85' lang='lat' dir='ltr'><strong>mentum.</strong></span> <span class='ocrx_word' id='word_1_170' title='bbox 786 2677 947 2737; x_wconf 83' lang='lat' dir='ltr'><strong>atque</strong></span> <span class='ocrx_word' id='word_1_171' title='bbox 983 2687 1098 2736; x_wconf 87' lang='lat' dir='ltr'><strong>eos,</strong></span> <span class='ocrx_word' id='word_1_172' title='bbox 1127 2673 1221 2741; x_wconf 91' lang='lat' dir='ltr'><strong>qui</strong></span> <span class='ocrx_word' id='word_1_173' title='bbox 1250 2673 1303 2728; x_wconf 93' lang='lat' dir='ltr'><strong>in</strong></span> <span class='ocrx_word' id='word_1_174' title='bbox 1331 2675 1523 2730; x_wconf 90' lang='lat' dir='ltr'><strong>eodem</strong></span> <span class='ocrx_word' id='word_1_175' title='bbox 1553 2693 1665 2746; x_wconf 68' lang='lat' dir='ltr'><strong>prae</strong></span> <span class='ocrx_word' id='word_1_176' title='bbox 1692 2679 1906 2733; x_wconf 68' lang='lat' dir='ltr'><strong>cat-teris</strong></span> <span class='ocrx_word' id='word_1_177' title='bbox 1938 2679 2078 2734; x_wconf 91' lang='lat' dir='ltr'><strong>emi-</strong></span> 
     </span>
    </p>
   </div>
   <div class='ocr_carea' id='block_1_28' title="bbox 493 2758 2076 2838">
    <p class='ocr_par' dir='ltr' id='par_1_28' title="bbox 493 2758 2076 2838">
     <span class='ocr_line' id='line_1_28' title="bbox 493 2758 2076 2838; baseline 0.011 -32"><span class='ocrx_word' id='word_1_178' title='bbox 493 2763 755 2821; x_wconf 83' lang='lat' dir='ltr'><strong>nuerunt,</strong></span> <span class='ocrx_word' id='word_1_179' title='bbox 786 2758 854 2813; x_wconf 88' lang='lat' dir='ltr'><strong>ad</strong></span> <span class='ocrx_word' id='word_1_180' title='bbox 884 2760 1012 2815; x_wconf 82' lang='lat' dir='ltr'><strong>mali</strong></span> <span class='ocrx_word' id='word_1_181' title='bbox 1038 2762 1288 2832; x_wconf 89' lang='lat' dir='ltr'><strong>principii</strong></span> <span class='ocrx_word' id='word_1_182' title='bbox 1315 2773 1641 2834; x_wconf 87' lang='lat' dir='ltr'><strong>potestatem</strong></span> <span class='ocrx_word' id='word_1_183' title='bbox 1689 2767 1920 2838; x_wconf 85' lang='lat' dir='ltr'><strong>ejusque</strong></span> <span class='ocrx_word' id='word_1_184' title='bbox 1954 2771 2076 2824; x_wconf 91' lang='lat' dir='ltr'><strong>cul-</strong></span> 
     </span>
    </p>
   </div>
   <div class='ocr_carea' id='block_1_29' title="bbox 495 2847 2076 2921">
    <p class='ocr_par' dir='ltr' id='par_1_29' title="bbox 495 2847 2076 2921">
     <span class='ocr_line' id='line_1_29' title="bbox 495 2847 2076 2921; baseline 0.011 -23"><span class='ocrx_word' id='word_1_185' title='bbox 495 2854 610 2899; x_wconf 91' lang='lat' dir='ltr'><strong>tum</strong></span> <span class='ocrx_word' id='word_1_186' title='bbox 650 2847 912 2916; x_wconf 79' lang='lat' dir='ltr'><strong>referant,</strong></span> <span class='ocrx_word' id='word_1_187' title='bbox 926 2865 1052 2905; x_wconf 90' lang='lat' dir='ltr'><strong>cum</strong></span> <span class='ocrx_word' id='word_1_188' title='bbox 1085 2862 1268 2909; x_wconf 90' lang='lat' dir='ltr'><strong>tamen</strong></span> <span class='ocrx_word' id='word_1_189' title='bbox 1298 2855 1364 2910; x_wconf 87' lang='lat' dir='ltr'><strong>ad</strong></span> <span class='ocrx_word' id='word_1_190' title='bbox 1389 2855 1557 2912; x_wconf 84' lang='lat' dir='ltr'><strong>David</strong></span> <span class='ocrx_word' id='word_1_191' title='bbox 1587 2858 1956 2921; x_wconf 87' lang='lat' dir='ltr'><strong>ctAbraham,</strong></span> <span class='ocrx_word' id='word_1_192' title='bbox 2008 2875 2076 2916; x_wconf 78' lang='lat' dir='ltr'><strong>ex</strong></span> 
     </span>
    </p>
   </div>
   <div class='ocr_carea' id='block_1_30' title="bbox 492 2935 2077 3019">
    <p class='ocr_par' dir='ltr' id='par_1_30' title="bbox 492 2935 2077 3019">
     <span class='ocr_line' id='line_1_30' title="bbox 492 2935 2077 3019; baseline 0.009 -28"><span class='ocrx_word' id='word_1_193' title='bbox 492 2935 694 3006; x_wconf 84' lang='lat' dir='ltr'><strong>quibus</strong></span> <span class='ocrx_word' id='word_1_194' title='bbox 713 2936 964 2996; x_wconf 83' lang='lat' dir='ltr'><strong>Christus</strong></span> <span class='ocrx_word' id='word_1_195' title='bbox 989 2945 1135 3012; x_wconf 90' lang='lat' dir='ltr'><strong>quod</strong></span> <span class='ocrx_word' id='word_1_196' title='bbox 1167 2946 1234 3000; x_wconf 90' lang='lat' dir='ltr'><strong>ad</strong></span> <span class='ocrx_word' id='word_1_197' title='bbox 1269 2961 1511 3014; x_wconf 86' lang='lat' dir='ltr'><strong>carnem,</strong></span> <span class='ocrx_word' id='word_1_198' title='bbox 1572 2948 1818 3019; x_wconf 88' lang='lat' dir='ltr'><strong>ejusdem</strong></span> <span class='ocrx_word' id='word_1_199' title='bbox 1865 2950 2077 3007; x_wconf 89' lang='lat' dir='ltr'><strong>ordinis</strong></span> 
     </span>
    </p>
   </div>
   <div class='ocr_carea' id='block_1_31' title="bbox 495 3025 2076 3108">
    <p class='ocr_par' dir='ltr' id='par_1_31' title="bbox 495 3025 2076 3108">
     <span class='ocr_line' id='line_1_31' title="bbox 495 3025 2076 3108; baseline 0.011 -28"><span class='ocrx_word' id='word_1_200' title='bbox 495 3025 828 3098; x_wconf 79' lang='lat' dir='ltr'><strong>exstiterint,</strong></span> <span class='ocrx_word' id='word_1_201' title='bbox 854 3033 1203 3090; x_wconf 76' lang='lat' dir='ltr'><strong>manifestum</strong></span> <span class='ocrx_word' id='word_1_202' title='bbox 1221 3047 1307 3093; x_wconf 84' lang='lat' dir='ltr'><strong>est</strong></span> <span class='ocrx_word' id='word_1_203' title='bbox 1355 3040 1498 3108; x_wconf 87' lang='lat' dir='ltr'><strong>quod</strong></span> <span class='ocrx_word' id='word_1_204' title='bbox 1533 3040 1822 3095; x_wconf 86' lang='lat' dir='ltr'><strong>Dominum</strong></span> <span class='ocrx_word' id='word_1_205' title='bbox 1855 3041 2076 3097; x_wconf 86' lang='lat' dir='ltr'><strong>univer-</strong></span> 
     </span>
    </p>
   </div>
   <div class='ocr_carea' id='block_1_32' title="bbox 2189 577 3760 653">
    <p class='ocr_par' dir='ltr' id='par_1_32' title="bbox 2189 577 3760 653">
     <span class='ocr_line' id='line_1_32' title="bbox 2189 577 3760 653; baseline 0.006 -23"><span class='ocrx_word' id='word_1_206' title='bbox 2189 579 2446 633; x_wconf 84' lang='grc' dir='ltr'>ἁπάντων</span> <span class='ocrx_word' id='word_1_207' title='bbox 2483 577 2744 651; x_wconf 78' lang='grc' dir='ltr'>οίκειὼσῃ</span> <span class='ocrx_word' id='word_1_208' title='bbox 2779 580 2882 649; x_wconf 83' lang='grc' dir='ltr'>τὴν</span> <span class='ocrx_word' id='word_1_209' title='bbox 2919 579 3231 652; x_wconf 78' lang='grc' dir='ltr'>ὲξάρνησιν,</span> <span class='ocrx_word' id='word_1_210' title='bbox 3287 581 3364 646; x_wconf 84' lang='grc' dir='ltr'>ὼς</span> <span class='ocrx_word' id='word_1_211' title='bbox 3428 584 3459 637; x_wconf 85' lang='grc' dir='ltr'><strong>ὑ</strong></span> <span class='ocrx_word' id='word_1_212' title='bbox 3486 585 3655 653; x_wconf 83' lang='grc' dir='ltr'>Λόγος</span> <span class='ocrx_word' id='word_1_213' title='bbox 3699 588 3760 641; x_wconf 90' lang='grc' dir='ltr'><strong>οὑ</strong></span> 
     </span>
    </p>
   </div>
   <div class='ocr_carea' id='block_1_33' title="bbox 2189 669 3763 747">
    <p class='ocr_par' dir='ltr' id='par_1_33' title="bbox 2189 669 3763 747">
     <span class='ocr_line' id='line_1_33' title="bbox 2189 669 3763 747; baseline 0.004 -24"><span class='ocrx_word' id='word_1_214' title='bbox 2189 669 2560 742; x_wconf 86' lang='grc' dir='ltr'>σεσάρκωται,</span> <span class='ocrx_word' id='word_1_215' title='bbox 2603 670 2666 724; x_wconf 92' lang='grc' dir='ltr'><strong>οὑ</strong></span> <span class='ocrx_word' id='word_1_216' title='bbox 2701 671 2940 742; x_wconf 84' lang='grc' dir='ltr'>προῆλθε</span> <span class='ocrx_word' id='word_1_217' title='bbox 2977 672 3058 742; x_wconf 83' lang='grc' dir='ltr'><strong>τῷ</strong></span> <span class='ocrx_word' id='word_1_218' title='bbox 3087 673 3276 744; x_wconf 88' lang='grc' dir='ltr'>κόσμῳ</span> <span class='ocrx_word' id='word_1_219' title='bbox 3323 672 3414 728; x_wconf 79' lang='grc' dir='ltr'><strong>διὰ</strong></span> <span class='ocrx_word' id='word_1_220' title='bbox 3460 677 3763 747; x_wconf 81' lang='grc' dir='ltr'><strong>γεννήσεως</strong></span> 
     </span>
    </p>
   </div>
   <div class='ocr_carea' id='block_1_34' title="bbox 2187 762 3761 838">
    <p class='ocr_par' dir='ltr' id='par_1_34' title="bbox 2187 762 3761 838">
     <span class='ocr_line' id='line_1_34' title="bbox 2187 762 3761 838; baseline 0.003 -23"><span class='ocrx_word' id='word_1_221' title='bbox 2187 763 2248 816; x_wconf 73' lang='grc' dir='ltr'>ιν</span> <span class='ocrx_word' id='word_1_222' title='bbox 2274 762 2352 833; x_wconf 83' lang='grc' dir='ltr'>τῷ</span> <span class='ocrx_word' id='word_1_223' title='bbox 2376 764 2544 832; x_wconf 83' lang='grc' dir='ltr'><strong>τόκῳ,</strong></span> <span class='ocrx_word' id='word_1_224' title='bbox 2574 762 2635 816; x_wconf 89' lang='grc' dir='ltr'><strong>οὑ</strong></span> <span class='ocrx_word' id='word_1_225' title='bbox 2669 762 2782 834; x_wconf 69' lang='lat'><strong>(92)</strong></span> <span class='ocrx_word' id='word_1_226' title='bbox 2813 763 2968 832; x_wconf 84' lang='grc' dir='ltr'>γένος</span> <span class='ocrx_word' id='word_1_227' title='bbox 3013 765 3305 831; x_wconf 83' lang='grc' dir='ltr'><strong>διέσωσεν,</strong></span> <span class='ocrx_word' id='word_1_228' title='bbox 3346 768 3407 820; x_wconf 91' lang='grc' dir='ltr'><strong>οὑ</strong></span> <span class='ocrx_word' id='word_1_229' title='bbox 3438 766 3501 820; x_wconf 85' lang='grc' dir='ltr'><strong>τδ</strong></span> <span class='ocrx_word' id='word_1_230' title='bbox 3529 770 3761 838; x_wconf 72' lang='grc' dir='ltr'>προσληο</span> 
     </span>
    </p>
   </div>
   <div class='ocr_carea' id='block_1_35' title="bbox 2187 853 3760 930">
    <p class='ocr_par' dir='ltr' id='par_1_35' title="bbox 2187 853 3760 930">
     <span class='ocr_line' id='line_1_35' title="bbox 2187 853 3760 930; baseline 0.003 -22"><span class='ocrx_word' id='word_1_231' title='bbox 2187 854 2321 924; x_wconf 72' lang='grc' dir='ltr'>φθὲν</span> <span class='ocrx_word' id='word_1_232' title='bbox 2377 853 2539 924; x_wconf 85' lang='grc' dir='ltr'>σῶμα</span> <span class='ocrx_word' id='word_1_233' title='bbox 2564 854 2643 925; x_wconf 77' lang='grc' dir='ltr'>τῷ</span> <span class='ocrx_word' id='word_1_234' title='bbox 2685 855 2937 926; x_wconf 81' lang='grc' dir='ltr'>πατρικῷ</span> <span class='ocrx_word' id='word_1_235' title='bbox 2975 855 3152 927; x_wconf 84' lang='grc' dir='ltr'>θρόνῳ</span> <span class='ocrx_word' id='word_1_236' title='bbox 3195 858 3694 929; x_wconf 88' lang='grc' dir='ltr'>συγκαθιδρύσατο·</span> <span class='ocrx_word' id='word_1_237' title='bbox 3726 861 3760 930; x_wconf 80' lang='grc' dir='ltr'>ἢ</span> 
     </span>
    </p>
   </div>
   <div class='ocr_carea' id='block_1_36' title="bbox 2186 945 3760 1022">
    <p class='ocr_par' dir='ltr' id='par_1_36' title="bbox 2186 945 3760 1022">
     <span class='ocr_line' id='line_1_36' title="bbox 2186 945 3760 1022; baseline 0.004 -22"><span class='ocrx_word' id='word_1_238' title='bbox 2186 945 2361 1000; x_wconf 86' lang='grc' dir='ltr'>ταῦτα</span> <span class='ocrx_word' id='word_1_239' title='bbox 2381 945 2630 1000; x_wconf 88' lang='grc' dir='ltr'>λείπεται</span> <span class='ocrx_word' id='word_1_240' title='bbox 2668 945 2743 1017; x_wconf 80' lang='grc' dir='ltr'><strong>μή</strong></span> <span class='ocrx_word' id='word_1_241' title='bbox 2785 946 3205 1018; x_wconf 80' lang='grc' dir='ltr'>ὲξαρνούμενον,</span> <span class='ocrx_word' id='word_1_242' title='bbox 3235 949 3518 1019; x_wconf 80' lang='grc' dir='ltr'>ἀρνεῖσθαι</span> <span class='ocrx_word' id='word_1_243' title='bbox 3557 968 3618 1004; x_wconf 92' lang='grc' dir='ltr'><strong>τε</strong></span> <span class='ocrx_word' id='word_1_244' title='bbox 3652 951 3760 1022; x_wconf 78' lang='lat'><strong>(93)</strong></span> 
     </span>
    </p>
   </div>
   <div class='ocr_carea' id='block_1_37' title="bbox 2185 1036 3758 1114">
    <p class='ocr_par' dir='ltr' id='par_1_37' title="bbox 2185 1036 3758 1114">
     <span class='ocr_line' id='line_1_37' title="bbox 2185 1036 3758 1114; baseline 0.004 -22"><span class='ocrx_word' id='word_1_245' title='bbox 2185 1039 2287 1108; x_wconf 78' lang='grc' dir='ltr'>τὴν</span> <span class='ocrx_word' id='word_1_246' title='bbox 2337 1036 2650 1109; x_wconf 83' lang='grc' dir='ltr'>ἀγαθότητα</span> <span class='ocrx_word' id='word_1_247' title='bbox 2698 1037 2794 1092; x_wconf 81' lang='grc' dir='ltr'>τοῦ</span> <span class='ocrx_word' id='word_1_248' title='bbox 2848 1038 3009 1102; x_wconf 83' lang='grc' dir='ltr'><strong>Θεοῦ,</strong></span> <span class='ocrx_word' id='word_1_249' title='bbox 3052 1041 3134 1105; x_wconf 79' lang='grc' dir='ltr'><strong>εἰς</strong></span> <span class='ocrx_word' id='word_1_250' title='bbox 3177 1041 3380 1096; x_wconf 80' lang='grc' dir='ltr'>κακίαν</span> <span class='ocrx_word' id='word_1_251' title='bbox 3432 1045 3499 1113; x_wconf 82' lang='grc' dir='ltr'>τῇ</span> <span class='ocrx_word' id='word_1_252' title='bbox 3552 1048 3758 1114; x_wconf 78' lang='grc' dir='ltr'>συναφῇ</span> 
     </span>
    </p>
   </div>
   <div class='ocr_carea' id='block_1_38' title="bbox 2187 1127 3763 1204">
    <p class='ocr_par' dir='ltr' id='par_1_38' title="bbox 2187 1127 3763 1204">
     <span class='ocr_line' id='line_1_38' title="bbox 2187 1127 3763 1204; baseline 0.002 -20"><span class='ocrx_word' id='word_1_253' title='bbox 2187 1127 2612 1201; x_wconf 74' lang='grc' dir='ltr'>καθυϐρίζοντα.</span> <span class='ocrx_word' id='word_1_254' title='bbox 2668 1129 2780 1182; x_wconf 75' lang='grc' dir='ltr'><strong>Καὶ</strong></span> <span class='ocrx_word' id='word_1_255' title='bbox 2810 1128 2876 1200; x_wconf 80' lang='grc' dir='ltr'>δὴ</span> <span class='ocrx_word' id='word_1_256' title='bbox 2920 1131 3204 1203; x_wconf 81' lang='grc' dir='ltr'>κάκείνην,</span> <span class='ocrx_word' id='word_1_257' title='bbox 3235 1132 3325 1186; x_wconf 75' lang='grc' dir='ltr'>ὅτε</span> <span class='ocrx_word' id='word_1_258' title='bbox 3381 1133 3626 1204; x_wconf 71' lang='grc' dir='ltr'>μηδὲ.τδ</span> <span class='ocrx_word' id='word_1_259' title='bbox 3675 1135 3763 1187; x_wconf 82' lang='grc' dir='ltr'><strong>σὺν</strong></span> 
     </span>
    </p>
   </div>
   <div class='ocr_carea' id='block_1_39' title="bbox 2185 1219 3761 1294">
    <p class='ocr_par' dir='ltr' id='par_1_39' title="bbox 2185 1219 3761 1294">
     <span class='ocr_line' id='line_1_39' title="bbox 2185 1219 3761 1294; baseline 0.003 -20"><span class='ocrx_word' id='word_1_260' title='bbox 2185 1222 2332 1293; x_wconf 67' lang='grc' dir='ltr'>ἔχειν</span> <span class='ocrx_word' id='word_1_261' title='bbox 2358 1237 2441 1274; x_wconf 93' lang='grc' dir='ltr'><strong>σοι</strong></span> <span class='ocrx_word' id='word_1_262' title='bbox 2473 1219 2896 1284; x_wconf 80' lang='grc' dir='ltr'>καταλείπεται,</span> <span class='ocrx_word' id='word_1_263' title='bbox 2930 1223 3012 1284; x_wconf 87' lang='grc' dir='ltr'><strong>είς</strong></span> <span class='ocrx_word' id='word_1_264' title='bbox 3039 1221 3353 1294; x_wconf 86' lang='grc' dir='ltr'>ἀγαθότητα</span> <span class='ocrx_word' id='word_1_265' title='bbox 3395 1223 3761 1294; x_wconf 81' lang='grc' dir='ltr'>μεταϐάλλου-</span> 
     </span>
    </p>
   </div>
   <div class='ocr_carea' id='block_1_40' title="bbox 2185 1303 3760 1388">
    <p class='ocr_par' dir='ltr' id='par_1_40' title="bbox 2185 1303 3760 1388">
     <span class='ocr_line' id='line_1_40' title="bbox 2185 1303 3760 1388; baseline 0.001 -21"><span class='ocrx_word' id='word_1_266' title='bbox 2185 1329 2318 1368; x_wconf 81' lang='grc' dir='ltr'>σαν·</span> <span class='ocrx_word' id='word_1_267' title='bbox 2358 1317 2455 1368; x_wconf 73' lang='grc' dir='ltr'>καὶ</span> <span class='ocrx_word' id='word_1_268' title='bbox 2485 1309 2555 1385; x_wconf 78' lang='grc' dir='ltr'>ἦν</span> <span class='ocrx_word' id='word_1_269' title='bbox 2604 1312 2672 1368; x_wconf 74' lang='grc' dir='ltr'>ἄν</span> <span class='ocrx_word' id='word_1_270' title='bbox 2725 1329 2831 1379; x_wconf 89' lang='grc' dir='ltr'>σοι,</span> <span class='ocrx_word' id='word_1_271' title='bbox 2865 1313 3160 1384; x_wconf 77' lang='grc' dir='ltr'><strong>θεομαχεῖν</strong></span> <span class='ocrx_word' id='word_1_272' title='bbox 3209 1303 3429 1378; x_wconf 78' lang='grc' dir='ltr'>πάντως</span> <span class='ocrx_word' id='word_1_273' title='bbox 3475 1315 3760 1388; x_wconf 72' lang='grc' dir='ltr'>ᾑρημένῳ,</span> 
     </span>
    </p>
   </div>
   <div class='ocr_carea' id='block_1_41' title="bbox 2182 1403 3762 1478">
    <p class='ocr_par' dir='ltr' id='par_1_41' title="bbox 2182 1403 3762 1478">
     <span class='ocr_line' id='line_1_41' title="bbox 2182 1403 3762 1478; baseline 0.001 -18"><span class='ocrx_word' id='word_1_274' title='bbox 2182 1405 2496 1478; x_wconf 84' lang='grc' dir='ltr'>κουφοτέρα</span> <span class='ocrx_word' id='word_1_275' title='bbox 2536 1405 2739 1477; x_wconf 84' lang='grc' dir='ltr'>μᾶλλον</span> <span class='ocrx_word' id='word_1_276' title='bbox 2773 1403 2882 1460; x_wconf 80' lang='grc' dir='ltr'><strong>τῶν</strong></span> <span class='ocrx_word' id='word_1_277' title='bbox 2929 1407 3214 1478; x_wconf 83' lang='grc' dir='ltr'><strong>προτέρων</strong></span> <span class='ocrx_word' id='word_1_278' title='bbox 3271 1407 3307 1477; x_wconf 79' lang='grc' dir='ltr'><strong>ἢ</strong></span> <span class='ocrx_word' id='word_1_279' title='bbox 3338 1407 3451 1461; x_wconf 86' lang='grc' dir='ltr'><strong>τῶν</strong></span> <span class='ocrx_word' id='word_1_280' title='bbox 3496 1407 3762 1478; x_wconf 77' lang='grc' dir='ltr'><strong>δευτέρων</strong></span> 
     </span>
    </p>
   </div>
   <div class='ocr_carea' id='block_1_42' title="bbox 2181 1493 3764 1570">
    <p class='ocr_par' dir='ltr' id='par_1_42' title="bbox 2181 1493 3764 1570">
     <span class='ocr_line' id='line_1_42' title="bbox 2181 1493 3764 1570; baseline 0.002 -19"><span class='ocrx_word' id='word_1_281' title='bbox 2181 1495 2615 1568; x_wconf 78' lang='grc' dir='ltr'>δυσσεϐημάτων</span> <span class='ocrx_word' id='word_1_282' title='bbox 2653 1497 2688 1568; x_wconf 85' lang='grc' dir='ltr'><strong>ή</strong></span> <span class='ocrx_word' id='word_1_283' title='bbox 2718 1497 2950 1568; x_wconf 80' lang='grc' dir='ltr'>αἵρεσις.</span> <span class='ocrx_word' id='word_1_284' title='bbox 2981 1497 3092 1550; x_wconf 69' lang='grc' dir='ltr'><strong>Καὶ</strong></span> <span class='ocrx_word' id='word_1_285' title='bbox 3121 1498 3231 1569; x_wconf 80' lang='grc' dir='ltr'><strong>γὰρ</strong></span> <span class='ocrx_word' id='word_1_286' title='bbox 3256 1493 3326 1570; x_wconf 79' lang='grc' dir='ltr'>ἦν</span> <span class='ocrx_word' id='word_1_287' title='bbox 3359 1515 3491 1552; x_wconf 87' lang='grc' dir='ltr'>ποτε</span> <span class='ocrx_word' id='word_1_288' title='bbox 3519 1501 3635 1564; x_wconf 81' lang='grc' dir='ltr'>τοῖς</span> <span class='ocrx_word' id='word_1_289' title='bbox 3667 1499 3764 1570; x_wconf 74' lang='grc' dir='ltr'>μὲν</span> 
     </span>
    </p>
   </div>
   <div class='ocr_carea' id='block_1_43' title="bbox 2181 1587 3761 1664">
    <p class='ocr_par' dir='ltr' id='par_1_43' title="bbox 2181 1587 3761 1664">
     <span class='ocr_line' id='line_1_43' title="bbox 2181 1587 3761 1664; baseline 0.003 -24"><span class='ocrx_word' id='word_1_290' title='bbox 2181 1587 2283 1641; x_wconf 88' lang='grc' dir='ltr'><strong>οὑκ</strong></span> <span class='ocrx_word' id='word_1_291' title='bbox 2320 1587 2488 1642; x_wconf 78' lang='grc' dir='ltr'>είδόσι</span> <span class='ocrx_word' id='word_1_292' title='bbox 2532 1588 2602 1642; x_wconf 82' lang='grc' dir='ltr'>τὰ</span> <span class='ocrx_word' id='word_1_293' title='bbox 2643 1587 2890 1659; x_wconf 83' lang='grc' dir='ltr'>πρότερα</span> <span class='ocrx_word' id='word_1_294' title='bbox 2924 1587 3048 1642; x_wconf 82' lang='grc' dir='ltr'>οὑδὲ</span> <span class='ocrx_word' id='word_1_295' title='bbox 3087 1587 3178 1642; x_wconf 69' lang='grc' dir='ltr'><strong>διὰ</strong></span> <span class='ocrx_word' id='word_1_296' title='bbox 3215 1588 3277 1642; x_wconf 82' lang='grc' dir='ltr'>τὸ</span> <span class='ocrx_word' id='word_1_297' title='bbox 3304 1589 3474 1660; x_wconf 85' lang='grc' dir='ltr'><strong>μήπω</strong></span> <span class='ocrx_word' id='word_1_298' title='bbox 3502 1592 3761 1664; x_wconf 72' lang='grc' dir='ltr'>παρεῖναι</span> 
     </span>
    </p>
   </div>
   <div class='ocr_carea' id='block_1_44' title="bbox 2180 1679 3760 1752">
    <p class='ocr_par' dir='ltr' id='par_1_44' title="bbox 2180 1679 3760 1752">
     <span class='ocr_line' id='line_1_44' title="bbox 2180 1679 3760 1752; baseline 0.002 -19"><span class='ocrx_word' id='word_1_299' title='bbox 2180 1679 2437 1751; x_wconf 84' lang='grc' dir='ltr'>τιμῶσιν,</span> <span class='ocrx_word' id='word_1_300' title='bbox 2458 1680 2582 1734; x_wconf 79' lang='grc' dir='ltr'>οὑδὲ</span> <span class='ocrx_word' id='word_1_301' title='bbox 2607 1681 2737 1750; x_wconf 75' lang='grc' dir='ltr'>μιᾶς</span> <span class='ocrx_word' id='word_1_302' title='bbox 2751 1679 3100 1752; x_wconf 73' lang='grc' dir='ltr'>ἑπαφιεμένη</span> <span class='ocrx_word' id='word_1_303' title='bbox 3117 1679 3438 1745; x_wconf 87' lang='grc' dir='ltr'>δυσσεϐείας</span> <span class='ocrx_word' id='word_1_304' title='bbox 3451 1681 3760 1752; x_wconf 81' lang='grc' dir='ltr'>είσπραεις.</span> 
     </span>
    </p>
   </div>
   <div class='ocr_carea' id='block_1_45' title="bbox 2195 1770 3762 1844">
    <p class='ocr_par' dir='ltr' id='par_1_45' title="bbox 2195 1770 3762 1844">
     <span class='ocr_line' id='line_1_45' title="bbox 2195 1770 3762 1844; baseline 0.003 -20"><span class='ocrx_word' id='word_1_305' title='bbox 2195 1771 2460 1841; x_wconf 83' lang='grc' dir='ltr'>Ἀπάγειν</span> <span class='ocrx_word' id='word_1_306' title='bbox 2488 1771 2546 1824; x_wconf 74' lang='grc' dir='ltr'>δὲ</span> <span class='ocrx_word' id='word_1_307' title='bbox 2573 1773 2672 1842; x_wconf 82' lang='grc' dir='ltr'>τὴν</span> <span class='ocrx_word' id='word_1_308' title='bbox 2703 1771 2798 1824; x_wconf 84' lang='grc' dir='ltr'><strong>τοῦ</strong></span> <span class='ocrx_word' id='word_1_309' title='bbox 2828 1770 2968 1826; x_wconf 81' lang='grc' dir='ltr'>Θεοῦ</span> <span class='ocrx_word' id='word_1_310' title='bbox 3018 1771 3338 1844; x_wconf 88' lang='grc' dir='ltr'>άγαθότητα</span> <span class='ocrx_word' id='word_1_311' title='bbox 3368 1775 3504 1844; x_wconf 81' lang='grc' dir='ltr'>πρὸς</span> <span class='ocrx_word' id='word_1_312' title='bbox 3537 1774 3762 1842; x_wconf 77' lang='grc' dir='ltr'><strong>κακίαν,</strong></span> 
     </span>
    </p>
   </div>
   <div class='ocr_carea' id='block_1_46' title="bbox 2181 1862 3760 1938">
    <p class='ocr_par' dir='ltr' id='par_1_46' title="bbox 2181 1862 3760 1938">
     <span class='ocr_line' id='line_1_46' title="bbox 2181 1862 3760 1938; baseline 0 -19"><span class='ocrx_word' id='word_1_313' title='bbox 2181 1865 2216 1938; x_wconf 75' lang='grc' dir='ltr'>ἢ</span> <span class='ocrx_word' id='word_1_314' title='bbox 2250 1864 2456 1936; x_wconf 87' lang='grc' dir='ltr'>ταύτην</span> <span class='ocrx_word' id='word_1_315' title='bbox 2505 1862 2794 1933; x_wconf 80' lang='grc' dir='ltr'>σεμνύνειν</span> <span class='ocrx_word' id='word_1_316' title='bbox 2829 1865 2896 1934; x_wconf 81' lang='grc' dir='ltr'>τῇ</span> <span class='ocrx_word' id='word_1_317' title='bbox 2954 1865 3218 1936; x_wconf 75' lang='grc' dir='ltr'>μετουσίᾳ</span> <span class='ocrx_word' id='word_1_318' title='bbox 3253 1865 3353 1935; x_wconf 85' lang='grc' dir='ltr'>τῆς</span> <span class='ocrx_word' id='word_1_319' title='bbox 3396 1864 3760 1936; x_wconf 88' lang='grc' dir='ltr'>ἀγαθότητος,</span> 
     </span>
    </p>
   </div>
   <div class='ocr_carea' id='block_1_47' title="bbox 2179 1953 3762 2028">
    <p class='ocr_par' dir='ltr' id='par_1_47' title="bbox 2179 1953 3762 2028">
     <span class='ocr_line' id='line_1_47' title="bbox 2179 1953 3762 2028; baseline 0.003 -20"><span class='ocrx_word' id='word_1_320' title='bbox 2179 1954 2356 2019; x_wconf 82' lang='grc' dir='ltr'>οὐδεὶς</span> <span class='ocrx_word' id='word_1_321' title='bbox 2387 1955 2488 2008; x_wconf 85' lang='grc' dir='ltr'><strong>οὑκ</strong></span> <span class='ocrx_word' id='word_1_322' title='bbox 2517 1954 2665 2008; x_wconf 76' lang='grc' dir='ltr'>ἐστιν</span> <span class='ocrx_word' id='word_1_323' title='bbox 2708 1955 2846 2009; x_wconf 88' lang='grc' dir='ltr'>αίὼν</span> <span class='ocrx_word' id='word_1_324' title='bbox 2868 1953 2928 2018; x_wconf 77' lang='grc' dir='ltr'>ὃς</span> <span class='ocrx_word' id='word_1_325' title='bbox 2971 1953 3048 2026; x_wconf 82' lang='grc' dir='ltr'>μὴ</span> <span class='ocrx_word' id='word_1_326' title='bbox 3080 1954 3183 2024; x_wconf 81' lang='grc' dir='ltr'>τὴν</span> <span class='ocrx_word' id='word_1_327' title='bbox 3213 1956 3488 2026; x_wconf 79' lang='grc' dir='ltr'>τιμωρίαν</span> <span class='ocrx_word' id='word_1_328' title='bbox 3518 1957 3762 2028; x_wconf 83' lang='grc' dir='ltr'>ἀπαραί-</span> 
     </span>
    </p>
   </div>
   <div class='ocr_carea' id='block_1_48' title="bbox 2178 2045 3381 2118">
    <p class='ocr_par' dir='ltr' id='par_1_48' title="bbox 2178 2045 3381 2118">
     <span class='ocr_line' id='line_1_48' title="bbox 2178 2045 3381 2118; baseline 0.001 -19"><span class='ocrx_word' id='word_1_329' title='bbox 2178 2063 2342 2118; x_wconf 88' lang='grc' dir='ltr'>τητον</span> <span class='ocrx_word' id='word_1_330' title='bbox 2363 2046 2488 2109; x_wconf 83' lang='grc' dir='ltr'>τοὺς</span> <span class='ocrx_word' id='word_1_331' title='bbox 2519 2045 2811 2117; x_wconf 77' lang='grc' dir='ltr'><strong>ἑλομένους</strong></span> <span class='ocrx_word' id='word_1_332' title='bbox 2839 2046 2941 2099; x_wconf 90' lang='grc' dir='ltr'><strong>οὑκ</strong></span> <span class='ocrx_word' id='word_1_333' title='bbox 2966 2047 3381 2115; x_wconf 78' lang='grc' dir='ltr'>εἰσπράττεται.</span> 
     </span>
    </p>
   </div>
   <div class='ocr_carea' id='block_1_49' title="bbox 2251 2136 3760 2211">
    <p class='ocr_par' dir='ltr' id='par_1_49' title="bbox 2251 2136 3760 2211">
     <span class='ocr_line' id='line_1_49' title="bbox 2251 2136 3760 2211; baseline 0.003 -22"><span class='ocrx_word' id='word_1_334' title='bbox 2251 2139 2325 2192; x_wconf 92' lang='lat' dir='ltr'><strong>Z&#39;.</strong></span> <span class='ocrx_word' id='word_1_335' title='bbox 2381 2137 2736 2207; x_wconf 88' lang='grc' dir='ltr'>Τηλικούτοις</span> <span class='ocrx_word' id='word_1_336' title='bbox 2780 2136 2838 2190; x_wconf 72' lang='grc' dir='ltr'>δὲ</span> <span class='ocrx_word' id='word_1_337' title='bbox 2872 2141 3062 2202; x_wconf 81' lang='grc' dir='ltr'>κακοῖς</span> <span class='ocrx_word' id='word_1_338' title='bbox 3107 2139 3208 2208; x_wconf 84' lang='grc' dir='ltr'>τῆς</span> <span class='ocrx_word' id='word_1_339' title='bbox 3253 2138 3464 2208; x_wconf 79' lang='grc' dir='ltr'>τόλμης</span> <span class='ocrx_word' id='word_1_340' title='bbox 3515 2140 3615 2193; x_wconf 80' lang='grc' dir='ltr'>καὶ</span> <span class='ocrx_word' id='word_1_341' title='bbox 3665 2141 3760 2211; x_wconf 82' lang='grc' dir='ltr'>τῆς</span> 
     </span>
    </p>
   </div>
   <div class='ocr_carea' id='block_1_50' title="bbox 2177 2229 3757 2303">
    <p class='ocr_par' dir='ltr' id='par_1_50' title="bbox 2177 2229 3757 2303">
     <span class='ocr_line' id='line_1_50' title="bbox 2177 2229 3757 2303; baseline 0.001 -18"><span class='ocrx_word' id='word_1_342' title='bbox 2177 2229 2434 2294; x_wconf 81' lang='grc' dir='ltr'>ἀσεϐείας</span> <span class='ocrx_word' id='word_1_343' title='bbox 2451 2230 2794 2300; x_wconf 85' lang='grc' dir='ltr'>πανταχόθεν</span> <span class='ocrx_word' id='word_1_344' title='bbox 2819 2233 2947 2294; x_wconf 86' lang='grc' dir='ltr'>τοὺς</span> <span class='ocrx_word' id='word_1_345' title='bbox 2970 2230 3208 2301; x_wconf 68' lang='grc' dir='ltr'>ἐραστὰς</span> <span class='ocrx_word' id='word_1_346' title='bbox 3225 2232 3757 2303; x_wconf 77' lang='grc' dir='ltr'>περιστοιχιζούσης,</span> 
     </span>
    </p>
   </div>
   <div class='ocr_carea' id='block_1_51' title="bbox 2178 2316 3757 2389">
    <p class='ocr_par' dir='ltr' id='par_1_51' title="bbox 2178 2316 3757 2389">
     <span class='ocr_line' id='line_1_51' title="bbox 2178 2316 3757 2389; baseline -0.001 -17"><span class='ocrx_word' id='word_1_347' title='bbox 2178 2319 2230 2373; x_wconf 90' lang='grc' dir='ltr'>οἱ</span> <span class='ocrx_word' id='word_1_348' title='bbox 2260 2319 2317 2372; x_wconf 83' lang='grc' dir='ltr'>δὲ</span> <span class='ocrx_word' id='word_1_349' title='bbox 2345 2317 2481 2388; x_wconf 83' lang='grc' dir='ltr'>πρὸς</span> <span class='ocrx_word' id='word_1_350' title='bbox 2499 2316 2577 2388; x_wconf 81' lang='grc' dir='ltr'><strong>τῷ</strong></span> <span class='ocrx_word' id='word_1_351' title='bbox 2598 2317 2676 2389; x_wconf 87' lang='grc' dir='ltr'>μὴ</span> <span class='ocrx_word' id='word_1_352' title='bbox 2697 2319 2796 2387; x_wconf 86' lang='grc' dir='ltr'>τῆς</span> <span class='ocrx_word' id='word_1_353' title='bbox 2821 2316 3032 2388; x_wconf 83' lang='grc' dir='ltr'>πλάνης</span> <span class='ocrx_word' id='word_1_354' title='bbox 3056 2316 3374 2386; x_wconf 78' lang='grc' dir='ltr'>ἀναφέρειν,</span> <span class='ocrx_word' id='word_1_355' title='bbox 3417 2317 3555 2371; x_wconf 81' lang='grc' dir='ltr'><strong>ἀλλά</strong></span> <span class='ocrx_word' id='word_1_356' title='bbox 3586 2334 3651 2386; x_wconf 85' lang='grc' dir='ltr'><strong>γε</strong></span> <span class='ocrx_word' id='word_1_357' title='bbox 3668 2319 3757 2372; x_wconf 75' lang='grc' dir='ltr'>καὶ</span> 
     </span>
    </p>
   </div>
   <div class='ocr_carea' id='block_1_52' title="bbox 2179 2407 3760 2480">
    <p class='ocr_par' dir='ltr' id='par_1_52' title="bbox 2179 2407 3760 2480">
     <span class='ocr_line' id='line_1_52' title="bbox 2179 2407 3760 2480; baseline -0.002 -16"><span class='ocrx_word' id='word_1_358' title='bbox 2179 2409 2343 2479; x_wconf 86' lang='grc' dir='ltr'>κόρον</span> <span class='ocrx_word' id='word_1_359' title='bbox 2373 2408 2566 2480; x_wconf 85' lang='grc' dir='ltr'>ὥσπερ</span> <span class='ocrx_word' id='word_1_360' title='bbox 2589 2407 2684 2462; x_wconf 84' lang='grc' dir='ltr'>τοῦ</span> <span class='ocrx_word' id='word_1_361' title='bbox 2701 2407 2992 2478; x_wconf 84' lang='grc' dir='ltr'>θεομαχεῖν</span> <span class='ocrx_word' id='word_1_362' title='bbox 3013 2408 3202 2462; x_wconf 87' lang='grc' dir='ltr'>λαϐεῖν</span> <span class='ocrx_word' id='word_1_363' title='bbox 3235 2425 3360 2463; x_wconf 91' lang='grc' dir='ltr'>τινα</span> <span class='ocrx_word' id='word_1_364' title='bbox 3384 2407 3642 2474; x_wconf 83' lang='grc' dir='ltr'>δεδιότες,</span> <span class='ocrx_word' id='word_1_365' title='bbox 3667 2408 3760 2464; x_wconf 75' lang='grc' dir='ltr'>καὶ</span> 
     </span>
    </p>
   </div>
   <div class='ocr_carea' id='block_1_53' title="bbox 2177 2497 3758 2573">
    <p class='ocr_par' dir='ltr' id='par_1_53' title="bbox 2177 2497 3758 2573">
     <span class='ocr_line' id='line_1_53' title="bbox 2177 2497 3758 2573; baseline -0.003 -17"><span class='ocrx_word' id='word_1_366' title='bbox 2177 2501 2410 2573; x_wconf 80' lang='grc' dir='ltr'>δευτέρᾳ</span> <span class='ocrx_word' id='word_1_367' title='bbox 2436 2499 2740 2571; x_wconf 85' lang='grc' dir='ltr'>βεϐηλὼσει</span> <span class='ocrx_word' id='word_1_368' title='bbox 2760 2499 2860 2570; x_wconf 81' lang='grc' dir='ltr'>τὴν</span> <span class='ocrx_word' id='word_1_369' title='bbox 2887 2499 2984 2553; x_wconf 81' lang='grc' dir='ltr'>τοῦ</span> <span class='ocrx_word' id='word_1_370' title='bbox 3018 2497 3252 2569; x_wconf 79' lang='grc' dir='ltr'>’Δγαθοῦ</span> <span class='ocrx_word' id='word_1_371' title='bbox 3287 2499 3758 2553; x_wconf 85' lang='grc' dir='ltr'>καθυποϐάλλουσι</span> 
     </span>
    </p>
   </div>
   <div class='ocr_carea' id='block_1_54' title="bbox 2178 2589 3758 2664">
    <p class='ocr_par' dir='ltr' id='par_1_54' title="bbox 2178 2589 3758 2664">
     <span class='ocr_line' id='line_1_54' title="bbox 2178 2589 3758 2664; baseline -0.003 -16"><span class='ocrx_word' id='word_1_372' title='bbox 2178 2594 2363 2664; x_wconf 84' lang='grc' dir='ltr'>φύσιν.</span> <span class='ocrx_word' id='word_1_373' title='bbox 2381 2593 2495 2664; x_wconf 81' lang='grc' dir='ltr'><strong>Τῆς</strong></span> <span class='ocrx_word' id='word_1_374' title='bbox 2519 2592 2630 2664; x_wconf 81' lang='grc' dir='ltr'><strong>γὰρ</strong></span> <span class='ocrx_word' id='word_1_375' title='bbox 2659 2591 2824 2646; x_wconf 78' lang='grc' dir='ltr'>αὑτοῦ</span> <span class='ocrx_word' id='word_1_376' title='bbox 2848 2591 3116 2661; x_wconf 83' lang='grc' dir='ltr'>διαθήκης</span> <span class='ocrx_word' id='word_1_377' title='bbox 3139 2589 3237 2662; x_wconf 79' lang='grc' dir='ltr'><strong>τήν</strong></span> <span class='ocrx_word' id='word_1_378' title='bbox 3258 2589 3632 2662; x_wconf 83' lang='grc' dir='ltr'>ἀρχαιοτέραν</span> <span class='ocrx_word' id='word_1_379' title='bbox 3665 2589 3758 2644; x_wconf 82' lang='grc' dir='ltr'>καὶ</span> 
     </span>
    </p>
   </div>
   <div class='ocr_carea' id='block_1_55' title="bbox 2176 2678 3758 2752">
    <p class='ocr_par' dir='ltr' id='par_1_55' title="bbox 2176 2678 3758 2752">
     <span class='ocr_line' id='line_1_55' title="bbox 2176 2678 3758 2752; baseline -0.002 -17"><span class='ocrx_word' id='word_1_380' title='bbox 2176 2683 2305 2746; x_wconf 81' lang='grc' dir='ltr'>τοὺς</span> <span class='ocrx_word' id='word_1_381' title='bbox 2355 2682 2415 2736; x_wconf 79' lang='grc' dir='ltr'>ὲν</span> <span class='ocrx_word' id='word_1_382' title='bbox 2473 2683 2615 2752; x_wconf 79' lang='grc' dir='ltr'>αὑτῇ</span> <span class='ocrx_word' id='word_1_383' title='bbox 2648 2679 2968 2750; x_wconf 86' lang='grc' dir='ltr'>διαπρεπῶς</span> <span class='ocrx_word' id='word_1_384' title='bbox 3001 2678 3498 2749; x_wconf 82' lang='grc' dir='ltr'>πολιτευσαμένους</span> <span class='ocrx_word' id='word_1_385' title='bbox 3531 2680 3615 2742; x_wconf 87' lang='grc' dir='ltr'><strong>είς</strong></span> <span class='ocrx_word' id='word_1_386' title='bbox 3661 2679 3758 2750; x_wconf 81' lang='grc' dir='ltr'>τὴν</span> 
     </span>
    </p>
   </div>
   <div class='ocr_carea' id='block_1_56' title="bbox 2175 2770 3754 2844">
    <p class='ocr_par' dir='ltr' id='par_1_56' title="bbox 2175 2770 3754 2844">
     <span class='ocr_line' id='line_1_56' title="bbox 2175 2770 3754 2844; baseline -0.002 -17"><span class='ocrx_word' id='word_1_387' title='bbox 2175 2775 2278 2844; x_wconf 83' lang='grc' dir='ltr'>τῆς</span> <span class='ocrx_word' id='word_1_388' title='bbox 2302 2774 2545 2844; x_wconf 77' lang='grc' dir='ltr'>πονηρᾶς</span> <span class='ocrx_word' id='word_1_389' title='bbox 2572 2771 2913 2843; x_wconf 83' lang='grc' dir='ltr'>ἀναρτῶντες</span> <span class='ocrx_word' id='word_1_390' title='bbox 2938 2770 3186 2836; x_wconf 73' lang='grc' dir='ltr'>ἐξουσίαν</span> <span class='ocrx_word' id='word_1_391' title='bbox 3214 2788 3275 2825; x_wconf 86' lang='grc' dir='ltr'><strong>τε</strong></span> <span class='ocrx_word' id='word_1_392' title='bbox 3306 2771 3402 2825; x_wconf 77' lang='grc' dir='ltr'>καὶ</span> <span class='ocrx_word' id='word_1_393' title='bbox 3427 2771 3754 2843; x_wconf 86' lang='grc' dir='ltr'>θεραπείαν,</span> 
     </span>
    </p>
   </div>
   <div class='ocr_carea' id='block_1_57' title="bbox 2176 2855 3758 2934">
    <p class='ocr_par' dir='ltr' id='par_1_57' title="bbox 2176 2855 3758 2934">
     <span class='ocr_line' id='line_1_57' title="bbox 2176 2855 3758 2934; baseline -0.001 -16"><span class='ocrx_word' id='word_1_394' title='bbox 2176 2864 2408 2934; x_wconf 75' lang='grc' dir='ltr'>ἐπείπερ</span> <span class='ocrx_word' id='word_1_395' title='bbox 2435 2863 2531 2917; x_wconf 61' lang='grc' dir='ltr'><strong>καὶ⁵</strong></span> <span class='ocrx_word' id='word_1_396' title='bbox 2551 2861 2715 2916; x_wconf 83' lang='grc' dir='ltr'>Δαϐὶδ</span> <span class='ocrx_word' id='word_1_397' title='bbox 2732 2862 2827 2916; x_wconf 62' lang='grc' dir='ltr'><strong>καί¹</strong></span> <span class='ocrx_word' id='word_1_398' title='bbox 2860 2861 3130 2934; x_wconf 79' lang='grc' dir='ltr'>Ἀϐραὰμ,</span> <span class='ocrx_word' id='word_1_399' title='bbox 3159 2861 3220 2927; x_wconf 70' lang='grc' dir='ltr'><strong>ἐξ</strong></span> <span class='ocrx_word' id='word_1_400' title='bbox 3244 2855 3320 2918; x_wconf 81' lang='grc' dir='ltr'>ὧν</span> <span class='ocrx_word' id='word_1_401' title='bbox 3366 2864 3395 2916; x_wconf 83' lang='grc' dir='ltr'><strong>δ</strong></span> <span class='ocrx_word' id='word_1_402' title='bbox 3423 2863 3665 2934; x_wconf 73' lang='grc' dir='ltr'>Χριστὸς</span> <span class='ocrx_word' id='word_1_403' title='bbox 3699 2863 3758 2917; x_wconf 78' lang='grc' dir='ltr'>τὸ</span> 
     </span>
    </p>
   </div>
   <div class='ocr_carea' id='block_1_58' title="bbox 2175 2951 3757 3026">
    <p class='ocr_par' dir='ltr' id='par_1_58' title="bbox 2175 2951 3757 3026">
     <span class='ocr_line' id='line_1_58' title="bbox 2175 2951 3757 3026; baseline -0.003 -16"><span class='ocrx_word' id='word_1_404' title='bbox 2175 2955 2322 3010; x_wconf 77' lang='grc' dir='ltr'>κατὰ</span> <span class='ocrx_word' id='word_1_405' title='bbox 2349 2955 2550 3026; x_wconf 86' lang='grc' dir='ltr'>σάρκα,</span> <span class='ocrx_word' id='word_1_406' title='bbox 2580 2952 2682 3020; x_wconf 82' lang='grc' dir='ltr'>τῆς</span> <span class='ocrx_word' id='word_1_407' title='bbox 2705 2952 2876 3023; x_wconf 84' lang='grc' dir='ltr'>αὑτῆς</span> <span class='ocrx_word' id='word_1_408' title='bbox 2907 2951 3269 3024; x_wconf 85' lang='grc' dir='ltr'>χοροστασίας</span> <span class='ocrx_word' id='word_1_409' title='bbox 3299 2952 3569 3024; x_wconf 80' lang='grc' dir='ltr'>ὑπῆρχον,</span> <span class='ocrx_word' id='word_1_410' title='bbox 3601 2951 3757 3024; x_wconf 82' lang='grc' dir='ltr'>δῆλον</span> 
     </span>
    </p>
   </div>
   <div class='ocr_carea' id='block_1_59' title="bbox 2174 3043 3758 3116">
    <p class='ocr_par' dir='ltr' id='par_1_59' title="bbox 2174 3043 3758 3116">
     <span class='ocr_line' id='line_1_59' title="bbox 2174 3043 3758 3116; baseline 0 -17"><span class='ocrx_word' id='word_1_411' title='bbox 2174 3046 2252 3109; x_wconf 82' lang='grc' dir='ltr'><strong>ὡς</strong></span> <span class='ocrx_word' id='word_1_412' title='bbox 2301 3046 2462 3116; x_wconf 83' lang='grc' dir='ltr'>διπλῇ</span> <span class='ocrx_word' id='word_1_413' title='bbox 2524 3043 2824 3116; x_wconf 84' lang='grc' dir='ltr'>βεϐηλώσει</span> <span class='ocrx_word' id='word_1_414' title='bbox 2881 3043 2974 3098; x_wconf 75' lang='grc' dir='ltr'>τὸν</span> <span class='ocrx_word' id='word_1_415' title='bbox 3025 3043 3137 3098; x_wconf 84' lang='grc' dir='ltr'><strong>τῶν</strong></span> <span class='ocrx_word' id='word_1_416' title='bbox 3185 3043 3323 3098; x_wconf 79' lang='grc' dir='ltr'>ὅλων</span> <span class='ocrx_word' id='word_1_417' title='bbox 3369 3044 3758 3110; x_wconf 78' lang='grc' dir='ltr'>καταστίζουσι</span> 
     </span>
    </p>
   </div>
   <div class='ocr_carea' id='block_1_60' title="bbox 494 3117 2079 3214">
    <p class='ocr_par' dir='ltr' id='par_1_60' title="bbox 494 3117 2071 3214">
     <span class='ocr_line' id='line_1_60' title="bbox 494 3117 2071 3214; baseline 0.011 -41"><span class='ocrx_word' id='word_1_418' title='bbox 494 3117 671 3214; x_wconf 80' lang='lat' dir='ltr'><strong>sitatis</strong></span> <span class='ocrx_word' id='word_1_419' title='bbox 684 3137 867 3179; x_wconf 89' lang='lat' dir='ltr'><strong>rerum</strong></span> <span class='ocrx_word' id='word_1_420' title='bbox 891 3125 1096 3196; x_wconf 90' lang='lat' dir='ltr'><strong>duplici</strong></span> <span class='ocrx_word' id='word_1_421' title='bbox 1117 3127 1314 3198; x_wconf 89' lang='lat' dir='ltr'><strong>injuria</strong></span> <span class='ocrx_word' id='word_1_422' title='bbox 1335 3131 1601 3196; x_wconf 84' lang='lat' dir='ltr'><strong>alliciunt,</strong></span> <span class='ocrx_word' id='word_1_423' title='bbox 1627 3135 1799 3188; x_wconf 88' lang='lat' dir='ltr'><strong>semel</strong></span> <span class='ocrx_word' id='word_1_424' title='bbox 1828 3135 2071 3204; x_wconf 90' lang='lat' dir='ltr'><strong>quidem,</strong></span> 
     </span>
    </p>
   </div>
   <div class='ocr_carea' id='block_1_61' title="bbox 2181 3117 3759 3214">
    <p class='ocr_par' dir='ltr' id='par_1_61' title="bbox 2181 3135 3759 3208">
     <span class='ocr_line' id='line_1_61' title="bbox 2181 3135 3759 3208; baseline 0 -18"><span class='ocrx_word' id='word_1_425' title='bbox 2181 3138 2497 3208; x_wconf 82' lang='grc' dir='ltr'>Δεσπότηνο</span> <span class='ocrx_word' id='word_1_426' title='bbox 2543 3137 2644 3207; x_wconf 78' lang='grc' dir='ltr'>μιᾷ</span> <span class='ocrx_word' id='word_1_427' title='bbox 2684 3136 2784 3207; x_wconf 83' lang='grc' dir='ltr'>μὲν</span> <span class='ocrx_word' id='word_1_428' title='bbox 2837 3135 2922 3190; x_wconf 79' lang='grc' dir='ltr'>ὅτι</span> <span class='ocrx_word' id='word_1_429' title='bbox 2966 3136 3211 3206; x_wconf 70' lang='grc' dir='ltr'>πονηρᾶς</span> <span class='ocrx_word' id='word_1_430' title='bbox 3257 3135 3677 3205; x_wconf 84' lang='grc' dir='ltr'>ἀποφαίνουσιν,</span> <span class='ocrx_word' id='word_1_431' title='bbox 3730 3136 3759 3190; x_wconf 85' lang='grc' dir='ltr'><strong>δ</strong></span> 
     </span>
    </p>
   </div>
   <div class='ocr_carea' id='block_1_62' title="bbox 492 3211 2075 3291">
    <p class='ocr_par' dir='ltr' id='par_1_62' title="bbox 492 3211 2075 3291">
     <span class='ocr_line' id='line_1_62' title="bbox 492 3211 2075 3291; baseline 0.013 -29"><span class='ocrx_word' id='word_1_432' title='bbox 492 3211 637 3279; x_wconf 88' lang='lat' dir='ltr'><strong>quod</strong></span> <span class='ocrx_word' id='word_1_433' title='bbox 671 3227 894 3283; x_wconf 90' lang='lat' dir='ltr'><strong>corpus,</strong></span> <span class='ocrx_word' id='word_1_434' title='bbox 935 3217 1083 3286; x_wconf 89' lang='lat' dir='ltr'><strong>quod</strong></span> <span class='ocrx_word' id='word_1_435' title='bbox 1111 3221 1429 3291; x_wconf 88' lang='lat' dir='ltr'><strong>assumpsit.</strong></span> <span class='ocrx_word' id='word_1_436' title='bbox 1481 3238 1512 3278; x_wconf 93' lang='lat' dir='ltr'><strong>a</strong></span> <span class='ocrx_word' id='word_1_437' title='bbox 1536 3223 1674 3279; x_wconf 84' lang='lat' dir='ltr'><strong>Malo</strong></span> <span class='ocrx_word' id='word_1_438' title='bbox 1699 3239 1823 3280; x_wconf 90' lang='lat' dir='ltr'><strong>esse</strong></span> <span class='ocrx_word' id='word_1_439' title='bbox 1841 3236 2075 3281; x_wconf 86' lang='lat' dir='ltr'><strong>conten-</strong></span> 
     </span>
    </p>
   </div>
   <div class='ocr_carea' id='block_1_63' title="bbox 489 3301 2078 3390">
    <p class='ocr_par' dir='ltr' id='par_1_63' title="bbox 489 3301 2078 3390">
     <span class='ocr_line' id='line_1_63' title="bbox 489 3301 2078 3390; baseline 0.013 -34"><span class='ocrx_word' id='word_1_440' title='bbox 489 3301 666 3362; x_wconf 87' lang='lat' dir='ltr'><strong>dunt:</strong></span> <span class='ocrx_word' id='word_1_441' title='bbox 706 3304 906 3362; x_wconf 88' lang='lat' dir='ltr'><strong>deinde</strong></span> <span class='ocrx_word' id='word_1_442' title='bbox 933 3324 1086 3376; x_wconf 91' lang='lat' dir='ltr'><strong>vero,</strong></span> <span class='ocrx_word' id='word_1_443' title='bbox 1137 3312 1283 3380; x_wconf 89' lang='lat' dir='ltr'><strong>quod</strong></span> <span class='ocrx_word' id='word_1_444' title='bbox 1331 3313 1465 3373; x_wconf 83' lang='lat' dir='ltr'><strong>illud</strong></span> <span class='ocrx_word' id='word_1_445' title='bbox 1505 3330 1612 3370; x_wconf 91' lang='lat' dir='ltr'><strong>non</strong></span> <span class='ocrx_word' id='word_1_446' title='bbox 1648 3317 1716 3372; x_wconf 89' lang='lat' dir='ltr'><strong>ab</strong></span> <span class='ocrx_word' id='word_1_447' title='bbox 1739 3317 1848 3373; x_wconf 87' lang='lat' dir='ltr'><strong>alio</strong></span> <span class='ocrx_word' id='word_1_448' title='bbox 1874 3320 2078 3390; x_wconf 87' lang='lat' dir='ltr'><strong>populo</strong></span> 
     </span>
    </p>
   </div>
   <div class='ocr_carea' id='block_1_64' title="bbox 491 3393 2077 3481">
    <p class='ocr_par' dir='ltr' id='par_1_64' title="bbox 491 3393 2077 3481">
     <span class='ocr_line' id='line_1_64' title="bbox 491 3393 2077 3481; baseline 0.011 -34"><span class='ocrx_word' id='word_1_449' title='bbox 491 3393 791 3462; x_wconf 88' lang='lat' dir='ltr'><strong>deducunt,</strong></span> <span class='ocrx_word' id='word_1_450' title='bbox 823 3413 988 3468; x_wconf 87' lang='lat' dir='ltr'><strong>quam</strong></span> <span class='ocrx_word' id='word_1_451' title='bbox 1005 3415 1093 3468; x_wconf 91' lang='lat' dir='ltr'><strong>eo,</strong></span> <span class='ocrx_word' id='word_1_452' title='bbox 1127 3403 1221 3472; x_wconf 85' lang='lat' dir='ltr'><strong>qui</strong></span> <span class='ocrx_word' id='word_1_453' title='bbox 1255 3406 1561 3476; x_wconf 88' lang='lat' dir='ltr'><strong>secundum</strong></span> <span class='ocrx_word' id='word_1_454' title='bbox 1588 3407 1783 3480; x_wconf 80' lang='lat' dir='ltr'><strong>legem,</strong></span> <span class='ocrx_word' id='word_1_455' title='bbox 1837 3411 1906 3465; x_wconf 82' lang='lat' dir='ltr'><strong>ab</strong></span> <span class='ocrx_word' id='word_1_456' title='bbox 1942 3410 2077 3481; x_wconf 88' lang='lat' dir='ltr'><strong>ipsis</strong></span> 
     </span>
    </p>
   </div>
   <div class='ocr_carea' id='block_1_65' title="bbox 489 3492 2078 3560">
    <p class='ocr_par' dir='ltr' id='par_1_65' title="bbox 489 3492 2078 3560">
     <span class='ocr_line' id='line_1_65' title="bbox 489 3492 2078 3560; baseline 0.011 -20"><span class='ocrx_word' id='word_1_457' title='bbox 489 3496 886 3558; x_wconf 84' lang='lat' dir='ltr'><strong>contemptam,</strong></span> <span class='ocrx_word' id='word_1_458' title='bbox 917 3492 1072 3547; x_wconf 80' lang='lat' dir='ltr'><strong>vixit.</strong></span> <span class='ocrx_word' id='word_1_459' title='bbox 1093 3493 1250 3560; x_wconf 86' lang='lat' dir='ltr'><strong>Quod</strong></span> <span class='ocrx_word' id='word_1_460' title='bbox 1269 3495 1313 3551; x_wconf 89' lang='lat' dir='ltr'><strong>si</strong></span> <span class='ocrx_word' id='word_1_461' title='bbox 1341 3497 1489 3552; x_wconf 89' lang='lat' dir='ltr'><strong>enim</strong></span> <span class='ocrx_word' id='word_1_462' title='bbox 1528 3497 1736 3555; x_wconf 83' lang='lat' dir='ltr'><strong>Bonum</strong></span> <span class='ocrx_word' id='word_1_463' title='bbox 1759 3500 1883 3556; x_wconf 80' lang='lat' dir='ltr'><strong>Mali</strong></span> <span class='ocrx_word' id='word_1_464' title='bbox 1932 3502 2078 3557; x_wconf 88' lang='lat' dir='ltr'><strong>inest</strong></span> 
     </span>
    </p>
   </div>
   <div class='ocr_carea' id='block_1_66' title="bbox 491 3583 2076 3665">
    <p class='ocr_par' dir='ltr' id='par_1_66' title="bbox 491 3583 2076 3665">
     <span class='ocr_line' id='line_1_66' title="bbox 491 3583 2076 3665; baseline 0.012 -34"><span class='ocrx_word' id='word_1_465' title='bbox 491 3593 654 3647; x_wconf 88' lang='lat' dir='ltr'><strong>opus,</strong></span> <span class='ocrx_word' id='word_1_466' title='bbox 675 3583 970 3651; x_wconf 88' lang='lat' dir='ltr'><strong>quomodo,</strong></span> <span class='ocrx_word' id='word_1_467' title='bbox 1004 3600 1212 3656; x_wconf 78' lang='lat' dir='ltr'><strong>quaeso,</strong></span> <span class='ocrx_word' id='word_1_468' title='bbox 1245 3589 1315 3656; x_wconf 79' lang='lat' dir='ltr'><strong>ab</strong></span> <span class='ocrx_word' id='word_1_469' title='bbox 1342 3590 1466 3645; x_wconf 89' lang='lat' dir='ltr'><strong>aliis</strong></span> <span class='ocrx_word' id='word_1_470' title='bbox 1502 3591 1636 3647; x_wconf 93' lang='lat' dir='ltr'><strong>illud</strong></span> <span class='ocrx_word' id='word_1_471' title='bbox 1674 3593 1864 3648; x_wconf 87' lang='lat' dir='ltr'><strong>evitari</strong></span> <span class='ocrx_word' id='word_1_472' title='bbox 1914 3604 2076 3665; x_wconf 90' lang='lat' dir='ltr'><strong>pote-</strong></span> 
     </span>
    </p>
   </div>
   <div class='ocr_carea' id='block_1_67' title="bbox 491 3669 2076 3744">
    <p class='ocr_par' dir='ltr' id='par_1_67' title="bbox 491 3669 2076 3744">
     <span class='ocr_line' id='line_1_67' title="bbox 491 3669 2076 3744; baseline 0.012 -22"><span class='ocrx_word' id='word_1_473' title='bbox 491 3669 603 3724; x_wconf 83' lang='lat' dir='ltr'><strong>rit?</strong></span> <span class='ocrx_word' id='word_1_474' title='bbox 636 3671 926 3744; x_wconf 87' lang='lat' dir='ltr'><strong>Nunquam</strong></span> <span class='ocrx_word' id='word_1_475' title='bbox 946 3692 1078 3733; x_wconf 83' lang='lat' dir='ltr'><strong>vero</strong></span> <span class='ocrx_word' id='word_1_476' title='bbox 1101 3679 1170 3734; x_wconf 89' lang='lat' dir='ltr'><strong>ad</strong></span> <span class='ocrx_word' id='word_1_477' title='bbox 1202 3679 1550 3737; x_wconf 86' lang='lat' dir='ltr'><strong>insolentiam</strong></span> <span class='ocrx_word' id='word_1_478' title='bbox 1569 3683 1808 3740; x_wconf 91' lang='lat' dir='ltr'><strong>hominis</strong></span> <span class='ocrx_word' id='word_1_479' title='bbox 1835 3686 2076 3741; x_wconf 88' lang='lat' dir='ltr'><strong>accessio</strong></span> 
     </span>
    </p>
   </div>
   <div class='ocr_carea' id='block_1_68' title="bbox 491 3760 2078 3850">
    <p class='ocr_par' dir='ltr' id='par_1_68' title="bbox 491 3760 2078 3850">
     <span class='ocr_line' id='line_1_68' title="bbox 491 3760 2078 3850; baseline 0.011 -34"><span class='ocrx_word' id='word_1_480' title='bbox 491 3760 610 3817; x_wconf 79' lang='lat' dir='ltr'><strong>ﬁeri</strong></span> <span class='ocrx_word' id='word_1_481' title='bbox 629 3773 824 3833; x_wconf 87' lang='lat' dir='ltr'><strong>potest,</strong></span> <span class='ocrx_word' id='word_1_482' title='bbox 858 3767 953 3836; x_wconf 87' lang='lat' dir='ltr'><strong>qui</strong></span> <span class='ocrx_word' id='word_1_483' title='bbox 984 3767 1191 3841; x_wconf 90' lang='lat' dir='ltr'><strong>duplici</strong></span> <span class='ocrx_word' id='word_1_484' title='bbox 1211 3772 1446 3830; x_wconf 89' lang='lat' dir='ltr'><strong>crimine</strong></span> <span class='ocrx_word' id='word_1_485' title='bbox 1491 3789 1552 3830; x_wconf 89' lang='lat' dir='ltr'><strong>se</strong></span> <span class='ocrx_word' id='word_1_486' title='bbox 1588 3777 1930 3850; x_wconf 78' lang='lat' dir='ltr'><strong>obstringat?</strong></span> <span class='ocrx_word' id='word_1_487' title='bbox 1982 3777 2078 3834; x_wconf 87' lang='lat' dir='ltr'><strong>Et-</strong></span> 
     </span>
    </p>
   </div>
   <div class='ocr_carea' id='block_1_69' title="bbox 489 3853 2072 3937">
    <p class='ocr_par' dir='ltr' id='par_1_69' title="bbox 489 3853 2072 3937">
     <span class='ocr_line' id='line_1_69' title="bbox 489 3853 2072 3937; baseline 0.009 -27"><span class='ocrx_word' id='word_1_488' title='bbox 489 3853 638 3910; x_wconf 89' lang='lat' dir='ltr'><strong>enim</strong></span> <span class='ocrx_word' id='word_1_489' title='bbox 684 3859 964 3934; x_wconf 86' lang='lat' dir='ltr'><strong>propriam</strong></span> <span class='ocrx_word' id='word_1_490' title='bbox 998 3870 1307 3918; x_wconf 86' lang='lat' dir='ltr'><strong>creaturam</strong></span> <span class='ocrx_word' id='word_1_491' title='bbox 1337 3865 1404 3920; x_wconf 86' lang='lat' dir='ltr'><strong>ad</strong></span> <span class='ocrx_word' id='word_1_492' title='bbox 1465 3877 1753 3937; x_wconf 88' lang='lat' dir='ltr'><strong>peccatum</strong></span> <span class='ocrx_word' id='word_1_493' title='bbox 1805 3885 2072 3937; x_wconf 87' lang='lat' dir='ltr'><strong>aversam,</strong></span> 
     </span>
    </p>
   </div>
   <div class='ocr_carea' id='block_1_70' title="bbox 491 3945 2077 4024">
    <p class='ocr_par' dir='ltr' id='par_1_70' title="bbox 491 3945 2077 4024">
     <span class='ocr_line' id='line_1_70' title="bbox 491 3945 2077 4024; baseline 0.011 -24"><span class='ocrx_word' id='word_1_494' title='bbox 491 3960 591 4014; x_wconf 89' lang='lat' dir='ltr'><strong>per</strong></span> <span class='ocrx_word' id='word_1_495' title='bbox 619 3945 740 4016; x_wconf 83' lang='lat' dir='ltr'><strong>ejus</strong></span> <span class='ocrx_word' id='word_1_496' title='bbox 771 3953 1204 4023; x_wconf 89' lang='lat' dir='ltr'><strong>assumptionem</strong></span> <span class='ocrx_word' id='word_1_497' title='bbox 1241 3970 1484 4024; x_wconf 87' lang='lat' dir='ltr'><strong>servare,</strong></span> <span class='ocrx_word' id='word_1_498' title='bbox 1541 3960 1794 4016; x_wconf 71' lang='lat' dir='ltr'><strong>maximae</strong></span> <span class='ocrx_word' id='word_1_499' title='bbox 1841 3977 1987 4017; x_wconf 69' lang='lat' dir='ltr'><strong>cura:</strong></span> <span class='ocrx_word' id='word_1_500' title='bbox 2021 3970 2077 4017; x_wconf 88' lang='lat' dir='ltr'><strong>et</strong></span> 
     </span>
    </p>
   </div>
   <div class='ocr_carea' id='block_1_71' title="bbox 495 4036 2076 4124">
    <p class='ocr_par' dir='ltr' id='par_1_71' title="bbox 495 4036 2076 4124">
     <span class='ocr_line' id='line_1_71' title="bbox 495 4036 2076 4124; baseline 0.011 -34"><span class='ocrx_word' id='word_1_501' title='bbox 495 4036 757 4095; x_wconf 88' lang='lat' dir='ltr'><strong>bonitatis</strong></span> <span class='ocrx_word' id='word_1_502' title='bbox 798 4055 1180 4114; x_wconf 76' lang='lat' dir='ltr'><strong>argumentum</strong></span> <span class='ocrx_word' id='word_1_503' title='bbox 1225 4057 1311 4104; x_wconf 89' lang='lat' dir='ltr'><strong>est</strong></span> <span class='ocrx_word' id='word_1_504' title='bbox 1340 4066 1355 4103; x_wconf 90' lang='lat'><strong>:</strong></span> <span class='ocrx_word' id='word_1_505' title='bbox 1384 4049 1626 4109; x_wconf 90' lang='lat' dir='ltr'><strong>vicissim</strong></span> <span class='ocrx_word' id='word_1_506' title='bbox 1658 4051 1702 4106; x_wconf 89' lang='lat' dir='ltr'><strong>si</strong></span> <span class='ocrx_word' id='word_1_507' title='bbox 1733 4053 1894 4108; x_wconf 91' lang='lat' dir='ltr'><strong>alieni</strong></span> <span class='ocrx_word' id='word_1_508' title='bbox 1943 4053 2076 4124; x_wconf 90' lang='lat' dir='ltr'><strong>quid</strong></span> 
     </span>
    </p>
   </div>
   <div class='ocr_carea' id='block_1_72' title="bbox 493 4128 2071 4212">
    <p class='ocr_par' dir='ltr' id='par_1_72' title="bbox 493 4128 2071 4212">
     <span class='ocr_line' id='line_1_72' title="bbox 493 4128 2071 4212; baseline 0.012 -30"><span class='ocrx_word' id='word_1_509' title='bbox 493 4128 800 4185; x_wconf 85' lang='lat' dir='ltr'><strong>clanculum</strong></span> <span class='ocrx_word' id='word_1_510' title='bbox 827 4134 1074 4205; x_wconf 87' lang='lat' dir='ltr'><strong>obrepat,</strong></span> <span class='ocrx_word' id='word_1_511' title='bbox 1096 4137 1244 4208; x_wconf 92' lang='lat' dir='ltr'><strong>quod</strong></span> <span class='ocrx_word' id='word_1_512' title='bbox 1265 4149 1460 4195; x_wconf 89' lang='lat' dir='ltr'><strong>natura</strong></span> <span class='ocrx_word' id='word_1_513' title='bbox 1485 4141 1641 4195; x_wconf 88' lang='lat' dir='ltr'><strong>alteri</strong></span> <span class='ocrx_word' id='word_1_514' title='bbox 1666 4143 1736 4197; x_wconf 90' lang='lat' dir='ltr'><strong>sit</strong></span> <span class='ocrx_word' id='word_1_515' title='bbox 1758 4144 2071 4212; x_wconf 87' lang='lat' dir='ltr'><strong>adversum,</strong></span> 
     </span>
    </p>
   </div>
   <div class='ocr_carea' id='block_1_73' title="bbox 493 4224 2076 4305">
    <p class='ocr_par' dir='ltr' id='par_1_73' title="bbox 493 4224 2076 4305">
     <span class='ocr_line' id='line_1_73' title="bbox 493 4224 2076 4305; baseline 0.013 -31"><span class='ocrx_word' id='word_1_516' title='bbox 493 4228 551 4275; x_wconf 87' lang='lat' dir='ltr'><strong>et</strong></span> <span class='ocrx_word' id='word_1_517' title='bbox 577 4224 964 4280; x_wconf 82' lang='lat' dir='ltr'><strong>contrarietate</strong></span> <span class='ocrx_word' id='word_1_518' title='bbox 983 4243 1082 4282; x_wconf 89' lang='lat' dir='ltr'><strong>sua</strong></span> <span class='ocrx_word' id='word_1_519' title='bbox 1112 4245 1235 4285; x_wconf 89' lang='lat' dir='ltr'><strong>cum</strong></span> <span class='ocrx_word' id='word_1_520' title='bbox 1279 4247 1346 4286; x_wconf 90' lang='lat' dir='ltr'><strong>eo</strong></span> <span class='ocrx_word' id='word_1_521' title='bbox 1368 4243 1593 4305; x_wconf 81' lang='lat' dir='ltr'><strong>pugnet,</strong></span> <span class='ocrx_word' id='word_1_522' title='bbox 1627 4250 1810 4291; x_wconf 90' lang='lat' dir='ltr'><strong>nonne</strong></span> <span class='ocrx_word' id='word_1_523' title='bbox 1835 4237 1980 4292; x_wconf 89' lang='lat' dir='ltr'><strong>illam</strong></span> <span class='ocrx_word' id='word_1_524' title='bbox 2017 4245 2076 4294; x_wconf 84' lang='lat' dir='ltr'><strong>et</strong></span> 
     </span>
    </p>
   </div>
   <div class='ocr_carea' id='block_1_74' title="bbox 491 4315 2074 4399">
    <p class='ocr_par' dir='ltr' id='par_1_74' title="bbox 491 4315 2074 4399">
     <span class='ocr_line' id='line_1_74' title="bbox 491 4315 2074 4399; baseline 0.013 -34"><span class='ocrx_word' id='word_1_525' title='bbox 491 4325 640 4367; x_wconf 66' lang='lat' dir='ltr'><strong>curae</strong></span> <span class='ocrx_word' id='word_1_526' title='bbox 667 4323 723 4368; x_wconf 91' lang='lat' dir='ltr'><strong>et</strong></span> <span class='ocrx_word' id='word_1_527' title='bbox 752 4315 1012 4374; x_wconf 88' lang='lat' dir='ltr'><strong>bonitatis</strong></span> <span class='ocrx_word' id='word_1_528' title='bbox 1035 4321 1390 4379; x_wconf 88' lang='lat' dir='ltr'><strong>eminentiam</strong></span> <span class='ocrx_word' id='word_1_529' title='bbox 1422 4325 1475 4379; x_wconf 93' lang='lat' dir='ltr'><strong>in</strong></span> <span class='ocrx_word' id='word_1_530' title='bbox 1521 4326 1733 4396; x_wconf 83' lang='lat' dir='ltr'><strong>partem</strong></span> <span class='ocrx_word' id='word_1_531' title='bbox 1766 4331 2074 4399; x_wconf 83' lang='lat' dir='ltr'><strong>oppositam</strong></span> 
     </span>
    </p>
   </div>
   <div class='ocr_carea' id='block_1_75' title="bbox 492 4407 2071 4494">
    <p class='ocr_par' dir='ltr' id='par_1_75' title="bbox 492 4407 2071 4494">
     <span class='ocr_line' id='line_1_75' title="bbox 492 4407 2071 4494; baseline 0.012 -38"><span class='ocrx_word' id='word_1_532' title='bbox 492 4414 814 4462; x_wconf 89' lang='lat' dir='ltr'><strong>convertere</strong></span> <span class='ocrx_word' id='word_1_533' title='bbox 833 4407 1190 4476; x_wconf 89' lang='lat' dir='ltr'><strong>judicandum</strong></span> <span class='ocrx_word' id='word_1_534' title='bbox 1213 4413 1341 4468; x_wconf 82' lang='lat' dir='ltr'><strong>est?</strong></span> <span class='ocrx_word' id='word_1_535' title='bbox 1368 4416 1556 4486; x_wconf 86' lang='lat' dir='ltr'><strong>itaque</strong></span> <span class='ocrx_word' id='word_1_536' title='bbox 1581 4432 1690 4471; x_wconf 90' lang='lat' dir='ltr'><strong>non</strong></span> <span class='ocrx_word' id='word_1_537' title='bbox 1715 4427 1800 4472; x_wconf 90' lang='lat' dir='ltr'><strong>est</strong></span> <span class='ocrx_word' id='word_1_538' title='bbox 1818 4419 1927 4494; x_wconf 87' lang='lat' dir='ltr'><strong>ulla</strong></span> <span class='ocrx_word' id='word_1_539' title='bbox 1949 4421 2071 4491; x_wconf 91' lang='lat' dir='ltr'><strong>opi-</strong></span> 
     </span>
    </p>
   </div>
   <div class='ocr_carea' id='block_1_76' title="bbox 2179 3226 3760 3301">
    <p class='ocr_par' dir='ltr' id='par_1_76' title="bbox 2179 3226 3760 3301">
     <span class='ocr_line' id='line_1_76' title="bbox 2179 3226 3760 3301; baseline 0.001 -19"><span class='ocrx_word' id='word_1_540' title='bbox 2179 3229 2512 3301; x_wconf 78' lang='grc' dir='ltr'>προσείληφε</span> <span class='ocrx_word' id='word_1_541' title='bbox 2543 3227 2723 3300; x_wconf 89' lang='grc' dir='ltr'>σῶμα,</span> <span class='ocrx_word' id='word_1_542' title='bbox 2756 3226 3151 3300; x_wconf 86' lang='grc' dir='ltr'>δημιουργίας·</span> <span class='ocrx_word' id='word_1_543' title='bbox 3201 3226 3433 3300; x_wconf 72' lang='grc' dir='ltr'>δευτέρᾳ</span> <span class='ocrx_word' id='word_1_544' title='bbox 3459 3227 3538 3296; x_wconf 64' lang='grc' dir='ltr'>δὲ,</span> <span class='ocrx_word' id='word_1_545' title='bbox 3573 3228 3658 3283; x_wconf 84' lang='grc' dir='ltr'>ὅτι</span> <span class='ocrx_word' id='word_1_546' title='bbox 3685 3227 3760 3300; x_wconf 75' lang='grc' dir='ltr'>μὴ</span> 
     </span>
    </p>
   </div>
   <div class='ocr_carea' id='block_1_77' title="bbox 2177 3313 3758 3392">
    <p class='ocr_par' dir='ltr' id='par_1_77' title="bbox 2177 3313 3758 3392">
     <span class='ocr_line' id='line_1_77' title="bbox 2177 3313 3758 3392; baseline 0 -17"><span class='ocrx_word' id='word_1_547' title='bbox 2177 3319 2240 3386; x_wconf 72' lang='grc' dir='ltr'><strong>ἐξ</strong></span> <span class='ocrx_word' id='word_1_548' title='bbox 2273 3319 2436 3375; x_wconf 75' lang='grc' dir='ltr'>ἄλλου</span> <span class='ocrx_word' id='word_1_549' title='bbox 2469 3319 2684 3389; x_wconf 80' lang='grc' dir='ltr'>γένους,</span> <span class='ocrx_word' id='word_1_550' title='bbox 2710 3318 2829 3374; x_wconf 76' lang='grc' dir='ltr'>ἀλλ’</span> <span class='ocrx_word' id='word_1_551' title='bbox 2859 3313 2942 3383; x_wconf 80' lang='grc' dir='ltr'><strong>οἷς</strong></span> <span class='ocrx_word' id='word_1_552' title='bbox 2975 3321 3004 3374; x_wconf 86' lang='grc' dir='ltr'>ὁ</span> <span class='ocrx_word' id='word_1_553' title='bbox 3025 3319 3140 3390; x_wconf 85' lang='grc' dir='ltr'>βίος</span> <span class='ocrx_word' id='word_1_554' title='bbox 3168 3321 3204 3391; x_wconf 86' lang='grc' dir='ltr'><strong>ή</strong></span> <span class='ocrx_word' id='word_1_555' title='bbox 3239 3319 3373 3391; x_wconf 83' lang='grc' dir='ltr'>παρ’</span> <span class='ocrx_word' id='word_1_556' title='bbox 3413 3321 3602 3375; x_wconf 81' lang='grc' dir='ltr'>αὑτῶν</span> <span class='ocrx_word' id='word_1_557' title='bbox 3622 3339 3758 3392; x_wconf 88' lang='grc' dir='ltr'>προ-</span> 
     </span>
    </p>
   </div>
   <div class='ocr_carea' id='block_1_78' title="bbox 2179 3409 3758 3491">
    <p class='ocr_par' dir='ltr' id='par_1_78' title="bbox 2179 3409 3758 3491">
     <span class='ocr_line' id='line_1_78' title="bbox 2179 3409 3758 3491; baseline 0.002 -26"><span class='ocrx_word' id='word_1_558' title='bbox 2179 3409 2600 3491; x_wconf 69' lang='grc' dir='ltr'>πηλακιζομένη</span> <span class='ocrx_word' id='word_1_559' title='bbox 2659 3411 2805 3466; x_wconf 80' lang='grc' dir='ltr'>κατὰ</span> <span class='ocrx_word' id='word_1_560' title='bbox 2859 3411 3028 3482; x_wconf 84' lang='grc' dir='ltr'>νόμου</span> <span class='ocrx_word' id='word_1_561' title='bbox 3088 3410 3338 3480; x_wconf 83' lang='grc' dir='ltr'>λατρεία.</span> <span class='ocrx_word' id='word_1_562' title='bbox 3401 3413 3670 3484; x_wconf 78' lang='grc' dir='ltr'>Καίτοιγε</span> <span class='ocrx_word' id='word_1_563' title='bbox 3709 3417 3758 3470; x_wconf 77' lang='grc' dir='ltr'>εἰ</span> 
     </span>
    </p>
   </div>
   <div class='ocr_carea' id='block_1_79' title="bbox 2177 3504 3758 3585">
    <p class='ocr_par' dir='ltr' id='par_1_79' title="bbox 2177 3504 3758 3585">
     <span class='ocr_line' id='line_1_79' title="bbox 2177 3504 3758 3585; baseline 0.006 -27"><span class='ocrx_word' id='word_1_564' title='bbox 2177 3504 2378 3567; x_wconf 86' lang='grc' dir='ltr'>κακίας</span> <span class='ocrx_word' id='word_1_565' title='bbox 2399 3505 2559 3576; x_wconf 73' lang='grc' dir='ltr'>ἔργον</span> <span class='ocrx_word' id='word_1_566' title='bbox 2583 3506 2912 3580; x_wconf 77' lang='grc' dir='ltr'>τῷἋγαθῷ,</span> <span class='ocrx_word' id='word_1_567' title='bbox 2936 3509 3057 3575; x_wconf 86' lang='grc' dir='ltr'><strong>πῶς</strong></span> <span class='ocrx_word' id='word_1_568' title='bbox 3075 3510 3143 3565; x_wconf 78' lang='grc' dir='ltr'>ἂν</span> <span class='ocrx_word' id='word_1_569' title='bbox 3161 3511 3250 3583; x_wconf 86' lang='grc' dir='ltr'><strong>εῐη</strong></span> <span class='ocrx_word' id='word_1_570' title='bbox 3272 3510 3435 3566; x_wconf 81' lang='grc' dir='ltr'>τοῦτο</span> <span class='ocrx_word' id='word_1_571' title='bbox 3455 3514 3758 3585; x_wconf 81' lang='grc' dir='ltr'>ἀπαραίτη·</span> 
     </span>
    </p>
   </div>
   <div class='ocr_carea' id='block_1_80' title="bbox 2177 3596 3756 3678">
    <p class='ocr_par' dir='ltr' id='par_1_80' title="bbox 2177 3596 3756 3678">
     <span class='ocr_line' id='line_1_80' title="bbox 2177 3596 3756 3678; baseline 0.006 -29"><span class='ocrx_word' id='word_1_572' title='bbox 2177 3613 2272 3650; x_wconf 88' lang='grc' dir='ltr'><strong>τον</strong></span> <span class='ocrx_word' id='word_1_573' title='bbox 2299 3596 2631 3668; x_wconf 86' lang='grc' dir='ltr'>προσλαϐεῖν</span> <span class='ocrx_word' id='word_1_574' title='bbox 2657 3616 2673 3666; x_wconf 88' lang='lat'><strong>;</strong></span> <span class='ocrx_word' id='word_1_575' title='bbox 2701 3598 2785 3663; x_wconf 88' lang='grc' dir='ltr'><strong>τίς</strong></span> <span class='ocrx_word' id='word_1_576' title='bbox 2808 3601 3040 3666; x_wconf 79' lang='grc' dir='ltr'>ἀτοπίας</span> <span class='ocrx_word' id='word_1_577' title='bbox 3060 3603 3446 3663; x_wconf 88' lang='grc' dir='ltr'>καταλείπεται</span> <span class='ocrx_word' id='word_1_578' title='bbox 3479 3605 3756 3678; x_wconf 83' lang='grc' dir='ltr'>ὑπερϐολὴ</span> 
     </span>
    </p>
   </div>
   <div class='ocr_carea' id='block_1_81' title="bbox 2174 3687 3750 3765">
    <p class='ocr_par' dir='ltr' id='par_1_81' title="bbox 2174 3687 3750 3765">
     <span class='ocr_line' id='line_1_81' title="bbox 2174 3687 3750 3765; baseline 0.003 -24"><span class='ocrx_word' id='word_1_579' title='bbox 2174 3687 2256 3758; x_wconf 86' lang='grc' dir='ltr'><strong>τῷ</strong></span> <span class='ocrx_word' id='word_1_580' title='bbox 2293 3689 2388 3742; x_wconf 82' lang='grc' dir='ltr'>καὶ</span> <span class='ocrx_word' id='word_1_581' title='bbox 2413 3688 2629 3753; x_wconf 85' lang='grc' dir='ltr'>διπλαῖς</span> <span class='ocrx_word' id='word_1_582' title='bbox 2656 3689 2962 3762; x_wconf 81' lang='grc' dir='ltr'>ὲνεχομένῳ</span> <span class='ocrx_word' id='word_1_583' title='bbox 3017 3692 3255 3760; x_wconf 86' lang='grc' dir='ltr'>αίτίαις;</span> <span class='ocrx_word' id='word_1_584' title='bbox 3289 3692 3363 3747; x_wconf 83' lang='grc' dir='ltr'><strong>Τὸ</strong></span> <span class='ocrx_word' id='word_1_585' title='bbox 3417 3693 3522 3763; x_wconf 77' lang='grc' dir='ltr'>μὲν</span> <span class='ocrx_word' id='word_1_586' title='bbox 3547 3695 3661 3765; x_wconf 78' lang='grc' dir='ltr'><strong>γάρ</strong></span> <span class='ocrx_word' id='word_1_587' title='bbox 3687 3693 3750 3746; x_wconf 80' lang='grc' dir='ltr'>τὸ</span> 
     </span>
    </p>
   </div>
   <div class='ocr_carea' id='block_1_82' title="bbox 2177 3778 3755 3855">
    <p class='ocr_par' dir='ltr' id='par_1_82' title="bbox 2177 3778 3755 3855">
     <span class='ocr_line' id='line_1_82' title="bbox 2177 3778 3755 3855; baseline 0.005 -25"><span class='ocrx_word' id='word_1_588' title='bbox 2177 3779 2378 3831; x_wconf 86' lang='grc' dir='ltr'>οίκεῖον</span> <span class='ocrx_word' id='word_1_589' title='bbox 2419 3778 2665 3849; x_wconf 85' lang='grc' dir='ltr'>πλάσμα,</span> <span class='ocrx_word' id='word_1_590' title='bbox 2684 3780 2819 3849; x_wconf 82' lang='grc' dir='ltr'>πρὸς</span> <span class='ocrx_word' id='word_1_591' title='bbox 2863 3781 3142 3852; x_wconf 82' lang='grc' dir='ltr'>ἁμαρτίαν</span> <span class='ocrx_word' id='word_1_592' title='bbox 3176 3784 3481 3854; x_wconf 75' lang='grc' dir='ltr'>ἀπορρυὲν,</span> <span class='ocrx_word' id='word_1_593' title='bbox 3522 3783 3618 3838; x_wconf 77' lang='grc' dir='ltr'>διὰ</span> <span class='ocrx_word' id='word_1_594' title='bbox 3656 3787 3755 3855; x_wconf 78' lang='grc' dir='ltr'>τῆς</span> 
     </span>
    </p>
   </div>
   <div class='ocr_carea' id='block_1_83' title="bbox 2177 3867 3756 3943">
    <p class='ocr_par' dir='ltr' id='par_1_83' title="bbox 2177 3867 3756 3943">
     <span class='ocr_line' id='line_1_83' title="bbox 2177 3867 3756 3943; baseline 0.003 -21"><span class='ocrx_word' id='word_1_595' title='bbox 2177 3867 2538 3941; x_wconf 81' lang='grc' dir='ltr'>προσλήψεως</span> <span class='ocrx_word' id='word_1_596' title='bbox 2591 3867 3000 3938; x_wconf 83' lang='grc' dir='ltr'>ἀνασώσασθαι,</span> <span class='ocrx_word' id='word_1_597' title='bbox 3030 3871 3128 3940; x_wconf 83' lang='grc' dir='ltr'>τῆς</span> <span class='ocrx_word' id='word_1_598' title='bbox 3177 3871 3354 3943; x_wconf 78' lang='grc' dir='ltr'>ἄκρας</span> <span class='ocrx_word' id='word_1_599' title='bbox 3379 3867 3450 3943; x_wconf 78' lang='grc' dir='ltr'>ἦν</span> <span class='ocrx_word' id='word_1_600' title='bbox 3497 3873 3756 3943; x_wconf 87' lang='grc' dir='ltr'>προνοίας</span> 
     </span>
    </p>
   </div>
   <div class='ocr_carea' id='block_1_84' title="bbox 2176 3957 3756 4031">
    <p class='ocr_par' dir='ltr' id='par_1_84' title="bbox 2176 3957 3756 4031">
     <span class='ocr_line' id='line_1_84' title="bbox 2176 3957 3756 4031; baseline 0.003 -21"><span class='ocrx_word' id='word_1_601' title='bbox 2176 3957 2271 4012; x_wconf 77' lang='grc' dir='ltr'>καὶ</span> <span class='ocrx_word' id='word_1_602' title='bbox 2297 3958 2656 4028; x_wconf 84' lang='grc' dir='ltr'>ἀγαθότητος.</span> <span class='ocrx_word' id='word_1_603' title='bbox 2701 3959 2775 4012; x_wconf 87' lang='grc' dir='ltr'><strong>Τὸ</strong></span> <span class='ocrx_word' id='word_1_604' title='bbox 2824 3957 2882 4011; x_wconf 84' lang='grc' dir='ltr'>δὲ</span> <span class='ocrx_word' id='word_1_605' title='bbox 2913 3961 2975 4012; x_wconf 83' lang='grc' dir='ltr'><strong>τδ</strong></span> <span class='ocrx_word' id='word_1_606' title='bbox 3025 3957 3304 4031; x_wconf 85' lang='grc' dir='ltr'>ἀλλότριον</span> <span class='ocrx_word' id='word_1_607' title='bbox 3345 3961 3603 4015; x_wconf 81' lang='grc' dir='ltr'>ὑπελθεῖν</span> <span class='ocrx_word' id='word_1_608' title='bbox 3663 3965 3756 4016; x_wconf 76' lang='grc' dir='ltr'>καὶ</span> 
     </span>
    </p>
   </div>
   <div class='ocr_carea' id='block_1_85' title="bbox 2175 4049 3756 4124">
    <p class='ocr_par' dir='ltr' id='par_1_85' title="bbox 2175 4049 3756 4124">
     <span class='ocr_line' id='line_1_85' title="bbox 2175 4049 3756 4124; baseline 0.003 -20"><span class='ocrx_word' id='word_1_609' title='bbox 2175 4050 2350 4105; x_wconf 84' lang='grc' dir='ltr'>ταῦτα</span> <span class='ocrx_word' id='word_1_610' title='bbox 2385 4049 2546 4120; x_wconf 85' lang='grc' dir='ltr'>φύσει</span> <span class='ocrx_word' id='word_1_611' title='bbox 2577 4051 2670 4104; x_wconf 73' lang='grc' dir='ltr'>καὶ</span> <span class='ocrx_word' id='word_1_612' title='bbox 2696 4050 2906 4122; x_wconf 88' lang='grc' dir='ltr'>διχόθεν</span> <span class='ocrx_word' id='word_1_613' title='bbox 2933 4050 3399 4122; x_wconf 81' lang='grc' dir='ltr'>ἀντανιστάμενον</span> <span class='ocrx_word' id='word_1_614' title='bbox 3429 4054 3572 4124; x_wconf 81' lang='grc' dir='ltr'>πρὸς</span> <span class='ocrx_word' id='word_1_615' title='bbox 3599 4055 3756 4108; x_wconf 83' lang='grc' dir='ltr'>ἀλλο-</span> 
     </span>
    </p>
   </div>
   <div class='ocr_carea' id='block_1_86' title="bbox 2175 4128 3756 4216">
    <p class='ocr_par' dir='ltr' id='par_1_86' title="bbox 2175 4128 3756 4216">
     <span class='ocr_line' id='line_1_86' title="bbox 2175 4128 3756 4216; baseline -0.001 -16"><span class='ocrx_word' id='word_1_616' title='bbox 2175 4128 2454 4216; x_wconf 82' lang='grc' dir='ltr'>τριότητα,</span> <span class='ocrx_word' id='word_1_617' title='bbox 2490 4143 2610 4206; x_wconf 86' lang='grc' dir='ltr'><strong>πῶς</strong></span> <span class='ocrx_word' id='word_1_618' title='bbox 2636 4143 2757 4213; x_wconf 70' lang='grc' dir='ltr'>οὑχὶ</span> <span class='ocrx_word' id='word_1_619' title='bbox 2780 4142 2988 4214; x_wconf 78' lang='grc' dir='ltr'>καὶτῆς</span> <span class='ocrx_word' id='word_1_620' title='bbox 3014 4143 3270 4215; x_wconf 86' lang='grc' dir='ltr'>προνοίας</span> <span class='ocrx_word' id='word_1_621' title='bbox 3298 4144 3394 4197; x_wconf 75' lang='grc' dir='ltr'>καὶ</span> <span class='ocrx_word' id='word_1_622' title='bbox 3421 4144 3518 4214; x_wconf 84' lang='grc' dir='ltr'>τῆς</span> <span class='ocrx_word' id='word_1_623' title='bbox 3549 4145 3756 4214; x_wconf 73' lang='grc' dir='ltr'>ἀγαθόι</span> 
     </span>
    </p>
   </div>
   <div class='ocr_carea' id='block_1_87' title="bbox 2173 4233 3752 4307">
    <p class='ocr_par' dir='ltr' id='par_1_87' title="bbox 2173 4233 3752 4307">
     <span class='ocr_line' id='line_1_87' title="bbox 2173 4233 3752 4307; baseline 0.001 -20"><span class='ocrx_word' id='word_1_624' title='bbox 2173 4250 2339 4303; x_wconf 83' lang='grc' dir='ltr'>τητος</span> <span class='ocrx_word' id='word_1_625' title='bbox 2391 4234 2493 4288; x_wconf 84' lang='grc' dir='ltr'><strong>οὑκ</strong></span> <span class='ocrx_word' id='word_1_626' title='bbox 2545 4235 2627 4298; x_wconf 88' lang='grc' dir='ltr'><strong>είς</strong></span> <span class='ocrx_word' id='word_1_627' title='bbox 2664 4233 2727 4288; x_wconf 80' lang='grc' dir='ltr'>τὸ</span> <span class='ocrx_word' id='word_1_628' title='bbox 2762 4234 3003 4288; x_wconf 74' lang='grc' dir='ltr'>ἐναντίον</span> <span class='ocrx_word' id='word_1_629' title='bbox 3047 4234 3369 4304; x_wconf 88' lang='grc' dir='ltr'>περιτρέπει</span> <span class='ocrx_word' id='word_1_630' title='bbox 3398 4234 3460 4288; x_wconf 81' lang='grc' dir='ltr'>τὸ</span> <span class='ocrx_word' id='word_1_631' title='bbox 3492 4235 3752 4307; x_wconf 76' lang='grc' dir='ltr'>ἀξίωμας</span> 
     </span>
    </p>
   </div>
   <div class='ocr_carea' id='block_1_88' title="bbox 2176 4323 3757 4396">
    <p class='ocr_par' dir='ltr' id='par_1_88' title="bbox 2176 4323 3757 4396">
     <span class='ocr_line' id='line_1_88' title="bbox 2176 4323 3757 4396; baseline 0.001 -17"><span class='ocrx_word' id='word_1_632' title='bbox 2176 4324 2362 4388; x_wconf 79' lang='grc' dir='ltr'>Οὕτως</span> <span class='ocrx_word' id='word_1_633' title='bbox 2387 4326 2488 4379; x_wconf 89' lang='grc' dir='ltr'><strong>οὑκ</strong></span> <span class='ocrx_word' id='word_1_634' title='bbox 2513 4324 2658 4379; x_wconf 75' lang='grc' dir='ltr'>ἔστιν</span> <span class='ocrx_word' id='word_1_635' title='bbox 2691 4324 2851 4389; x_wconf 83' lang='grc' dir='ltr'>ὅλως,</span> <span class='ocrx_word' id='word_1_636' title='bbox 2885 4324 2985 4379; x_wconf 87' lang='grc' dir='ltr'><strong>οὑκ</strong></span> <span class='ocrx_word' id='word_1_637' title='bbox 3014 4324 3162 4379; x_wconf 78' lang='grc' dir='ltr'>ἐστιν</span> <span class='ocrx_word' id='word_1_638' title='bbox 3189 4323 3319 4378; x_wconf 75' lang='grc' dir='ltr'>οὗτε</span> <span class='ocrx_word' id='word_1_639' title='bbox 3365 4325 3475 4379; x_wconf 85' lang='grc' dir='ltr'>τῶν</span> <span class='ocrx_word' id='word_1_640' title='bbox 3493 4326 3557 4380; x_wconf 78' lang='grc' dir='ltr'>τὸ</span> <span class='ocrx_word' id='word_1_641' title='bbox 3597 4325 3757 4396; x_wconf 83' lang='grc' dir='ltr'>σῶμα</span> 
     </span>
    </p>
   </div>
   <div class='ocr_carea' id='block_1_89' title="bbox 2175 4414 3754 4488">
    <p class='ocr_par' dir='ltr' id='par_1_89' title="bbox 2175 4414 3754 4488">
     <span class='ocr_line' id='line_1_89' title="bbox 2175 4414 3754 4488; baseline 0.002 -19"><span class='ocrx_word' id='word_1_642' title='bbox 2175 4416 2462 4485; x_wconf 89' lang='grc' dir='ltr'>λεγόντων,</span> <span class='ocrx_word' id='word_1_643' title='bbox 2485 4414 2612 4470; x_wconf 84' lang='grc' dir='ltr'>οὑτε</span> <span class='ocrx_word' id='word_1_644' title='bbox 2643 4414 2743 4488; x_wconf 81' lang='grc' dir='ltr'>τὴν</span> <span class='ocrx_word' id='word_1_645' title='bbox 2775 4417 3076 4488; x_wconf 76' lang='grc' dir='ltr'>Μωσαῖκήν</span> <span class='ocrx_word' id='word_1_646' title='bbox 3109 4415 3434 4486; x_wconf 85' lang='grc' dir='ltr'>νομοθεσίαν</span> <span class='ocrx_word' id='word_1_647' title='bbox 3453 4417 3548 4470; x_wconf 81' lang='grc' dir='ltr'>τοῦ</span> <span class='ocrx_word' id='word_1_648' title='bbox 3575 4420 3754 4487; x_wconf 85' lang='grc' dir='ltr'>Πονη-</span> 
     </span>
    </p>
   </div>
   <div class='ocr_carea' id='block_1_90' title="bbox 468 4480 2079 4582">
    <p class='ocr_par' dir='ltr' id='par_1_90' title="bbox 468 4480 2070 4582">
     <span class='ocr_line' id='line_1_90' title="bbox 468 4480 2070 4582; baseline 0.012 -33"><span class='ocrx_word' id='word_1_649' title='bbox 468 4495 585 4556; x_wconf 89' lang='lat' dir='ltr'><strong>_nio</strong></span> <span class='ocrx_word' id='word_1_650' title='bbox 613 4497 698 4552; x_wconf 92' lang='lat' dir='ltr'><strong>vel</strong></span> <span class='ocrx_word' id='word_1_651' title='bbox 729 4497 918 4555; x_wconf 86' lang='lat' dir='ltr'><strong>insana</strong></span> <span class='ocrx_word' id='word_1_652' title='bbox 937 4502 1128 4574; x_wconf 87' lang='lat' dir='ltr'><strong>magis,</strong></span> <span class='ocrx_word' id='word_1_653' title='bbox 1168 4505 1254 4559; x_wconf 88' lang='lat' dir='ltr'><strong>vel</strong></span> <span class='ocrx_word' id='word_1_654' title='bbox 1292 4505 1527 4576; x_wconf 88' lang='lat' dir='ltr'><strong>impura,</strong></span> <span class='ocrx_word' id='word_1_655' title='bbox 1558 4508 1642 4563; x_wconf 88' lang='lat' dir='ltr'><strong>vel</strong></span> <span class='ocrx_word' id='word_1_656' title='bbox 1675 4509 1862 4580; x_wconf 89' lang='lat' dir='ltr'><strong>impia,</strong></span> <span class='ocrx_word' id='word_1_657' title='bbox 1907 4480 2070 4582; x_wconf 76' lang='lat' dir='ltr'><strong>quam</strong></span> 
     </span>
    </p>
   </div>
   <div class='ocr_carea' id='block_1_91' title="bbox 2181 4480 3753 4582">
    <p class='ocr_par' dir='ltr' id='par_1_91' title="bbox 2181 4480 3753 4582">
     <span class='ocr_line' id='line_1_91' title="bbox 2181 4480 3753 4582; baseline 0.001 -21"><span class='ocrx_word' id='word_1_658' title='bbox 2181 4480 2296 4581; x_wconf 74' lang='grc' dir='ltr'><strong>ροὺ,</strong></span> <span class='ocrx_word' id='word_1_659' title='bbox 2318 4506 2432 4561; x_wconf 83' lang='grc' dir='ltr'>οὑτ’</span> <span class='ocrx_word' id='word_1_660' title='bbox 2449 4480 2873 4579; x_wconf 57' lang='grc' dir='ltr'>ἐμμανέστερον</span> <span class='ocrx_word' id='word_1_661' title='bbox 2900 4480 3074 4574; x_wconf 80' lang='grc' dir='ltr'>οὐδὲν,</span> <span class='ocrx_word' id='word_1_662' title='bbox 3094 4480 3209 4562; x_wconf 80' lang='grc' dir='ltr'>ἀλλ’</span> <span class='ocrx_word' id='word_1_663' title='bbox 3231 4507 3359 4562; x_wconf 76' lang='grc' dir='ltr'>οὔτε</span> <span class='ocrx_word' id='word_1_664' title='bbox 3387 4480 3753 4582; x_wconf 75' lang='grc' dir='ltr'>μιαρώτερον,</span> 
     </span>
    </p>
   </div>
   <div class='ocr_carea' id='block_1_92' title="bbox 484 4587 2079 4668">
    <p class='ocr_par' dir='ltr' id='par_1_92' title="bbox 484 4587 2073 4667">
     <span class='ocr_line' id='line_1_92' title="bbox 484 4587 2073 4667; baseline 0.012 -28"><span class='ocrx_word' id='word_1_665' title='bbox 484 4599 705 4652; x_wconf 81' lang='lat' dir='ltr'><strong>eorum,</strong></span> <span class='ocrx_word' id='word_1_666' title='bbox 733 4587 829 4658; x_wconf 89' lang='lat' dir='ltr'><strong>qui</strong></span> <span class='ocrx_word' id='word_1_667' title='bbox 856 4590 942 4644; x_wconf 92' lang='lat' dir='ltr'><strong>vel</strong></span> <span class='ocrx_word' id='word_1_668' title='bbox 970 4605 1170 4661; x_wconf 90' lang='lat' dir='ltr'><strong>corpus</strong></span> <span class='ocrx_word' id='word_1_669' title='bbox 1194 4593 1281 4648; x_wconf 89' lang='lat' dir='ltr'><strong>vel</strong></span> <span class='ocrx_word' id='word_1_670' title='bbox 1311 4593 1485 4667; x_wconf 80' lang='lat' dir='ltr'><strong>legem</strong></span> <span class='ocrx_word' id='word_1_671' title='bbox 1521 4596 1816 4654; x_wconf 85' lang='lat' dir='ltr'><strong>Mosaicam</strong></span> <span class='ocrx_word' id='word_1_672' title='bbox 1855 4617 1886 4654; x_wconf 91' lang='lat' dir='ltr'><strong>a</strong></span> <span class='ocrx_word' id='word_1_673' title='bbox 1931 4601 2073 4658; x_wconf 83' lang='lat' dir='ltr'><strong>Malo</strong></span> 
     </span>
    </p>
   </div>
   <div class='ocr_carea' id='block_1_93' title="bbox 2181 4587 3758 4668">
    <p class='ocr_par' dir='ltr' id='par_1_93' title="bbox 2181 4595 3758 4668">
     <span class='ocr_line' id='line_1_93' title="bbox 2181 4595 3758 4668; baseline 0.001 -17"><span class='ocrx_word' id='word_1_674' title='bbox 2181 4595 2280 4652; x_wconf 77' lang='grc' dir='ltr'>&gt;ὑτ’</span> <span class='ocrx_word' id='word_1_675' title='bbox 2307 4595 2634 4668; x_wconf 84' lang='grc' dir='ltr'>ἀθεώτερον.</span> <span class='ocrx_word' id='word_1_676' title='bbox 2671 4596 2884 4660; x_wconf 69' lang='grc' dir='ltr'><strong>ΙἌλλως</strong></span> <span class='ocrx_word' id='word_1_677' title='bbox 2912 4612 2973 4649; x_wconf 89' lang='grc' dir='ltr'><strong>τε</strong></span> <span class='ocrx_word' id='word_1_678' title='bbox 2998 4595 3077 4660; x_wconf 67' lang='grc' dir='ltr'>δὲ,</span> <span class='ocrx_word' id='word_1_679' title='bbox 3116 4597 3166 4649; x_wconf 87' lang='grc' dir='ltr'><strong>εί</strong></span> <span class='ocrx_word' id='word_1_680' title='bbox 3216 4595 3288 4650; x_wconf 80' lang='grc' dir='ltr'><strong>τὰ</strong></span> <span class='ocrx_word' id='word_1_681' title='bbox 3341 4596 3573 4667; x_wconf 86' lang='grc' dir='ltr'>σώματα</span> <span class='ocrx_word' id='word_1_682' title='bbox 3621 4597 3758 4652; x_wconf 88' lang='grc' dir='ltr'>πλά-</span> 
     </span>
    </p>
   </div>
   <div class='ocr_carea' id='block_1_94' title="bbox 496 4679 2079 4760">
    <p class='ocr_par' dir='ltr' id='par_1_94' title="bbox 496 4679 2076 4758">
     <span class='ocr_line' id='line_1_94' title="bbox 496 4679 2076 4758; baseline 0.011 -26"><span class='ocrx_word' id='word_1_683' title='bbox 496 4688 764 4748; x_wconf 86' lang='lat' dir='ltr'><strong>repetunt.</strong></span> <span class='ocrx_word' id='word_1_684' title='bbox 789 4679 996 4738; x_wconf 81' lang='lat' dir='ltr'><strong>Praeter</strong></span> <span class='ocrx_word' id='word_1_685' title='bbox 1023 4683 1161 4749; x_wconf 65' lang='lat' dir='ltr'><strong>haec,</strong></span> <span class='ocrx_word' id='word_1_686' title='bbox 1206 4685 1253 4741; x_wconf 89' lang='lat' dir='ltr'><strong>si</strong></span> <span class='ocrx_word' id='word_1_687' title='bbox 1280 4701 1512 4758; x_wconf 90' lang='lat' dir='ltr'><strong>corpora</strong></span> <span class='ocrx_word' id='word_1_688' title='bbox 1545 4705 1577 4744; x_wconf 88' lang='lat' dir='ltr'><strong>a</strong></span> <span class='ocrx_word' id='word_1_689' title='bbox 1623 4689 1880 4748; x_wconf 80' lang='lat' dir='ltr'><strong>CreatOre</strong></span> <span class='ocrx_word' id='word_1_690' title='bbox 1928 4694 2076 4750; x_wconf 88' lang='lat' dir='ltr'><strong>malo</strong></span> 
     </span>
    </p>
   </div>
   <div class='ocr_carea' id='block_1_95' title="bbox 2181 4679 3756 4760">
    <p class='ocr_par' dir='ltr' id='par_1_95' title="bbox 2181 4688 3756 4760">
     <span class='ocr_line' id='line_1_95' title="bbox 2181 4688 3756 4760; baseline 0.001 -16"><span class='ocrx_word' id='word_1_691' title='bbox 2181 4688 2311 4754; x_wconf 74' lang='grc' dir='ltr'>σεὼς</span> <span class='ocrx_word' id='word_1_692' title='bbox 2340 4690 2491 4744; x_wconf 78' lang='grc' dir='ltr'>ἑστιν</span> <span class='ocrx_word' id='word_1_693' title='bbox 2520 4689 2793 4753; x_wconf 74' lang='grc' dir='ltr'>ἐναντίας,</span> <span class='ocrx_word' id='word_1_694' title='bbox 2822 4689 2941 4743; x_wconf 84' lang='grc' dir='ltr'>ἀλλ’</span> <span class='ocrx_word' id='word_1_695' title='bbox 2970 4689 3094 4760; x_wconf 80' lang='grc' dir='ltr'>οὑχὶ</span> <span class='ocrx_word' id='word_1_696' title='bbox 3118 4689 3336 4760; x_wconf 82' lang='grc' dir='ltr'>Πατρὸς</span> <span class='ocrx_word' id='word_1_697' title='bbox 3366 4692 3462 4744; x_wconf 73' lang='grc' dir='ltr'>καὶ</span> <span class='ocrx_word' id='word_1_698' title='bbox 3484 4689 3622 4744; x_wconf 86' lang='grc' dir='ltr'>Υἱοῦ</span> <span class='ocrx_word' id='word_1_699' title='bbox 3660 4691 3756 4745; x_wconf 72' lang='grc' dir='ltr'>καὶ</span> 
     </span>
    </p>
   </div>
   <div class='ocr_carea' id='block_1_96' title="bbox 497 4775 2079 4853">
    <p class='ocr_par' dir='ltr' id='par_1_96' title="bbox 497 4775 2074 4853">
     <span class='ocr_line' id='line_1_96' title="bbox 497 4775 2074 4853; baseline 0.011 -31"><span class='ocrx_word' id='word_1_700' title='bbox 497 4780 640 4836; x_wconf 77' lang='lat' dir='ltr'><strong>sunt,</strong></span> <span class='ocrx_word' id='word_1_701' title='bbox 672 4788 784 4828; x_wconf 90' lang='lat' dir='ltr'><strong>non</strong></span> <span class='ocrx_word' id='word_1_702' title='bbox 817 4791 951 4831; x_wconf 87' lang='lat' dir='ltr'><strong>vero</strong></span> <span class='ocrx_word' id='word_1_703' title='bbox 978 4791 1009 4832; x_wconf 90' lang='lat' dir='ltr'><strong>a</strong></span> <span class='ocrx_word' id='word_1_704' title='bbox 1041 4775 1202 4832; x_wconf 88' lang='lat' dir='ltr'><strong>Patre</strong></span> <span class='ocrx_word' id='word_1_705' title='bbox 1249 4788 1307 4834; x_wconf 87' lang='lat' dir='ltr'><strong>et</strong></span> <span class='ocrx_word' id='word_1_706' title='bbox 1350 4779 1490 4836; x_wconf 90' lang='lat' dir='ltr'><strong>Filio</strong></span> <span class='ocrx_word' id='word_1_707' title='bbox 1514 4789 1568 4836; x_wconf 91' lang='lat' dir='ltr'><strong>et</strong></span> <span class='ocrx_word' id='word_1_708' title='bbox 1601 4781 1812 4852; x_wconf 90' lang='lat' dir='ltr'><strong>Spiritu</strong></span> <span class='ocrx_word' id='word_1_709' title='bbox 1859 4794 2074 4853; x_wconf 89' lang='lat' dir='ltr'><strong>sancto,</strong></span> 
     </span>
    </p>
   </div>
   <div class='ocr_carea' id='block_1_97' title="bbox 2181 4775 3754 4853">
    <p class='ocr_par' dir='ltr' id='par_1_97' title="bbox 2181 4777 3754 4851">
     <span class='ocr_line' id='line_1_97' title="bbox 2181 4777 3754 4851; baseline -0.001 -17"><span class='ocrx_word' id='word_1_710' title='bbox 2181 4779 2329 4849; x_wconf 73' lang='grc' dir='ltr'>ίιγίου</span> <span class='ocrx_word' id='word_1_711' title='bbox 2351 4779 2691 4851; x_wconf 90' lang='grc' dir='ltr'>Πνεύματος,</span> <span class='ocrx_word' id='word_1_712' title='bbox 2724 4781 2830 4849; x_wconf 84' lang='grc' dir='ltr'>τῆς</span> <span class='ocrx_word' id='word_1_713' title='bbox 2858 4779 2992 4849; x_wconf 77' lang='grc' dir='ltr'>μιᾶς</span> <span class='ocrx_word' id='word_1_714' title='bbox 3040 4777 3295 4847; x_wconf 83' lang='grc' dir='ltr'>θεότητος</span> <span class='ocrx_word' id='word_1_715' title='bbox 3346 4779 3446 4832; x_wconf 79' lang='grc' dir='ltr'>καὶ</span> <span class='ocrx_word' id='word_1_716' title='bbox 3479 4779 3754 4846; x_wconf 76' lang='grc' dir='ltr'>ἐξουσίας,</span> 
     </span>
    </p>
   </div>
   <div class='ocr_carea' id='block_1_98' title="bbox 494 4863 2079 4941">
    <p class='ocr_par' dir='ltr' id='par_1_98' title="bbox 494 4863 2077 4940">
     <span class='ocr_line' id='line_1_98' title="bbox 494 4863 2077 4940; baseline 0.009 -25"><span class='ocrx_word' id='word_1_717' title='bbox 494 4874 599 4916; x_wconf 78' lang='lat' dir='ltr'><strong>ma</strong></span> <span class='ocrx_word' id='word_1_718' title='bbox 627 4863 912 4922; x_wconf 82' lang='lat' dir='ltr'><strong>divinitate</strong></span> <span class='ocrx_word' id='word_1_719' title='bbox 943 4877 1000 4922; x_wconf 91' lang='lat' dir='ltr'><strong>et</strong></span> <span class='ocrx_word' id='word_1_720' title='bbox 1027 4869 1295 4939; x_wconf 87' lang='lat' dir='ltr'><strong>potentia,</strong></span> <span class='ocrx_word' id='word_1_721' title='bbox 1337 4871 1615 4940; x_wconf 87' lang='lat' dir='ltr'><strong>quomodo</strong></span> <span class='ocrx_word' id='word_1_722' title='bbox 1659 4873 1731 4927; x_wconf 89' lang='lat' dir='ltr'><strong>ab</strong></span> <span class='ocrx_word' id='word_1_723' title='bbox 1775 4874 1968 4930; x_wconf 82' lang='lat' dir='ltr'><strong>alienis</strong></span> <span class='ocrx_word' id='word_1_724' title='bbox 2017 4883 2077 4929; x_wconf 89' lang='lat' dir='ltr'><strong>et</strong></span> 
     </span>
    </p>
   </div>
   <div class='ocr_carea' id='block_1_99' title="bbox 2181 4863 3756 4941">
    <p class='ocr_par' dir='ltr' id='par_1_99' title="bbox 2181 4867 3756 4941">
     <span class='ocr_line' id='line_1_99' title="bbox 2181 4867 3756 4941; baseline 0.001 -18"><span class='ocrx_word' id='word_1_725' title='bbox 2181 4869 2292 4934; x_wconf 85' lang='grc' dir='ltr'><strong>πῶς</strong></span> <span class='ocrx_word' id='word_1_726' title='bbox 2321 4869 2433 4924; x_wconf 84' lang='grc' dir='ltr'><strong>τῶν</strong></span> <span class='ocrx_word' id='word_1_727' title='bbox 2457 4869 2754 4941; x_wconf 81' lang='grc' dir='ltr'>ἀλλοτρίων</span> <span class='ocrx_word' id='word_1_728' title='bbox 2791 4869 2888 4922; x_wconf 77' lang='grc' dir='ltr'>καὶ</span> <span class='ocrx_word' id='word_1_729' title='bbox 2917 4867 3139 4938; x_wconf 81' lang='grc' dir='ltr'>φαύλων</span> <span class='ocrx_word' id='word_1_730' title='bbox 3167 4869 3461 4940; x_wconf 88' lang='grc' dir='ltr'>σωμάτων,</span> <span class='ocrx_word' id='word_1_731' title='bbox 3493 4871 3579 4924; x_wconf 86' lang='grc' dir='ltr'>ὅτι</span> <span class='ocrx_word' id='word_1_732' title='bbox 3606 4872 3756 4924; x_wconf 74' lang='grc' dir='ltr'>Φαύ-</span> 
     </span>
    </p>
   </div>
   <div class='ocr_carea' id='block_1_100' title="bbox 487 4953 2079 5036">
    <p class='ocr_par' dir='ltr' id='par_1_100' title="bbox 487 4953 2076 5036">
     <span class='ocr_line' id='line_1_100' title="bbox 487 4953 2076 5036; baseline 0.011 -31"><span class='ocrx_word' id='word_1_733' title='bbox 487 4953 654 5012; x_wconf 74' lang='lat' dir='ltr'><strong>malis</strong></span> <span class='ocrx_word' id='word_1_734' title='bbox 675 4959 1020 5027; x_wconf 82' lang='lat' dir='ltr'><strong>corporibus,</strong></span> <span class='ocrx_word' id='word_1_735' title='bbox 1062 4977 1186 5032; x_wconf 69' lang='lat' dir='ltr'><strong>quae</strong></span> <span class='ocrx_word' id='word_1_736' title='bbox 1212 4977 1346 5018; x_wconf 86' lang='lat' dir='ltr'><strong>sane</strong></span> <span class='ocrx_word' id='word_1_737' title='bbox 1375 4961 1500 5018; x_wconf 84' lang='lat' dir='ltr'><strong>Mali</strong></span> <span class='ocrx_word' id='word_1_738' title='bbox 1539 4973 1668 5020; x_wconf 92' lang='lat' dir='ltr'><strong>sunt</strong></span> <span class='ocrx_word' id='word_1_739' title='bbox 1692 4981 1879 5036; x_wconf 85' lang='lat' dir='ltr'><strong>opera,</strong></span> <span class='ocrx_word' id='word_1_740' title='bbox 1925 4982 2076 5022; x_wconf 87' lang='lat' dir='ltr'><strong>mor-</strong></span> 
     </span>
    </p>
   </div>
   <div class='ocr_carea' id='block_1_101' title="bbox 2181 4953 3756 5036">
    <p class='ocr_par' dir='ltr' id='par_1_101' title="bbox 2181 4956 3756 5032">
     <span class='ocr_line' id='line_1_101' title="bbox 2181 4956 3756 5032; baseline 0.001 -18"><span class='ocrx_word' id='word_1_741' title='bbox 2181 4956 2266 5016; x_wconf 78' lang='grc' dir='ltr'>λοῦ</span> <span class='ocrx_word' id='word_1_742' title='bbox 2306 4962 2608 5032; x_wconf 84' lang='grc' dir='ltr'>ποιήματα,</span> <span class='ocrx_word' id='word_1_743' title='bbox 2653 4959 2752 5024; x_wconf 80' lang='grc' dir='ltr'>τὰς</span> <span class='ocrx_word' id='word_1_744' title='bbox 2797 4959 2986 5023; x_wconf 85' lang='grc' dir='ltr'>νόσους</span> <span class='ocrx_word' id='word_1_745' title='bbox 3023 4958 3264 5014; x_wconf 74' lang='grc' dir='ltr'>ἐλαύνων</span> <span class='ocrx_word' id='word_1_746' title='bbox 3295 4961 3325 5012; x_wconf 87' lang='grc' dir='ltr'><strong>ό</strong></span> <span class='ocrx_word' id='word_1_747' title='bbox 3372 4960 3579 5029; x_wconf 83' lang='grc' dir='ltr'>ἀγαθὸς</span> <span class='ocrx_word' id='word_1_748' title='bbox 3622 4961 3756 5025; x_wconf 78' lang='grc' dir='ltr'>Θεὸς</span> 
     </span>
    </p>
   </div>
   <div class='ocr_carea' id='block_1_102' title="bbox 487 5043 2079 5124">
    <p class='ocr_par' dir='ltr' id='par_1_102' title="bbox 487 5043 2076 5123">
     <span class='ocr_line' id='line_1_102' title="bbox 487 5043 2076 5123; baseline 0.011 -26"><span class='ocrx_word' id='word_1_749' title='bbox 487 5043 599 5098; x_wconf 81' lang='lat' dir='ltr'><strong>lbos</strong></span> <span class='ocrx_word' id='word_1_750' title='bbox 626 5049 876 5118; x_wconf 89' lang='lat' dir='ltr'><strong>propellit</strong></span> <span class='ocrx_word' id='word_1_751' title='bbox 893 5051 1036 5108; x_wconf 89' lang='lat' dir='ltr'><strong>Deus</strong></span> <span class='ocrx_word' id='word_1_752' title='bbox 1058 5053 1318 5123; x_wconf 89' lang='lat' dir='ltr'><strong>optimus,</strong></span> <span class='ocrx_word' id='word_1_753' title='bbox 1358 5065 1415 5112; x_wconf 91' lang='lat' dir='ltr'><strong>et</strong></span> <span class='ocrx_word' id='word_1_754' title='bbox 1445 5057 1751 5112; x_wconf 90' lang='lat' dir='ltr'><strong>mirabilem</strong></span> <span class='ocrx_word' id='word_1_755' title='bbox 1805 5059 1871 5114; x_wconf 89' lang='lat' dir='ltr'><strong>iis</strong></span> <span class='ocrx_word' id='word_1_756' title='bbox 1913 5059 2076 5114; x_wconf 81' lang='lat' dir='ltr'><strong>aii‘ert</strong></span> 
     </span>
    </p>
   </div>
   <div class='ocr_carea' id='block_1_103' title="bbox 2181 5043 3758 5124">
    <p class='ocr_par' dir='ltr' id='par_1_103' title="bbox 2181 5050 3758 5124">
     <span class='ocr_line' id='line_1_103' title="bbox 2181 5050 3758 5124; baseline 0 -18"><span class='ocrx_word' id='word_1_757' title='bbox 2181 5053 2269 5116; x_wconf 75' lang='grc' dir='ltr'><strong>τὰς</strong></span> <span class='ocrx_word' id='word_1_758' title='bbox 2285 5051 2622 5124; x_wconf 80' lang='grc' dir='ltr'>παραδόξους</span> <span class='ocrx_word' id='word_1_759' title='bbox 2639 5050 2929 5119; x_wconf 77' lang='grc' dir='ltr'>άντεισῆγε</span> <span class='ocrx_word' id='word_1_760' title='bbox 2949 5050 3247 5121; x_wconf 84' lang='grc' dir='ltr'>θεραπείας</span> <span class='ocrx_word' id='word_1_761' title='bbox 3262 5068 3276 5118; x_wconf 89' lang='lat'><strong>;</strong></span> <span class='ocrx_word' id='word_1_762' title='bbox 3295 5051 3459 5105; x_wconf 86' lang='grc' dir='ltr'>Οὐδὲν</span> <span class='ocrx_word' id='word_1_763' title='bbox 3475 5053 3585 5124; x_wconf 85' lang='grc' dir='ltr'><strong>γὰρ</strong></span> <span class='ocrx_word' id='word_1_764' title='bbox 3598 5053 3758 5106; x_wconf 81' lang='grc' dir='ltr'>τοῦτο</span> 
     </span>
    </p>
   </div>
   <div class='ocr_carea' id='block_1_104' title="bbox 488 5138 2079 5221">
    <p class='ocr_par' dir='ltr' id='par_1_104' title="bbox 488 5138 2074 5221">
     <span class='ocr_line' id='line_1_104' title="bbox 488 5138 2074 5221; baseline 0.012 -31"><span class='ocrx_word' id='word_1_765' title='bbox 488 5138 865 5195; x_wconf 77' lang='lat' dir='ltr'><strong>medicinam?</strong></span> <span class='ocrx_word' id='word_1_766' title='bbox 893 5144 1009 5199; x_wconf 83' lang='lat' dir='ltr'><strong>Hoc</strong></span> <span class='ocrx_word' id='word_1_767' title='bbox 1029 5147 1181 5200; x_wconf 85' lang='lat' dir='ltr'><strong>enim</strong></span> <span class='ocrx_word' id='word_1_768' title='bbox 1221 5148 1359 5203; x_wconf 81' lang='lat' dir='ltr'><strong>nihil</strong></span> <span class='ocrx_word' id='word_1_769' title='bbox 1383 5149 1526 5204; x_wconf 82' lang='lat' dir='ltr'><strong>foret</strong></span> <span class='ocrx_word' id='word_1_770' title='bbox 1549 5149 1717 5217; x_wconf 88' lang='lat' dir='ltr'><strong>aliud,</strong></span> <span class='ocrx_word' id='word_1_771' title='bbox 1774 5168 1936 5221; x_wconf 87' lang='lat' dir='ltr'><strong>quam</strong></span> <span class='ocrx_word' id='word_1_772' title='bbox 1978 5170 2074 5210; x_wconf 83' lang='lat' dir='ltr'><strong>or-</strong></span> 
     </span>
    </p>
   </div>
   <div class='ocr_carea' id='block_1_105' title="bbox 2181 5138 3750 5221">
    <p class='ocr_par' dir='ltr' id='par_1_105' title="bbox 2181 5142 3750 5218">
     <span class='ocr_line' id='line_1_105' title="bbox 2181 5142 3750 5218; baseline -0.001 -18"><span class='ocrx_word' id='word_1_773' title='bbox 2181 5145 2342 5218; x_wconf 76' lang='grc' dir='ltr'>ίιλλ’ἢ</span> <span class='ocrx_word' id='word_1_774' title='bbox 2372 5147 2694 5217; x_wconf 85' lang='grc' dir='ltr'>συγκροτεῖν</span> <span class='ocrx_word' id='word_1_775' title='bbox 2726 5143 2788 5198; x_wconf 82' lang='grc' dir='ltr'>τὸ</span> <span class='ocrx_word' id='word_1_776' title='bbox 2809 5143 2989 5215; x_wconf 80' lang='grc' dir='ltr'>ἔργον,</span> <span class='ocrx_word' id='word_1_777' title='bbox 3025 5143 3086 5197; x_wconf 88' lang='grc' dir='ltr'><strong>οὑ</strong></span> <span class='ocrx_word' id='word_1_778' title='bbox 3113 5142 3362 5198; x_wconf 85' lang='grc' dir='ltr'>καθελεῖν</span> <span class='ocrx_word' id='word_1_779' title='bbox 3402 5145 3750 5215; x_wconf 84' lang='grc' dir='ltr'>παρεγένετο</span> 
     </span>
    </p>
   </div>
   <div class='ocr_carea' id='block_1_106' title="bbox 488 5233 2079 5309">
    <p class='ocr_par' dir='ltr' id='par_1_106' title="bbox 488 5236 2075 5309">
     <span class='ocr_line' id='line_1_106' title="bbox 488 5236 2075 5309; baseline 0.012 -26"><span class='ocrx_word' id='word_1_780' title='bbox 488 5245 798 5303; x_wconf 76' lang='lat' dir='ltr'><strong>nareopus.</strong></span> <span class='ocrx_word' id='word_1_781' title='bbox 841 5236 910 5290; x_wconf 89' lang='lat' dir='ltr'><strong>ad</strong></span> <span class='ocrx_word' id='word_1_782' title='bbox 937 5237 1096 5306; x_wconf 86' lang='lat' dir='ltr'><strong>cujus</strong></span> <span class='ocrx_word' id='word_1_783' title='bbox 1111 5248 1440 5309; x_wconf 88' lang='lat' dir='ltr'><strong>potestatem</strong></span> <span class='ocrx_word' id='word_1_784' title='bbox 1471 5243 1859 5299; x_wconf 91' lang='lat' dir='ltr'><strong>destruendam</strong></span> <span class='ocrx_word' id='word_1_785' title='bbox 1903 5261 2075 5301; x_wconf 88' lang='lat' dir='ltr'><strong>vene-</strong></span> 
     </span>
    </p>
   </div>
   <div class='ocr_carea' id='block_1_107' title="bbox 2181 5233 3757 5309">
    <p class='ocr_par' dir='ltr' id='par_1_107' title="bbox 2181 5233 3757 5309">
     <span class='ocr_line' id='line_1_107' title="bbox 2181 5233 3757 5309; baseline -0.001 -18"><span class='ocrx_word' id='word_1_786' title='bbox 2181 5238 2269 5309; x_wconf 74' lang='grc' dir='ltr'>τὴν</span> <span class='ocrx_word' id='word_1_787' title='bbox 2282 5236 2595 5309; x_wconf 90' lang='grc' dir='ltr'>τυραννίδα,</span> <span class='ocrx_word' id='word_1_788' title='bbox 2622 5237 2717 5289; x_wconf 70' lang='grc' dir='ltr'>καὶ</span> <span class='ocrx_word' id='word_1_789' title='bbox 2739 5233 2923 5300; x_wconf 77' lang='grc' dir='ltr'>αὔξειν</span> <span class='ocrx_word' id='word_1_790' title='bbox 2939 5233 3002 5288; x_wconf 80' lang='grc' dir='ltr'>τὸ</span> <span class='ocrx_word' id='word_1_791' title='bbox 3028 5235 3229 5306; x_wconf 86' lang='grc' dir='ltr'>κράτος</span> <span class='ocrx_word' id='word_1_792' title='bbox 3250 5233 3345 5288; x_wconf 83' lang='grc' dir='ltr'><strong>τοῦ</strong></span> <span class='ocrx_word' id='word_1_793' title='bbox 3368 5234 3467 5302; x_wconf 86' lang='grc' dir='ltr'><strong>τὴν</strong></span> <span class='ocrx_word' id='word_1_794' title='bbox 3490 5233 3552 5300; x_wconf 79' lang='grc' dir='ltr'>ἐξ</span> <span class='ocrx_word' id='word_1_795' title='bbox 3577 5236 3757 5305; x_wconf 78' lang='grc' dir='ltr'>ἀρχῆς</span> 
     </span>
    </p>
   </div>
   <div class='ocr_carea' id='block_1_108' title="bbox 485 5324 2079 5406">
    <p class='ocr_par' dir='ltr' id='par_1_108' title="bbox 485 5328 2068 5406">
     <span class='ocr_line' id='line_1_108' title="bbox 485 5328 2068 5406; baseline 0.013 -30"><span class='ocrx_word' id='word_1_796' title='bbox 485 5330 598 5384; x_wconf 80' lang='lat' dir='ltr'><strong>rat.</strong></span> <span class='ocrx_word' id='word_1_797' title='bbox 628 5334 800 5395; x_wconf 80' lang='lat' dir='ltr'><strong>atque</strong></span> <span class='ocrx_word' id='word_1_798' title='bbox 855 5328 994 5383; x_wconf 88' lang='lat' dir='ltr'><strong>adeo</strong></span> <span class='ocrx_word' id='word_1_799' title='bbox 1042 5344 1242 5400; x_wconf 85' lang='lat' dir='ltr'><strong>augere</strong></span> <span class='ocrx_word' id='word_1_800' title='bbox 1272 5333 1417 5389; x_wconf 88' lang='lat' dir='ltr'><strong>vires</strong></span> <span class='ocrx_word' id='word_1_801' title='bbox 1445 5333 1586 5405; x_wconf 89' lang='lat' dir='ltr'><strong>ejus,</strong></span> <span class='ocrx_word' id='word_1_802' title='bbox 1648 5336 1745 5406; x_wconf 91' lang='lat' dir='ltr'><strong>qui</strong></span> <span class='ocrx_word' id='word_1_803' title='bbox 1797 5339 1864 5394; x_wconf 89' lang='lat' dir='ltr'><strong>ab</strong></span> <span class='ocrx_word' id='word_1_804' title='bbox 1910 5338 2068 5396; x_wconf 83' lang='lat' dir='ltr'><strong>initio</strong></span> 
     </span>
    </p>
   </div>
   <div class='ocr_carea' id='block_1_109' title="bbox 2181 5324 3757 5406">
    <p class='ocr_par' dir='ltr' id='par_1_109' title="bbox 2181 5324 3757 5399">
     <span class='ocr_line' id='line_1_109' title="bbox 2181 5324 3757 5399; baseline -0.003 -15"><span class='ocrx_word' id='word_1_805' title='bbox 2181 5327 2511 5384; x_wconf 73' lang='grc' dir='ltr'>ἀποστασίαν</span> <span class='ocrx_word' id='word_1_806' title='bbox 2547 5327 2987 5399; x_wconf 72' lang='grc' dir='ltr'>ἐπανῃρημένου.</span> <span class='ocrx_word' id='word_1_807' title='bbox 3045 5326 3121 5380; x_wconf 91' lang='grc' dir='ltr'><strong>Οὑ</strong></span> <span class='ocrx_word' id='word_1_808' title='bbox 3167 5324 3276 5397; x_wconf 79' lang='grc' dir='ltr'>μὴν</span> <span class='ocrx_word' id='word_1_809' title='bbox 3323 5325 3459 5380; x_wconf 77' lang='grc' dir='ltr'><strong>ἀλλά</strong></span> <span class='ocrx_word' id='word_1_810' title='bbox 3485 5327 3584 5381; x_wconf 76' lang='grc' dir='ltr'>καὶ</span> <span class='ocrx_word' id='word_1_811' title='bbox 3612 5328 3662 5379; x_wconf 89' lang='grc' dir='ltr'><strong>εί</strong></span> <span class='ocrx_word' id='word_1_812' title='bbox 3687 5326 3757 5380; x_wconf 79' lang='grc' dir='ltr'><strong>τὰ</strong></span> 
     </span>
    </p>
   </div>
   <div class='ocr_carea' id='block_1_110' title="bbox 481 5415 2079 5500">
    <p class='ocr_par' dir='ltr' id='par_1_110' title="bbox 481 5415 2064 5500">
     <span class='ocr_line' id='line_1_110' title="bbox 481 5415 2064 5500; baseline 0.009 -29"><span class='ocrx_word' id='word_1_813' title='bbox 481 5415 857 5476; x_wconf 74' lang='lat' dir='ltr'><strong>deiectionem</strong></span> <span class='ocrx_word' id='word_1_814' title='bbox 885 5422 1296 5492; x_wconf 86' lang='lat' dir='ltr'><strong>procuraverat.</strong></span> <span class='ocrx_word' id='word_1_815' title='bbox 1349 5423 1463 5482; x_wconf 90' lang='lat' dir='ltr'><strong>imo</strong></span> <span class='ocrx_word' id='word_1_816' title='bbox 1491 5427 1537 5482; x_wconf 90' lang='lat' dir='ltr'><strong>si</strong></span> <span class='ocrx_word' id='word_1_817' title='bbox 1571 5426 1756 5500; x_wconf 78' lang='lat' dir='ltr'><strong>fruges</strong></span> <span class='ocrx_word' id='word_1_818' title='bbox 1775 5438 1935 5486; x_wconf 72' lang='lat' dir='ltr'><strong>terra:</strong></span> <span class='ocrx_word' id='word_1_819' title='bbox 1955 5446 2064 5486; x_wconf 91' lang='lat' dir='ltr'><strong>non</strong></span> 
     </span>
    </p>
   </div>
   <div class='ocr_carea' id='block_1_111' title="bbox 2181 5415 3752 5500">
    <p class='ocr_par' dir='ltr' id='par_1_111' title="bbox 2181 5419 3752 5498">
     <span class='ocr_line' id='line_1_111' title="bbox 2181 5419 3752 5498; baseline 0.009 -20"><span class='ocrx_word' id='word_1_820' title='bbox 2181 5426 2538 5498; x_wconf 87' lang='grc' dir='ltr'>βλαστήματα</span> <span class='ocrx_word' id='word_1_821' title='bbox 2583 5423 2686 5495; x_wconf 83' lang='grc' dir='ltr'>τῆς</span> <span class='ocrx_word' id='word_1_822' title='bbox 2743 5422 2870 5494; x_wconf 80' lang='grc' dir='ltr'><strong>γῆς,</strong></span> <span class='ocrx_word' id='word_1_823' title='bbox 2904 5422 2965 5476; x_wconf 73' lang='grc' dir='ltr'><strong>οὗ</strong></span> <span class='ocrx_word' id='word_1_824' title='bbox 3008 5421 3110 5492; x_wconf 78' lang='grc' dir='ltr'><strong>τῆς</strong></span> <span class='ocrx_word' id='word_1_825' title='bbox 3155 5419 3494 5492; x_wconf 79' lang='grc' dir='ltr'>ἀγαθότητος</span> <span class='ocrx_word' id='word_1_826' title='bbox 3552 5420 3752 5492; x_wconf 71' lang='grc' dir='ltr'><strong>ἀρχῆς»</strong></span> 
     </span>
    </p>
   </div>
   <div class='ocr_carea' id='block_1_112' title="bbox 1552 5581 2623 5646">
    <p class='ocr_par' dir='ltr' id='par_1_112' title="bbox 1552 5581 2623 5646">
     <span class='ocr_line' id='line_1_112' title="bbox 1552 5581 2623 5646; baseline 0.006 -8"><span class='ocrx_word' id='word_1_827' title='bbox 1552 5581 1790 5641; x_wconf 75' lang='lat' dir='ltr'><strong>VARUE</strong></span> <span class='ocrx_word' id='word_1_828' title='bbox 1828 5587 2209 5646; x_wconf 82' lang='lat' dir='ltr'><strong>LECTIONES</strong></span> <span class='ocrx_word' id='word_1_829' title='bbox 2261 5591 2348 5645; x_wconf 81' lang='lat' dir='ltr'><strong>ET</strong></span> <span class='ocrx_word' id='word_1_830' title='bbox 2388 5586 2623 5646; x_wconf 70' lang='lat' dir='ltr'><strong>NOTJE.</strong></span> 
     </span>
    </p>
   </div>
   <div class='ocr_carea' id='block_1_113' title="bbox 556 5732 2870 5814">
    <p class='ocr_par' dir='ltr' id='par_1_113' title="bbox 556 5732 2870 5814">
     <span class='ocr_line' id='line_1_113' title="bbox 556 5732 2870 5814; baseline 0.004 -28"><span class='ocrx_word' id='word_1_831' title='bbox 556 5732 672 5814; x_wconf 50' lang='lat'><strong>{2?}</strong></span> <span class='ocrx_word' id='word_1_832' title='bbox 714 5734 820 5814; x_wconf 67' lang='lat' dir='ltr'><strong>go.</strong></span> <span class='ocrx_word' id='word_1_833' title='bbox 841 5734 1200 5814; x_wconf 48' lang='lat' dir='ltr'><strong>farticulam</strong></span> <span class='ocrx_word' id='word_1_834' title='bbox 1237 5737 1402 5814; x_wconf 79' lang='lat' dir='ltr'><strong>hanc,</strong></span> <span class='ocrx_word' id='word_1_835' title='bbox 1448 5738 1504 5796; x_wconf 93' lang='lat' dir='ltr'><strong>in</strong></span> <span class='ocrx_word' id='word_1_836' title='bbox 1541 5757 1647 5799; x_wconf 88' lang='lat' dir='ltr'><strong>ms.</strong></span> <span class='ocrx_word' id='word_1_837' title='bbox 1679 5740 2068 5814; x_wconf 87' lang='lat' dir='ltr'><strong>desideratam,</strong></span> <span class='ocrx_word' id='word_1_838' title='bbox 2101 5763 2296 5804; x_wconf 88' lang='lat' dir='ltr'><strong>sensus</strong></span> <span class='ocrx_word' id='word_1_839' title='bbox 2327 5746 2530 5804; x_wconf 87' lang='lat' dir='ltr'><strong>addere</strong></span> <span class='ocrx_word' id='word_1_840' title='bbox 2557 5759 2645 5800; x_wconf 90' lang='lat' dir='ltr'><strong>me</strong></span> <span class='ocrx_word' id='word_1_841' title='bbox 2675 5741 2870 5813; x_wconf 83' lang='lat' dir='ltr'><strong>coegit.</strong></span> 
     </span>
    </p>
   </div>
   <div class='ocr_carea' id='block_1_114' title="bbox 553 5801 1337 5877">
    <p class='ocr_par' dir='ltr' id='par_1_114' title="bbox 553 5801 1337 5877">
     <span class='ocr_line' id='line_1_114' title="bbox 553 5801 1337 5877; baseline -0.001 -16"><span class='ocrx_word' id='word_1_842' title='bbox 553 5801 672 5872; x_wconf 81' lang='lat'><strong>(93)</strong></span> <span class='ocrx_word' id='word_1_843' title='bbox 713 5808 798 5860; x_wconf 81' lang='grc' dir='ltr'>Τε.</span> <span class='ocrx_word' id='word_1_844' title='bbox 838 5805 1025 5871; x_wconf 65' lang='grc' dir='ltr'>Μυῖω</span> <span class='ocrx_word' id='word_1_845' title='bbox 1051 5805 1230 5877; x_wconf 86' lang='lat' dir='ltr'><strong>legere</strong></span> <span class='ocrx_word' id='word_1_846' title='bbox 1263 5810 1337 5868; x_wconf 78' lang='grc' dir='ltr'><strong>σέ,</strong></span> 
     </span>
    </p>
   </div>
  </div>
