3886 6422
152 332 242 397 193
1201 327 1499 389 CONTRA
1537 323 1999 385 MANICHAEOS
2036 322 2270 384 LIBER
2308 323 2408 386 IV.

3319 323 3424 390 194

149 450 258 505 :6);
280 441 409 506 τοὺς
430 440 658 512 ἄρτους,
706 440 743 495 ἃ
774 439 840 494 ἐκ
868 439 980 493 τῶν
1029 437 1331 509 ἀλλοτρίων
1391 437 1726 509 σπερμάτων

1837 450 1858 489 a
1891 435 2036 489 bono
2067 445 2197 489 sunt
2226 434 2519 505 principio,
2555 434 2831 505 quomodo
2870 450 3061 505 panes,
3115 449 3182 490 ex
3226 436 3423 492 alienis

148 531 419 603 ἐζυμώθη,
448 533 615 596 αὐτός
642 548 704 585 τε
728 525 801 613 έῶ
824 531 1049 601 βαθείας
1074 529 1244 601 μέθης
1265 531 1305 601 l)
1329 529 1724 599 προσεφέρετο,

146 627 434 694 δυνάμενος
467 615 707 693 μάλιστα
731 628 795 677 ἐκ
824 622 899 694 μὴ
914 622 1084 676 ὄντων
1111 620 1291 690 ἐαυτῷ
1318 619 1527 691 τροφὴν
1550 635 1728 688 παρα-

148 717 431 780 σκευάσαις
471 714 531 767 ’0
560 714 619 767 δὲ
651 714 747 767 καὶ⁵
792 712 1019 775 τούτους
1072 711 1364 781 πληθύνων
1415 709 1611 779 ἔτρεφε
1644 724 1727 777 χι-

147 807 342 871 λιάϐας,
371 804 507 873 ὕλην
557 805 660 874 τῆς
689 784 1140 874 θαυματουργίας
1182 800 1284 871 τὴν
1327 799 1423 854 τοῦ
1475 797 1727 869 Πονηροῦ

148 895 588 969 παραλαμϐάνων
608 896 806 961 κτίσιν,
838 895 934 949 καὶ
962 894 1221 948 κοινωνὸν
1250 893 1419 947 ποιῶν
1440 892 1538 962 τῆς
1563 892 1730 960 ὑπερ-

148 988 307 1061 φυοῦς
328 988 653 1058 εὐεργεσίας
678 987 771 1041 τὸν
806 987 1233 1056 Ἀντικείμενον,
1265 985 1456 1055 ὥσπερ
1487 983 1586 1037 οὐκ
1606 982 1729 1049 ἐξὸν

148 1082 288 1152 αὐτῷ
307 1081 368 1145 ἐξ
394 1081 594 1152 ἐτέρας
615 1082 1021 1152 ἐνεργουμένης
1044 1079 1267 1151 τρέφειν
1284 1077 1416 1149 ὕλης
1436 1074 1628 1129 ἐαυτόν
1643 1091 1733 1139 τες

148 1176 235 1228 καὶ
261 1175 408 1240 τοὺς,
442 1174 558 1228 ὅσοι
586 1175 700 1237 τοῖς
723 1172 891 1225 αὐτοῦ
939 1174 1303 1243 προσανεῖχον
1337 1170 1432 1233 καὶ
1462 1168 1728 1239 κατηρτί-

150 1268 295 1332 {om
316 1268 586 1337 ῥήμασιν.
618 1265 729 1319 Καὶ
758 1264 868 1317 τῶν
905 1265 965 1318 ἐν
992 1264 1069 1330 τῷ
1111 1263 1261 1333 νόμῳ
1302 1261 1359 1314 δὲ
1388 1259 1729 1331 βεϐιωκότων

148 1360 191 1409 oi
212 1356 477 1424 φύλακες,
500 1356 551 1408 εί
581 1354 658 1425 μὴ
683 1354 784 1423 τῆς
812 1350 1158 1421 άγαθουργοῦ
1186 1350 1454 1419 Θεότητος
1485 1347 1729 1416 ὑπῆρχον

148 1448 497 1519 θεράποντες,
532 1447 649 1510 πῶς
689 1447 819 1508 τοὺς
866 1443 1117 1515 μαθητὰς
1169 1444 1347 1514 μάτην
1388 1439 1731 1510 ἐγκαλουμέ-

148 1557 264 1601 νους
294 1540 401 1591 ὑπὸ
455 1538 563 1591 τῶν
594 1537 946 1601 διυλιζόντων
989 1536 1090 1607 μὲν
1119 1534 1429 1605 φαρισαίων
1462 1534 1588 1596 τοὺς
1617 1530 1731 1585 κώ·-

147 1647 352 1693 νωπας,
380 1629 795 1683 καταπινόντων
825 1628 884 1680 δὲ
912 1627 1011 1691 τὰς
1038 1625 1341 1697 καμήλους,
1372 1625 1456 1679 ὅτι
1497 1622 1731 1676 πεινῶν-

148 1738 230 1783 τες
250 1722 379 1783 τοὺς
404 1720 605 1789 στάχυς
634 1721 693 1771 ἐν
718 1718 796 1790 τῷ
818 1717 1084 1786 Σαϐϐάτῳ
1105 1715 1309 1769 ἐτιλλόν
1324 1733 1383 1769 τε
1400 1716 1494 1768 καὶ
1518 1713 1727 1785 ἢσθιον,

1828 527 2131 582 seminibus
2165 527 2545 591 fermentatos,
2592 528 2728 597 ipse,
2780 543 2814 583 ο
2865 528 3196 597 profundum
3229 540 3420 598 stupo-

1828 620 1982 674 rem!
2015 619 2233 683 obtulit,
2265 619 2356 689 qui
2393 620 2497 675 sibi
2529 620 2633 691 ipsi
2660 636 2725 675 ex
2764 622 2927 676 rebus
2952 637 3062 675 non
3107 621 3423 676 exsisti-nti-

1828 715 1934 771 bus
1952 715 2135 769 cibum
2162 731 2359 785 parare
2382 716 2641 786 poterat?
2704 717 2819 771 lmo
2848 732 2979 771 vero
3026 717 3169 771 idem
3216 716 3309 772 ille
3328 734 3424 773 eos

1829 807 2223 877 multiplicans,
2282 808 2491 878 aliquot
2542 808 2733 871 millia,
2785 820 3063 880 assumpta
3090 810 3143 862 in
3175 809 3419 863 miraculi

1829 899 2251 970 productionem
2295 900 2421 955 Mali
2441 910 2715 966 creatura,
2755 902 3018 971 bosteque
3046 917 3148 957 suo
3168 902 3221 955 in
3256 902 3426 956 bene-

1830 990 2065 1045 licentiae
2090 991 2525 1061 supernaturalis
2548 991 2864 1046 societatem
2892 978 3170 1061 t-00ptato,
3195 989 3418 1052 cibavit,

1832 1090 2089 1150 tanquam
2120 1081 2206 1143 cui
2232 1097 2345 1134 non
2370 1080 2641 1136 liceretex
2666 1081 2772 1134 alia
2802 1080 3027 1135 materia
3064 1089 3119 1135 et
3151 1094 3229 1144 se,
3262 1088 3317 1134 et
3353 1079 3419 1132 il-

1828 1172 1934 1234 los,
1986 1172 2080 1242 qui
2112 1173 2294 1227 verbis
2343 1173 2465 1242 ejus
2513 1172 2874 1227 attendebant
2921 1182 2974 1227 et
3016 1170 3418 1235 auscultabant,

1829 1260 2062 1317 nutrire.
2096 1260 2253 1327 Quod
2288 1261 2332 1317 si
2360 1262 2619 1317 custodes
2647 1272 2702 1317 et
2731 1261 3009 1332 principes
3055 1276 3269 1327 eorum,
3325 1268 3420 1330 qui

1830 1352 1885 1406 in
1918 1353 2088 1408 veteri
2124 1361 2452 1407 testamento
2481 1353 2761 1418 vixerunt,
2782 1366 2894 1406 non
2927 1351 3151 1421 fuerunt
3186 1350 3422 1406 ministri

1830 1443 1927 1497 Dei
1952 1442 2352 1513 benignissimi,
2384 1444 2660 1513 quomodo
2685 1430 3024 1512 discipulos,
3064 1452 3264 1513 przeter
3288 1458 3420 1498 eau-

1832 1551 1948 1590 sam
1969 1550 1999 1589 a
2025 1534 2309 1604 pharisaais
2364 1535 2569 1589 culices
2594 1534 3027 1605 percolantibus,
3082 1543 3138 1588 et
3182 1532 3423 1588 camelos

1833 1625 2262 1695 deglutieutibus
2291 1626 2681 1695 reprehensos,
2737 1625 2882 1690 ideo,
2934 1625 3083 1695 quod
3117 1625 3423 1679 esurientes

1834 1715 2015 1783 spicas
2036 1713 2091 1768 in
2111 1714 2369 1775 Sabbato,
2392 1716 2592 1784 quibus
2608 1715 2855 1785 corporis
2873 1714 3072 1770 famem
3087 1716 3421 1778 solarentur,

148 1813 240 1881 τὴν
267 1812 367 1864 τοῦ
395 1784 647 1881 σώματος
686 1784 1177 1881 παραμυθούμενοι
1225 1808 1431 1862 ἔνδειαν
1478 1784 1550 1860 διί
1588 1805 1733 1860 ὲκεί-

1837 1803 2146 1858 evellebant
2165 1813 2222 1859 et
2251 1804 2507 1871 edebant,
2539 1784 2878 1860 accusationi
2933 1804 3061 1859 huic
3096 1819 3206 1856 non
3251 1802 3424 1857 obuo—

150 1922 271 1966 νιιιν,
313 1903 599 1972 κρείττους
630 1919 691 1955 τε
718 1901 821 1971 τῆς
854 1901 1034 1964 αἰτίας
1061 1900 1356 1969 ἀπέφαινε,
1396 1900 1492 1952 καὶ
1524 1896 1730 1952 ἀπέλυε

148 1992 236 2045 τοῦ
270 1993 641 2063 ἐγκλήματος,
667 1993 757 2044 τὸν
800 1991 969 2044 Δαϐὶδ
1010 1993 1090 2054 είς
1123 1989 1455 2062 συνηγορίαν
1479 1990 1573 2043 καὶ
1604 1988 1732 2059 βοή-

152 2084 299 2136 Θειαν
324 2083 644 2155 προτείνων,
681 2084 776 2136 καὶ
828 2084 957 2147 τοὺς
1001 2083 1168 2153 ἱερεῖς
1202 2084 1332 2145 τοὺς
1364 2081 1733 2152 κρεανομοῦν-

151 2178 245 2240 si;
265 2193 328 2229 τε
360 2178 456 2229 καὶ
485 2174 917 2241 ξυλοκοποῦντας
946 2176 1004 2228 ἐν
1037 2172 1117 2243 τῷ
1142 2172 1410 2242 Σαϐϐάτῳ
1430 2210 1445 2236 ,
1491 2171 1589 2225 καὶ
1613 2171 1733 2224 τότε

152 2269 233 2322 διὰ
256 2268 356 2337 τῆς
381 2269 532 2337 ἱερᾶς
561 2266 891 2337 ὑπηρεσίας,
919 2267 1003 2334 ἐφ’
1090 2264 1292 2336 μᾶλλον
1326 2262 1434 2317 ἔδει
1461 2262 1733 2328 σώζεσθαι

154 2362 242 2414 τὸν
264 2361 452 2430 νόμον,
474 2362 571 2429 τῆς
601 2357 869 2430 ἐργασίας
902 2354 1238 2428 προῖούσης;

221 2542 305 2597 Η’.
342 2542 441 2606 Τίς
466 2541 512 2595 δ’
539 2541 606 2595 ἂν
630 2540 964 2611 σαφέστερος
1001 2540 1223 2612 ἐλεγχος
1274 2540 1309 2612 ἢ
1338 2536 1735 2611 δυνατώτερος,

156 2637 233 2690 ὅτι
259 2635 490 2707 μηδενὸς
520 2635 631 2688 τῶν
684 2636 947 2703 ἐπιγείων
971 2636 1001 2687 6
1040 2634 1284 2705 Πονηρὸς
1315 2633 1591 2697 δεσπόζει,
1626 2631 1736 2684 τῶν

162 2727 326 2782 αὑτοῦ
381 2728 646 2799 ῥημάτων
673 2727 910 2792 ἐκείνου,
959 2728 1027 2782 δι’
1066 2721 1144 2783 ὧν
1191 2725 1371 2795 ἐαυτῷ
1414 2724 1514 2796 τὴν
1558 2723 1736 2777 κτίσιν

157 2821 608 2890 ὐωϐώλὸμενος,
642 2821 733 2874 ὅτε
770 2821 1140 2892 κρυπτομένῳ
1180 2822 1276 2872 καὶ
1304 2819 1624 2873 λανθάνοντι
1656 2816 1737 2887 τῷ

157 2913 468 2985 δημιουργῷ
495 2913 605 2965 τῶν
636 2913 895 2977 ὅλωνζκαὶ
916 2912 1155 2985 δεσπότῃ
1170 2911 1531 2982 ἐπιπειράσαι
1562 2927 1737 2982 προσ·

161 3007 249 3059 ιὼν
273 3047 291 3072 ,
338 3007 435 3059 καὶ
476 3006 575 3068 τὰς
604 3005 883 3074 ἐπιγείους
941 3004 1218 3075 βασιλείας
1252 3004 1457 3068 πάσας,
1507 3002 1606 3057 καὶ
1634 3002 1736 3073 τὴν

160 3099 307 3163 δόξαν
334 3097 518 3152 αὐτῶν
550 3097 888 3164 ἐπιδεικνὺς,
933 3097 1116 3165 ἐλεγε’
1166 3083 1591 3152 Ταῦταπάντα
1634 3095 1733 3148 σοι
1761 3122 1807 3185 C

161 3191 341 3257 δώσω,
361 3190 473 3244 ἐὰν
509 3190 718 3244 πεσὼν
745 3189 1189 3260 προσκυνήσῃς
1214 3206 1357 3259 pet;
1391 3189 1454 3241 Εί
1485 3189 1594 3259 γάρ
1620 3190 1737 3240 ἐστι

162 3283 412 3353 ψεύστης,
443 3282 545 3336 καί
602 3282 891 3336 οὐδέποτε
948 3282 1019 3335 ἐν
1067 3280 1145 3349 τῇ
1164 3280 1416 3349 ἀληθείᾳ
1463 3278 1693 3347 ἔστηκε
1716 3294 1734 3312 ο

164 3375 329 3443 (τοῦτο
354 3376 467 3445 γὰρ
499 3376 536 3446 η
570 3373 934 3437 ἐνυπόστατος
965 3374 1114 3443 ἡμᾶς
1157 3372 1397 3438 ἐδίδαξεν
1446 3370 1733 3441 ἀληθειαν,

164 3469 248 3520 καὶ
289 3467 390 3520 οὐκ
426 3466 578 3519 ἐστιν
608 3465 789 3529 οὐδεὶς
820 3465 956 3529 ὅλως
987 3464 1095 3518 τῶν
1141 3463 1552 3536 ὁμολογούντων
1603 3462 1738 3533 Χρι-

164 3562 295 3623 στὸν,
324 3559 383 3617 6;
410 3556 481 3610 ἂν
512 3557 809 3627 τολμήσειε
835 3557 933 3627 τὴν
957 3554 1214 3626 τοιαύτην
1237 3554 1422 3625 φωνὴν
1450 3553 1739 3625 παραγρά-

164 3648 355 3715 ψασθαι
380 3664 397 3678 ο
437 3648 556 3709 πῶς
599 3648 660 3699 οὐ
696 3647 915 3702 πάντων
947 3648 1066 3699 ἐστὶ
1094 3644 1495 3717 φανερώτερον,
1524 3645 1601 3708 ὡς
1638 3645 1734 3698 οὺ·-

164 3737 297 3799 δενὺς
326 3736 440 3788 τῶν
494 3736 757 3804 ἐπιγείων
802 3736 1124 3805 κτισμάτων
1166 3735 1196 3787 6
1241 3733 1337 3788 τοῦ
1385 3734 1615 3805 ψεύδους
1644 3734 1737 3805 δη-

166 3828 419 3898 μιουργὸς
446 3826 630 3898 ἄρχει,
670 3827 783 3879 οὐδ’
810 3824 961 3880 ἐστὶν
1012 3825 1191 3880 αὐτῶν
1220 3827 1474 3897 ποιητὴς,
1502 3826 1642 3897 πλήν
1671 3842 1736 3895 γε

163 3921 259 3972 τῶν
286 3920 419 3991 θελη
428 3921 613 3988 μάτων
640 3920 865 3973 ἐκείνων
893 3917 989 3972 καὶ
1007 3917 1282 3987 πράξεων,
1306 3910 1382 3972 ὧν
1407 3918 1568 3980 αὐτός
1588 3919 1737 3971 ἐστιν

160 4011 505 4080 ύποσπορεὺς
555 4012 652 4065 καὶ
694 4004 771 4064 ὧν
820 4011 947 4074 τοὺς
1002 4008 1303 4081 λογισμοὺς
1360 4009 1738 4080 μετεπλάσατο

160 4102 311 4155 αὐτὸν
340 4103 677 4171 ἐπιγράφειν
723 4101 952 4172 κτίστην
998 4102 1095 4155 καὶ
1141 4100 1497 4173 δημιουργὸν,
1530 4101 1629 4170 οὐχ
1654 4099 1739 4152 ὅτι

158 4192 324 4245 αὐτῶν
346 4193 452 4264 τὴν
484 4192 668 4263 ψυχὴν
691 4194 756 4246 ἐκ
780 4193 857 4265 μὴ
883 4192 1076 4259 ὄντων,
1112 4192 1147 4264 ἢ
1186 4192 1247 4245 τὸ
1276 4190 1439 4261 σῶμα
1479 4192 1737 4262 παρήγα-

158 4300 264 4351 γεν,
293 4284 415 4336 ἀλλ’
444 4285 528 4337 ὅτι
560 4285 726 4337 αὐτὸν
750 4285 970 4348 ἑαυτοῖς
997 4276 1149 4338 οὗτοι
1187 4281 1613 4354 παρηνέχθησαν
1639 4280 1738 4334 κύ-

158 4391 266 4444 ριον
299 4376 719 4446 ἐπιγράψασθαι
751 4392 768 4443 ;
797 4377 960 4430 Ὥστε
1010 4377 1151 4446 ὅπερ
1178 4375 1323 4439 τινές
1352 4374 1463 4428 τῶν
1499 4368 1608 4428 ἀπὸ
1637 4374 1739 4445 τῆς

1835 1893 2269 1963 xiusjudieabat,
2296 1894 2393 1949 sed
2420 1911 2450 1949 a
2486 1895 2718 1949 crimine
2770 1894 3165 1964 pronuntiabat
3224 1893 3424 1947 immu-

1833 2000 1955 2051 nes,
1991 1986 2249 2041 Davidem
2280 1995 2336 2041 et
2368 1988 2719 2052 sacerdotes,
2742 2002 2940 2042 carnes
3002 1986 3321 2041 scindentes
3366 1994 3425 2040 et

1835 2074 1978 2147 ligna
2019 2076 2289 2132 findentes
2310 2079 2365 2131 in
2390 2078 2651 2143 Sabbato,
2678 2080 2733 2132 in
2766 2077 3072 2133 subsidium
3102 2086 3156 2131 et
3183 2076 3423 2147 patroci-

1834 2165 1984 2221 nium
2008 2181 2186 2222 causae
2208 2166 2464 2233 afl‘erens,
2495 2179 2661 2238 atque
2707 2168 2760 2223 id
2807 2170 3027 2239 quidem
3054 2185 3121 2223 eo
3152 2177 3419 2240 tempore,

1835 2271 1943 2325 quo
1976 2272 2191 2313 sacrum
2242 2262 2363 2330 ejus
2406 2277 2630 2327 munus,
2667 2262 2810 2333 quod
2836 2263 2903 2317 ad
2946 2263 3179 2317 salutem
3230 2262 3422 2317 mundi

1836 2346 2197 2416 referebatur,
2233 2364 2357 2405 cum
2391 2352 2632 2408 maxime
2658 2362 2945 2424 urgeretur
2971 2352 3057 2406 ⁸σῖ

1909 2535 2048 2594 Vlll.
2087 2537 2377 2605 Quodnam
2428 2557 2562 2597 vero
2614 2542 2885 2599 illustrius
2918 2542 3308 2600 attteﬂicacius
3332 2557 3426 2599 ar-

1837 2638 2157 2701 gumentum
2229 2631 2415 2688 afferri
2464 2643 2666 2705 potest,
2726 2650 2836 2706 quo
2890 2645 3107 2690 constet
3162 2636 3297 2691 nulli
3344 2636 3421 2692 rei

1838 2726 2084 2780 terrestri
2117 2726 2390 2782 dominari
2435 2727 2656 2794 Malum,
2688 2744 2853 2799 quam
2899 2729 3015 2799 ipsa
3041 2729 3206 2799 hujus
3234 2730 3421 2795 verba,

1836 2816 2039 2886 quibus
2067 2828 2372 2873 creaturam
2403 2819 2506 2874 sibi
2540 2819 2642 2889 ipsi
2664 2819 2984 2889 subjiciens,
3008 2835 3135 2875 cum
3159 2820 3225 2875 ad
3249 2819 3423 2875 Crea-

1839 2918 2012 2963 torem
2057 2909 2303 2964 omnium
2352 2911 2680 2965 occultatum
2707 2922 2764 2965 et
2793 2911 3052 2965 latentem
3109 2917 3426 2966 tentaturus

1837 3002 2149 3066 accederet,
2177 3002 2361 3073 regnis
2390 3004 2628 3058 terrenis
2659 3004 2937 3067 omnibus,
2992 3012 3048 3057 et
3095 3003 3265 3073 gloria
3302 3003 3424 3057 illo-

1839 3111 1961 3149 rum
1989 3096 2399 3162 demonstratis,
2418 3096 2635 3150 dicebat
2659 3114 2673 3150 :
2715 3099 2843 3150 Han:
2870 3096 3049 3149 omnia
3070 3096 3167 3149 tibi
3189 3096 3348 3161 dabo,
3378 3097 3423 3150 si

1840 3189 2111 3259 procidens
2152 3205 2232 3243 me
2259 3189 2567 3243 adoraveris
2608 3189 2676 3243 ⁸⁷.
2732 3189 2793 3243 Si
2834 3188 3262 3244 enimmendax
3312 3198 3422 3256 est,

1838 3295 2003 3350 neque
2030 3296 2264 3351 unquam
2294 3281 2350 3334 in
2377 3281 2600 3335 veritate
2656 3270 2884 3351 perstitit
2906 3280 2952 3312 ⁸⁸
3002 3281 3099 3349 (ita
3131 3280 3276 3335 enim
3320 3296 3422 3336 nos

1838 3371 2026 3427 docuit
2054 3371 2332 3440 ipsissima
2347 3373 2572 3438 veritas,
2596 3387 2775 3442 neque
2791 3372 3083 3443 quisquam
3106 3381 3420 3436 esteorum,

1836 3464 1927 3533 qui
1962 3463 2242 3525 Christum
2298 3462 2646 3534 profitentur,
2696 3465 2791 3534 qui
2854 3465 2995 3519 hanc
3062 3465 3421 3520 assertionem

1837 3554 2128 3609 admittere
2180 3554 2360 3624 nolit),
2395 3569 2580 3608 nonne
2628 3553 2871 3607 omnium
2912 3553 3419 3609 manifestissimum

1839 3654 1944 3711 est,
1972 3645 2116 3715 quod
2144 3646 2415 3701 mendacii
2446 3654 2635 3699 auctor
2664 3645 2797 3698 nulli
2833 3659 3017 3698 rerum
3078 3644 3419 3699 terrestrium

1839 3737 2172 3800 dominetur,
2205 3752 2387 3808 neque
2411 3736 2527 3808 ipse
2547 3751 2734 3791 earum
2760 3735 3012 3791 conditor
3041 3736 3288 3799 exsistat,
3321 3736 3418 3790 sed

1839 3836 2054 3883 tantum
2089 3837 2279 3883 auctor
2311 3827 2607 3884 voluntatis
2636 3837 2692 3882 et
2736 3827 3015 3881 actionum
3049 3826 3263 3881 illorum
3312 3826 3414 3880 ho-

1837 3919 2047 3972 minum
2077 3918 2171 3985 sit,
2196 3933 2334 3989 quos
2362 3918 2479 3989 ipse
2494 3918 2705 3972 occulte
2736 3915 3042 3982 seminavit,
3097 3925 3153 3971 et
3180 3931 3414 3985 quorum

1837 4009 2107 4065 rationem
2141 4010 2214 4065 ita
2236 4009 2667 4076 transformavit,
2704 4017 2766 4063 ut
2803 4008 2979 4078 ipsum
3010 4007 3350 4063 conditorem
3366 4018 3423 4064 et

1837 4110 2118 4156 auctorem
2145 4117 2326 4157 rerum
2358 4102 2747 4166 inscriberent,
2794 4115 2903 4155 non
2935 4100 3091 4169 quasi
3114 4100 3159 4155 is
3179 4099 3421 4156 animam

1837 4201 1934 4246 aut
1958 4207 2159 4261 corpus
2194 4208 2384 4248 eorum
2418 4208 2487 4248 ex
2525 4207 2637 4248 non
2691 4193 3082 4249 exsistentibus
3131 4193 3423 4264 produxis-

1838 4294 1944 4350 set,
1967 4287 2063 4341 sed
2096 4287 2244 4357 quod
2259 4288 2397 4343 adeo
2427 4288 2483 4343 in
2509 4296 2882 4344 transversum
2906 4287 3015 4344 acti
3043 4296 3193 4352 sunt,
3216 4295 3277 4342 ut
3294 4302 3422 4343 eum

1840 4377 1943 4447 ipsi
1985 4377 2089 4432 sibi
2134 4378 2430 4433 Dominum
2467 4379 2890 4435 constituerint?
2916 4378 3107 4449 Itaque
3149 4377 3226 4443 id,
3277 4377 3422 4447 quod

157 4469 361 4539 πλάνης
412 4469 494 4530 είς
536 4468 882 4538 παράστασιν
940 4467 1038 4520 τοῦ
1087 4465 1297 4519 οἰκείου
1344 4462 1737 4534 προϐάλλονται

1842 4469 2089 4523 nonnulli
2128 4471 2431 4525 errantium
2472 4471 2529 4525 in
2556 4470 2933 4527 defensionem
2978 4469 3278 4541 impietatis
3312 4484 3425 4524 suis

155 4560 591 4630 δυσσεϐήματος,
640 4559 834 4630 ὅτιπερ
863 4557 1023 4629 ἄρχει
1053 4557 1169 4611 τῶν
1214 4556 1472 4624 ἐπιγείων
1501 4556 1530 4607 6
1564 4555 1736 4624 Πονη-

160 4653 265 4723 ρδςν
290 4651 458 4705 τοῦτο
477 4650 663 4714 αὐτοῖς
677 4652 759 4714 είς
774 4650 835 4704 τὸ
857 4650 1083 4721 μηδενὸς
1099 4648 1278 4703 αὐτῶν
1301 4664 1369 4700 πε
1378 4647 1736 4720 ριέστραπται

162 4748 407 4815 μετέχειν
434 4744 537 4813 τῆς
571 4742 769 4814 ἀρχῆς.
812 4741 1070 4812 Ψεύστης
1118 4742 1228 4812 γὰρ
1275 4739 1350 4794 ὣν
1382 4738 1478 4793 καὶ
1507 4738 1736 4809 ψεύδους

158 4836 397 4905 ἀρχηγὸς
433 4834 596 4897 αὐτὸς
634 4835 853 4888 ἀνεῖπεν
906 4828 1086 4901 ἑαυτῷ
1131 4828 1242 4882 τῶν
1274 4827 1535 4896 ἐπιγείων
1589 4827 1735 4898 ἔχειν

160 4927 250 4997 τὴν
278 4929 482 4997 ἀρχήν.
529 4923 690 4979 Ἀλλά
705 4924 814 4995 γὰρ
839 4925 887 4977 εί
914 4923 984 4976 τά
1018 4919 1253 4991 σώματά
1294 4922 1412 4973 ἐστι
1438 4919 1531 4972 τοῦ
1562 4921 1735 4990 [ιονη-

158 5020 277 5090 ροῦ,
307 5020 428 5081 πῶς
456 5019 509 5071 οῖ
536 5018 779 5089 μαθηταὶ
804 5015 867 5070 τὸ
904 5015 1039 5078 ἃλας
1063 5012 1277 5067 ἔσονται
1300 5012 1404 5082 τῆς
1435 5012 1571 5082 γῆς;
1611 5010 1735 5071 Πῶς

166 5112 217 5164 δὲ
237 5112 294 5165 τὸ
318 5112 437 5178 φῶς
465 5109 560 5164 τοῦ
591 5110 803 5178 κόσμου
830 5125 846 5173 ;
876 5106 936 5172 ἐξ
957 5104 1219 5177 ἡμισείας
1241 5103 1348 5175 γὰρ
1375 5104 1469 5156 καὶ
1488 5103 1734 5156 άλίσουσι

172 5205 258 5257 καὶ
294 5203 615 5271 φωτίσουσι,
652 5200 853 5271 μᾶλλον
888 5198 945 5251 δέ
983 5198 1083 5250 οὐκ
1116 5195 1176 5261 ἐξ
1205 5195 1479 5265 ἡμισείας.
1500 5195 1611 5248 Καὶ
1626 5195 1735 5266 γὰρ

174 5295 337 5347 καὶτὰ
358 5294 533 5364 ἡμίση
554 5292 719 5346 πάλιν
731 5290 827 5343 τοῦ
844 5285 1188 5359 ἀνθρωπίνου
1206 5285 1601 5357 συγκρίματος,
1620 5286 1736 5340 ἀλλ’

175 5387 261 5455 οὐχ
280 5386 395 5437 ὅλον
428 5383 594 5437 ποθὲν
622 5381 716 5435 τδν
742 5380 1052 5450 ἄνθρωπον.
1087 5377 1459 5431 Ἀνεπίδεκτον
1478 5376 1586 5449 γάρ
1615 5378 1733 5430 ἐστι

177 5436 480 5545 annua”
539 5436 636 5526 τοῦ
672 5436 921 5541 Πονηροῦ
963 5467 1273 5538 ἁλισθῆναι,
1300 5466 1442 5521 ὥστε
1483 5436 1567 5540 μὴ’
1598 5436 1753 5539 πρὸς.

244 5749 287 5780 ⁸⁸
311 5751 498 5807 Matth.
528 5768 630 5816 xu,
660 5750 685 5805 1
716 5765 868 5821 seqq.

1837 4560 2096 4628 aderunt,
2127 4563 2278 4633 quod
2308 4563 2522 4619 scilicet
2553 4564 2905 4620 terrestribus
2942 4563 3257 4619 dominetur
3307 4562 3423 4617 Ma-

1836 4649 1946 4717 lus,
1980 4652 2055 4715 id,
2106 4652 2352 4722 inquam,
2385 4668 2453 4709 eo
2485 4654 2734 4709 adhiberi
2789 4662 2991 4724 potest,
3041 4663 3102 4709 ut
3142 4653 3245 4708 sub
3272 4654 3425 4708 nullo

1836 4742 2073 4813 imperio
2124 4758 2246 4797 esse
2297 4743 2572 4799 dicantur.
2624 4743 2727 4809 Qui
2776 4744 2921 4799 enim
2950 4742 3182 4798 mendax
3222 4752 3328 4808 est,
3370 4754 3425 4799 et

1835 4844 2031 4890 auctor
2066 4835 2363 4898 mendacii,
2423 4835 2541 4906 ipse
2567 4836 2669 4891 sibi
2709 4834 3000 4905 imperium
3030 4850 3216 4889 rerum
3250 4845 3423 4891 terre-

1838 4925 2035 4980 strium
2068 4925 2387 4980 vindicavit.
2427 4925 2485 4980 Si
2530 4941 2694 4995 porro
2748 4940 2979 4995 corp0ta
3037 4935 3166 4981 sunt
3195 4942 3225 4979 a
3263 4926 3423 4995 Malo,

1841 5018 2118 5087 quomodo
2156 5018 2407 5087 discipuli
2439 5018 2518 5073 sal
2554 5026 2713 5072 erant
2764 5019 2964 5073 terrae?
3020 5019 3298 5089 quomodo
3331 5018 3426 5072 lux

1844 5108 2028 5162 mundi
2060 5108 2148 5162 3'?
2183 5125 2247 5164 ex
2265 5108 2487 5163 dimidia
2507 5110 2654 5163 enim
2692 5119 2905 5164 tantum
2934 5119 3087 5177 parte
3117 5109 3335 5173 salient,
3369 5116 3429 5162 et

1844 5202 2254 5264 illuminabunt.
2283 5201 2393 5256 imo
2422 5217 2556 5257 vero
2584 5216 2653 5257 ne
2668 5216 2732 5257 ex
2750 5202 2973 5257 dimidia
2999 5202 3216 5273 quidem
3248 5211 3420 5271 parte.

1842 5293 1979 5350 Nam
2009 5295 2251 5351 vicissim
2285 5295 2572 5351 dimidiam
2628 5303 2839 5349 tantum
2884 5293 3140 5349 bumzfnae
3169 5294 3425 5348 substan-

1843 5383 1931 5438 tiae
1962 5393 2193 5452 partem,
2252 5400 2361 5438 nou
2394 5399 2529 5439 vero
2558 5384 2657 5439 toti
2711 5384 2919 5439 homini
2966 5383 3019 5437 id
3064 5381 3423 5453 przestabunt,

1840 5474 2103 5531 Creatura
2142 5476 2289 5532 enim
2311 5476 2435 5532 Mali
2461 5476 2740 5533 salituram
2772 5492 2885 5534 non
2915 5475 3175 5541 admittit,
3211 5488 3283 5528 ne
3309 5488 3425 5526 ma-

944 5749 1019 5792 ".
1040 5746 1232 5803 Matth.
1275 5762 1349 5812 tv,
1385 5744 1436 5799 9.
1514 5746 1559 5777 ⁸⁵
1585 5743 1746 5800 Joan.
1780 5762 1899 5813 vm,
1922 5747 2011 5804 44.
2087 5748 2132 5781 ⁸⁹
2158 5746 2527 5815 Matth.v,15.
