3886 6442
191 378 268 441 157
1165 363 1462 423 CONTRA
1499 355 1957 422 MANICH/EOS
1991 352 2223 413 LIBER
2261 353 2360 412 ιν.
3290 342 3395 407 193

186 482 422 548 ἠνέσχετο,
453 474 547 528 καὶ
586 472 883 543 καθαρσίου
932 468 1215 539 δυνάμεως
1260 468 1355 521 καὶ
1386 464 1716 533 ἁγιαστικῆς

1859 459 2080 530 ρροείιιε
2127 456 2416 528 potestatis
2470 471 2610 526 opus
2656 454 2984 509 exsisteret?
3038 453 3213 524 Atque
3252 456 3393 519 hanc

186 520 472 642 μεταδοῦναι
503 520 743 635 χάριτος,
788 563 838 615 εί
873 562 951 633 μὴ
990 520 1088 629 τῆς
1120 559 1287 611 αὐτοῦ
1316 520 1715 627 δημίουργίαξ,

1862 520 2043 604 ratiam
2083 520 2150 603 ea
2185 550 2457 619 baptismo
2488 558 2741 617 tanquam
2772 546 2923 601 fonte
2948 547 3210 601 scaturire
3230 548 3396 616 jussit

188 640 296 713 άλλά
321 657 416 725 τῆς
441 653 821 723 ἀντικειμένης
854 651 1120 720 ἐτύγχανε
1150 647 1582 717 δημιούργημα;
1608 645 1719 697 Καί

1858 657 1930 695 on
1969 641 2143 694 solum
2197 650 2347 705 tunc,
2393 655 2516 692 eum
2545 653 2775 707 corpore
2808 652 3052 708 praesens
3076 646 3244 699 esset,
3296 640 3392 692 sed

189 750 356 817 ταύτην
382 746 478 817 τὴν
510 745 667 815 χάριν
691 744 753 796 οὐ
791 740 985 812 παρὼν
1010 740 1168 811 μόνον
1192 738 1271 807 τῷ
1300 736 1517 806 σώματι
1539 734 1720 805 πηγά-

1858 735 2055 787 ratiose
2081 732 2282 793 effecit,
2316 741 2378 786 ut
2404 733 2464 787 in
2491 732 2673 786 futura
2708 733 2903 787 satcula
2934 730 3115 785 omnia
3149 732 3392 785 salvaudi

192 842 282 903 ζειν
309 839 573 906 ἐδωρεῖτο,
619 834 755 887 ἀλλὰ
806 835 905 886 καὶ
947 834 1027 894 είς
1078 831 1206 893 τοὺς
1234 828 1434 899 ἐφεξῆς
1474 828 1721 889 ἅπαντας

1862 827 1909 880 ic
1942 840 2037 895 per
2071 825 2336 895 Spiritum
2363 836 2611 881 sanctum
2662 824 3132 894 regenerationem
3172 838 3396 877 novam-

191 920 357 989 αίῶνας
388 925 463 993 ,δι’
516 922 681 976 αὑτοῦ
737 924 837 991 τὴν
885 920 1188 975 ἀνάπλασιν
1219 918 1314 972 καὶ
1360 918 1720 987 ἀναγέννησιν

1861 932 1925 971 ue
1953 918 2290 972 creationem
2340 917 2673 981 invenirent,
2720 926 2885 985 atque
2915 916 3050 970 adeo
3082 916 3185 969 hoc
3208 916 3395 985 gratiae

191 1018 423 1087 εὑρίσκειν
457 1015 585 1078 τοὺς
629 1014 973 1087 σωζομένους
1016 1012 1271 1083 ἐνεργείᾳ
1306 1010 1401 1065 τοῦ
1450 1009 1719 1079 παναγίου

1862 1026 2025 1063 onum
2102 1025 2386 1080 nunquam
2451 1009 2827 1063 intercideret.
2890 1006 3175 1073 Quomodo
3232 1024 3396 1078 porro

192 1083 463 1179 Πνεύματος
508 1083 875 1178 ἐχαρίτωσεν,
934 1106 1009 1169 ὼς
1065 1104 1335 1158 ἀθάνατον
1387 1103 1536 1173 αὐτῷ
1579 1120 1721 1173 παρ-

1859 1120 2079 1168 naunes,
2115 1104 2313 1174 dignus
2338 1102 2579 1166 habitus,
2621 1101 2712 1170 qui
2746 1101 2954 1154 videret
2991 1101 3191 1155 bonum
3222 1102 3393 1155 Deum

194 1199 469 1255 ακολουθεῖν
496 1200 617 1268 ’τὴν
672 1196 886 1269 δωρεὰν
931 1195 1027 1250 τοῦ
1062 1196 1417 1266 χαρίσματος.
1452 1193 1634 1260 ’Ἄξιος
1664 1195 1721 1247 δὲ

1855 1197 2223 1261 dveutautem,
2276 1195 2531 1263 idemque
2592 1193 2883 1263 propheta,
2934 1193 3282 1261 praestantior
3330 1202 3385 1247 et

191 1291 322 1346 πάλιν
364 1293 457 1360 τῆς
508 1290 834 1359 ἐπιφανείας
880 1287 977 1340 τοῦ
1024 1286 1231 1355 ἀγαθοῦ
1272 1286 1406 1339 Θεοῦ
1434 1285 1723 1355 γεγονὼςό

1861 1285 1999 1353 tajor
2025 1286 2303 1349 erunibus,
2334 1285 2423 1354 qui
2455 1300 2520 1338 ex
2561 1284 2819 1337 uxoribus
2854 1284 2964 1337 nati
2995 1290 3143 1349 sunt,
3179 1284 3248 1337 ab
3282 1284 3395 1353 ipsa

200 1384 441 1451 Ἰωάννης,
472 1381 567 1433 καὶ
596 1382 893 1451 ,προφήτου
939 1379 1328 1451 περισσάτερος
1346 1418 1362 1444 ,
1390 1379 1484 1430 καὶ
1520 1376 1722 1447 μείζων

1864 1377 2049 1431 eritate
2100 1377 2421 1437 renuntiat,
2482 1390 2580 1445 pro
2628 1374 2917 1444 przeccptis
2967 1375 3100 1444 legis
3158 1391 3398 1445 pugnare

190 1475 273 1527 τῶν
296 1474 346 1525 ἐν
370 1472 643 1542 γεννητοῖς
688 1470 964 1539 γυναικῶν
996 1469 1087 1522 ὑπ’
1117 1470 1286 1540 αὐτῆς
1328 1468 1430 1537 τῆς
1467 1466 1724 1537 ἀληθείας

1864 1483 2105 1539 igressus
2136 1475 2238 1532 est,
2278 1467 2325 1521 is
2354 1466 2583 1529 scilicet,
2614 1466 2705 1534 qui
2736 1468 2935 1520 missus
2959 1474 3096 1531 erat,
3132 1476 3190 1519 ut
3212 1468 3397 1537 gratiae

192 1563 536 1634 ἀναγορευθεὶς
559 1603 574 1627 ,
624 1561 743 1624 πῶς
772 1561 982 1630 ὑπέστη
1030 1559 1261 1630 νομικῆς
1309 1557 1527 1627 ἐντολῆς
1555 1547 1724 1627 ύπερ-

1864 1569 1968 1614 sset
2002 1558 2381 1629 pramuntius?
2404 1558 2596 1627 Neque
2626 1558 2672 1611 is
2701 1567 2909 1611 tantmn
2940 1574 3040 1627 pro
3072 1574 3132 1611 ea
3155 1559 3267 1627 jam
3298 1559 3398 1613 de-

195 1633 370 1727 μαχείν,
403 1653 494 1706 καὶ
519 1653 645 1707 τότε
668 1653 975 1722 πρόδρομος
996 1650 1096 1721 τῆς
1118 1649 1340 1719 χάριτος
1360 1644 1686 1708 ἀποσταλείς
1706 1659 1723 1710 ;

1864 1652 1995 1703 itura
2028 1648 2187 1717 (adeo
2216 1649 2362 1702 illam
2395 1658 2552 1702 norat
2584 1647 2676 1701 Dei
2701 1647 2905 1701 donum
2941 1647 3085 1717 esse)
3122 1657 3398 1701 certamen

202 1746 321 1798 Ὀδέ
362 1745 416 1797 οὐ
464 1743 628 1814 μόνον
678 1744 821 1813 ὑπὲρ
869 1743 972 1813 τῆς
1005 1743 1107 1814 ἤδη
1162 1742 1516 1811 παυομένης,
1549 1738 1724 1802 οὕτως

1864 1758 2098 1813 igressus
2127 1751 2230 1806 est,
2255 1742 2348 1796 sed
2375 1756 2441 1796 eo
2463 1756 2679 1810 quoque
2696 1750 2783 1794 est
2809 1749 3121 1809 provectus,
3150 1750 3209 1793 ut
3234 1741 3398 1795 vitam

195 1838 284 1908 ᾔδει
304 1835 490 1905 ταύτην
508 1835 649 1888 Θεοῦ
678 1835 876 1903 δῶρον,
902 1834 999 1887 τὸν
1031 1834 1219 1903 ἀγῶνα
1253 1831 1554 1905 προθύμως
1593 1847 1720 1901 μετ-

1862 1852 1973 1889 uam
2022 1842 2377 1905 postponeret
2432 1834 2577 1887 serio
2625 1834 2772 1887 illam
2816 1833 3141 1888 observandi
3195 1834 3396 1889 studio.

194 1933 383 1999 ήρκετο,
432 1926 569 1981 ἀλλὰ
621 1929 718 1979 καὶ
763 1926 929 1997 μέχρι
978 1925 1258 1991 τοσούτου,
1314 1924 1458 1977 ὥστε
1491 1924 1587 1975 καὶ
1621 1921 1723 1994 τὴν

1878 1928 1984 1982 nde
2018 1926 2164 1981 enim
2195 1925 2727 1980 animadversionem
2776 1925 2921 1978 illam
2951 1941 3104 1979 suam
3150 1926 3205 1979 in
3239 1925 3404 1979 llcroo

195 2020 351 2072 ἑαυτοῦ
386 2018 523 2090 ζωὴν
552 2017 819 2089 δευτέραν
861 2019 1017 2087 ἄγειν
1058 2018 1161 2088 τῆς
1193 2018 1324 2089 περὶ
1356 2017 1525 2087 αὐτὴν
1553 2013 1725 2084 φυλα·

1869 2033 1970 2083 em,
2001 2019 2189 2074 dicens
2221 2037 2235 2073 :
2283 2018 2402 2071 Non
2439 2017 2555 2072 licet
2607 2017 2701 2069 tibi
2740 2016 2930 2070 habere
2965 2032 3177 2070 uxorem
3218 2018 3403 2085 fratris

198 2115 291 2178 κῆς.
313 2112 376 2164 Τὸ
400 2111 505 2182 γάρ
537 2111 786 2182 ἐλέγχειν
811 2112 903 2166 τὸν
944 2110 1189 2182 Ἡρώδην
1206 2151 1221 2176 ,
1246 2110 1323 2173 ὡς
1368 2110 1492 2163 Οὐκ
1520 2106 1726 2172 ἔξεστί

1865 2111 1903 2162 ιί
1926 2110 1993 2175 ⁸⁵,
2035 2111 2199 2176 unde,
2243 2110 2486 2179 inquam,
2541 2123 2660 2163 eam
2691 2118 2885 2163 nactus
2910 2117 3015 2172 est,
3050 2118 3143 2162 aut
3174 2126 3270 2179 pro
3293 2126 3399 2179 qua

197 2220 272 2256 σοι
302 2204 450 2270 ἔχειν
486 2201 607 2271 τὴν
647 2202 904 2271 γυναῖκα
945 2201 1053 2257 τοῦ
1085 2200 1354 2271 ἀδελφοῦ
1386 2215 1526 2265 σου,
1561 2199 1725 2254 πόθεν

1868 2217 1943 2271 τερ
1996 2216 2341 2272 propugnans
2394 2200 2465 2255 ita
2526 2200 2830 2270 objurgavit
2896 2216 3077 2270 regem
3125 2200 3148 2254 ?
3210 2201 3402 2255 Nonne

199 2296 340 2349 λαϐὼν
361 2296 609 2367 ἐπετίμα,
636 2295 670 2367 ἢ
693 2296 838 2360 τίνος
869 2295 1263 2366 ύπερασπίζων
1288 2294 1611 2365 νομοθεσίας
1634 2292 1727 2346 τὸν

1864 2292 1997 2355 idcs.
2032 2306 2193 2361 quam
2228 2292 2388 2362 longe
2416 2291 2742 2361 prodromus
2777 2292 3011 2361 gratiam
3045 2292 3398 2358 contumelia,

200 2386 375 2455 ἔλεγχον
415 2389 692 2458 προσῆγεν
741 2385 821 2456 τῷ
868 2385 1115 2456 βασιλεῖς
1171 2387 1283 2457 Οὐχ
1337 2387 1504 2457 ὁρᾷς,
1562 2386 1727 2439 πόσον

1864 2383 2115 2453 raeceptis
2147 2383 2279 2453 legis
2312 2382 2619 2447 inferenda,
2652 2381 2907 2447 abfuerit,
2946 2382 2991 2437 is
3024 2384 3268 2449 omnino,
3304 2383 3396 2453 qui

201 2479 381 2547 ἀπεῖχεν
409 2477 648 2548 ὑϐρίζειν
675 2478 774 2541 τὰς
802 2478 1033 2547 νομικὰς
1063 2479 1281 2542 ἐντολὰς
1311 2480 1339 2532 ὁ
1366 2479 1467 2549 τῆς
1506 2478 1729 2549 χάριτος

1868 2483 1885 2528 ι
1912 2481 2191 2528 auctorem
2219 2475 2405 2544 gratia:
2436 2474 2760 2543 baptizaret,
2803 2474 2999 2543 dignus
3025 2473 3244 2529 habitus
3275 2474 3400 2528 est?

202 2569 476 2637 πρόδρομος,
506 2569 604 2622 καὶ
633 2567 726 2621 τὸν
755 2569 854 2639 τῆς
884 2569 1107 2639 χάριτος
1134 2569 1436 2640 νομοθέτην
1464 2568 1729 2639 βαπτίσαι

1872 2567 1886 2619 i
1921 2582 2048 2621 vero
2074 2568 2311 2622 mosaica
2352 2576 2621 2638 praecepta
2658 2583 2769 2622 non
2804 2568 2872 2622 ab
2918 2568 3108 2622 eadem
3140 2569 3319 2623 divina
3347 2580 3402 2623 et

201 2658 538 2726 καταξιωθείς;
579 2658 643 2711 Εἰ
672 2659 730 2712 δὲ
766 2659 843 2730 μὴ
881 2661 979 2731 τῆς
1028 2659 1199 2730 αὐτῆς
1246 2654 1387 2730 ἦσαν
1438 2659 1589 2723 θείας
1637 2662 1730 2714 καὶ

1868 2659 2072 2715 eneﬁca
2122 2661 2477 2730 inspiratione
2527 2660 2772 2730 profecta
2817 2660 3074 2725 fuissent,
3129 2665 3402 2730 quomodo

200 2748 493 2819 ἀγαθουργοῦ
536 2750 829 2812 ἐπιπνοίας
858 2752 927 2803 τὰ
954 2750 1220 2804 Μωσαῖκά
1267 2750 1727 2822 παραγγέλματα,

1869 2751 1972 2803 lem
2022 2749 2206 2820 gratia:
2256 2750 2507 2804 minister
2559 2749 2649 2803 illa
2693 2749 2830 2804 adeo
2879 2765 2989 2803 non
3045 2751 3401 2820 contemptim

202 2839 291 2899 πῶς
313 2839 337 2891 ὁ
360 2838 508 2903 αὐτὸς
552 2839 659 2909 τῆς
690 2840 911 2911 χάριτος
945 2839 1223 2911 ὑπηρέτης
1248 2839 1356 2893 οὐδ’
1382 2841 1606 2894 ἐκείνων
1630 2842 1730 2913 τὴν

1870 2841 2041 2908 abuit,
2075 2850 2136 2897 ut
2171 2857 2233 2897 ea
2264 2842 2444 2912 potius
2469 2842 2618 2897 omni
2661 2842 2841 2896 studio
2879 2851 3176 2898 sectaretur
3200 2852 3257 2897 et
3291 2842 3403 2898 fer-

200 2931 443 3000 ὀλιγωρίαν
478 2931 774 3001 ὑπέμενεν,
823 2931 940 2984 ἀλλ’
973 2927 1041 2993 ἦν
1080 2930 1261 2985 αὐτῶν
1284 2932 1513 3003 σφοδρὸς
1553 2929 1730 3003 ζηλω-

1868 2933 1953 2988 ide
1980 2935 2227 3005 urgeret?
2256 2934 2546 2989 Servatore
2578 2942 2768 2987 nostro
2800 2933 3068 3003 imprimis
3096 2934 3400 2990 clamante:

200 3023 275 3091 τὴς
295 3023 376 3075 καὶ
392 3023 652 3094 διάπυρος
694 3024 1018 3094 ἐκδικητής;
1080 3024 1315 3095 μάλιστά
1339 3042 1403 3095 γε
1424 3024 1519 3079 τοῦ
1547 3024 1733 3096 Σωτῆ-

1870 3027 1997 3079 {emo
2024 3036 2191 3095 potest
2215 3026 2414 3079 duobus
2439 3026 2669 3079 dominis
2702 3026 2894 3079 servire
2912 3041 2930 3078 :
2960 3036 3052 3078 aut
3076 3026 3213 3079 enim
3241 3044 3404 3080 unum

205 3129 273 3181 po;
297 3114 702 3185 διακεκραγότος
722 3131 736 3146 ·
775 3114 983 3179 Οὐδεὶς
1009 3114 1261 3169 δύναται
1292 3115 1453 3185 pavo!
1497 3115 1727 3185 κυρίοις

1870 3118 1951 3170 dio
1979 3116 2203 3179 habebit,
2242 3124 2290 3168 et
2330 3114 2557 3168 alterum
2586 3114 2767 3184 diliget
2799 3131 2816 3167 :
2844 3123 2938 3167 aut
2970 3116 3061 3168 ιιιιὶ
3094 3116 3404 3181 αιίΙιαξνείιὶι,

202 3202 464 3258 δουλεύειν
485 3222 501 3237 -
528 3205 568 3274 ἢ
593 3206 706 3275 γὰρ
726 3206 836 3259 τὸν
860 3205 968 3259 ἕνα
994 3205 1265 3275 μισήσει,
1282 3206 1507 3260 καὶτὸν
1524 3206 1732 3274 ἕτερον

1871 3219 1883 3261 ι
1933 3208 2160 3261 alterum
2206 3215 2517 3261 contemnet.
2568 3206 2689 3259 Non
2734 3207 2950 3275 potestis
3000 3207 3106 3260 Deo
3136 3211 3331 3262 servire
3357 3222 3405 3263 ct

203 3293 481 3361 ἀγαπήσει·
516 3295 555 3364 ἣ
584 3296 692 3350 τοῦ
722 3295 860 3361 ἐνὸς
888 3296 1221 3361 ἀνθέξεται,
1253 3298 1351 3350 καὶ
1387 3295 1495 3350 τοῦ
1524 3296 1729 3364 ἐτέρου

1875 3298 2154 3352 lammome
2182 3299 2249 3351 ³⁵.
2306 3298 2463 3364 Quod
2517 3297 2561 3351 si
2609 3298 2694 3351 lex
2724 3306 2778 3351 et
2808 3297 2980 3367 gratia
3013 3313 3041 3352 a
3069 3299 3283 3353 duobus
3311 3302 3409 3354 do-

205 3385 619 3455 καταφρονήσει.
656 3390 741 3442 Οὐ
780 3388 1049 3443 δύνασθε
1102 3385 1224 3453 Θεῷ
1267 3387 1584 3441 δουλεύειν
1632 3387 1732 3443 καὶ

1871 3391 1994 3444 riuis
2046 3390 2309 3460 oppositis
2356 3406 2465 3444 non
2512 3399 2693 3443 autem
2742 3390 2811 3444 ab
2839 3390 3029 3443 eadem
3076 3390 3318 3446 bonitate
3348 3401 3405 3447 et

204 3474 473 3543 Μαμμωνᾷ.
507 3478 624 3529 Καὶ
670 3476 777 3547 μὴν
814 3477 863 3530 εἰ
891 3476 985 3529 δύο
1032 3476 1239 3547 κυρίων
1276 3475 1671 3545 ἀντικειμένων
1704 3478 1733 3530 ὁ

1874 3493 2102 3538 otcstate
2144 3482 2399 3553 profecta:
2438 3489 2599 3546 sunt,
2653 3482 2926 3551 quomodo
2976 3482 3043 3545 is,
3088 3498 3196 3552 quo
3225 3484 3408 3538 nullus

206 3564 330 3635 νόμο,
362 3571 445 3620 καὶ
469 3570 501 3638 ὴ
528 3569 717 3639 χάρις,
755 3568 893 3621 ἀλλὰ
922 3569 999 3639 μὴ
1020 3570 1118 3640 τῆς
1147 3570 1277 3639 μιᾶς
1306 3568 1642 3639 ἀγαθότητός
1672 3584 1731 3621 τε

1874 3584 1976 3629 iter
2032 3575 2281 3629 homines
2319 3575 2493 3643 major
2540 3584 2643 3639 est,
2701 3575 2916 3630 duobus
2956 3576 3213 3640 dominis,
3247 3586 3408 3646 prout

207 3658 277 3708 καὶ
304 3661 605 3730 μοναρχίας,
634 3660 753 3723 πῶς
783 3655 842 3714 οὗ
872 3661 1059 3730 μηδεὶς
1085 3663 1142 3715 ἐν
1169 3660 1478 3731 ἀνθρώποις
1509 3661 1730 3732 μείζων,

1879 3666 2001 3735 npia
2054 3666 2336 3721 hominum
2400 3666 2580 3737 lingua
2629 3667 2810 3731 tradit,
2857 3668 3062 3722 servire
3116 3668 3264 3723 visus
3289 3671 3408 3724 est?

206 3748 299 3801 δυσὶ
335 3750 588 3806 δουλεύων
625 3750 785 3823 ὤφθη
819 3754 1031 3824 κυρίοις
1076 3752 1221 3806 κατὰ
1248 3753 1347 3823 τὴν
1373 3753 1533 3807 ἄθεον
1560 3754 1734 3822 γλωσ⁴

1872 3767 2013 3825 .tque
2066 3758 2256 3813 eodem
2299 3759 2458 3812 modo
2492 3768 2838 3827 comparatus
2884 3758 2986 3812 fuit
3014 3759 3279 3826 omnium,
3315 3761 3406 3831 qui

210 3842 424 3911 σαλγίαν;
460 3846 742 3908 Ὡσαύτως
762 3844 818 3898 δὲ
846 3844 941 3897 καὶ
971 3845 1081 3898 τῶν
1110 3845 1218 3917 πρὸ
1250 3844 1415 3899 αὑτοῦ
1439 3846 1733 3916 προφητῶν

1874 3860 1961 3905 nte
1993 3849 2169 3920 ipsum
2201 3849 2445 3913 fuerunt,
2483 3851 2873 3921 prophetarum
2902 3860 3098 3905 ctetus.
3125 3850 3244 3905 Jam
3276 3868 3408 3907 vero

207 3934 233 4000 ἡ
264 3936 524 4006 ὁμήγυρις.
557 3937 637 3989 Τὸ
671 3936 781 4006 γὰρ
823 3937 905 3989 ὄτι
946 3938 1036 3989 καὶ
1067 3937 1230 4000 αὐτὸς
1261 3939 1290 3991 ὁ
1319 3936 1510 4008 Σωτὴρ
1538 3938 1598 3990 τὸ
1631 3955 1736 3992 πα-

1871 3940 1913 4003 1,
1950 3941 2095 4010 quod
2123 3940 2381 3994 Servator
2408 3940 2546 4010 ipse,
2579 3942 2741 3994 homo
2771 3941 2965 4007 factus,
3003 3941 3178 3996 Patris
3210 3945 3405 3998 volun-

207 4028 358 4094 τρικον
387 4030 622 4100 ἐπλήρου
652 4029 1082 4103 ἐνανθρωπήσας
1125 4030 1364 4102 θέλημα,
1398 4032 1492 4085 καὶ
1518 4032 1593 4096 ὡς
1635 4033 1736 4086 οὐκ

1871 4040 2002 4084 item
2033 4030 2279 4100 perfecit,
2331 4032 2587 4101 quodque
2636 4046 2747 4085 ιιοιι
2791 4030 2941 4086 venit
2985 4033 3051 4087 ad
3092 4033 3405 4088 solvendam

205 4114 309 4189 ἦλθε
348 4125 765 4196 καταλῦσαιοτδν
793 4127 977 4197 νόμον,
1011 4127 1045 4198 ἢ
1082 4128 1211 4191 τοὺς
1250 4128 1559 4199 προφήτας,
1599 4128 1736 4183 ἀλλὰ

1874 4134 2008 4190 :gem
2067 4129 2161 4173 aut
2214 4121 2510 4190 prophetas
2535 4160 2550 4184 ,
2584 4124 2693 4175 sed
2738 4121 2920 4191 potius
2949 4124 3019 4177 ad
3047 4124 3408 4194 implendum,

207 4210 471 4281 πληρῶσαι,
518 4215 610 4268 διὰ
658 4216 759 4287 τὴν
800 4216 900 4288 τῆς
929 4216 1223 4287 ἀθεότητος
1257 4217 1588 4291 ὑπερϐολὴν,
1634 4219 1736 4273 οὐκ

1874 4210 2004 4266 olim
2034 4210 2291 4281 amplius,
2338 4213 2407 4266 ob
2455 4212 2746 4265 maximam
2793 4214 3085 4269 contrariae
3122 4217 3408 4271 sententia:

207 4299 258 4352 ἂν
280 4300 552 4374 ὑποσταίην
580 4306 916 4376 σαφέστερον
944 4302 1379 4368 ἀναπτύξασθαι.

965 4302 1379 4368 ιναπτύξασθαι.
1837 4301 2195 4371 impietatem,
2223 4303 2499 4358 evolvere.

260 4393 306 4446 l’.
341 4394 474 4464 Πλὴν
518 4397 649 4464 τόγε
697 4397 960 4469 άρῤητον,
992 4397 1066 4460 ὡς
1093 4392 1206 4451 οἷόν
1235 4396 1294 4449 τέ
1341 4398 1489 4462 ἐστι,
1531 4396 1625 4451 καὶ
1650 4394 1734 4463 ἐφ’

1905 4391 2080 4459 ΧεΑι
2125 4392 2405 4448 ἰιιιῖιιιιάιιιιι
2452 4394 2607 4460 illud,
2661 4395 2840 4466 quoad
2888 4398 3005 4451 ﬁeri
3034 4406 3232 4467 potest,
3269 4408 3325 4453 et
3353 4399 3407 4453 in

206 4480 304 4535 ὅσον
332 4484 399 4556 μὴ
419 4486 699 4549 παντελῶς
728 4487 1059 4557 χαρίσασθαι
1075 4489 1188 4551 τοῖς
1209 4485 1423 4558 ἐχθροῖς
1454 4484 1731 4555 ἐκφυγὼν,

1877 4490 2103 4536 uantum
2149 4498 2259 4537 non
2308 4483 2455 4538 omni
2501 4499 2566 4538 ex
2613 4493 2767 4555 parte
2818 4486 3113 4555 gratiﬁcari
3165 4487 3410 4543 hostibus

206 4572 253 4625 τὸ
276 4576 374 4642 μετ’
393 4577 563 4631 ἐκεῖνο
590 4577 840 4649 δεύτερον
865 4578 994 4648 ἐρῶ.
1026 4579 1115 4643 Ὠς
1138 4581 1166 4633 ὁ
1201 4578 1457 4648 Ἰωάννης
1478 4580 1544 4647 τῇ
1562 4594 1621 4630 τε
1641 4576 1737 4629 τοῦ

1876 4574 2001 4627 hnul
2032 4573 2255 4638 licebit,
2294 4584 2548 4644 tauquam
2576 4577 2743 4646 priori
2769 4577 2876 4632 isto
2915 4579 3215 4634 secundum
3247 4595 3410 4634 enar-

207 4662 339 4732 νόμου
363 4666 645 4735 διαγνώσει
665 4670 762 4722 καὶ
785 4669 885 4739 τῆς
908 4669 1131 4741 χάριτος
1157 4669 1432 4740 ὑπηρετού
1442 4685 1625 4739 μενος,
1650 4670 1740 4721 ναὶ

1876 4666 1991 4719 ibo.
2048 4664 2288 4720 Joannes
2330 4667 2559 4733 scilicet,
2609 4667 2663 4722 in
2711 4668 2950 4723 conﬁnio
2979 4669 3113 4739 legis
3137 4678 3192 4724 et
3226 4673 3410 4742 gratim

206 4752 256 4824 δὴ
280 4757 360 4810 καὶ
387 4759 444 4811 τὸ
473 4759 758 4830 σύνταγμα
785 4760 893 4813 τῶν
926 4761 1033 4833 πρὸ
1067 4760 1231 4815 αὑτοῦ
1267 4760 1564 4833 προφητῶν
1602 4760 1740 4828 ἀφύ-

1879 4759 2144 4813 iinisterio
2177 4757 2432 4829 fungens,
2475 4759 2584 4814 imo
2612 4768 2666 4813 ct
2694 4762 2875 4815 omnis
2905 4760 3320 4831 pr0phetarum,
3347 4780 3413 4819 eo

208 4860 329 4910 κτοις
356 4849 588 4921 ἐλέγχοις
625 4853 752 4915 τοὺς
778 4852 993 4915 ἀσεϐεῖς
1024 4850 1396 4923 στηλιτεύουσι
1423 4852 1523 4922 τὴν
1551 4851 1742 4905 ἐνυπό-

1880 4850 2105 4917 riorum,
2163 4860 2337 4906 cmtus
2367 4854 2707 4923 argumentis
2736 4869 2847 4907 non
2879 4855 3156 4908 solvendis
3179 4857 3412 4909 convin-

210 4948 369 4989 στατον
393 4938 648 5011 ἀλήθειαν
675 4941 755 5003 εἰς
799 4940 993 5010 ψεῦδος
1032 4941 1327 5012 διασύρειν,
1361 4943 1457 4994 καὶ
1494 4939 1739 5012 μαχομέ-

1883 4949 1974 4995 unt
2020 4941 2269 4996 homines
2315 4941 2448 4997 istos
2495 4942 2713 5012 impios,
2761 4945 2905 5013 quod
2949 4946 3237 5000 veritatem
3264 4947 3417 5023 ‘sub-

209 5042 294 5088 νικς
314 5031 612 5099 νομοθέταις
631 5031 729 5096 τὰς
751 5032 971 5095 ἐντολὰς
991 5032 1362 5104 διασχίζοντας
1380 5035 1445 5104 τῇ
1471 5033 1581 5086 τῶν
1602 5050 1738 5104 προ-

1880 5038 2149 5101 lautialem
2203 5047 2460 5107 tanquam
2515 5039 2862 5093 mendacium
2910 5040 3271 5108 insecteutur,
3327 5052 3414 5107 et,

209 5115 350 5181 τέρων
374 5117 612 5191 διαϐολῇ,
646 5119 747 5174 κᾶν
785 5118 939 5173 οὔπω
976 5124 1158 5191 γυμνῇ
1188 5124 1256 5193 τῇ
1293 5122 1502 5192 κεφαλῇ
1534 5122 1733 5193 τεθαρ-

1883 5147 1992 5194 um,
2030 5131 2258 5186 invectis
2307 5130 2704 5200 legislatoribus
2762 5133 3085 5197 contrariis,
3146 5142 3417 5203 princepta

213 5205 424 5273 ρήκασιν,
472 5211 626 5263 οὐδὲν
672 5211 894 5264 ἔλαττον
937 5212 1247 5277 ἑαλωκότας
1293 5213 1378 5284 (τί
1416 5215 1525 5284 γὰρ
1563 5213 1631 5268 ἂν
1673 5216 1734 5266 ἐκ

1880 5223 2164 5284 istrahunt,
2198 5222 2386 5277 eadem
2416 5236 2603 5291 opera,
2635 5237 2741 5290 qua
2776 5224 2955 5292 priora
2984 5223 3414 5288 calumniantur,

212 5296 394 5366 ᾧεύδους
433 5305 491 5357 οὐ
540 5306 747 5374 φαῦλον
777 5306 1104 5379 προέλθοι;)
1154 5308 1594 5380 συνεξορχείσθαι
1643 5309 1739 5361 καὶ

1884 5313 2083 5367 aamvis
2132 5312 2185 5366 id
2233 5312 2410 5382 palam
2466 5312 2643 5367 facere
2679 5328 2783 5367 nou
2813 5314 3070 5379 audeant,
3106 5328 3215 5368 non
3239 5313 3418 5367 minus

218 5389 265 5440 τά
287 5391 373 5460 τῆς
412 5395 651 5467 χάριτος.
687 5398 750 5451 El
786 5398 898 5469 γὰρ
939 5399 1039 5469 τῆς
1083 5400 1307 5471 χάριτος
1336 5401 1435 5471 μὲν
1463 5403 1493 5455 ὁ
1536 5401 1740 5469 ἀγαθὸς

1880 5413 1890 5459 L
1919 5421 2005 5470 ea,
2045 5422 2165 5475 quae
2195 5407 2382 5477 gratia:
2409 5415 2541 5461 sunt
2570 5406 2722 5476 (quid
2752 5407 2899 5460 enim
2925 5406 3052 5460 mali
3079 5420 3143 5459 ex
3184 5404 3414 5459 menda-

215 5480 444 5554 Δεσπότης
462 5490 774 5560 νομοθέτης,
814 5490 872 5543 ἓν
905 5490 962 5544 δέ
989 5491 1154 5545 αὐτοῦ
1189 5491 1301 5545 τῶν
1340 5493 1626 5563 δογμάτων
1646 5494 1742 5546 καὶ

1878 5498 1921 5551 io
1948 5514 2057 5552 non
2087 5497 2465 5567 proﬁciscatur
2487 5500 2530 5569 ?)
2565 5499 2797 5568 prodant
2819 5504 2873 5551 et
2909 5496 3070 5551 simul
3102 5493 3412 5564 explodant.

219 5569 289 5637 τὸ,
343 5578 535 5647 μηδένα
582 5581 843 5637 δύνασθαι
887 5582 1009 5635 δυσὶ
1055 5583 1266 5654 κυρίοις
1320 5584 1624 5653 δουλεύειν,
1682 5588 1740 5641 ἐν

1884 5589 1897 5642 i
1930 5589 2073 5645 enim
2126 5590 2301 5644 bonus
2364 5589 2627 5645 Dominus
2680 5589 2863 5661 gratia:
2892 5596 3081 5643 auctor
3113 5594 3215 5648 est,
3252 5583 3417 5655 hujus

270 5771 307 5801 ”
333 5771 482 5831 Marc.
520 5795 593 5845 Vl,
631 5781 713 5837 l8.
792 5784 837 5815 ⁹⁵
869 5782 1053 5838 Matth.
1090 5800 1161 5850 vl,
1195 5784 1285 5839 εει.
