3886 6432
407 331 508 394 199

1547 323 1811 386 ΡΙῙΟΤΙῙ
1853 319 2362 382 PATRIARCII/E
2401 319 2510 379 (ΖΡ.

3574 317 3690 382 200

400 463 534 503 vero
570 445 713 500 inter
747 441 955 513 reliqua
984 441 1092 498 hoc
1109 441 1308 514 dogma
1333 447 1440 506 est,
1491 439 1638 509 quod
1669 453 1830 492 nemo
1859 452 1987 506 pos-

2102 434 2328 504 ὲκατέρᾳ
2371 432 2429 484 δὲ
2462 429 2642 501 μερίδι
2679 427 3097 484 δεδουλεύκασιν
3150 430 3201 483 oi
3252 431 3688 503 προειρημένα,

401 540 473 594 sit
503 537 718 592 duobus
739 534 979 590 dominis
1009 535 1237 600 servire,
1277 533 1496 602 utrique
1526 545 1657 585 vero
1686 529 1823 598 parti
1851 543 1988 598 pne-

401 629 531 685 dicti
560 628 635 681 illi
682 627 1024 690 servierunt,
1081 640 1229 679 nunc
1271 631 1454 678 autem
1487 621 1576 675 illa
1616 629 1986 688 apostatarum

403 721 664 776 colluvies
695 719 860 772 alium
893 717 1146 772 Mosaicis
1191 713 1481 788 praeceptis
1509 711 1806 768 Dominum
1851 725 1987 764 con-

404 813 614 875 stituit;
640 826 823 864 nonne
848 809 992 863 inter
1011 809 1221 864 medios
1243 814 1540 877 praetextus
1566 805 1736 874 ipsam
1760 801 1987 872 gratiam

405 903 621 974 probris
676 903 1055 965 insectantur,
1119 901 1248 954 dum
1305 898 1715 954 calumniantur
1768 892 1990 964 legem?

405 996 481 1048 lta
513 993 656 1048 enim
722 995 886 1063 (quae,
941 1000 1065 1046 utut
1095 992 1261 1046 etiam
1295 992 1351 1046 in
1381 991 1755 1046 confutatione
1789 987 1990 1057 impie-

404 1084 530 1138 tatis
557 1096 988 1137 commemorare
1039 1081 1126 1136 vix
1176 1080 1256 1134 fas
1289 1080 1380 1144 sit,
1430 1079 1606 1150 magis
1629 1087 1812 1132 tamen
1845 1077 1990 1131 inte-

402 1191 558 1246 grum
587 1174 770 1243 fuerit)
797 1173 971 1243 ipsum
1007 1170 1418 1226 Testamentum
1462 1170 1730 1225 mendacii
1751 1168 1991 1223 insimu-

403 1263 518 1318 lare
578 1262 989 1331 judicabantur.
1047 1262 1154 1316 Sed
1205 1262 1337 1331 quid
1394 1261 1438 1315 si
1489 1261 1611 1330 quis
1660 1258 1986 1328 exceperit:

406 1353 466 1409 Si
501 1355 584 1408 lex
613 1355 753 1408 bona
784 1364 886 1419 est,
933 1370 1085 1415 num,
1115 1354 1208 1422 qui
1240 1355 1341 1408 sub
1367 1353 1538 1424 gratia
1555 1368 1765 1416 sumus,
1789 1367 1990 1406 secun-

403 1447 529 1500 dam
585 1461 707 1499 eam
789 1444 1066 1498 vivimus?
1117 1446 1188 1498 At
1246 1454 1336 1498 tua
1380 1444 1600 1514 quidem
1647 1458 1810 1497 causa
1852 1442 1990 1496 nihil

404 1539 600 1594 attinet
662 1552 992 1607 quemquam
1065 1535 1120 1589 in
1183 1538 1487 1592 subsidium
1537 1552 1754 1592 vocare.
1801 1535 1991 1602 Quod-

405 1647 532 1686 nam
583 1632 730 1686 enim
773 1630 866 1684 tibi
924 1627 1092 1697 impio
1138 1629 1372 1698 amplius
1407 1628 1635 1683 dubium
1670 1628 1794 1692 erit,
1834 1628 1992 1696 cujus

406 1723 737 1778 solutionem
770 1737 883 1796 non
963 1719 1294 1792 aggrediar?
1386 1718 1642 1788 Nunquid
1721 1718 1862 1771 forte
1912 1717 1991 1771 le-

2092 524 2252 579 ἀλλον
2279 524 2336 575 δὲ
2386 521 2592 592 Κύριον
2633 523 2749 584 τοῖς
2795 522 3116 584 Μωσαῖκοῖς
3150 521 3437 592 ἐφίστησιν
3477 525 3512 594 ἠ
3541 525 3690 577 ἀπο-

2094 615 2320 668 στασίοι⁹
2355 612 2475 677 πῶς
2495 612 2596 665 οὐκ
2620 613 2680 664 ὲν
2703 611 2782 682 τῷ
2809 613 3256 684 προπηλακισμῷ
3285 614 3381 668 τοῦ
3409 614 3606 685 νόμου,
3635 616 3690 668 εί

2092 707 2191 760 καὶ
2223 706 2312 759 διὰ
2347 704 2527 776 μέσων
2563 704 3106 775 παραπετασμάτων,
3133 706 3195 758 ού
3223 705 3690 777 συμπροπηλακί-

2094 797 2248 863 ζουσι
2272 798 2365 852 καὶ
2391 798 2491 868 τὴν
2531 796 2691 868 χάριν
2714 814 2729 862 ;
2762 797 2923 850 Οὕτω
2953 798 3064 868 γάρ
3095 798 3332 870 (καίπερ
3358 799 3419 852 ού
3445 797 3689 870 φορητὸν

2069 889 2210 944 κούδ’
2244 891 2331 942 ἐπ’
2349 889 2558 960 ἐλέγχῳ
2577 888 2758 957 λέγειν
2791 889 2892 959 τῆς
2914 889 3194 952 ἀσεσείας,
3219 889 3370 960 ὅμως
3392 890 3690 943 ἀνεκτότεο

2095 986 2250 1057 ρον),
2267 983 2682 1056 ψεύδουςιαύτὴν
2702 983 2972 1055 διαθήκην
2987 983 3389 1053 ἀποφαίνοντες
3408 979 3520 1038 εῐεν
3542 983 3685 1054 (96).

2107 1077 2268 1131 Ἀλλὰ
2307 1077 2360 1130 τί
2416 1077 2521 1130 κάν
2549 1094 2637 1140 τις
2693 1077 3073 1144 ὑπέκρουσεν·
3124 1076 3298 1147 Είπερ
3329 1077 3568 1157 ἀγαθὸς,
3606 1077 3690 1149 μὴ

2094 1168 2240 1222 κατά
2287 1168 2451 1238 νόμον
2485 1166 2582 1221 νῦν
2620 1169 2669 1221 οί
2701 1169 2798 1239 τῆς
2829 1169 3052 1240 χάριτος
3083 1168 3341 1239 βιοῦμενς
3379 1169 3542 1224 ’Λλλά
3582 1168 3688 1222 σοῦ

2098 1259 2200 1329 μὲν
2235 1260 2396 1330 χάριν
2424 1260 2580 1313 οὐδὲν
2617 1261 2841 1313 ἀπαιτεῖ
2879 1263 3217 1330 προσειπεῖν.
3253 1261 3320 1313 Τί
3347 1262 3456 1332 γὰρ
3483 1262 3566 1313 έτι
3598 1276 3689 1314 σοι

2093 1350 2446 1405 δυσσεϐοῦντι
2461 1352 2574 1421 (97)
2591 1351 2943 1420 διηπόρηται,
2964 1350 3076 1420 ἐγὼ
3092 1352 3148 1405 δὲ
3168 1353 3244 1423 μὴ
3261 1351 3412 1406 λύειν
3430 1351 3687 1424 ἑλοίμηνς

2095 1437 2245 1514 Ἀρα
2264 1444 2599 1513 κουφότερον
2622 1443 2933 1512 άσεὸήσεις,
2954 1442 2986 1512 ἢ
3012 1443 3110 1512 τὴν
3133 1443 3458 1513 ἀνύϐριστον
3479 1443 3692 1511 ἀγαθό-

2094 1552 2234 1605 τητα
2265 1533 2616 1604 καθυϐρίζων
2645 1534 2926 1604 κερδανεῖς
2961 1533 3062 1604 τὴν
3090 1533 3270 1605 ῦὸριν,
3305 1534 3338 1605 ἢ
3381 1533 3690 1604 μετριώτεο

2099 1644 2191 1698 ρον
2231 1626 2596 1692 ἀπαλλάξεις;
2635 1626 2893 1694 Καίτοιγε
2923 1625 3056 1680 αὐτὸ
3075 1625 3174 1695 τῆς
3203 1625 3439 1695 ἀπορίας
3459 1627 3522 1678 τὸ
3549 1626 3689 1697 πρό-

2099 1719 2280 1789 βλημα
2305 1718 2460 1772 οὐδὲν
2483 1718 2703 1771 ἔλαττον
2725 1722 2825 1790 τὴν
2847 1718 3184 1772 ἀποστασίαν
3207 1717 3471 1789 διελέγχει
3492 1733 3508 1749 ·
3535 1717 3691 1772 οὕτω

406 1813 529 1868 vius
597 1813 872 1883 peccabis,
935 1821 990 1865 et
1062 1813 1195 1866 dum
1269 1810 1594 1873 bonitatem,
1650 1809 1785 1862 nulli
1848 1808 1993 1876 inju-

2102 1808 2438 1880 πανταχόθεν
2485 1810 2579 1863 καὶ
2609 1810 2698 1862 διὰ
2722 1810 2833 1864 τῶν
2861 1810 3124 1864 ἐναντίων
3165 1813 3268 1881 τῆς
3293 1810 3553 1880 ἀληθείας
3583 1810 3689 1864 ἀσι

408 1907 504 1960 ria:
540 1905 828 1960 obnoxiam
877 1903 1076 1973 injuria
1109 1902 1301 1969 allicis,
1335 1903 1420 1957 vel
1443 1903 1668 1971 impune
1699 1917 1816 1955 eam
1851 1901 1995 1955 feres

407 1998 495 2052 vel
525 1997 740 2050 facilius
773 1997 1052 2050 dimittes?
1075 1996 1188 2049 lmo
1219 2010 1349 2049 vero
1393 1995 1508 2064 ipsa
1541 1995 1631 2046 illa
1660 1993 1994 2048 dilticultatis

408 2086 682 2156 Oppositio
718 2099 828 2138 non
883 2088 1063 2138 minus
1113 2083 1479 2138 defectionem
1516 2084 1659 2138 hanc
1707 2084 1990 2139 confutat:

419 2177 558 2231 adeo
588 2175 958 2244 undequaque
985 2175 1150 2228 etiam
1183 2190 1251 2228 ex
1277 2175 1444 2228 rebus
1467 2173 1569 2244 ipsi
1585 2175 1877 2229 contrariis
1903 2191 1995 2228 ve-

409 2271 586 2324 ritatis
615 2269 784 2323 robur
814 2267 1148 2337 resplendet.
1177 2267 1232 2320 Si
1260 2267 1412 2322 enim
1437 2283 1499 2322 ex
1529 2281 1618 2333 eo,
1649 2267 1794 2337 quod
1819 2267 1906 2320 lex
1925 2267 1996 2321 ab

411 2360 540 2425 illis,
571 2359 666 2429 qui
698 2366 830 2418 sunt
865 2359 969 2412 sub
1000 2357 1173 2422 Bono,
1204 2371 1314 2410 non
1343 2359 1689 2424 observatur,
1731 2358 1786 2412 in
1811 2359 1996 2427 suspi-

411 2450 628 2506 cionem
662 2450 858 2504 eadem
903 2448 1254 2514 admittitur,
1299 2462 1363 2502 ac
1399 2447 1446 2502 si
1495 2462 1622 2502 cum
1656 2449 1831 2520 gratia
1883 2464 1996 2504 non

411 2541 744 2608 concordet;
798 2549 1018 2611 quantae
1062 2539 1326 2594 bonitatis
1361 2539 1638 2610 particeps
1667 2541 1861 2594 eadem
1903 2554 1996 2596 re-

412 2634 698 2688 nuntiatur
727 2649 794 2688 eo
825 2633 943 2702 ipso
963 2673 978 2698 ,
1007 2632 1154 2702 quod
1189 2630 1334 2685 Deus
1371 2631 1548 2684 bonus
1578 2629 1748 2694 venit,
1780 2644 1914 2695 non,
1938 2638 1996 2683 ut

412 2727 639 2780 solveret
663 2724 827 2795 legem
857 2734 906 2777 et
929 2725 1235 2794 prophetas,
1261 2721 1351 2774 sed
1378 2730 1434 2773 ut
1461 2721 1744 2790 impleret?
1776 2719 1843 2774 Et
1869 2735 2000 2789 apo—

415 2820 577 2874 statis
621 2818 845 2888 quidem
884 2817 1043 2887 plura
1084 2816 1421 2886 respondere
1457 2829 1566 2867 non
1604 2827 1746 2883 opus
1783 2821 1887 2867 est.
1928 2811 2001 2866 At

417 2910 636 2980 piorum
661 2922 848 2971 causa,
883 2906 978 2976 qui
1020 2905 1172 2976 digni
1205 2912 1370 2969 sunt,
1405 2913 1467 2958 ut
1498 2902 1683 2974 gratia:
1725 2901 2000 2972 mysteriis

416 3001 653 3072 amplius
683 3000 987 3065 initientur,
1024 2999 1185 3053 facile
1213 2997 1443 3052 edisseri
1471 3005 1672 3066 potest,
1707 2995 1855 3064 quod
1876 3009 2001 3065 pro-

419 3103 605 3164 pterea
638 3092 940 3146 secundum
973 3092 1229 3159 antiquas
1261 3090 1410 3158 leges
1447 3103 1558 3142 non
1591 3087 1850 3149 vivimus,
1872 3086 2000 3154 quia

417 3185 699 3249 Christus,
730 3183 823 3237 ubi
855 3181 1189 3245 advenerat,
1219 3181 1402 3234 omnia
1444 3178 1726 3248 implevit,
1769 3177 2000 3248 gratiam

419 3277 635 3332 scilicet
668 3290 767 3344 pro
790 3275 960 3345 gratia
992 3288 1090 3343 per
1128 3271 1315 3326 Mosen
1345 3271 1545 3325 tradita
1570 3309 1585 3332 ,
1617 3283 1827 3340 proque
1869 3282 2002 3322 san-

417 3370 542 3433 ctis,
577 3382 700 3437 qua:
738 3366 795 3418 in
829 3373 1021 3420 sancto
1055 3371 1214 3417 erant
1241 3404 1256 3428 ,
1297 3361 1491 3432 typicis
1535 3360 1738 3416 Sancta
1779 3371 2004 3416 sancto-

420 3477 564 3525 rum,
591 3476 712 3530 quaa
736 3474 833 3529 per
862 3459 951 3512 illa
980 3456 1325 3527 prmfigurata
1349 3461 1526 3521 erant,
1555 3454 1846 3521 exhibens,
1863 3469 2006 3524 quo-

421 3572 541 3609 rum
570 3555 801 3608 alterum
839 3551 1040 3605 Paulus
1064 3551 1148 3615 π’,
1170 3550 1406 3604 alterum
1444 3547 1686 3604 Joannes
1708 3550 1780 3613 ",
1815 3549 1870 3602 in
1915 3547 2004 3602 di-

421 3650 548 3702 vina
577 3662 672 3701 sua
703 3646 952 3700 doctrina
989 3643 1174 3698 tradit.
1216 3643 1406 3714 Itaque
1437 3657 1588 3698 nunc
1613 3641 1868 3711 quidem,
1907 3641 2003 3712 qui

421 3736 721 3791 secundum
749 3749 843 3788 eas
867 3733 1050 3787 vivere
1082 3733 1366 3799 instituat,
1402 3731 1895 3802 reprehendendus
1922 3731 2005 3786 fo-

422 3838 527 3892 ret,
591 3835 848 3897 tanquam
883 3827 978 3896 qui
1026 3825 1256 3881 auderet
1299 3839 1499 3895 negare
1545 3823 1826 3879 Christum
1851 3861 1867 3890 ,
1908 3823 2003 3894 qui

423 3918 890 3988 legem-implevit,
924 3918 1110 3971 omnia
1147 3916 1625 3987 ejusimplevisse.
1668 3914 1777 3968 Sed
1817 3929 2004 3986 regre-

423 4009 682 4062 diendum
712 4022 780 4060 eo
803 4015 908 4068 est,
936 4007 1083 4061 unde
1121 4009 1390 4061 sermonis
1430 4007 1689 4076 impetus,
1721 4005 1789 4059 ad
1821 4005 2002 4059 atiinia

423 4098 718 4154 deﬂectens
737 4137 756 4164 ,
789 4111 890 4150 nos
917 4100 1137 4151 avertit.
1183 4097 1390 4152 Auctor
1418 4095 1607 4168 gratiae
1637 4105 1692 4150 et
1715 4096 1915 4151 caelum
1949 4104 2008 4151 et

428 4204 628 4248 terram
650 4201 706 4247 et
722 4191 1114 4262 Hierosolyma,
1140 4191 1250 4245 imo
1271 4200 1327 4245 et
1348 4192 1575 4261 capillos
1603 4191 1742 4244 adeo
1767 4190 2004 4245 revereri

425 4300 528 4340 nos
551 4284 745 4354 jubet,
791 4293 851 4338 ut
880 4299 984 4338 nec
1021 4285 1089 4340 ad
1131 4283 1517 4353 jusjurandum
1556 4282 1806 4337 adhiberi
1840 4283 2002 4338 velit:

423 4387 482 4434 et
505 4378 704 4433 malum
730 4377 952 4446 quidem
978 4417 993 4441 ,
1021 4375 1289 4430 Thronum
1322 4376 1419 4430 Dei
1439 4415 1456 4440 ,
1499 4385 1702 4430 terram
1731 4391 1852 4429 vero
1887 4392 2003 4430 sca-

2094 1902 2326 1974 τράπτει
2374 1901 2437 1954 τὸ
2466 1901 2716 1971 κράτος.’
2744 1901 2806 1954 Ei
2841 1901 2970 1973 γὰρ,
3017 1903 3101 1956 ότι
3156 1902 3233 1972 μὴ
3277 1904 3391 1966 τοῖς
3433 1903 3540 1955 ὑπὸ
3581 1903 3689 1972 τὴν

2095 1995 2255 2063 χάριν
2284 1993 2604 2065 πράττεται,
2633 1993 2714 2056 είς
2747 1993 3008 2047 ὑπόνοιαν
3038 1995 3068 2046 ὁ
3096 1993 3281 2064 νόμος,
3318 1993 3402 2047 ὅτι
3433 1993 3509 2065 μὴ
3537 2011 3686 2064 συμ-

2097 2086 2266 2152 φωνεῖ
2285 2087 2356 2154 τῇ
2386 2082 2707 2153 ἀγαθότητι,
2747 2083 3075 2152 περιάγεται
3100 2099 3114 2114 ·
3144 2087 3319 2156 πόσης
3343 2085 3688 2156 ἀγαθὸτητος

2093 2175 2194 2228 οὐκ
2250 2174 2692 2245 ἀνακηρύττεται
2745 2175 2975 2245 μέτοχος
3011 2174 3091 2249 τῷ
3140 2175 3233 2232 τὸν
3286 2176 3494 2246 ἀγαθὸν
3543 2177 3686 2232 Θεὸν

2094 2265 2270 2319 ἐλθεῖν
2291 2305 2306 2328 ,
2341 2267 2415 2319 οὑ
2444 2265 2786 2321 καταλῦσαι
2819 2266 2926 2320 τὸν
2967 2267 3157 2337 νόμον
3183 2268 3224 2336 ἢ
3269 2268 3412 2334 τοὺς
3446 2269 3686 2338 προφή-

2095 2375 2223 2423 τας,
2269 2357 2432 2411 ἀλλὰ
2461 2356 2779 2425 πληρῶσαι
2796 2373 2817 2423 ;
2848 2357 2960 2412 Καὶ
2990 2357 3126 2430 πρὸς
3155 2359 3256 2428 μὲν
3287 2361 3412 2422 τοὺς
3440 2360 3688 2414 ἀποστάο

2095 2465 2194 2512 τας
2223 2449 2379 2502 οὐδὲν
2430 2449 2749 2516 ἐπενεγκεῖν
2803 2450 2887 2503 δεῖ
2933 2449 3116 2503 πλέον.
3174 2449 3297 2504 Τῶν
3341 2450 3399 2506 δι
3441 2451 3688 2505 εὐσεϐῶν

2095 2540 2259 2594 ἕνεκα
2279 2582 2295 2608 ,
2332 2542 2428 2595 καὶ
2466 2542 2719 2613 μυεῖσθαι
2753 2545 2848 2598 καὶ
2883 2545 3269 2613 μυσταγωγεῖν
3293 2542 3364 2596 τὰ
3393 2543 3496 2613 τῆς
3523 2545 3686 2614 χάρι-

2095 2647 2188 2695 τος
2223 2632 2325 2686 ούκ
2379 2633 2654 2699 ἀναξίων,
2695 2634 2828 2704 ῥᾷον
2872 2634 2969 2687 καὶ
3007 2635 3178 2703 σαφὲς
3211 2635 3422 2703 εἰπεῖν,
3455 2636 3537 2688 ὅτι
3591 2635 3689 2689 διὰ

2095 2721 2256 2776 τοῦτο
2289 2723 2366 2796 μὴ
2416 2726 2557 2778 κατὰ
2601 2726 2730 2789 τοὺς
2773 2724 2944 2779 πάλαι
2997 2725 3197 2796 νόμους
3244 2725 3644 2796 πολιτευόμεθα
3667 2764 3684 2789 ,

2095 2814 2233 2868 διότι
2266 2817 2666 2886 παραγεγονὼς
2717 2817 2898 2872 πάντα
2940 2817 3309 2888 πεπλήρωκεν
3353 2821 3382 2872 ό
3410 2819 3684 2889 Χριστὸς,

2097 2907 2259 2976 χάριν
2296 2906 2398 2977 μὲν
2428 2907 2553 2962 ἀντὶ
2581 2909 2682 2980 τῆς
2709 2908 2800 2963 διὰ
2824 2910 3070 2973 Μωσέως
3109 2910 3333 2981 χάριτος
3357 2911 3682 2982 παρασχὼν,

2099 2998 2225 3051 ἀντὶ
2251 2997 2308 3052 δὲ
2342 2998 2456 3054 τῶν
2499 3001 2558 3053 ὲν
2589 3003 2703 3064 τοῖς
2745 3002 2924 3072 ἁγίοις
2977 3002 3290 3056 ἀντιτύπων
3317 3003 3510 3073 ἁγίων,
3539 3004 3687 3057 αὐτὰ

2101 3089 2168 3143 τά
2198 3089 2712 3162 προδιατυπούμενα
2733 3092 2906 3162 ἁγίων
2926 3093 3116 3161 Ἅγια,
3139 3087 3216 3148 ὧν
3234 3094 3292 3146 τὸ
3323 3096 3423 3165 μὲν
3447 3094 3684 3158 Παῦλος,

2101 3179 2164 3232 τὸ
2207 3180 2266 3234 δὲ
2314 3181 2570 3254 Ἰωάννης
2624 3182 2894 3253 θεολογῶν
2957 3185 3219 3256 ἑκάτερος
3279 3187 3682 3257 ἀνακέκραγεν.

2105 3270 2271 3324 Ὥστε
2291 3269 2494 3340 μᾶλλον
2510 3270 2626 3337 νῦν,
2649 3272 2788 3335 εῐτις
2815 3271 2966 3326 ἐσίου
2989 3273 3110 3327 κατ’
3140 3273 3352 3326 ἐκείνου
3362 3292 3408 3338 ς,
3435 3275 3688 3344 ἠλέγχετ’

2103 3361 2170 3416 ἂν
2217 3362 2583 3432 ἀπαρνεῖσθαι
2631 3361 2870 3434 τολμῶν,
2913 3363 2991 3435 μὴ
3033 3364 3212 3418 πάντα
3256 3365 3690 3438 πεπληρωκέναι

2101 3452 2195 3506 τὸν
2232 3453 2530 3525 πληρωτὴν
2552 3452 2647 3507 τοῦ
2675 3454 2846 3525 νόμου
2871 3455 3131 3523 Χριστόν.
3174 3456 3338 3510 Ἀλλὰ
3381 3457 3484 3526 γὰρ
3515 3459 3688 3510 ἐπαν-

2106 3547 2278 3612 ιτέον,
2329 3545 2451 3600 ὅθεν
2488 3548 2522 3617 ή
2551 3546 2646 3600 τοῦ
2697 3545 2860 3616 λόγου
2918 3547 3062 3619 φορὰ
3101 3547 3239 3619 πρὸς
3281 3547 3341 3602 τὸ
3393 3548 3692 3605 ἀκόλουθον

2102 3640 2461 3711 ἀρμοζομένη
2517 3641 2835 3711 παρήνεγκε
2883 3641 3145 3711 φέρουσα.
3185 3641 3549 3695 Εὖλαὸεῖσθαι
3589 3642 3692 3695 τὸν

2101 3733 2334 3805 οὐρανὸν
2364 3733 2457 3786 καὶ
2487 3734 2587 3802 τὴν
2616 3733 2720 3802 γῆν
2751 3733 2847 3786 καὶ
2881 3732 2952 3786 τὰ
3007 3733 3390 3806 Ἱεροσόλυμα,
3423 3733 3558 3787 ἀλλά
3590 3734 3693 3788 καὶ

2103 3827 2277 3889 αύτάς
2319 3825 2419 3888 τάς
2470 3826 2701 3896 τρίχας,
2747 3827 2776 3878 ὁ
2825 3827 2923 3896 τῆς
2973 3827 3193 3898 χάριτος
3248 3825 3692 3898 παρακελεύεται

2103 3917 2401 3989 νομοθέτης
2424 3957 2442 3982 ,
2495 3919 2592 3971 καὶ
2631 3919 2919 3984 τοσοῦτον,
2959 3920 3100 3972 ὥστε
3144 3919 3272 3989 μηδ’
3309 3919 3461 3990 ὅρκῳ
3513 3917 3695 3972 ταῦτα

2104 4011 2538 4067 καθυποϐάλλειν
2559 4053 2574 4076 ,
2625 4013 2720 4065 καὶ
2757 4012 2850 4064 τὸν
2898 4012 2998 4081 μὲν
3030 4011 3259 4084 οὐρανὸν
3284 4012 3501 4080 θρόνον
3541 4011 3695 4065 ἁνα-

2105 4106 2379 4172 κηρύττει
2400 4102 2508 4158 τοῦ
2540 4103 2711 4168 Θεοῦ,
2741 4102 3080 4158 ὑποπόδιον
3105 4102 3175 4156 δὲ
3205 4102 3322 4170 τὴν
3345 4101 3482 4172 γῆν.
3517 4102 3694 4156 Πάλιν

2103 4194 2180 4259 δὲ,
2217 4193 2290 4248 τὰ
2329 4195 2708 4262 Ἱεροσόλυμα
2729 4195 2912 4246 πόλιν
2943 4193 3050 4248 τοῦ
3071 4193 3259 4247 αὑτοῦ
3289 4193 3439 4247 Θεοῦ
3463 4194 3559 4246 καί
3582 4210 3697 4260 με-

2105 4285 2296 4356 γάλου
2335 4286 2662 4353 Βασιλέως.
2710 4285 2773 4340 Εί
2811 4282 2907 4340 οὖν
2937 4286 3039 4356 τῆς
3079 4285 3308 4346 κτίσεάκ
3354 4287 3472 4339 ἐστι
3517 4285 3699 4340 ταῦτα.

2107 4378 2203 4431 τοῦ
2236 4378 2446 4446 ἀγαθοῦ
2472 4378 2706 4449 Πατρὸς,
2729 4378 2806 4442 ὡς
2827 4379 2856 4432 ὁ
2878 4379 3060 4433 πάντα
3087 4377 3154 4431 τὰ
3174 4377 3270 4431 τοῦ
3294 4379 3506 4450 Πατρδς
3532 4378 3696 4443 εἰδὼς

424 4470 620 4526 bellum
665 4471 858 4540 pedum
897 4469 1040 4538 ejus,
1087 4468 1457 4539 Hierosolyma
1498 4479 1679 4522 autem
1734 4470 1999 4522 civitatem

2110 4469 2239 4533 Υίὸς
2291 4469 2626 4523 ὶϐεὕαίωσεο
2672 4469 2788 4533 πῶς
2812 4470 2937 4540 οὐχὶ
2979 4469 3086 4543 πρὸ
3112 4470 3212 4540 τῆς
3243 4471 3385 4524 κατά
3421 4469 3531 4523 τῶν
3571 4487 3696 4524 x1:-

425 4562 661 4632 ejusdem
695 4559 796 4614 Dei
833 4569 882 4614 et
915 4562 1100 4631 magni
1151 4557 1311 4629 Regis
1337 4559 1405 4624 ”,
1442 4559 1702 4628 appellat.
1755 4558 1812 4613 Si
1847 4559 2008 4629 igitur

427 4656 530 4710 ista
561 4654 630 4710 ad
655 4662 938 4710 creaturas
972 4652 1098 4707 boni
1125 4649 1303 4706 Patris
1331 4651 1625 4721 pertinent,
1646 4650 1786 4705 sicut
1811 4649 2004 4713 Filius,

427 4747 520 4814 qui
548 4746 753 4809 omnia,
783 4760 907 4814 qua:
935 4742 1111 4798 Patris
1143 4751 1306 4804 sunt,
1338 4741 1509 4802 novit,
1541 4741 1846 4803 conﬁrmat,
1869 4756 2006 4809 quo-

431 4837 592 4892 modo
621 4853 732 4891 non
763 4853 862 4907 pro
889 4852 974 4900 eo,
1001 4834 1152 4906 quod
1175 4833 1229 4888 in
1252 4841 1538 4888 creaturas
1569 4832 2001 4896 debacchantur,

2117 4561 2342 4630 σμάτων
2371 4558 2583 4629 ὕϐρεως
2613 4562 2735 4614 κατ’
2767 4561 2932 4614 αὐτοῦ
2957 4560 3052 4614 τοῦ
3079 4561 3288 4632 Κυρίου
3317 4561 3474 4633 ἡμῶν
3512 4561 3696 4632 Ἰησοῦ

2113 4651 2352 4722 Χριστοῦ
2384 4653 2477 4705 καὶ
2507 4654 2649 4706 κατά
2670 4652 2767 4705 τοῦ
2796 4653 3006 4723 [ἰατρὸς
3040 4652 3206 4706 αὐτοῦ
3227 4693 3242 4717 ,
3283 4655 3342 4707 ὲν
3368 4646 3413 4720 ᾧ
3448 4655 3699 4723 πονηρᾶς

2110 4743 2284 4813 ἀρχῆς
2335 4745 2384 4796 oi
2431 4744 2739 4798 ἀποστάται
2789 4748 2890 4813 τὴν
2928 4744 3107 4799 αὐτῶν
3153 4745 3333 4800 κτίσιν
3375 4744 3698 4815 ἀναρτῶσι,

2113 4835 2417 4904 μεμηνότες
2444 4835 2541 4905 οὐχ
2573 4835 2884 4890 ἁλίσκονται
2900 4851 2915 4900 ;

433 4935 488 4988 in
517 4935 693 5005 ipsum
723 4935 903 5004 potius
923 4934 1212 4989 Dominum
1238 4945 1488 4986 nostrum
1517 4928 1704 4984 Iesum
1733 4929 2008 4982 Christum
2047 4940 2103 4984 et
2141 4930 2353 4986 Patrem
2424 4933 2546 5004 ejus
2580 4975 2596 5001 ,
2639 4948 2708 4988 eo
2746 4934 2866 5003 ipso
2891 4972 2906 4997 ,
2953 4931 3101 5004 quod
3172 4940 3434 5004 apostataa
3478 4930 3698 4987 illorum

433 5029 766 5081 creationem
795 5041 826 5080 a
853 5026 998 5080 malo
1024 5025 1296 5096 principio
1325 5031 1607 5094 repetunt,
1650 5021 1832 5076 furere
1858 5021 2209 5078 existimandi
2235 5033 2387 5079 sunt.

509 5146 577 5180 ⁹⁵⁴
607 5143 771 5202 Hebr.
801 5161 880 5210 xl,
911 5144 964 5199 5.
1004 5143 1052 5176 ’⁸
1084 5143 1245 5199 Joan.
1279 5159 1318 5210 ι,
1355 5139 1442 5196 16.
1516 5141 1562 5173 ⁵⁷
1595 5138 1788 5193 Matth.
1812 5156 1866 5206 v,
1894 5140 1985 5194 '55.

1512 5255 1750 5310 VAlilAﬂ
1784 5253 2174 5310 LECTIONES
2214 5255 2301 5310 ET
2341 5254 2578 5312 NOTAE.

507 5359 618 5431 (96)
654 5357 1138 5431 ,Ἀποφαίκοντες
1187 5349 1332 5431 εῑεις.
1373 5351 1476 5408 Ms.
1536 5352 1612 5431 ita
1661 5351 2017 5431 interpunge-

433 5418 527 5486 bat
564 5451 576 5484 :
601 5418 776 5500 αὐτὴν
801 5418 1067 5498 διαθήκην
1093 5418 1505 5500 ᾇποφαίνοντες.
1536 5418 1686 5477 Εἶεν.
1715 5418 1822 5476 Sed
1844 5418 2018 5500 nexus

436 5493 746 5567 orationisf
781 5493 961 5570 puto,‘
1017 5493 1148 5570 satis
1204 5493 1826 5570 Ostenditpostremum
1887 5493 2019 5570 illud

435 5573 662 5626 verbum
693 5563 817 5626 eum
851 5568 1213 5624 antecedente
1237 5563 1527 5636 participio
1567 5563 2016 5636 coinjuugendum

435 5655 576 5697 esse.
614 5641 726 5696 lloc
754 5641 874 5696 loco
909 5653 1137 5693 mouere
1171 5633 1257 5690 fas
1293 5635 1364 5690 sit
1401 5649 1488 5688 me
1517 5635 1817 5702 smpissime
1849 5633 2021 5687 inter-

440 5713 791 5781 punctionem
828 5709 1127 5781 apographi
1163 5705 1334 5781 neStri
1370 5704 1708 5781 llolsteuiaui
1749 5713 2013 5781 mutasse,

439 5775 601 5836 etiam
645 5782 734 5836 ubi
786 5775 962 5836 illius'
981 5775 1055 5835 rei
1115 5780 1169 5832 in
1223 5776 1368 5832 notis
1417 5775 1678 5830 indicium
1732 5789 1841 5828 non
1885 5775 2013 5840 feci,

2112 5369 2238 5410 cum
2281 5353 2335 5408 id
2367 5353 2531 5408 nimis
2573 5350 2767 5407 crebro
2800 5351 2914 5408 ﬁeri
2945 5351 3262 5414 debuisset,
3291 5359 3349 5406 et
3378 5350 3707 5407 mutationis

2112 5439 2290 5480 causa:
2318 5421 2847 5493 essentmanifestaa.
2877 5423 2935 5476 Si
2965 5423 3114 5493 quod
3145 5436 3276 5477 vero
3301 5422 3527 5478 dubium
3562 5421 3704 5476 sub-

2114 5496 2246 5550 oriri
2278 5503 2517 5566 poterat,
2551 5492 2606 5566 id
2621 5507 2916 5566 nunquam
2945 5492 3112 5566 tacui.

2186 5561 2298 5636 (97)
2337 5561 2927 5636 Avausﬁoﬁrttijls.
2982 5563 3177 5636 dividit
3224 5563 3370 5636 hanc
3399 5576 3608 5636 _vocem
3643 5561 3705 5613 in

2115 5632 2489 5713 duas,'legens
2551 5632 2847 5713 δυσσεύοῦν
2905 5650 2981 5690 τι.
3031 5633 3442 5713 mendationis
3491 5640 3704 5687 nostra:

2115 5723 2277 5764 causa
2301 5707 2354 5762 in
2380 5714 2636 5777 promptu
2663 5711 2773 5760 est.
