3886 6416
242 506 327 562 1Δ¹.
364 503 429 555 Σὺ
463 501 518 554 δὲ
568 498 657 554 καὶ
714 495 1017 568 βαθύτερον
1042 494 1222 549 αὐτῶν
1251 497 1355 566 τῆς
1395 496 1715 559 δυσσεϐείας
1744 498 1791 555 Α

189 603 266 667 δρα
290 596 376 664 τὴν
407 592 602 661 τόλμαν
629 588 725 641 καὶ
752 587 854 659 τὴν
900 587 1183 641 ἀπόνοιαν.
1222 586 1327 639 Τὸν
1366 586 1533 656 ἄρτον
1558 588 1591 657 ἡ
1602 587 1718 655 μῶν

190 696 257 747 τὸν
292 687 546 744 ἐπιούσιον
569 726 584 750 ,
635 682 737 753 τὴν
788 684 1061 754 μυστικὴν
1096 681 1208 752 (98)
1252 682 1427 735 τελῶν
1462 685 1593 753 ἡμῖν
1622 681 1717 735 καὶ

195 782 468 855 παραδιδοὺς
516 781 547 831 6
592 777 807 848 Σωτὴρ,
855 775 1157 846 αύτδς’μὲν
1188 775 1338 846 παρὰ
1376 775 1471 829 τοῦ
1504 774 1719 846 Πατρὸς

191 874 320 931 αὖτοῦ
344 870 628 943 προσέταξε
655 868 866 940 ταύτην
894 868 1007 939 (99)
1036 867 1232 921 αίτεῖν.
1265 868 1327 921 Οἱ
1355 866 1410 922 δὲ
1437 866 1527 921 τὸν
1555 868 1720 939 ἄρτον

192 975 251 1035 εἰς
280 971 361 1039 τὴν
386 968 652 1037 ὀλέθριον,
695 965 778 1017 ὅτι
807 964 905 1018 καὶ
965 962 1144 1016 πάντα
1193 962 1261 1016 τά
1294 961 1387 1015 ἐπὶ
1438 964 1541 1033 γῆς
1592 979 1719 1035 μετέ

191 1066 368 1129 ἀγονσιν
395 1058 586 1131 ἀρχὴν,
611 1058 706 1111 καὶ
736 1056 957 1127 τρέφειν
989 1054 1057 1108 τὰ
1106 1054 1166 1122 ἐξ
1208 1054 1382 1125 αὐτῆς
1431 1055 1719 1123 τερατολο-

191 1156 309 1222 γοῦσι
329 1151 654 1221 προαχθέντα
682 1148 932 1218 σώματα.
958 1146 1117 1200 Οὕτω
1146 1146 1269 1199 κατ’
1292 1146 1463 1216 αὐτῆς
1489 1146 1720 1209 ἀναιδῶς

189 1248 265 1317 τῆς
302 1243 621 1311 Δεσποτικῆς
673 1241 1066 1295 ἐπανίστανται
1122 1239 1365 1309 ἐντολῆς,
1427 1241 1611 1310 φαῦλά
1661 1258 1721 1294 τε

191 1340 394 1403 λέγοντες
418 1334 481 1387 τὰ
517 1333 746 1401 σώματα
777 1333 873 1385 καὶ
905 1330 1112 1401 φαῦλον
1146 1331 1248 1401 τὴν
1279 1332 1511 1402 τροφὴν,
1542 1330 1723 1384 καίτοι

190 1427 432 1499 διαρρήδην
476 1425 567 1479 τοῦ
600 1425 873 1477 Δεσπότου
908 1424 1310 1487 διατάττοντος,
1343 1423 1547 1495 ταύτην
1593 1425 1725 1494 ἡμῖν

192 1518 309 1588 παρὰ
334 1516 417 1568 τοῦ
445 1516 654 1585 Πατρδς
688 1515 961 1568 αἰτεῖσθαι
990 1514 1084 1570 τοῦ
1115 1514 1342 1582 ἀγαθοῦ.
1376 1516 1486 1568 Καὶ
1513 1515 1629 1579 πῶς
1660 1514 1726 1569 ἂν

191 1608 254 1676 εἴη
293 1606 498 1670 τούτοις,
534 1606 610 1676 μὴ
642 1606 728 1658 δτι
772 1622 836 1674 γε
864 1606 963 1674 τῆς
1002 1605 1240 1676 ἀληθοῦς
1278 1605 1500 1676 ἐντολὴν
1532 1604 1724 1676 ὁμολο-

191 1699 300 1765 γεῖν,
334 1694 455 1748 ἀλλά
486 1695 591 1747 κᾶν
625 1694 758 1762 γοῦν
797 1695 1042 1765 σχήματι
1072 1694 1244 1763 μύθου
1275 1693 1449 1747 ταῦτα
1500 1693 1726 1747 δυνατὸν

184 1788 462 1853 ’ὓποϐαλιῖνς
494 1788 638 1840 Ἴσον
667 1785 775 1857 γάρ
813 1790 929 1839 ἐστι
960 1785 1226 1857 ρυσθῆναί
1256 1803 1317 1839 τε
1344 1785 1437 1839 τοῦ
1478 1784 1725 1856 Πονηροῦ

190 1880 429 1940 δυσωπεῖν,
460 1878 552 1931 καὶ
586 1878 797 1932 ἐνοικον
822 1879 985 1932 αὐτὸν
1012 1878 1197 1932 λαϐεῖν
1238 1877 1392 1947 παρά
1416 1876 1509 1930 τοῦ
1556 1877 1719 1947 Ἀγα-

192 1971 263 2024 Θού
308 1969 587 2041 ἐπιζητεῖν.
656 1970 831 2040 Εἴπερ
882 1968 977 2022 τοῦ
1038 1967 1286 2040 Πονηροῦ
1352 1967 1622 2040 γεώργιον
1683 1971 1716 2039 ὴ

191 2065 346 2135 τροφὴ,
382 2065 469 2116 καὶ
527 2063 639 2133 μὴν
690 2062 781 2115 ἐπὶ
812 2061 958 2114 τέλει
993 2062 1094 2132 τῆς
1140 2061 1310 2131 εὐχῆς
1354 2059 1544 2132 ὥσπερ
1587 2060 1721 2113 αὐτὸ

191 2154 313 2208 τοῦτο
339 2153 675 2223 προαναιρῶν
713 2153 814 2224 τὴν
854 2152 1132 2217 ἀσέϐειαν,
1157 2154 1186 2205 6
1225 2152 1319 2205 ἐπὶ
1347 2152 1593 2224 σωτηρίᾳ
1625 2150 1719 2205 τοῦ

194 2249 342 2314 γένους
372 2245 781 2317 παραγεγονὼς,
823 2246 903 2308 είς
933 2245 993 2299 ὃν
1025 2245 1124 2315 τὴν
1169 2243 1389 2313 αἴτησιν
1428 2244 1722 2314 ἀναφέρειν

192 2337 268 2406 τῆς
290 2338 473 2407 τροφῆς
502 2338 582 2400 είς
610 2336 701 2389 τὸν
730 2337 897 2391 αὑτὸν
926 2336 1220 2406 ἀναφέρειν
1247 2336 1343 2389 καὶ
1380 2337 1479 2406 τὴν
1512 2336 1722 2388 ἱκεσίαν

194 2428 417 2493 ἐθέσπισε,
448 2429 514 2480 δι’
540 2424 613 2500 ἦς
643 2429 976 2499 ρυσθείημεν
1004 2429 1070 2482 ἀν
1109 2427 1205 2481 τοῦ
1240 2429 1509 2500 Πονηροῦ,
1546 2427 1722 2497 δηλῶν

192 2519 249 2578 ὡς
270 2520 554 2589 ὀρνύμενος
582 2521 730 2591 ἡμᾶς
764 2520 859 2574 τοῦ
886 2519 1152 2590 Πονηροῦ,
1177 2521 1340 2583 αὑτός
1366 2521 1513 2573 ἐστιν
1534 2521 1563 2572 6
1584 2536 1723 2592 παρ-

194 2610 301 2680 έχων
327 2613 449 2681 ἡμῖν
488 2611 585 2665 καὶ
630 2612 730 2683 τὴν
764 2612 1084 2683 σωματικὴν
1123 2611 1354 2683 τροφὴν,
1398 2612 1484 2680 ἐφ’
1515 2608 1597 2675 οἷς
1627 2611 1723 2666 καὶ

1754 1845 1801 1903 Β

192 2704 267 2772 τὴν
298 2703 554 2772 βασιλείαν
605 2704 698 2757 καὶ
743 2705 842 2773 τὴν
889 2704 1119 2774 δύναμιν
1162 2705 1257 2756 καὶ
1296 2702 1394 2773 τὴν
1440 2704 1597 2768 δόξαν
1644 2706 1726 2767 εἰς

193 2797 290 2858 τοὺς
320 2797 510 2860 αἰῶνας
562 2792 705 2851 εἶναι
738 2798 834 2851 καὶ
877 2797 1155 2867 διαμένειν
1194 2798 1221 2849 6
1253 2798 1548 2867 μονογενὴς
1595 2797 1722 2861 Υἱὸς

191 2885 263 2937 τοῦ
302 2886 455 2939 ταῦτα
496 2887 866 2958 χαριζομένου
902 2886 1116 2957 Πατρὸς
1152 2887 1481 2952 ἀνεδίδαξεν.
1539 2886 1722 2958 Ὁρᾷς,

194 2980 251 3039 εἰς
276 2974 370 3031 οἷον
413 2978 573 3048 βάθος
622 2982 655 3049 ἡ
704 2982 1012 3036 ἀποστασία
1046 2980 1398 3041 καταδύεται,
1440 2980 1533 3033 καὶ
1578 2980 1655 3041 ώς
1696 2980 1725 3031 6

195 3067 288 3119 κατ’
313 3069 465 3138 αὐτῆς
489 3070 591 3139 τῆς
618 3070 881 3141 ἀληθείας
908 3072 1064 3139 λόγος
1104 3071 1331 3143 ἐνεργὴς
1354 3071 1450 3138 ὢν,
1489 3072 1586 3126 καὶ
1612 3072 1726 3124 δισ-

193 3160 324 3228 τὸμου
371 3161 641 3233 μαχαίρας
689 3162 910 3233 ἀπάσης
943 3161 1255 3236 τομώτερος
1303 3163 1633 3231 ὲπαφίεται;
1662 3162 1727 3215 El.

192 3250 235 3305 δὲ
262 3255 336 3306 τὸν
363 3255 637 3308 ἐπιούσιον
681 3254 845 3326 ἄρτον
875 3255 974 3324 οὐχ
1014 3254 1203 3317 ἁπλῶς
1237 3256 1355 3325 ἐρεῖ
1398 3270 1480 3317 τις
1526 3253 1618 3307 τὸν
1648 3255 1730 3318 είς

194 3346 359 3415 τροφὴν
383 3345 455 3417 τῷ
485 3343 705 3416 σώματι
735 3346 1164 3417 χορηγούμενον,
1193 3346 1308 3399 ἀλλ’
1349 3345 1408 3408 ὃς
1448 3347 1527 3409 εἰς
1572 3343 1733 3414 σῶμα

197 3437 391 3506 Χριστοῦ
425 3439 756 3509 μεταϐάλλει
785 3439 859 3508 (l)
895 3441 989 3492 καὶ
1014 3438 1109 3511 τὴν
1126 3438 1304 3510 ψυχὴν
1319 3437 1733 3508 συναγιάζείτῷ

195 3527 384 3596 σώματι,
412 3530 566 3583 οὐδὲν
592 3529 817 3583 ἔλαττον
851 3529 942 3583 διὰ
967 3530 1065 3599 τῆς
1097 3529 1360 3599 τοιαύτης
1390 3528 1651 3599 θεωρίας,
1683 3527 1733 3580 εί

197 3622 255 3688 μὴ
291 3624 371 3674 καὶ
407 3625 627 3694 μᾶλλον,
664 3626 698 3694 ή
734 3622 959 3677 ἀσέϐεια
992 3623 1367 3694 στηλιτεύεται
1403 3623 1480 3694 (2)
1509 3622 1603 3675 καὶ
1636 3621 1736 3693 τὴν

195 3712 388 3786 ἐκτομὴν
409 3716 435 3768 6
461 3715 623 3785 λόγος
653 3717 774 3769 κατ’
804 3715 969 3769 αὐτοῦ
993 3717 1246 3786 ἐπιφέρει
1269 3713 1646 3785 ἀδυσώπητον.

249 3806 330 3858 lB'.
359 3808 415 3861 Εί
445 3810 500 3862 δὲ
539 3809 637 3863 καὶ
679 3808 801 3861 δυσὶ
832 3807 1043 3879 κυρίοις
1072 3809 1173 3862 οὐκ
1196 3807 1311 3861 ἔστι
1345 3807 1649 3871 δουλεύειν,
1674 3806 1734 3861 τὸ

195 3894 236 3949 δὲ
255 3899 331 3951 τού
354 3899 692 3972 ἀνθρωπίνου
725 3899 1103 3970 συγκρίματος
1128 3898 1286 3971 ήμῶν
1310 3900 1405 3953 ἆτε
1433 3900 1499 3971 δὴ
1528 3899 1734 3969 κτίσμα

197 3990 419 4062 ὑπάρχον,
446 3992 523 4057 ὡς
550 3995 587 4064 ἡ
612 3992 839 4047 ἀσέϐεια
863 3991 1139 4064 βούλεται,
1167 3990 1262 4045 τοῦ
1296 3990 1572 4062 Πονηροῦ,
1602 3990 1731 4043 ὑπό-

197 4099 342 4136 κειται
363 4087 503 4157 αύτῷ
538 4088 637 4141 καὶ
670 4086 876 4139 ἄκουσα
901 4087 995 4140 καὶ
1031 4084 1272 4138 δουλεύει
1300 4084 1376 4147 ώς
1400 4083 1627 4153 πλάσμα
1655 4080 1734 4152 τῷ

1757 3204 1799 3261 C

196 4171 441 4240 πλάσαντι,
479 4176 658 4236 οὐδεὶς
701 4177 810 4245 ἀρα
854 4174 1166 4228 δουλεύσειε
1218 4172 1476 4246 καθαρῶς
1519 4173 1595 4243 (5)
1640 4171 1734 4226 καὶ

193 4263 458 4337 ὁλοκλήρως
487 4269 631 4339 Θεῷ.
673 4268 782 4323 Καὶ
834 4269 914 4331 είς
954 4268 1123 4337 λῆρον
1169 4268 1353 4330 αὐτοῖς
1380 4265 1449 4319 τά
1478 4265 1598 4319 θεῖα
1634 4282 1733 4318 κα-

195 4361 445 4429 ταστρέφει
496 4361 853 4434 κηρύγματα.
892 4362 1009 4427 καὶ,
1039 4359 1085 4413 ὣ
1123 4361 1223 4431 τῆς
1253 4360 1454 4413 ἀτόπου
1500 4359 1728 4430 φρενόςί

196 4448 427 4519 ἡφρικτὴ
463 4454 740 4522 παρουσία
786 4453 879 4505 καὶ
917 4451 1354 4522 ὲνανθρώπησις,
1407 4452 1502 4504 καὶ
1534 4452 1729 4516 πάντα,

1194 384 1489 447 CONTRA
1526 384 1989 446 MANlClI/EOS
2036 384 2263 446 LIBER
2296 382 2398 446 IV.

3295 388 3400 452 202

1892 496 1984 550 XI.
2026 496 2109 551 Tu
2136 513 2267 551 vero
2287 495 2611 551 crassiorem
2645 496 2825 551 adhuc
2849 496 3144 566 impiorum
3180 499 3397 556 illorum

1820 587 2104 642 audaciam
2133 599 2188 643 et
2223 588 2556 643 dementiam
2586 588 2860 657 perspice-
2911 588 3116 644 Panem
3152 600 3400 646 nostrum

1819 681 2221 750 quotidianum,
2256 682 2538 751 mysticam
2576 682 2740 736 nobis
2776 681 3085 737 orationem
3134 684 3403 740 exhibens

1822 781 1877 828 et
1908 774 2131 828 tradens
2162 774 2441 839 Servator,
2477 790 2506 828 a
2528 774 2690 829 Patre
2721 790 2819 831 suo
2842 785 3100 846 expetere
3118 778 3303 847 jussit.
3336 779 3404 833 At

1821 865 1895 920 illi
1926 882 2146 937 panem,
2180 866 2329 923 sicut
2371 875 2427 921 et
2455 868 2637 922 omnia
2669 869 2944 924 terrestria
2965 911 2979 936 ,
3023 871 3091 925 ad
3122 872 3406 941 pernicio—

1822 974 1942 1013 sum
1976 960 2225 1015 referunt
2260 960 2613 1030 principium,
2647 976 2823 1030 eoque
2848 976 3081 1032 corpora
3113 964 3182 1019 ab
3207 964 3401 1019 eodem

1822 1053 2090 1122 producta
2141 1053 2339 1108 nutriri
2375 1063 2672 1124 uugantur.
2703 1054 2854 1109 Adeo
2891 1055 3241 1125 impudenter
3282 1057 3405 1112 Do—

1823 1142 2028 1198 minieo
2054 1159 2113 1199 se
2144 1144 2218 1198 illi
2246 1153 2525 1214 przeeepto
2569 1156 2884 1216 opponunt,
2911 1147 3041 1201 dum
3073 1156 3129 1201 et
3168 1163 3402 1217 corpora

1823 1241 1880 1286 et
1909 1232 2090 1287 cibum
2138 1234 2276 1287 mala
2305 1248 2428 1289 esse
2461 1236 2824 1300 contendunt,
2857 1238 3108 1306 quamvis
3142 1238 3401 1293 Dominus

1824 1323 2030 1379 diserte
2058 1326 2354 1395 praecipiat,
2382 1335 2443 1380 ut
2472 1341 2597 1380 eum
2624 1342 2652 1381 δ
2687 1328 2833 1383 bono
2859 1329 3019 1384 Patre
3052 1340 3400 1400 expetamus.

1826 1414 1896 1469 At
1939 1416 2215 1484 quomodo
2247 1416 2364 1471 ﬁeri
2406 1426 2619 1487 potest,
2658 1428 2720 1473 ut
2756 1419 2836 1474 illi
2878 1422 3100 1491 quidem
3131 1423 3257 1490 hoc,
3292 1439 3403 1480 non

1825 1507 2027 1571 dicam,
2063 1523 2165 1578 pro
2189 1510 2432 1565 veritatis
2462 1522 2733 1583 prmeepto
2765 1510 3026 1577 habeant,
3064 1516 3160 1569 sed
3192 1517 3275 1571 Vel
3300 1518 3405 1571 sub

1828 1595 2028 1652 fabulas
2058 1598 2241 1667 specie
2269 1600 2371 1654 ista
2393 1601 2577 1656 animo
2604 1605 3044 1672 repmsentent?
3077 1605 3223 1660 Idem
3255 1609 3404 1662 enim

1830 1688 1935 1743 hoc
1965 1700 2070 1754 est,
2107 1706 2171 1747 ac
2230 1692 2277 1747 si
2328 1703 2624 1748 vereantur
2647 1735 2662 1760 ,
2704 1710 2775 1749 ne
2804 1711 2833 1749 a
2868 1696 3013 1751 malo
3060 1698 3405 1762 liberentur,

1832 1782 2077 1851 adeoque
2105 1800 2134 1838 a
2165 1783 2315 1839 Bono
2339 1794 2598 1856 expetant
2619 1829 2634 1853 ,
2668 1797 2729 1842 ut
2764 1788 2894 1843 illud
2931 1799 3190 1861 tanquam
3220 1792 3410 1847 dome-

1829 1873 2028 1929 sticum
2062 1874 2350 1945 recipiant.
2392 1876 2449 1931 Si
2476 1878 2621 1933 enim
2644 1879 2803 1934 cibus
2832 1878 2955 1934 Mali
2987 1889 3071 1935 est
3103 1896 3262 1951 opus,
3292 1898 3414 1937 cer-

1831 1974 1884 2020 te
1913 1966 1979 2030 is,
2016 1966 2107 2036 qui
2127 1967 2195 2021 ad
2219 1969 2511 2024 salvandos
2539 1970 2792 2025 homines
2819 1971 3009 2038 venit,
3041 1972 3172 2026 dum
3210 1972 3266 2027 in
3303 1973 3414 2028 ﬁne

1828 2059 2094 2114 orationis
2122 2060 2264 2115 idem
2298 2062 2427 2117 illud
2467 2078 2499 2117 e
2523 2064 2708 2118 medio
2731 2062 2904 2129 tollit,
2927 2064 2995 2118 ad
3029 2065 3307 2131 eumdem,
3339 2066 3407 2121 ad

1828 2167 1990 2221 quem
2023 2169 2217 2221 preces
2248 2170 2345 2225 pro
2369 2155 2493 2211 cibo
2533 2156 2735 2212 deferri
2774 2158 2910 2221 vult,
2942 2159 3248 2213 orationem
3275 2175 3412 2231 quo-

1828 2260 1935 2312 que
1966 2246 2213 2314 prmstari
2237 2246 2413 2315 jubet,
2441 2262 2541 2317 per
2560 2264 2723 2318 quam
2755 2263 2786 2303 a
2807 2249 2949 2304 Malo
2971 2250 3302 2305 liberemur:
3326 2251 3413 2306 in-

1829 2336 2018 2391 dic-aus
2049 2338 2283 2401 scilicet,
2308 2341 2474 2408 quod,
2507 2342 2597 2410 qui
2630 2357 2729 2397 nos
2751 2357 2781 2396 a
2813 2344 3246 2409 maloliberavit,
3266 2344 3409 2400 idem

1830 2426 1991 2481 nobis
2013 2435 2068 2479 et
2100 2442 2426 2495 corporeum
2477 2430 2662 2484 cibum
2698 2432 3034 2501 suppeditat,
3079 2448 3245 2502 super
3291 2436 3413 2506 qui-

1831 2518 1931 2572 bus
1954 2526 2009 2571 et
2036 2533 2285 2588 regnum,
2319 2528 2374 2574 et
2404 2522 2734 2590 potentiam,
2775 2532 2831 2577 et
2870 2525 3097 2595 gloriam
3134 2526 3188 2580 in
3218 2542 3415 2597 perpe-

1834 2617 1985 2664 tuum
2014 2625 2137 2666 esse
2173 2621 2227 2665 et
2257 2628 2575 2668 mansuram
2608 2630 2826 2687 quoque
2869 2617 3184 2687 unigenitus
3215 2620 3409 2680 Patris.

1831 2701 1922 2770 qui
1958 2700 2060 2756 ista
2096 2703 2320 2773 largitus
2343 2714 2449 2768 est,
2480 2706 2649 2761 Filius
2679 2708 2887 2763 docuit.
2922 2708 3160 2765 Videsne
3187 2710 3241 2764 in
3268 2713 3413 2780 quod

1833 2793 2150 2847 barathrum
2183 2798 2455 2864 apostasia
2482 2814 2540 2852 se
2565 2799 2891 2868 praecipitet,
2913 2809 2968 2855 et
2995 2801 3270 2870 quomodo
3294 2817 3414 2857 ver-

1833 2881 1961 2935 bum
1993 2883 2278 2949 veritatis,
2326 2884 2514 2939 eﬂicax
2579 2886 2792 2941 scilicet
2841 2897 2899 2942 et
2958 2890 3183 2959 ancipiti
3232 2892 3415 2961 gladio

1832 2971 2025 3037 quovis
2054 2974 2451 3041 penetrantius,
2478 2976 2532 3029 in
2559 2991 2684 3031 eum
2706 2981 3020 3049 grassetur?
3046 2979 3102 3035 Si
3141 2983 3264 3051 quis
3286 2999 3416 3039 vero

1834 3075 2031 3130 panem
2075 3063 2455 3133 quotidianum
2512 3066 2712 3121 dixerit
2750 3083 2860 3122 non
2908 3070 3234 3140 simpliciter
3289 3088 3413 3129 eum

1834 3165 1957 3205 esse
1980 3152 2071 3221 qui
2107 3155 2324 3224 corpori
2367 3156 2423 3210 in
2460 3170 2645 3211 eseam
2688 3160 3104 3229 suppeditatur,
3149 3164 3247 3218 sed
3290 3181 3414 3219 eum

1832 3243 1926 3318 qui
1969 3243 2023 3297 iu
2080 3260 2281 3314 corpus
2323 3246 2527 3303 Christi
2574 3258 2857 3315 mutatur,
2909 3262 2966 3306 et
3016 3253 3254 3309 animam
3288 3271 3415 3310 cum

1833 3350 2068 3404 corpore
2095 3338 2401 3393 sanetiﬁcat
2423 3379 2438 3404 ,
2472 3354 2582 3395 non
2614 3341 2818 3406 minus,
2850 3343 2959 3401 nisi
2999 3344 3179 3399 adhuc
3216 3348 3411 3416 magis,

1836 3426 1938 3480 hac
1965 3430 2428 3486 commentatione
2467 3431 2723 3503 impietas
2755 3434 3089 3501 confoditur,
3131 3445 3187 3491 et
3233 3452 3416 3495 sermo

1839 3519 1929 3575 hic
1958 3520 2413 3623 immedicabilem
2453 3521 2559 3593 ipsi
2581 3524 2794 3582 cladem
2827 3526 3014 3583 infert.

1906 3808 2027 3862 XII.
2068 3808 2224 3874 Quod
2268 3810 2313 3865 si
2356 3825 2488 3867 vero
2520 3810 2738 3867 duobus
2776 3811 3015 3869 dominis
3056 3814 3265 3872 servire
3303 3833 3416 3874 non

1835 3901 1983 3967 licet,
2011 3901 2333 3957 substantia).
2351 3918 2481 3959 vero
2512 3904 2767 3960 humanae
2795 3904 3017 3961 dimidia
3048 3923 3196 3977 pars,
3215 3911 3418 3980 quippe

1835 4007 1956 4062 quae
1999 4008 2063 4046 ex
2112 3992 2404 4062 impiorum
2448 3994 2735 4049 hominum
2772 4007 2957 4051 mente
2998 4007 3249 4053 creatura
3284 4002 3417 4055 Mali

1835 4084 2086 4146 exsistit,
2122 4085 2225 4155 ipsi
2265 4086 2404 4142 Malo
2449 4087 2616 4142 etiam
2654 4088 2824 4143 invita
2867 4091 3041 4145 servit
3077 4100 3132 4147 et
3168 4093 3418 4163 subjecta

1834 4187 1918 4232 est
1957 4186 2214 4248 tanquam
2248 4189 2497 4235 creatura
2540 4181 2835 4249 conditori,
2865 4198 3027 4238 nemo
3051 4200 3184 4239 sane
3207 4202 3343 4254 pure
3364 4198 3420 4242 et

1837 4269 2045 4339 integre
2074 4268 2185 4324 Deo
2216 4285 2457 4340 unquam
2498 4270 2803 4325 serviverit.
2838 4271 2988 4325 Adeo
3012 4272 3067 4325 in
3091 4289 3263 4344 nugas
3286 4274 3418 4343 ipsis

1836 4350 2251 4415 abeu‘ntdivina
2286 4361 2557 4431 praeconia
2582 4402 2597 4425 ,
2625 4370 2707 4426 et,
2754 4377 2788 4416 ο
2838 4363 3127 4417 hominum
3174 4365 3419 4419 insolen-

1838 4452 2000 4506 tiam!
2050 4452 2167 4521 ipse
2215 4468 2434 4521 quoque
2469 4453 2789 4507 tremendus
2809 4451 3013 4508 Christi
3060 4454 3327 4508 adventus
3363 4464 3420 4509 et

194 4540 273 4595 ὅσα
319 4544 447 4615 ὑπὲρ
502 4547 605 4615 τῆς
661 4543 819 4615 ἡμῶν
873 4544 1147 4615 σωτηρίας
1203 4545 1231 4597 6
1287 4542 1556 4612 δεσπότης
1594 4542 1728 4595 ἑκὼν

1841 4543 2167 4609 inearnatio,
2208 4540 2373 4612 atque
2399 4543 2537 4597 adeo
2563 4544 2777 4608 omnia,
2825 4560 2945 4614 qua;
2976 4559 3075 4612 pro
3102 4545 3278 4598 salute
3309 4560 3416 4597 no-

196 4632 366 4707 ὐπὲστη
408 4638 497 4691 καὶ
527 4637 877 4702 κατεδέξατο.
932 4636 1095 4691 Ἀλλά
1131 4637 1195 4689 σὺ
1227 4636 1327 4706 μὲν
1373 4637 1480 4688 τῶν
1525 4634 1735 4704 ἀνορω-

1825 4637 1954 4716 ςειια
1988 4634 2256 4689 Dominus
2284 4634 2428 4690 ultro
2470 4635 2732 4691 sustinuit
2772 4644 2829 4690 et
2858 4635 3082 4705 recepit.
3112 4635 3332 4690 Scilicet
3359 4644 3417 4690 tu

1246 4796 1918 4868 VARIJELECTIONES
1966 4795 2055 4850 ΕΤ
2097 4792 2335 4850 ΝΟΤιΕ.

217 5050 225 5057 ,
253 4983 350 5056 (98)
382 4988 713 5061 ﬂuctuaris“.
751 4988 1109 5061 Subintellige
1144 4985 1307 5061 εὐχὴν
1329 5026 1347 5061 _,
1402 4985 1451 5039 id
1480 4992 1577 5061 est
1607 4997 1734 5061 orae

1913 4980 2418 5053 (1)Μετα6άλγίει.
2467 4976 2649 5053 innuit
2699 4976 2787 5031 hic
2831 4991 3020 5053 eorum
3057 4974 3419 5053 sententiam,

197 5046 365 5128 tionem
392 5046 751 5119 Dominicam,
784 5075 905 5128 qua
948 5046 1079 5113 alias
1114 5046 1432 5127 simpliciter
1461 5053 1593 5128 εύχὴ
1638 5060 1728 5128 full

1836 5046 1933 5122 qui
1968 5046 2132 5120 ἄρτον
2160 5050 2437 5128 ἐπιούσιον
2469 5048 2538 5105 de
2562 5056 2907 5128 sacrosancta
2938 5046 3419 5128 Eucharistiauin-

673 5144 702 5181 a
732 5122 933 5184 Graecis
978 5122 1292 5183 doctoribus
1342 5122 1533 5179 vocari
1575 5122 1732 5177 Solet.

198 5192 391 5278 Constat
417 5192 653 5278 alioquin
687 5198 855 5268 εὐχὴν
901 5200 1173 5278 μυστικὴν
1203 5196 1383 5278 vocari
1401 5195 1571 5278 “illam
1594 5206 1737 5278 ,με-ετ

198 5264 325 5319 randi
356 5262 639 5337 formulam
661 5262 1098 5337 qua'sace'rdotes
1122 5262 1175 5321 in
1200 5265 1372 5337 veteri
1401 5263 1641 5337 Ecclesia
1668 5262 1736 5315 ad

199 5335 546 5391 sanctiﬁcanda
576 5334 845 5392 elementa
876 5354 1046 5393 saera:
1076 5353 1247 5392 coenae
1277 5334 1354 5389 uti
1386 5335 1653 5395 solebant,
1684 5340 1738 5385 et

196 5415 295 5476 Quae
318 5421 431 5461 cum
465 5409 580 5476 ipsa
633 5408 883 5462 oratione
912 5408 1189 5463 Dominica
1218 5405 1475 5474 conjungi
1506 5402 1733 5476 solebat.

200 5468 346 5550 Hujus
374 5468 575 5550 men-tio
598 5476 859 5550 frequens
882 5487 969 5550 est
993 5478 1046 5531 in
1078 5468 1339 5550 Liturgiis
1360 5468 1614 5550 Gr?ecis._

256 5545 354 5622 (99)
400 5548 644 5613 Ταύτην.
671 5545 999 5622 Legendum
1054 5545 1478 5622 videri'poterat
1524 5545 1733 5622 τουτον,

200 5613 302 5687 quia
338 5610 517 5687 sermo
548 5610 631 5670 est
655 5617 722 5670 de
750 5610 920 5687 ἄρτῳ.
957 5623 1023 5671 At
1054 5610 1283 5672 Photius
1336 5616 1452 5687 haec
1488 5610 1734 5667 scribens

203 5684 420 5760 ωεὲιανίι
463 5688 532 5741 de
560 5684 913 5760 vocetpotpij,
953 5703 1072 5756 quae
1102 5688 1168 5741 de
1206 5700 1347 5760 pane
1371 5684 1731 5760 _etiam_usur-

203 5706 420 5751 WB'WVH
463 5706 532 5741 ue
560 5706 693 5742 voce
717 5706 852 5756 τροφ
897 5727 913 5751 ,
953 5706 1072 5756 quae
1102 5706 1168 5741 ue
1206 5706 1347 5755 pane
1384 5706 1544 5737 etiam
1572 5706 1731 5734 usur-

202 5751 298 5826 με,τὶ
339 5756 497 5826 solet,
551 5765 606 5810 et
649 5757 718 5811 ad
750 5706 914 5820 han},
956 5772 1109 5811 more
1133 5754 1492 5826 scriptori-bus
1530 5750 1731 5807 Graecis

204 5819 420 5893 solemni,
450 5819 749 5896 pronomen
778 5819 981 5896 ταύτην
1012 5826 1217 5882 retulit.
1245 5819 1263 5826 ’
1596 5830 1603 5835 “

412 5920 679 5984 Pamon.
724 5924 843 5984 Gn.
882 5920 1010 5982 Cll.

196 5123 305 5198 ςζδχὴ
343 5130 639 5198 Δεσποτικὴ

1835 5115 2241 5191 ιὀιριόιιιηιυιυ,
2286 5118 2430 5188 quod
2484 5133 2551 5171 ex
2587 5117 2866 5191 veteribus
2913 5126 2967 5169 et
3017 5115 3417 5191 recentioribus

1836 5186 2094 5245 Ecclesiae
2131 5186 2446 5245 doctoribus
2472 5202 2579 5239 non
2615 5187 2705 5239 uni
2733 5202 3053 5254 persuasum
3096 5186 3266 5239 fuisse
3294 5200 3419 5252 per-

1836 5262 2112 5325 vulgatum
2137 5269 2238 5314 est.
2264 5259 2397 5313 Vide
2422 5256 2656 5311 Balthas.
2686 5256 2972 5325 Stolbergii
2990 5256 3417 5318 Dissertatianer,

1879 5371 1892 5383 .
1921 5332 2027 5385 220
2056 5346 2206 5385 seua.

1839 5346 1892 5399 p.
1921 5346 2027 5385 πυ
2056 5346 2206 5399 seqq.

1912 5400 1987 5471 (2)
2032 5400 2482 5471 Στηλιτεύεται.
2508 5395 3051 5471 Refellitur__seilicet
3101 5393 3191 5447 hic
3228 5407 3419 5471 eorum

1843 5464 1997 5526 error
2019 5486 2085 5524 ex
2115 5464 2188 5542 eo
2240 5468 2407 5542 quod,
2441 5467 2485 5542 si
2538 5466 2693 5542 panis
2738 5482 2767 5519 a
2801 5465 2940 5519 Malo
2972 5475 3135 5528 esset,
3181 5464 3421 5542 optimus

1845 5540 2101 5595 Servator
2124 5533 2328 5609 aliquid
2357 5533 2579 5609 maliad
2611 5551 2722 5590 rem
2748 5546 2855 5609 tam
2887 5544 3129 5589 sanctam
3152 5533 3420 5589 adhiben-

1842 5611 1972 5665 dum
2002 5606 2327 5679 censuisset,
2358 5607 2502 5679 quod
2532 5607 2714 5660 dicere
2743 5606 2896 5679 nefas
2924 5613 3024 5679 est.
3182 5672 3197 5679 _
3362 5669 3374 5679 _

1912 5680 1993 5753 (3)_
2018 5672 2329 5753 _Ka0ap¢_3c.
2377 5672 2457 5731 ita
2487 5678 2607 5744 lego
2637 5690 2736 5753 pro
2764 5674 3027 5753 καθαρὸς,
3054 5672 3200 5753 quod
3248 5678 3331 5726 est
3362 5672 3417 5723 in

1837 5746 1944 5808 ms‘.
1968 5746 2141 5823 quue
2168 5746 2256 5807 vel
2282 5764 2314 5803 a
2347 5756 2611 5820 sequente
2636 5746 2947 5816 ὁλοκλήρως
2976 5746 3258 5798 astruitur.

2853 5900 2891 5960 Ἰ
