3886 6434
373 377 479 441 203

1504 363 1770 428 ΡΗΟΤΙΙ
1816 359 2324 424 PATRIARCH/E
2359 360 2470 420 CP.

3533 346 3646 414 204

373 488 617 560 quidem,
653 484 829 540 malus
857 493 912 538 et
940 478 1250 552 ingratusin
1290 475 1696 534 bcnefactorem
1717 473 1956 535 futurus,

2078 467 2232 521 τίνων
2267 466 2537 535 σωμάτων
2571 461 2670 533 τήν
2702 459 2910 532 τροφὴν
2947 457 3186 530 πονηρὸς
3217 457 3311 512 καὶ
3343 457 3647 530 ἀχάριστος

374 580 557 634 cibum
583 591 877 645 corporum
913 574 1279 628 humanorum
1311 570 1538 624 malitiae
1568 574 1809 638 segetem
1832 576 1955 618 esse

377 669 581 724 tradis:
632 666 895 721 Servator
935 678 1066 720 vero
1125 662 1371 716 omnium
1405 668 1462 715 et
1513 667 1707 713 auctor
1730 655 1956 709 'Patrem

377 774 540 816 suum
571 759 848 813 caelestem
877 769 940 809 ac
982 753 1188 815 Deum,
1232 752 1393 821 cujus
1435 763 1663 820 regnum
1693 760 1796 801 nos
1847 759 1958 814 pra:

317 847 321 852 ’
378 851 544 904 rebus
570 844 850 916 corporeis
887 842 1147 897 omnibus
1175 854 1423 911 quaerere
1455 839 1632 909 jubet,
1669 851 1780 890 non
1814 833 1959 887 illius

379 942 557 996 solum
583 938 692 993 cibi
713 952 820 1006 quo
848 934 1122 998 homines,
1146 933 1240 988 sed
1271 941 1326 987 et
1348 931 1600 994 illorum,
1628 927 1830 998 quibus
1861 941 1960 978 vo-

379 1033 560 1088 lucres
581 1028 940 1092 nutriuntur,
975 1034 1255 1080 auctorem
1283 1033 1339 1078 et
1379 1029 1790 1093 procuratorem
1833 1032 1959 1088 pro-

379 1122 618 1178 nuntiat.
654 1119 720 1174 Et
752 1117 1029 1189 quomodo
1069 1132 1201 1171 sana
1230 1115 1370 1170 ratio
1395 1113 1605 1184 quaevis
1642 1112 1749 1166 illis
1775 1119 1961 1164 extre—

382 1229 487 1270 mae
511 1212 737 1268 insaniae
761 1224 951 1281 ptenas
985 1223 1096 1262 non
1134 1207 1331 1263 merito
1364 1206 1596 1276 irroget,
1633 1203 1728 1274 qui
1759 1203 1956 1257 clamo-

384 1320 474 1359 res
519 1301 649 1357 s'uos
709 1315 834 1354 cum
881 1299 1117 1354 oraculis
1167 1296 1464 1353 Dominicis
1517 1305 1575 1351 et
1629 1293 1965 1349 salutaribus

383 1395 745 1468 permutant?
772 1393 900 1449 Haec
930 1392 1078 1447 enim
1117 1389 1338 1457 docent,
1365 1389 1586 1446 Patrem
1627 1397 1879 1444 nostrum
1907 1386 1964 1441 in

384 1488 538 1545 caalis
563 1500 725 1541 nosse
751 1527 766 1552 ,
813 1485 1012 1554 quibus
1047 1499 1188 1553 opus
1214 1483 1516 1538 habeamus
1537 1520 1554 1547 ,
1597 1480 1666 1535 ad
1695 1494 1858 1549 quem
1911 1485 1966 1531 et

385 1594 578 1650 preces
599 1575 964 1646 deferrejussi
993 1589 1183 1630 sumus
1208 1575 1542 1629 clamantes:
1572 1571 1741 1626 Pater
1770 1579 1964 1632 noster,

388 1671 551 1740 quies
573 1669 627 1722 in
655 1667 795 1722 εωιίδ
816 1667 918 1732 ³⁷·;
957 1679 1213 1734 eumque,
1244 1665 1291 1719 si
1337 1678 1564 1734 regnum
1593 1661 1712 1732 ejus
1739 1660 1966 1730 ejusque

385 1759 657 1828 justitiam
686 1771 1028 1827 quaeramus,
1055 1753 1349 1819 nuntiant,
1401 1768 1513 1807 non
1554 1751 1730 1807 solum
1782 1750 1966 1804 cibum

390 1849 550 1904 nobis
578 1848 846 1919 praebere,
881 1847 978 1902 sed
1005 1857 1062 1900 et
1083 1845 1266 1900 omnia
1295 1844 1526 1913 reliqua,
1557 1857 1656 1913 per
1684 1856 1804 1910 qua:
1841 1855 1970 1895 cor-

391 1956 497 2010 pus
515 1950 758 2004 curatur,
783 1954 887 1993 nec
901 1955 966 1994 ea
986 1938 1184 2002 solum,
1202 1953 1324 2007 qua:
1336 1937 1400 1991 ad
1419 1935 1788 1991 necessarium
1813 1947 1971 1988 usum

394 2033 677 2088 hominum
702 2032 1019 2098 conferunt,
1035 2031 1130 2086 sed
1150 2042 1206 2086 et
1249 2046 1371 2100 quae
1391 2027 1696 2084 secundum
1720 2026 1832 2081 imo
1853 2023 1974 2079 ulti-

392 2138 544 2178 mum
558 2121 734 2176 locum
747 2131 1040 2191 occupant,
1063 2121 1256 2175 habitu
1281 2135 1382 2175 suo
1393 2119 1633 2174 naturali
1651 2116 1976 2172 instruxisse

392 2220 450 2266 et
475 2209 699 2264 aluisse.
725 2209 1072 2264 Considerate
1103 2209 1263 2273 enim,
1301 2207 1500 2277 inquit,
1529 2207 1644 2260 lilia
1679 2205 1817 2276 agri,
1845 2219 1976 2274 quo-

393 2301 546 2354 modo
574 2309 851 2353 crescant:
884 2315 988 2352 non
1032 2297 1298 2359 laborant,
1335 2313 1498 2367 neque
1529 2305 1652 2350 nent
1677 2294 1746 2348 ".
1788 2291 1976 2362 Neque

397 2391 512 2444 haec
550 2389 749 2454 solum,
801 2388 897 2444 sed
929 2398 985 2444 et
1015 2388 1192 2458 ipsum
1225 2387 1361 2442 adeo
1413 2386 1528 2458 agri
1560 2397 1808 2458 gramen,
1831 2383 1978 2453 quod

399 2481 560 2536 hodie
617 2479 853 2544 exsistit,
910 2487 966 2534 et
1016 2494 1138 2534 cras
1186 2479 1240 2533 in
1272 2477 1552 2534 fornacem
1599 2475 1858 2531 mittitur.
1889 2475 1980 2530 Ait

398 2570 546 2626 enim
583 2586 598 2624 :
639 2569 699 2624 Si
728 2585 850 2623 vero
876 2584 1094 2638 gramen
1124 2568 1242 2639 agri
1283 2568 1432 2622 hodie
1473 2567 1744 2632 cuiatem,
1777 2576 1825 2620 et
1862 2583 1980 2620 cras

397 2662 456 2716 in
481 2664 751 2733 fornacem
817 2659 1006 2729 conjici
1067 2659 1284 2713 solitum
1343 2659 1480 2713 Deus
1517 2660 1691 2725 vestit,
1721 2658 1979 2729 quomodo

401 2768 506 2805 non
540 2751 705 2805 multo
746 2751 913 2820 magis
969 2765 1078 2816 vos,
1120 2767 1150 2804 ο
1203 2750 1405 2819 exiguw
1465 2749 1589 2818 ﬁdei
1643 2749 1874 2804 homines
1892 2749 1981 2802 ’9?

402 2841 471 2896 Et
499 2841 827 2896 naturalium
857 2841 1077 2910 quidem
1107 2839 1322 2894 illorum
1363 2840 1832 2906 indumentorum,
1861 2840 1981 2910 qui-

403 2934 506 2988 bus
531 2933 708 2988 bonus
743 2930 1002 2986 Dominus
1044 2945 1265 3002 gramen
1313 2930 1496 2997 vestit,
1536 2947 1658 3001 quae
1695 2939 1751 2986 et
1777 2939 1980 3002 quanta

400 3034 488 3082 est
509 3022 949 3093 magnificentia!
983 3021 1056 3075 Ea
1103 3030 1253 3076 certe
1281 3028 1491 3076 vestem
1529 3021 1733 3093 regiam
1755 3032 1810 3076 et
1846 3038 1982 3092 pur-

404 3129 542 3184 pura
595 3113 1009 3184 splendentem,
1065 3127 1229 3182 quam
1275 3111 1517 3167 humana
1567 3113 1788 3168 solertia
1839 3113 1982 3168 inter

404 3205 608 3276 primas
632 3202 902 3275 collocat,
925 3211 1049 3273 post
1077 3217 1137 3257 se
1194 3210 1453 3273 tanquam
1487 3203 1781 3260 secundam
1816 3204 1982 3258 relin-

402 3297 542 3366 quit.
576 3295 704 3349 Dico
735 3296 874 3348 enim
917 3293 1084 3361 vobis,
1113 3296 1252 3366 quod
1280 3311 1443 3366 neque
1473 3293 1727 3349 Salomon
1757 3296 1814 3349 in
1840 3297 1982 3351 omni

403 3402 501 3441 sua
533 3385 704 3456 gloria
753 3385 964 3438 vestitus
995 3385 1072 3437 ita
1105 3385 1226 3454 fuit,
1260 3393 1315 3438 ut
1342 3399 1504 3438 unum
1534 3401 1598 3438 ex
1623 3385 1730 3439 illis
1761 3385 1803 3439 ⁸.
1832 3385 1984 3451 Quo-

405 3477 568 3531 modo
609 3475 774 3546 igitur
813 3473 1076 3546 graminis
1100 3473 1318 3543 quidem
1338 3473 1596 3530 vestitum
1623 3474 1798 3529 bonus
1828 3481 1985 3544 parat

409 3567 573 3629 Deus,
616 3574 671 3620 tu
701 3580 830 3620 vero
865 3564 1008 3620 illius
1035 3565 1369 3629 vestimenti,
1396 3580 1506 3635 quo
1531 3565 1768 3620 hominis
1802 3565 1986 3619 anima

408 3652 796 3718 circumdatur,
849 3652 1112 3722 corporis.
1165 3654 1410 3724 inquam,
1446 3654 1639 3720 alium,
1694 3669 1803 3709 non
1851 3669 1986 3710 vero

406 3747 678 3813 eumdem,
733 3747 980 3817 requires
1039 3737 1421 3804 conditorem?
1457 3748 1521 3802 Et
1563 3749 1838 3819 quomodo
1872 3763 1985 3804 non

407 3837 567 3893 simul
600 3846 651 3893 te
674 3839 856 3909 ipsum
880 3840 1038 3910 longe
1068 3839 1300 3910 graviori
1324 3853 1502 3910 pinnae
1523 3839 1818 3894 obnoxium
1850 3837 1989 3894 fate-

407 3929 504 3992 ris,
538 3944 698 3998 quam
727 3943 951 4000 gramen
977 3929 1131 3996 illud,
1166 3931 1313 4001 quod
1347 3931 1403 3986 in
1457 3930 1735 3986 fornacem
1757 3931 1986 4000 conjici-

410 4019 541 4072 tur?
577 4019 644 4072 Et
673 4018 931 4074 Servator
950 4020 1168 4089 quidem
1210 4021 1338 4086 illis,
1393 4021 1488 4095 qui
1513 4022 1778 4093 justitiam
1815 4023 1908 4077 Dei
1931 4031 1988 4078 et

409 4123 638 4178 regnum
663 4124 762 4179 per
783 4123 948 4179 opera
970 4121 1241 4180 quaerunt,
1271 4114 1546 4178 eumdem,
1575 4115 1733 4184 cujus
1755 4129 1985 4184 regnum

411 4198 542 4253 illud
569 4207 672 4264 est,
710 4210 765 4254 et
821 4200 1006 4255 cibum
1056 4210 1110 4256 et
1159 4204 1487 4260 vestimenta
1512 4206 1747 4277 aliaque,
1783 4209 1986 4279 quibus

412 4299 790 4356 conservatur,
857 4292 1329 4362 suppeditaturum
1366 4297 1654 4367 promittit.
1720 4298 1800 4353 Tu
1855 4317 1986 4356 vero

413 4384 516 4439 ista
561 4387 746 4456 gratiae
801 4394 857 4440 et
914 4384 1263 4455 benignitatis
1319 4403 1546 4443 munera
1592 4389 1660 4444 ad
1709 4392 1986 4447 contraria

2056 558 2186 630 περὶ
2217 556 2309 610 τὸν
2345 556 2645 626 εὐεργέτην
2673 551 2919 622 γεγονὼς
2939 592 2954 616 ,
2986 551 3257 621 πονηρίας
3290 551 3649 620 δογματίζεις

2055 649 2355 720 γεώργιον·
2386 649 2415 701 ό
2446 647 2503 700 δέ
2527 647 2720 717 Σωτήρ
2747 645 2856 700 τῶν
2887 645 3026 699 ὅλων
3066 644 3164 698 καὶ
3195 642 3537 714 Δημιουργδς
3577 641 3647 696 οὐ

2055 741 2158 811 τῆς
2207 737 2558 810 ἀνθρωπίνης
2609 737 2818 809 τροφῆς
2860 737 3024 807 μόνον
3055 737 3149 788 τὸν
3195 734 3446 806 οὐράνιον
3474 731 3645 787 αὑτοῦ

2059 833 2280 902 Πατέρα
2299 831 2393 886 καὶ
2413 830 2568 896 Θεὸν,
2593 822 2659 883 οὗ
2710 828 2811 901 τήν
2836 827 3116 899 βασιλείαν
3141 825 3512 896 ἐγκελεύεται,
3533 825 3650 898 πρὸ

2057 924 2165 978 τῶν
2188 922 2518 996 σωματικῶν
2546 921 2829 986 ἀπάντων,
2868 922 3016 992 qua;
3045 919 3348 990 ἐπιζητεῖν,
3379 918 3520 972 ἀλλά
3549 919 3653 972 καὶ

2058 1015 2124 1068 δι’
2149 1008 2225 1069 ὧν
2261 1015 2333 1069 τά
2378 1014 2604 1068 πέτεινά
2630 1012 2918 1084 τρέφεται,
2949 1011 3114 1065 αὐτὸν
3167 1010 3457 1078 ἀποφαίνει
3516 1027 3653 1082 χορο

2059 1106 2195 1178 ηγόν
2220 1123 2279 1160 τε
2316 1105 2411 1161 καὶ
2439 1104 2769 1178 προνοητήν.
2799 1103 2911 1158 Kal
2934 1102 3052 1166 πῶς
3068 1101 3170 1156 οὐκ
3201 1101 3267 1156 ἂν
3287 1104 3387 1174 τῆς
3409 1101 3655 1173 ἐσχάτης

2063 1197 2266 1270 μανίας
2309 1197 2467 1268 δίκην
2509 1195 2862 1251 ἀποτιννύναι
2900 1194 3048 1258 ἀπας
3075 1193 3235 1264 ὀρθὸς
3264 1194 3654 1266 ἐπιψηφιεῖται

2060 1289 2219 1358 λόγος
2257 1289 2384 1352 τοὺς
2420 1287 2520 1351 τάς
2564 1287 2703 1352 ἰδίας
2749 1285 2957 1350 ὑλακάς
3000 1285 3112 1339 τῶν
3150 1288 3501 1340 Δεσποτικῶν
3547 1285 3654 1340 καὶ

2064 1381 2350 1453 σωτηρίων
2379 1379 2918 1450 ἀνταλλασσομένους
2948 1378 3236 1449 χρησμῶν,
3266 1377 3328 1432 ὃν
3348 1377 3654 1450 διαρρήδην

2063 1472 2264 1527 ειδέναι
2285 1489 2347 1528 τε
2369 1471 2460 1525 τὸν
2492 1473 2550 1524 ἐν
2582 1472 2837 1540 οὐρανοῖς
2879 1469 3101 1541 Πατέρα
3134 1468 3316 1540 ἡμῶν,
3351 1461 3428 1524 ὧν
3458 1470 3656 1540 χρείαν

2064 1564 2284 1636 ἔχομεν,
2317 1562 2454 1632 πρὸς
2483 1563 2543 1616 ὃν
2575 1560 2672 1618 καὶ
2703 1561 2803 1632 τήν
2832 1561 3000 1633 εὐχήν
3032 1561 3337 1615 ἀνατείνειν
3367 1561 3657 1632 ἐδιδάχθη-

2067 1672 2189 1727 μεν,
2229 1653 2419 1722 Πάτερ
2457 1650 2648 1722 ἡμῶν,
2685 1650 3110 1724 ἀνακράζοντες,
3145 1653 3179 1706 ό
3204 1651 3275 1706 ἐν
3308 1651 3436 1718 τοῖς
3471 1653 3657 1720 οὐρα-

2063 1746 2222 1814 νοῖς,
2251 1746 2344 1800 καὶ
2366 1746 2426 1799 ἐν
2449 1745 2526 1816 τῷ
2555 1745 2738 1815 ζητεῖν
2771 1745 2872 1816 τὴν
2903 1743 3187 1813 βασιλείαν
3219 1741 3383 1797 αὐτοῦ
3416 1745 3513 1798 καὶ
3549 1745 3656 1815 τὴν
3681 1783 3698 1796 .

1999 1821 2040 1876 Β
2068 1835 2415 1907 δικαιοσύνην
2451 1833 2640 1899 αὑτοῦ,
2675 1834 2739 1888 οὐ
2772 1834 2873 1906 τὴν
2905 1835 3110 1905 τροφὴν
3138 1836 3450 1906 παρέχοντα
3489 1835 3658 1906 μόνον

2069 1927 2512 1998 διαγγέλλουσιν,
2549 1925 2689 1982 ἀλλά
2737 1926 2834 1980 καὶ
2859 1927 2928 1981 τά
2967 1926 3103 1980 ἀλλα
3153 1927 3362 1989 πάντα.
3411 1926 3480 1980 δι’
3507 1920 3586 1981 ὧν
3618 1927 3656 1998 ἡ

2071 2017 2336 2091 θεραπεία
2383 2017 2479 2071 τοῦ
2513 2016 2768 2087 σώματος
2788 2057 2804 2081 ,
2851 2017 2949 2071 καὶ
2973 2018 3073 2090 οὐχ
3113 2019 3214 2072 ὅσα
3263 2019 3426 2088 μόνον
3447 2022 3515 2091 τῇ
3545 2021 3649 2074 ἀν-

2073 2109 2323 2183 θρωπίνῃ
2366 2109 2528 2181 χρείςμ⁵
2574 2108 2637 2173 ἐξ
2677 2109 2978 2177 ἀναγκαίου
3033 2109 3314 2172 συντελεῖ,
3369 2109 3508 2164 ἀλλά
3555 2110 3657 2164 καὶ

2073 2200 2173 2254 ὅσα
2232 2198 2530 2270 δευτέραν,
2595 2197 2630 2268 ἢ
2685 2197 2782 2252 καὶ
2837 2198 3160 2252 τελευταίαν
3213 2199 3405 2268 ἐπέχει
3452 2198 3652 2264 τάξιν,

2075 2291 2241 2347 αὑτὸν
2288 2290 2462 2346 αἴτιον
2515 2286 2656 2344 εἶναι
2711 2292 2805 2345 καὶ
2856 2291 2958 2361 τῆς
3009 2290 3215 2344 τούτων
3258 2290 3495 2362 φυσικῆς
3549 2307 3655 2344 πε-

2080 2383 2296 2455 ριϐολῆς
2351 2384 2446 2436 καὶ
2498 2381 2798 2454 αὐξήσεως.
2852 2382 3228 2452 Καταμάθετε
3284 2381 3432 2451 γὰρ,
3476 2382 3655 2452 φησι,

2075 2475 2148 2530 τὰ
2179 2476 2356 2543 κρίνα
2385 2473 2492 2528 τοῦ
2520 2474 2708 2543 ἀγροῦ
2732 2473 2858 2540 πῶς
2878 2474 3155 2539 αὐξάνειο
3186 2476 3259 2529 οὐ
3286 2473 3488 2543 κοπιᾷ,
3510 2473 3660 2530 οὐδὲ

2077 2566 2267 2633 νήθει.
2307 2567 2416 2619 Kal
2471 2566 2532 2618 οὐ
2567 2563 2741 2618 ταῦτα
2777 2565 2958 2634 μόνον,
2997 2564 3133 2618 ἀλλά
3185 2565 3280 2618 καὶ
3331 2564 3523 2628 ἁπλῶς
3556 2564 3657 2618 τὸν

2076 2659 2266 2729 χόρτον
2293 2656 2385 2711 τοῦ
2419 2655 2593 2727 ἀγροῦ
2633 2659 2726 2710 τὸν
2755 2657 2994 2728 σήμερον
3031 2657 3185 2722 ὅντα,
3230 2657 3326 2709 καὶ
3357 2655 3547 2728 αὔριον
3573 2658 3659 2718 είς

2079 2749 2330 2802 κλίϐανον
2367 2748 2714 2819 βαλλόμενον.
2748 2749 2912 2816 Λέγει
2939 2746 3049 2819 γάρ
3073 2764 3088 2780 ο
3121 2749 3190 2802 El
3215 2745 3284 2799 δὲ
3307 2749 3414 2800 τὸν
3439 2747 3661 2815 χόρτον

2077 2840 2185 2894 τοῦ
2212 2840 2397 2910 ἀγροῦ
2433 2839 2706 2908 σήμερον
2732 2841 2879 2892 ὄντα
2903 2838 3002 2892 καὶ
3026 2839 3238 2906 αὔριον
3256 2841 3343 2904 εις
3364 2839 3660 2893 κλίϐανον

2075 2931 2468 3000 ,βαλλόμενον
2495 2934 2528 2984 ό
2553 2931 2698 2995 Θεὸς
2725 2928 3152 3000 ἀμφιέννυσιν,
3175 2931 3248 2985 οὐ
3275 2928 3484 2995 πολ.ῖῷ
3494 2928 3658 3000 μᾶλ-

2080 3026 2195 3077 λον
2226 3020 2404 3092 ὑμᾶς,
2437 3022 2854 3090 ὀλιγόπιστοι;
2901 3020 3012 3074 Kal
3037 3020 3146 3076 τῶν
3179 3021 3422 3090 φυσικῶν
3445 3023 3660 3091 ἀμφια-

2004 3145 2050 3208 C
2085 3115 2307 3186 σμάτων
2334 3115 2563 3180 τούτων,
2597 3109 2681 3178 οἷς
2724 3115 2754 3167 ό
2803 3112 3006 3182 ἀγαθὸς
3037 3113 3310 3184 Δεσπότης
3338 3114 3660 3184 ήμφιάσατο

2081 3206 2170 3262 τὸν
2197 3206 2412 3278 χόρτον,
2446 3206 2585 3277 τίςή
2632 3205 2958 3276 λαμπρότης
2990 3207 3087 3259 καὶ
3136 3207 3307 3279 πόσηῑ
3344 3207 3436 3271 Εἰς
3471 3209 3663 3262 δευτέ-

2083 3315 2184 3369 ραν
2214 3297 2378 3368 αῠτη,
2418 3296 2518 3368 τήν
2562 3297 2620 3363 ἐξ
2659 3295 3010 3367 ἀνθρωπίνης
3037 3298 3318 3368 περινοίας
3342 3297 3412 3351 τά
3461 3299 3667 3369 πρῶτα

2081 3388 2353 3460 λαχοῦσαν
2379 3387 2665 3458 βασιλικὴν
2725 3386 2942 3458 στολὴν,
2973 3388 3070 3441 καὶ
3123 3391 3194 3458 τῇ
3232 3387 3527 3459 πορφυρίδι
3571 3390 3670 3441 ἐν-

2081 3478 2518 3550 αστράπτουσαν,
2531 3477 2913 3548 παραπέμπει.
2931 3477 3094 3548 Λέγω
3107 3477 3217 3548 γὰρ
3231 3477 3397 3541 ὑμῖν,
3411 3478 3499 3532 ὅτι
3510 3480 3670 3533 οὐδὲ

2083 3570 2368 3641 Σολομὼν
2389 3570 2459 3624 ἐν
2473 3568 2645 3639 πάσῃ
2673 3567 2746 3638 τῇ
2767 3568 2915 3639 δόξῃ
2932 3569 3119 3624 αὑτοῦ
3141 3571 3545 3637 περιεϐάλετο,
3576 3571 3666 3638 ὡς

2082 3661 2153 3716 ἓν
2179 3663 2425 3718 τούτων.
2456 3661 2523 3714 Τί
2551 3654 2645 3714 οὖν
2673 3660 2774 3731 τὴν
2806 3661 2906 3733 μὲν
2932 3660 3027 3714 τοῦ
3061 3661 3257 3732 χόρτου
3299 3661 3597 3733 περιϐολὴν
3636 3664 3670 3717 ὁ

2082 3750 2286 3820 ἀγαθὸς
2312 3749 2625 3823 περιϐάλλει
2645 3749 2796 3814 Θεὸς,
2822 3749 2922 3818 τῆς
2973 3750 3030 3804 δὲ
3061 3749 3351 3821 περιϐολῆς
3369 3793 3383 3816 ,
3413 3752 3480 3822 ἢν
3509 3753 3542 3822 ή
3570 3754 3672 3806 ἀνα

2085 3839 2330 3911 θρωπίνη
2371 3839 2519 3912 ψυχή
2539 3839 2953 3911 περιϐάλλεται,
2982 3839 3044 3893 τδ
3073 3840 3232 3910 σῶμα
3283 3841 3448 3909 λέγω,
3500 3841 3670 3896 ἀλλον

2083 3932 2181 3984 καὶ
2237 3931 2360 4002 οὐχὶ
2397 3933 2488 3985 τὸν
2539 3930 2704 3986 αὐτὸν
2761 3929 3116 4002 ἐπιζητήσεις
3147 3931 3515 4003 δημιουργόν;
3552 3933 3673 3988 Καὶ

2085 4021 2205 4086 πῶς
2238 4023 2359 4092 οὐχὶ
2379 4021 2473 4075 τοῦ
2507 4023 2588 4085 είς
2604 4021 2859 4078 κλίϐανον
2897 4022 3302 4094 ἐμϐαλλομένου
3336 4024 3532 4096 χόρτου
3563 4041 3673 4078 πο-

2085 4112 2150 4164 λὺ
2179 4111 2570 4182 χαλεπωτέρας
2614 4111 2842 4165 σεαυτὸν
2880 4110 3153 4182 τιμωρίας
3186 4109 3491 4164 ὑπεύθυνον
3522 4112 3671 4166 ἀπο-

2087 4203 2332 4272 φαίνεις;
2371 4203 2482 4255 Kal
2510 4204 2539 4255 ὁ
2574 4201 2673 4272 μὲν
2701 4201 2896 4273 Σωτὴρ
2923 4204 3036 4264 τοῖς
3064 4201 3164 4272 τὴν
3183 4201 3538 4272 δικαιοσύνην
3561 4204 3669 4258 τοῦ

2085 4293 2244 4358 Θεοῦ,
2283 4295 2378 4347 καὶ
2405 4293 2502 4364 τήν
2537 4292 2815 4365 βασιλείαν
2847 4292 2919 4347 δι’
2946 4293 3124 4365 ἔργων
3147 4292 3520 4363 ἐπιζητοῦσιν,
3556 4297 3668 4349 αὑ·-

2085 4387 2177 4440 τὸν
2219 4389 2375 4458 ήμῖν,
2413 4380 2475 4440 οὗ
2501 4387 2534 4458 ή
2564 4385 2812 4456 βασιλεία
2851 4387 2946 4440 καὶ
2973 4387 3070 4457 τήν
3095 4386 3302 4458 τροφὴν
3337 4389 3432 4443 καὶ
3453 4390 3524 4442 τὰ
3568 4393 3668 4444 ἐν-

413 4475 596 4529 omnia
622 4475 811 4529 refers.
841 4473 1125 4540 Quomodo
1171 4490 1304 4530 vero
1337 4476 1474 4547 ipse,
1510 4493 1568 4533 se
1602 4494 1791 4536 eorum
1843 4496 1977 4551 quo-

2089 4481 2328 4552 δύματα,
2353 4481 2448 4535 καὶ
2471 4476 2552 4546 οἷς
2583 4480 2767 4543 ἄλλοις
2810 4480 2872 4534 τὸ
2905 4480 3065 4552 σῶμα
3095 4482 3397 4552 συνέχεται,
3424 4486 3676 4556 χορηγή-

416 4580 537 4618 rum
581 4580 694 4620 non
723 4575 808 4620 est
832 4572 1044 4630 auctor,
1081 4565 1176 4620 sed
1208 4582 1329 4636 quae
1371 4569 1600 4626 alterius
1625 4581 1754 4626 sunt
1797 4588 1984 4642 opera,

403 4664 694 4710 auctorem
744 4655 1034 4710 inscribit?
1060 4655 1366 4725 Quomodo,
1400 4661 1545 4730 quod
1569 4662 1748 4718 adhuc
1795 4666 1991 4718 absur-

417 4745 538 4801 dius
571 4755 672 4811 est,
696 4761 754 4800 se
798 4745 1118 4802 hominibus
1150 4763 1249 4817 pro
1278 4748 1481 4805 virtute
1521 4751 1913 4809 dimicantibus
1935 4764 1992 4810 et

418 4851 645 4905 regnum
712 4851 872 4891 suum
912 4839 1309 4906 quaerentibus,
1372 4843 1536 4898 talem
1569 4844 1734 4911 sistit,
1774 4847 1867 4915 qui
1911 4847 1991 4903 eis

417 4926 586 4980 malas
631 4925 754 4982 Mali
800 4937 1078 4984 creaturas
1121 4932 1409 5000 praemium
1443 4936 1608 4989 studii
1661 4937 1768 5002 sui,
1799 4937 1986 4993 divino

415 5028 600 5069 amore
630 5015 798 5084 pleni,
841 5027 898 5074 et
921 5021 1284 5082 certaminum
1317 5023 1678 5094 plurimorum
1728 5028 1905 5084 tradat
1933 5038 1989 5085 et

417 5105 706 5163 exhibeat?

487 5365 628 5421 XIII.
663 5365 821 5433 Quod
867 5381 999 5423 vero
1035 5369 1120 5425 lex
1160 5384 1424 5429 consonet
1472 5377 1679 5447 gratim,
1708 5379 1846 5435 adeo
1863 5395 1984 5436 cer-

402 5463 535 5514 'tum
563 5468 672 5522 est,
704 5468 766 5513 ut
788 5459 959 5514 altera
984 5461 1054 5516 ab
1085 5463 1256 5518 altera
1297 5467 1619 5523 stabiliatur.
1656 5469 1836 5527 Gratia
1865 5475 1988 5543 qui-

416 5553 562 5616 dem,
600 5559 858 5621 tanquam
889 5567 1012 5622 qua:
1041 5568 1070 5607 a
1117 5554 1236 5626 lege
1264 5559 1604 5629 praefigurata
1641 5570 1698 5617 et
1725 5578 1984 5633 praenun-

2090 4588 2207 4626 σειν
2239 4571 2656 4640 ἐπαγγέλλεται.
2676 4571 2747 4625 Σὺ
2776 4570 2832 4624 δὲ
2862 4572 3036 4627 ταῦτα
3061 4571 3164 4642 τῆς
3181 4572 3390 4643 δωρεᾶς
3412 4573 3506 4627 καὶ
3529 4590 3672 4644 χρη-

2091 4661 2346 4732 στότητος
2375 4663 2454 4724 είς
2482 4661 2834 4733 ἀλλοτρίωσιν
2855 4647 3204 4726 ὑποϐάλλεις.
3235 4663 3350 4716 Kal
3389 4663 3527 4727 πῶς,
3556 4659 3673 4716 ὦν-

2089 4767 2196 4822 περ
2225 4751 2386 4813 αὐτδς
2409 4751 2510 4804 οὐκ
2538 4751 2654 4804 ἐστι
2685 4751 3035 4822 προαγωγὸς,
3081 4751 3197 4806 ἀλλ’
3245 4752 3440 4824 ἐτέρας
3487 4753 3673 4824 ἀρχῆς

2091 4843 2400 4912 πεφύκασιν
2419 4843 2578 4914 ἔργα,
2615 4845 2780 4898 αὑτὸν
2810 4845 3125 4916 ἀναγράφει
3145 4845 3426 4917 παροχέας
3460 4847 3572 4900 Kal
3606 4847 3673 4901 τὺ

2088 4931 2168 4985 ἔτι
2196 4933 2564 5003 ἀτοπώτερον,
2620 4935 2735 4998 τοῖς
2766 4936 2866 5004 τῆς
2920 4933 3124 5008 ἀρετῆς
3185 4937 3517 5003 ἀγωνισταῖς
3568 4939 3674 4990 καὶ

2089 5021 2189 5092 τὴν
2220 5022 2496 5092 βασιλείαν
2523 5023 2692 5078 αὐτοῦ
2725 5024 2985 5078 ποθοῦσιν
3017 5019 3106 5080 οἶα
3127 5024 3193 5097 δὴ
3216 5026 3410 5095 μισθὸν
3446 5026 3674 5099 καὶτῆς

2095 5113 2345 5184 φιλοθέου
2373 5114 2688 5197 προθυμίας
2720 5116 2815 5170 καὶ
2842 5115 2953 5170 τῶν
2972 5115 3243 5188 ἀορίστων
3265 5118 3674 5187 ἀγωνισμάτων

2089 5205 2162 5260 τά
2185 5204 2279 5260 τοῦ
2311 5205 2557 5277 Πονηροῦ
2592 5205 3054 5279 δημιουργήματα
3091 5207 3403 5281 παρέχοντά
3457 5225 3515 5262 τε
3573 5212 3676 5264 καὶ

2089 5298 2512 5353 ἀνταποδιδόντα
2528 5316 2543 5364 ;

2163 5392 2262 5444 II".
2289 5391 2414 5444 Ὀτι
2444 5391 2628 5461 μέντοι
2652 5389 2942 5462 σύμφωνος
2963 5391 2994 5445 ὁ
3021 5393 3183 5462 νόμος
3215 5395 3281 5466 τῇ
3306 5394 3510 5465 χάριτι,
3538 5393 3673 5447 ἐκά-

2091 5493 2251 5548 τερον
2277 5477 2344 5530 δι’
2371 5477 2632 5549 ἑκατέρου
2666 5477 2885 5549 δέχεται
2904 5479 3004 5550 τὴν
3027 5480 3338 5552 βεϐαίωσιν.
3376 5482 3440 5534 Ἡ
3466 5481 3568 5550 μὲν
3594 5482 3676 5545 ὡς

2097 5568 2188 5624 ὑπ’
2217 5566 2382 5623 αὑτοῦ
2404 5567 2918 5642 προδιατυπουμένη
2946 5587 3005 5624 τε
3044 5571 3140 5625 καὶ
3189 5571 3673 5643 προκαταγγελλο-

491 5755 561 5786 '7‘
581 5754 771 5810 Matth.
802 5756 946 5823 vn,9.
1023 5758 1069 5789 "
1087 5756 1369 5826 Malthrn,
1391 5759 1482 5814 28.
1558 5762 1859 5820 "ibid.30.
1933 5763 2218 5823 "ibid.29.
