3886 6428
212 391 319 455 205

1239 396 1538 457 CONTRA
1569 397 2028 462 MANICH/EOS
2076 402 2309 465 LIBER
2356 404 2454 465 IV.

3377 406 3486 471 206

214 503 350 572 μένη
380 501 479 555 καὶ
499 494 611 557 οἷον
644 503 1162 577 προχαραττομένη,
1191 508 1288 561 καὶ
1324 510 1702 582 ἐμφαινομένη
1736 529 1795 564 τε

1906 514 2030 569 tiata
2072 524 2129 569 et
2175 516 2334 586 quasi
2385 530 2663 587 expressa,
2696 516 2809 573 imo
2868 517 3215 575 manifestata
3268 528 3326 576 et
3356 536 3486 593 pro-

213 600 306 652 καὶ
325 599 718 669 ὲνδεικνυμένη
738 603 853 665 τοῖς
867 601 1200 672 σκιάσμασιν
1213 619 1231 638 ο
1251 606 1280 657 ὁ
1297 606 1354 658 δὲ
1367 604 1462 658 ac:
1478 606 1589 659 τῶν
1616 610 1796 680 προρ-

1901 604 2141 675 mulgata
2173 615 2259 661 est
2305 606 2471 661 variis
2532 607 3089 663 adumbrationibus:
3138 607 3220 662 lex
3306 619 3487 665 autem

215 692 435 762 ῥήσεων
454 693 547 745 καὶ
572 695 1059 764 προχαραγμάτων
1087 696 1174 749 ἐπ’
1200 696 1382 768 ἔργοις
1410 699 1797 770 ὲκϐεϐηκότων

1906 704 2184 764 postquam
2218 697 2604 766 praedictiones
2648 706 2701 751 et
2744 696 2928 769 figurae
2962 697 3066 751 illa:
3099 712 3198 767 per
3241 700 3488 768 gratiam,

213 783 300 836 διὰ
322 783 430 853 τῆς
452 784 699 856 χάριτος,
715 786 811 838 καὶ
832 787 934 857 τὴν
950 789 1009 840 ὲν
1044 788 1192 858 αὐτῷ
1212 789 1317 842 ὑπὸ
1340 792 1455 855 τοῖς
1476 792 1800 863 παραπετά-

217 888 392 942 σμασι
437 876 831 946 κρυπτομένην
854 879 1346 952 ἀνακαλυπτούσης
1379 900 1438 935 τε
1471 885 1565 937 καὶ
1592 885 1801 955 ἀνακη-

219 963 520 1033 ρυττούσης
560 964 844 1034 ἀλήθειαν.
905 966 968 1019 Ei
995 967 1053 1022 δὲ
1084 968 1159 1040 μὴ
1186 969 1249 1023 τὸ
1297 971 1587 1041 σύμφωνον
1621 974 1799 1027 συνδιο

213 1053 421 1116 έσωζον
440 1054 743 1127 ἀλλήλοιςή
763 1058 927 1127 χάρις
953 1059 1046 1111 καὶ
1068 1060 1137 1113 τὰ
1165 1062 1273 1131 πρὸ
1300 1063 1399 1133 τῆς
1417 1063 1656 1135 χάριτος,
1681 1067 1802 1131 πῶς

215 1145 280 1197 ἂν
314 1145 353 1197 ἃ.
384 1146 539 1215 παρά
567 1146 663 1199 τοῦ
697 1148 864 1218 νόμου
908 1152 1003 1204 καὶ
1042 1152 1150 1206 τῶν
1207 1154 1506 1223 προφητῶν
1554 1157 1801 1227 ἐχρησμ-

212 1236 403 1305 ῳδήθη
427 1235 603 1289 ταῦτα
642 1239 949 1309 πανδήμοις
999 1241 1245 1312 ὄμμασιν
1268 1244 1449 1314 ὡρᾶτο
1479 1247 1800 1316 τελούμενα.

217 1325 340 1387 Πῶς
395 1326 455 1378 δὲ
501 1327 598 1378 καὶ
636 1330 665 1380 ὁ
711 1328 905 1400 Σωτὴρ
946 1331 1103 1400 ἡμῶν
1141 1332 1265 1395 τοὺς
1313 1333 1546 1403 λεπροὺς
1598 1336 1805 1407 ῥήματι

223 1417 509 1488 καθαίρων
565 1419 701 1487 πρὸς
753 1421 881 1483 τοὺς
927 1422 1166 1494 ἐννόμῳ
1218 1425 1385 1495 ἱερεῖς
1423 1426 1644 1490 τούτους
1698 1429 1806 1481 ἀπ-

222 1507 466 1572 έστελλε,
519 1512 879 1581 προστάττων
907 1514 1127 1568 ἀπιέναι
1163 1518 1257 1568 καὶ
1287 1518 1655 1573 ἐπιδεικνύναι
1682 1519 1808 1573 τού-

215 1617 327 1661 τοις
358 1602 614 1667 ἑαυτοὺς,
659 1604 736 1667 ὼς
761 1606 791 1658 ὁ
823 1607 987 1675 νόμος
1020 1608 1257 1663 ἐκέλευε.
1298 1611 1408 1663 Καὶ
1434 1610 1497 1663 τὸ
1527 1611 1807 1681 ἰσχυρότε-

217 1708 309 1761 ρον
348 1699 746 1763 προσενεγκεῖν
779 1698 841 1749 τὸ
863 1697 1059 1764 δῶρον,
1091 1698 1165 1763 ὡς
1198 1702 1226 1753 ὁ
1252 1700 1461 1771 Μωσῆς
1499 1701 1804 1766 διετάξατο.

1900 784 1956 838 in
1987 800 2105 838 rem
2146 785 2323 854 ipsam
2370 785 2646 850 abierunt,
2678 801 2799 855 qua:
2848 786 3159 853 veritatem,
3213 787 3318 842 sub
3352 789 3491 842 velis

1900 876 2021 946 ejus
2050 876 2311 932 latentem
2349 878 2547 933 retexit
2592 886 2649 932 et
2686 878 2740 931 in
2772 878 2948 933 lucem
2995 879 3274 948 produxit.
3330 878 3489 945 Quod

1902 968 1948 1021 si
1980 983 2068 1023 res
2097 969 2283 1039 gratim
2312 980 2367 1024 et
2398 984 2486 1024 res
2526 985 2647 1025 eam
2674 980 3004 1040 antegressa:
3044 979 3295 1024 mutuam
3342 971 3489 1025 hanc

1903 1061 2326 1115 consensionem
2384 1077 2495 1116 non
2549 1063 2896 1130 servassentf,
2948 1063 3241 1132 quomodo,
3300 1078 3423 1134 qua;
3454 1079 3487 1118 a

1902 1152 2022 1223 lege
2051 1161 2106 1206 et
2136 1154 2418 1223 prophetis
2448 1154 2808 1223 pnenuntiata
2828 1164 3002 1220 erant,
3032 1154 3278 1209 omnium
3308 1156 3486 1211 oculis

1906 1254 1967 1300 ut
1995 1246 2219 1315 impleta
2250 1256 2620 1316 apparuerunt
2643 1248 2665 1301 ?
2686 1246 2975 1313 Quomodo
2996 1264 3128 1302 vero
3150 1256 3207 1302 et
3222 1248 3487 1302 Servator

1905 1348 2112 1403 noster,
2171 1339 2419 1408 leprosos
2468 1340 2637 1394 verbo
2671 1340 2982 1405 mundatos,
3028 1340 3095 1394 ad
3149 1340 3484 1403 sacerdotes,

1907 1431 2001 1500 qui
2025 1432 2126 1485 sub
2157 1431 2275 1501 lege
2315 1439 2491 1496 erant,
2534 1432 2767 1502 ablegat,
2801 1432 2955 1486 abire
2984 1446 3103 1493 eos,
3156 1445 3325 1499 seque
3354 1430 3488 1498 ipsis

1909 1536 1974 1577 ex
2009 1531 2284 1592 praecepto
2316 1522 2447 1593 legis
2473 1522 2954 1588 ostendere,‘imo,
2985 1521 3129 1591 quod
3173 1522 3295 1591 plus
3319 1521 3484 1585 valet,

1909 1613 2114 1667 donum
2147 1628 2174 1666 a
2206 1612 2352 1667 Mose
2390 1614 2723 1682 postulatum
2747 1613 3175 1683 oll'errejubens.
3212 1612 3270 1666 Si
3301 1619 3489 1665 vetera

1910 1704 2071 1758 novis
2125 1704 2372 1773 opposita
2425 1714 2575 1769 sunt,
2627 1704 2902 1774 quomodo
2944 1718 3059 1768 eos,
3116 1703 3211 1772 qui
3271 1701 3487 1757 Domini

218 1784 325 1834 Καὶ
342 1785 391 1836 εί
414 1784 485 1837 τά
518 1786 727 1840 παλαιά
773 1789 888 1851 τοῖς
931 1789 1072 1846 νέοις
1111 1791 1460 1861 διαμάχεται,
1515 1793 1632 1855 πῶς
1678 1794 1801 1857 τοὺς

1912 1803 2183 1864 praecepta
2246 1794 2635 1865 impleverunt,
2683 1804 2741 1851 et
2772 1796 2827 1849 in
2875 1796 3049 1867 gratia
3094 1795 3296 1850 versati
3336 1803 3486 1858 sunt,

215 1870 515 1943 πληρωτὰς
539 1875 650 1927 τῶν
672 1879 1018 1931 Δεσποτικῶν
1069 1879 1301 1933 ἐντολῶν
1334 1881 1427 1933 καὶ
1478 1882 1801 1935 πολιτευσα-

1906 1886 2023 1956 ipse
2078 1853 2340 1941 Servator
2392 1887 2462 1941 ab
2520 1887 2735 1942 oriente
2780 1896 2835 1941 et
2876 1853 3178 1941 ‘occidente
3230 1887 3489 1941 collectos

220 1964 421 2030 μένους
452 1965 512 2017 ὲν
544 1968 612 2036 τῇ
643 1967 829 2038 χάριτι
867 1969 977 2021 ἀπὸ
999 1969 1278 2023 ἀνατολῶν
1314 1972 1409 2023 καὶ
1434 1971 1654 2041 δυσμῶν
1678 1988 1801 2025 συν-

1906 1993 2024 2032 cum
2050 1979 2359 2033 Abrahamo
2388 1987 2443 2033 et
2476 1977 2656 2033 lsaaco
2683 1987 2739 2033 et
2760 1978 2930 2034 Jacob
2951 1979 3019 2011 ’⁸³
3050 1978 3143 2049 qui
3178 1978 3487 2032 secundum

217 2053 364 2119 ἀγων
412 2059 444 2107 ὁ
486 2057 682 2129 Σωτὴρ
728 2060 909 2123 αὐτὸς,
947 2062 1086 2132 μετὰ
1135 2060 1229 2115 τοῦ
1270 2061 1523 2133 Ἀϐραὰμ
1584 2065 1801 2117 καὶτοῦ

1906 2069 2076 2141 legem
2112 2069 2225 2125 Deo
2269 2070 2612 2140 placuerunt,
2643 2071 2699 2124 in
2730 2086 2897 2142 regno
2944 2072 3209 2127 caelorum
3254 2083 3488 2140 congre-

230 2146 419 2198 Ἰσαὰκ
454 2150 552 2201 καὶ
582 2149 676 2202 τοῦ
716 2149 930 2215 Ἰακὼϐ,
956 2153 1080 2215 τοὺς
1124 2153 1266 2205 κατὰ
1306 2154 1470 2222 νόμον
1500 2154 1801 2226 εὐηρεστη-

1906 2168 1991 2230 gat
2024 2168 2079 2214 et
2118 2160 2423 2231 coniungit,
2462 2161 2568 2225 vel,
2624 2162 2769 2231 quod
2800 2162 2984 2217 dicere
3029 2161 3112 2215 fas
3166 2168 3269 2224 est,
3332 2159 3487 2229 regni

218 2234 381 2299 κότας
408 2237 532 2308 Θεῷ
557 2240 615 2292 ὲν
635 2244 701 2311 τῇ
721 2240 974 2314 βασιλείᾳ
1000 2244 1313 2312 συνεισάγει
1326 2262 1384 2297 τε
1407 2246 1501 2298 καὶ
1524 2247 1801 2299 συντάττει

1906 2249 1989 2303 sui
2019 2265 2085 2303 ex
2129 2259 2366 2320 utroque
2427 2249 2783 2305 Testamento
2826 2251 3141 2306 cohaeredes
3174 2249 3485 2315 constituit,

219 2328 325 2380 τῶν
354 2330 631 2401 οὐρανῶν.
676 2334 823 2386 Ἴσον
852 2334 909 2386 δέ
938 2336 1086 2388 ἐστιν
1109 2336 1285 2389 εἰπεῖν
1320 2336 1423 2405 τῆς
1473 2336 1641 2390 αὑτοῦ
1683 2353 1801 2406 συγ-

1906 2346 1965 2393 ut
1997 2339 2159 2393 simul
2186 2339 2468 2408 promissis
2497 2347 2550 2393 et
2580 2339 2802 2394 :eternis
2828 2340 2987 2395 bonis
3015 2338 3119 2393 frui
3144 2337 3357 2408 possint
3381 2337 3406 2390 Ἰ

223 2421 602 2493 κληρονόμους
632 2443 691 2478 τε
742 2427 1035 2499 καθίστησι
1064 2430 1192 2495 τοὺς
1257 2431 1317 2497 ἐξ
1374 2431 1642 2501 ἑκατέρας
1716 2430 2003 2504 διαθήκης,
2052 2432 2147 2486 καὶ
2225 2431 2698 2495 συναπολαύοντας
2745 2432 2855 2487 τῶν
2911 2431 3342 2504 ἐπηγγελμένων
3389 2430 3486 2484 καὶ

219 2519 454 2570 αἰωνίων
485 2517 728 2583 ἀγαθῶν.

286 2613 389 2665 IA’.
413 2608 545 2683 ’Ἆρ’
574 2609 668 2666 οὖν
691 2611 839 2666 ἔστιν
868 2613 1050 2684 εὑρεῖν
1090 2633 1145 2669 τι
1178 2615 1276 2687 τῆς
1304 2615 1573 2687 λεγούσης
1615 2616 1802 2687 φωνῆς

223 2704 620 2776 μανικώτερον,
648 2706 680 2776 ἤ
707 2707 807 2776 τῆς
833 2707 1075 2771 διανοίας
1102 2708 1407 2780 ἀθεώτερον
1445 2711 1555 2764 τῶν
1594 2712 1804 2763 ὲννοου-

222 2798 401 2865 μένων
427 2798 567 2861 ὅλως
586 2799 666 2860 είς
687 2799 1019 2866 ἀντιπάλους
1038 2801 1335 2872 διασχίζειν
1370 2803 1566 2873 μοίρας
1586 2802 1684 2872 τὴν
1710 2802 1808 2873 χά-

219 2905 305 2956 ριν
320 2890 422 2942 καὶ
446 2890 541 2942 τὸν
568 2892 752 2960 νόμον,
786 2895 883 2947 καὶ
906 2895 1034 2957 τοὺς
1056 2894 1115 2947 ὲν
1142 2894 1379 2965 ἑκατέρᾳ
1399 2894 1805 2965 διαπρέψαντας

220 2982 470 3053 πολιτεία
496 2982 575 3054 μὴ
612 2984 705 3037 τὸν
752 2985 920 3039 αὐτὸν
973 2988 1182 3055 ἀγαθὸν
1229 2987 1567 3059 θεραπεῦσαι
1626 2986 1806 3055 λέγειν

219 3073 373 3139 Θεὸν,
409 3074 532 3128 ἀλλ’
578 3076 996 3147 ἀντικειμέναις
1051 3078 1586 3142 συνδιασπασθέντας
1611 3080 1809 3149 ἀρχαῖς

217 3168 305 3220 διὰ
337 3168 664 3238 μαχομένης
704 3168 961 3236 λατρείας
1011 3171 1265 3241 ἀλλήλοις
1326 3170 1639 3241 προελθείν;
1699 3171 1809 3224 Καὶ

218 3258 464 3320 Μωσέως
494 3257 555 3311 δὲ
588 3259 755 3367 πάλιν
813 3260 913 3322 τὰς
943 3259 1165 3323 ἐντολὰς
1197 3262 1225 3314 ὀ
1263 3261 1363 3329 τῆς
1399 3261 1622 3330 χάριτος
1663 3276 1805 3329 παρ·
1829 3308 1873 3370 C

220 3349 367 3417 ἀγων
390 3352 693 3421 εἰσηγητὴς
716 3344 790 3404 ὧν
806 3352 925 3403 ἐστι
944 3353 1043 3421 μία
1074 3353 1167 3407 καὶ
1190 3353 1246 3422 ἡ,
1286 3353 1430 3421 Τίμα
1452 3353 1559 3406 τὸν
1574 3352 1802 3420 πατέρα

218 3456 356 3505 σου,
386 3442 782 3511 νομοθετοῦσα,
811 3444 910 3497 καί
966 3443 1083 3511 τὴν
1112 3443 1343 3512 μητέρα
1383 3460 1502 3498 σου
1537 3460 1550 3472 ·
1597 3444 1800 3513 μᾶλλον

217 3532 276 3585 δὲ
293 3534 555 3604 πράττων
578 3534 763 3588 αὐτῶν
790 3535 891 3605 τὴν
921 3535 1226 3605 ἐκδίκησιν,
1266 3535 1486 3599 ἐντολὰς
1520 3536 1621 3606 μὲν
1669 3535 1803 3589 ταύ-

220 3644 315 3689 τας
345 3629 645 3697 ἀποφαίνει
681 3626 841 3683 Θεοῦ.
874 3628 974 3682 Διὰ
1003 3628 1060 3682 δέ
1104 3647 1169 3696 γε
1202 3631 1303 3697 τῆς
1352 3630 1651 3701 εἰρημένης
1706 3630 1801 3682 καὶ

219 3721 310 3772 τὸν
330 3722 793 3789 ἐγκεκρυμμένον
812 3721 915 3785 τῆς
937 3705 1163 3791 καρδίας
1206 3721 1377 3784 δόλον,
1403 3723 1499 3774 καὶ
1538 3723 1635 3790 τὴν
1665 3722 1801 3775 ὑπό-

222 3826 401 3879 κρισιν
422 3810 536 3862 τῶν
577 3810 852 3864 Ἰουδαίων
891 3810 1227 3880 ἀπογυμνῶν
1250 3810 1341 3863 καὶ
1365 3810 1682 3880 διελέγχων,
1718 3810 1801 3863 ὅτι

220 3900 325 3953 τῶν
352 3900 520 3953 θείων
548 3900 990 3971 προσταγμάτων
1033 3900 1236 3971 ταύτης
1261 3900 1442 3971 ζοῦσης
1496 3902 1651 3954 αὐτοὶ
1701 3902 1802 3964 τάς

216 3992 425 4055 οἰκείας
466 3992 692 4055 ἐντολὰς
733 3992 1046 4062 ἔμπροσθεν
1096 3993 1191 4063 τῆς
1225 3996 1289 4046 ὲκ
1335 3993 1470 4046 Θεοῦ
1510 3993 1799 4064 δεδομένης

217 4078 367 4153 ἦγον.
396 4084 595 4136 Καίτοι
616 4083 780 4134 πόσον
798 4077 862 4154 ἦν
891 4084 1215 4154 κουφότερον
1239 4082 1608 4153 ἀνθρωπίναις
1633 4100 1801 4153 προσ·

219 4177 433 4247 ανέχειν
490 4176 831 4247 ὑποθήκαις,
884 4178 1026 4247 ἥπερ
1056 4178 1119 4240 εις
1165 4180 1193 4230 ὁ
1230 4178 1541 4246 ἀρχέκακος
1591 4178 1799 4230 ἀνετείο

218 4269 343 4321 λατο
369 4284 384 4331 ;
412 4268 554 4321 Ἀλλ’
576 4268 670 4321 οῦν
703 4286 765 4336 γε
801 4268 869 4321 δι’
896 4269 1067 4338 αὐτῆς
1103 4268 1242 4321 κατά
1276 4269 1385 4321 τῶν
1409 4268 1531 4321 τότε
1548 4270 1658 4329 τοῖς
1695 4285 1799 4336 μα-

219 4360 410 4430 θηταῖς
436 4360 540 4412 οὑκ
568 4360 805 4426 εὐλόγως
829 4359 1351 4430 προσκεκρουκότων
1412 4358 1646 4426 σφοδρὰν
1699 4357 1798 4428 τὴν

218 4449 543 4516 ἐπιτίμησιν
588 4449 907 4516 ἐπαφίησιν,
960 4448 1114 4501 οὐδὲν
1165 4447 1273 4501 τῶν
1307 4448 1386 4510 εἰς
1439 4447 1647 4519 βρῶσιν
1699 4448 1795 4501 καὶ

219 4540 375 4591 πόσιν
437 4539 710 4608 ἡκόντων,
760 4539 952 4610 ὅτιπερ
1001 4528 1127 4591 οὔτε
1175 4542 1367 4603 κοινοῖ,
1403 4538 1527 4591 οὗτε
1575 4539 1795 4610 βεϐηλοί

218 4630 306 4682 τὸν
340 4629 638 4700 ἄνθρωπον
669 4631 1126 4699 ἀποφαινόμενος.
1158 4632 1270 4685 Καὶ
1294 4632 1396 4703 ὅρα
1444 4631 1519 4694 ὡς
1571 4632 1633 4684 οὐ
1677 4631 1797 4686 κατ’
1832 4657 1876 4713 D

219 4722 440 4774 ἐκείνων
468 4723 653 4792 μόνον,
677 4723 792 4776 ἀλλ’
813 4723 967 4776 οὐδὲν
999 4721 1221 4776 ἔλαττον
1254 4724 1346 4775 καὶ
1365 4721 1487 4775 καθ’
1507 4723 1536 4774 ὑ
1546 4722 1662 4793 μῶν
1707 4722 1800 4775 αὺ-

218 4813 323 4865 τῶν
381 4814 415 4883 η
484 4813 608 4866 θεία
671 4814 851 4883 ψῆφος
897 4813 1217 4883 ἐκφέρεται.
1292 4813 1551 4877 Ἐκείνοις
1606 4813 1704 4883 μὲν
1761 4812 1797 4867 ἃ

224 4904 495 4973 μηδεμίαν
590 4904 744 4975 φέρει
830 4905 1039 4974 βλάϐην
1126 4904 1339 4957 οῐκοθεν
1428 4904 1494 4957 τὰ
1571 4903 1798 4973 βρῶμα·

220 5008 283 5045 τα
310 4993 745 5065 καθυϐρίζουσα,
780 4995 934 5065 ὑμῶν
955 4995 1012 5048 δὲ
1034 4995 1133 5065 τὴν
1156 4992 1506 5065 βλασφημίαν
1535 5012 1796 5065 προαναι-

225 5083 393 5151 ροῦσα
423 5085 526 5138 καὶ
579 5085 1048 5157 προεκτέμνουσα,
1108 5086 1177 5140 δι’
1225 5082 1293 5158 ἦς
1354 5087 1619 5157 πονηρίας
1651 5084 1793 5143 εἶναι

221 5175 388 5227 ταῦτα
421 5177 521 5228 καὶ
562 5174 740 5245 λέγειν
770 5177 865 5230 καὶ
894 5176 1135 5248 νομίζειν
1160 5175 1561 5247 παρηνέχθητε.
1591 5178 1653 5231 Εἰ
1684 5177 1793 5249 γὰρ

291 5287 335 5320 ⁸⁸
365 5289 557 5345 Matth.
601 5305 723 5355 vm,
759 5290 847 5344 ll.

1920 2668 1926 2675 ,
1977 2609 2118 2665 XIV.
2142 2609 2281 2665 Num
2305 2610 2428 2679 quis
2466 2609 2627 2680 igitur
2650 2609 2865 2665 dabitur
2896 2624 3076 2665 sermo
3104 2611 3275 2682 magis
3310 2612 3487 2671 furio-

1908 2720 2023 2769 sus,
2052 2712 2149 2758 aut
2165 2704 2437 2758 sententia
2454 2702 2628 2773 magis
2652 2702 2838 2773 impia,
2871 2717 3033 2772 quam
3061 2718 3250 2759 eorum
3276 2714 3361 2760 est
3388 2711 3486 2775 qui

1908 2798 2133 2868 gratiam
2171 2805 2226 2851 et
2254 2796 2427 2866 legem
2466 2796 2534 2850 ad
2589 2796 2835 2867 opposita
2888 2796 3156 2867 principia
3219 2798 3485 2864 referunt,

1914 2905 2117 2959 eosque
2147 2890 2237 2958 qui
2278 2890 2381 2945 sub
2437 2899 2667 2959 utraque
2716 2888 2995 2959 republica
3054 2891 3330 2956 vixerunt,
3378 2907 3489 2946 non

1912 2981 2165 3037 eumdem
2198 2983 2433 3037 coluisse
2456 2983 2659 3036 bonum
2680 2981 2868 3047 Deum,
2900 2981 2995 3036 sed
3018 2982 3309 3036 contrariis
3332 2983 3488 3052 prin-

1906 3072 2067 3142 cipiis
2104 3071 2308 3125 divisos
2332 3071 2608 3125 contrario
2651 3070 2819 3124 etiam
2868 3071 3014 3125 cultu
3060 3087 3186 3125 usos
3233 3086 3359 3125 esse
3404 3071 3489 3125 di-

1906 3163 2068 3218 eant?
2091 3162 2335 3231 Cumque
2372 3164 2563 3216 doctor
2600 3162 2787 3231 gratiae
2829 3160 2997 3216 Mosis
3022 3161 3218 3216 iterum
3247 3160 3491 3231 proferat

1906 3261 2199 3323 praecepta,
2233 3268 2464 3320 quorum
2497 3252 2670 3305 ethoc
2687 3259 2770 3305 est
2786 3252 2930 3320 quod
2951 3252 3200 3322 praecipit
3234 3270 3247 3306 :
3269 3252 3488 3306 Patrem

1910 3354 1959 3398 et
2009 3353 2235 3398 matrem
2267 3344 2411 3405 cole;
2460 3345 2569 3398 imo
2606 3343 2866 3397 ultionem
2924 3343 3042 3411 ejus
3082 3344 3374 3413 suscipiat;
3420 3359 3485 3398 ea

1910 3436 2130 3505 quidem
2160 3435 2251 3488 Dei
2302 3444 2575 3504 praecepta
2610 3450 2731 3490 esse
2766 3435 2930 3491 edicit
2973 3435 3272 3504 eademque
3319 3450 3487 3505 Opera

1908 3542 2005 3597 per
2020 3535 2376 3581 memoratam
2403 3526 2578 3595 legem
2618 3537 2671 3581 et
2691 3526 2875 3580 dolum
2908 3526 2962 3580 in
2990 3526 3176 3580 animo
3203 3526 3486 3591 latentem,

1908 3627 1964 3671 et
1994 3618 2304 3686 hypocrisin
2331 3615 2643 3671 Judaeorum
2682 3615 2920 3671 denudal
2947 3632 3010 3671 ac
3038 3618 3289 3688 castigat,
3340 3618 3486 3686 quod

1909 3725 2035 3764 cum
2064 3709 2115 3764 id
2142 3725 2206 3763 ex
2240 3709 2529 3778 praeceptis
2556 3707 2757 3762 divinis
2773 3708 2864 3769 sit,
2902 3707 3003 3777 ipsi
3035 3708 3137 3779 lcgi
3161 3708 3360 3763 divinae
3386 3722 3487 3761 sua

1913 3799 2231 3870 praeferant.
2262 3797 2398 3852 Nam
2430 3811 2562 3851 sane
2592 3806 2646 3851 et
2672 3796 2886 3851 facilius
2916 3805 3053 3862 erat,
3101 3797 3485 3866 praeceptioni-

1910 3893 2012 3946 bus
2038 3891 2293 3945 humanis
2334 3889 2579 3953 obedire,
2604 3904 2767 3957 quam
2820 3902 2957 3956 quas
2987 3887 3252 3956 Malignus
3298 3888 3486 3954 injun-

1910 3992 2082 4038 xerat.
2120 3982 2345 4037 Interim
2388 3996 2488 4053 per
2532 3997 2650 4036 eam
2682 3981 2901 4050 (legem)
2956 3980 3100 4044 illos,
3147 3979 3237 4048 qui
3285 3986 3488 4048 praeter

1910 4077 2177 4130 rationem
2202 4074 2484 4143 discipulis
2517 4088 2575 4127 se
2608 4073 2838 4127 infestos
2871 4071 3206 4141 praebebant,
3253 4070 3489 4141 graviter

1908 4167 2178 4235 objurgat,
2205 4166 2528 4231 ostendens,
2551 4165 2687 4219 nihil
2718 4178 2930 4227 eorum,
2958 4178 3081 4232 quae
3110 4163 3163 4215 in
3192 4162 3375 4215 cibum
3432 4171 3490 4216 et

1906 4267 2094 4327 potum
2116 4264 2494 4320 assumuntur,
2531 4255 2617 4310 vel
2647 4254 2937 4324 inquinare
2967 4252 3054 4307 vel
3098 4251 3341 4322 polluere
3386 4249 3487 4305 ho-

1907 4349 2136 4403 minem.
2168 4350 2236 4403 Et
2260 4349 2403 4415 vide,
2429 4347 2576 4418 quod
2596 4362 2706 4401 non
2732 4347 2907 4400 solum
2953 4354 3143 4399 contra
3195 4343 3337 4408 illos,
3388 4342 3486 4397 sed

1906 4451 2094 4495 etnon
2118 4440 2301 4494 minus
2333 4448 2523 4493 contra
2554 4453 2651 4494 vos
2676 4438 2824 4507 ipsos
2860 4437 3041 4491 divina
3072 4436 3341 4491 sententia
3365 4448 3488 4505 pro-

1906 4531 2202 4586 nunciatur
2240 4548 2253 4585 :
2288 4539 2481 4586 contra
2534 4529 2657 4583 illos
2681 4528 2925 4598 quidem,
2988 4526 3188 4596 quibus
3224 4533 3348 4578 not‘a
3408 4524 3487 4577 in-

1905 4622 2102 4687 uritur,
2132 4622 2273 4687 ideo,
2298 4622 2443 4690 quod
2464 4619 2570 4675 cibi
2595 4620 2647 4674 in
2676 4635 2756 4685 se,
2779 4621 2980 4673 nullam
2999 4634 3195 4673 noxam
3222 4616 3480 4681 afferant;

1904 4730 2002 4772 vos
2031 4723 2238 4780 autem,
2268 4728 2499 4783 quorum
2522 4713 2853 4768 calumniam
2887 4720 3117 4781 occupat
3138 4718 3193 4764 et
3220 4708 3483 4779 praesciu-

1905 4807 2005 4873 dit,
2026 4822 2125 4877 per
2145 4822 2309 4877 quam
2331 4822 2399 4861 ex
2422 4806 2561 4859 Malo
2587 4821 2648 4860 ea
2670 4820 2789 4860 esse
2812 4812 2868 4859 et
2894 4805 3075 4859 dicere
3098 4812 3153 4857 et
3168 4801 3486 4871 existimare

1904 4898 2212 4954 sustinetis.
2246 4897 2401 4962 Quod
2428 4896 2472 4951 si
2502 4896 2648 4951 enim
2678 4911 2709 4949 a
2738 4896 2881 4950 malo
2903 4894 3188 4949 conditore
3230 4900 3359 4947 sunt
3397 4906 3483 4945 se-

1907 4991 2053 5046 mina
2091 5001 2149 5045 et
2170 4989 2415 5060 germina
2448 5002 2515 5043 ex
2535 4996 2682 5042 terra
2717 4994 2857 5054 orta,
2897 4996 2955 5042 et
2999 5001 3120 5056 quae
3149 4986 3217 5041 ad
3274 5001 3480 5054 rerum,

1903 5082 2114 5137 ratione
2142 5079 2469 5142 carentium,
2525 5079 2756 5132 classem
2794 5077 3091 5148 pertinent,
3159 5093 3344 5132 nonne
3393 5079 3489 5141 illa,

1902 5186 2021 5237 eos,
2056 5171 2149 5241 qui
2177 5170 2263 5227 his
2287 5170 2544 5225 fruuntur
2576 5178 2634 5224 et
2652 5169 2991 5235 nutriuntur,
3020 5169 3269 5239 polluunt
3304 5177 3359 5223 et
3391 5171 3482 5224 in-

1301 5404 1537 5461 VABUE
1578 5404 1963 5461 LECTIONES
2002 5404 2091 5458 ET
2126 5401 2360 5457 NOTIE.

291 5524 365 5594 (4)
410 5522 760 5590 Πληρωτάς.
796 5592 802 5594 Α
837 5522 916 5577 Ita
980 5520 1199 5591 quidem
1248 5520 1369 5591 lego
1423 5535 1523 5594 pro
1579 5520 1798 5594 πληρω-

291 5538 365 5594 (4)
410 5538 760 5590 ιιληρωτας.
839 5538 916 5577 Ita
980 5538 1199 5591 quidem
1252 5538 1369 5591 lego
1423 5538 1523 5591 pro
1579 5538 1798 5645 πληὲω-

225 5594 430 5657 θέντας,
467 5595 615 5661 quod
649 5604 763 5648 erat
791 5592 846 5646 in
870 5607 1009 5659 ms.;
1044 5606 1226 5646 sermo
1279 5600 1364 5645 est
1410 5592 1555 5646 enim
1584 5592 1651 5646 de
1738 5606 1799 5646 o-

227 5665 459 5721 minibus
475 5664 651 5730 legem
680 5663 1045 5718 servantibus.

295 5736 370 5803 (5‘,
419 5732 636 5803 Ὑμῷν.
668 5731 787 5803 Ms.
821 5733 953 5803 legit
996 5733 1183 5802 ἡμῶν.
1243 5730 1705 5803 quemadmodum
1746 5740 1804 5784 et

230 5800 378 5873 paulo
394 5800 520 5875 post
551 5802 754 5887 iterum
778 5802 834 5856 in
873 5800 975 5857 hac
1014 5800 1279 5861 periodof
1301 5800 1566 5872 Utrinque
1596 5816 1694 5872 per
1723 5816 1803 5858 cr-

1906 5534 2085 5591 rorem
2112 5517 2608 5591 librarii.__Sequ_ens
2630 5519 2777 5591 enim
2808 5518 3193 5591 παρηνέχθητε
3214 5520 3473 5591 ostendit,

1906 5590 2160 5646 Pbotium
2191 5588 2280 5643 hic
2317 5587 2516 5658 alloqui
2570 5587 3179 5658 Paulicianos,'eoSque
3211 5604 3241 5642 a
3283 5587 3484 5658 Serva-

1909 5659 2367 5787 tort-eoconfutatos
2391 5656 2592 5717 dicere.
2638 5656 2828 5729 Itaque
2881 5656 3137 5728 utrinque
3187 5656 3477 5728 legendum

1908 5745 1969 5787 es
2073 5746 2212 5799 μων.
2824 5775 2828 5779 ι
