3886 6438
400 385 527 468 207‘

1532 393 1794 456 PHOTII
1831 395 2339 457 PATRIARCH/E
2379 391 2487 456 CI’.

3555 395 3670 460 208

397 509 650 580 quinant,
681 520 744 560 ac
773 498 995 576 duplici,
1022 504 1131 560 imo
1147 518 1280 559 vero
1309 503 1594 574 multiplici
1628 520 1690 558 ac
1717 505 1977 559 continua

2082 505 2180 575 τῆς
2213 507 2527 576 ἀρχεκάκου
2555 505 2920 576 δημιουργίας
2975 503 3045 560 τὰ
3088 505 3200 567 ἀπὸ
3255 507 3360 578 γῆς
3420 508 3673 577 φυόμενα

398 592 666 664 pravitate
687 593 915 662 implent
946 591 1099 655 dum,
1122 591 1250 646 hinc
1271 592 1533 646 malitiam
1563 592 1818 646 humanis
1843 607 1979 646 cor-

399 682 626 754 poribus
657 682 726 736 ab
763 691 885 735 ortu
917 682 1133 737 insitam
1161 689 1382 752 augent,
1418 689 1746 736 conservant
1766 689 1822 735 et
1855 695 1982 734 con-

400 776 628 842 tinent;
691 774 818 828 hinc
869 774 1195 844 pravitatem
1251 774 1499 828 innatam
1570 782 1853 828 maturant
1926 780 1982 828 et

399 863 752 934 protrudunt.
813 860 922 918 Sed
973 861 1018 916 si
1066 863 1213 933 leges
1268 861 1520 917 Mosaicae
1571 878 1682 917 non
1720 869 1907 916 essent
1950 876 1982 915 a

399 957 644 1012 beneﬁca
678 955 1022 1026 providentia
1066 955 1343 1025 profectae,
1387 956 1663 1026 quomodo
1718 955 1982 1010 Dominus

399 1047 552 1118 regni
608 1047 870 1102 cmlorum
915 1047 1180 1110 Scribam,
1239 1045 1359 1101 illas
1401 1047 1820 1116 approbantem,
1871 1045 1984 1115 pri-

399 1155 654 1209 mamque
679 1149 733 1194 et
761 1139 1062 1195 secundam
1108 1153 1297 1193 earum
1342 1137 1727 1208 recipientem,
1766 1136 1979 1201 dilexit,

400 1243 458 1288 et
497 1233 750 1288 laudibus
813 1233 1052 1298 ornavit,
1093 1231 1297 1303 quippe
1347 1231 1439 1302 qui
1506 1241 1562 1286 et
1611 1231 1983 1301 principatum

402 1330 510 1384 illis
541 1326 793 1381 tribuerit
847 1341 970 1380 eum
1019 1325 1253 1390 ratione,
1299 1339 1500 1393 easque
1540 1323 1690 1377 cultu
1717 1331 1773 1377 et
1800 1323 1986 1378 studio

399 1427 728 1491 prosecutus
758 1418 869 1473 sit?
909 1417 1066 1483 Quod
1114 1431 1246 1471 vero
1283 1419 1350 1470 ad
1386 1415 1603 1470 laudem
1655 1415 1781 1486 plus
1819 1415 1982 1481 valet,

400 1513 545 1577 ideo,
579 1511 725 1582 quod
765 1525 795 1563 a
840 1509 991 1566 Bono
1028 1507 1273 1578 profecta
1305 1517 1465 1562 erant
1491 1507 1657 1564 Mosis
1683 1515 1982 1578 praecepta,

399 1619 552 1670 cum,
581 1603 674 1674 qui
702 1603 757 1657 in
783 1602 890 1657 illis
922 1601 1139 1662 vixerit,
1173 1600 1491 1670 cultumque
1513 1599 1621 1654 illis
1650 1599 1981 1663 exhibuerit,

400 1711 512 1750 non
550 1693 742 1766 procul
782 1710 812 1747 a
845 1708 1013 1762 regno
1061 1691 1325 1746 caelorum
1381 1705 1504 1745 esse
1541 1688 1827 1760 professus
1876 1698 1981 1744 est.

401 1789 492 1845 Sic
535 1796 591 1842 et
645 1785 967 1840 Zachariam
1017 1794 1074 1839 et
1126 1783 1517 1847 Elisabetham,
1577 1783 1745 1837 vitam
1783 1796 1983 1837 secun-

400 1882 532 1937 dum
574 1880 751 1951 legem
813 1878 1172 1941 instruentes,
1219 1876 1403 1931 videre
1447 1875 1578 1930 licet
1616 1889 1648 1930 a
1700 1872 1980 1944 Scriptura

400 1989 553 2029 sacra
606 1973 785 2043 justos
843 1969 1263 2041 pronuntiatos,
1325 1983 1434 2022 non
1494 1966 1839 2037 simpliciter,
1885 1966 1982 2021 sed

399 2066 473 2122 ita
543 2074 602 2119 ut
667 2063 880 2134 iustitia
967 2063 1210 2132 ipsorum
1271 2073 1457 2115 coram
1515 2059 1625 2115 Deo
1687 2058 1981 2114 manifesta

398 2157 635 2212 dicatur.
694 2153 851 2220 Quod
897 2152 1078 2223 ipsum
1132 2151 1395 2214 ostendit,
1454 2165 1552 2206 eos
1600 2165 1711 2205 non
1764 2165 1832 2204 ex
1873 2149 1982 2204 hu-

398 2263 560 2306 mana
612 2247 784 2319 gloria
837 2245 1104 2314 justitiam
1153 2243 1423 2310 nancisci,
1487 2243 1584 2299 sed
1627 2257 1690 2298 ea
1728 2257 1812 2309 se,
1853 2251 1983 2297 tan-

397 2357 562 2414 quam
591 2339 761 2396 divini
780 2339 971 2410 iudicii
1001 2348 1230 2401 ornatu,
1257 2337 1480 2393 vestire.
1520 2336 1663 2403 Quid
1694 2350 1825 2390 vero
1860 2345 1986 2391 tan.

398 2433 526 2488 dem
555 2432 739 2502 Operis
768 2430 1162 2500 praestiterunt,
1207 2437 1267 2482 ut
1311 2427 1454 2483 bant:
1491 2427 1753 2500 gratiam,
1793 2439 1852 2481 se
1891 2440 1984 2480 or-

399 2532 644 2587 nantem,
683 2519 1183 2589 consequerentur?
1209 2517 1271 2572 In
1297 2518 1559 2582 omnibus,
1602 2517 1801 2587 inquit,
1847 2533 1986 2586 pra:-

400 2614 566 2683 ceptis
605 2624 654 2668 et
686 2612 942 2666 institutis
978 2610 1190 2664 Domini
1227 2609 1571 2663 ambularunt
1613 2608 1982 2678 inculpabiles.

401 2704 634 2772 Quando
663 2703 829 2775 igitur
857 2717 1012 2757 sacra
1041 2699 1263 2756 oracula
1291 2713 1406 2767 eos,
1429 2699 1522 2771 qui
1565 2699 1813 2756 Mosaicis
1845 2716 1985 2770 prae-

402 2794 578 2864 ceptis
609 2791 835 2848 exerciti
875 2801 1042 2854 sunt.
1084 2791 1264 2861 iustos
1312 2798 1369 2844 et
1412 2788 1830 2860 reprehensioni
1874 2804 1985 2844 non

400 2885 669 2940 obnoxios
709 2883 1098 2954 pronuntiant,
1141 2890 1200 2936 tu
1239 2896 1370 2938 vero
1405 2897 1500 2937 eos
1541 2891 1600 2936 ut
1640 2882 1859 2936 malitiae
1879 2881 1987 2937 mi-

403 2977 609 3032 nistros
650 2975 972 3032 calumniari
1019 2974 1222 3040 audes,
1269 2973 1735 3039 nonneostendis,
1784 2983 1837 3029 te
1873 2988 1986 3028 non

404 3069 608 3136 minus,
638 3081 804 3138 quam
843 3067 1003 3132 alios,
1043 3067 1418 3122 Christianum
1465 3082 1671 3122 nomen
1726 3067 1987 3122 mentiri?

2084 598 2376 668 σπέρματα
2413 597 2510 650 καὶ
2568 598 2954 668 βλαστήματα,
3003 596 3101 650 καὶ
3155 598 3256 651 ὅσα
3310 599 3413 668 τὴν
3471 597 3673 666 ἄλογον

2083 687 2437 760 ἐκληρώσατο
2492 689 2678 758 φύσιν,
2749 689 2846 741 ἐπὶ
2901 688 3030 752 τοὺς
3081 691 3412 758 μετέχοντας
3458 691 3668 755 αὐτῶν,

2085 781 2176 832 καὶ
2210 780 2302 832 ὑπ’
2353 779 2535 833 αὐτῶν
2592 779 2966 851 τρεφομένους
2999 780 3060 832 οὐ
3106 779 3328 850 βεϐηλοῐ
3356 777 3531 833 ταῦτα
3569 781 3673 834 καὶ

2081 873 2280 926 κοινοῖ·
2313 873 2409 926 καὶ
2437 871 2654 943 διπλῆς,
2689 873 2892 942 μᾶλλον
2928 873 2986 926 δέ
3014 871 3328 942 πολλαπλῆς
3357 873 3453 925 καὶ
3485 871 3673 942 διηνε-

2084 963 2215 1028 κοῦς
2258 963 2609 1035 ἐμπίμπλησι
2645 965 2934 1036 πονηρίας,
2981 965 3142 1019 τοῦτο
3171 965 3270 1036 μὲν
3300 965 3534 1030 αὔξοντα
3565 966 3674 1034 τὴν

2084 1056 2510 1126 ἐμφωλεύουσαν
2526 1056 2635 1110 ἀπὸ
2658 1056 2926 1124 γενέσεως
2953 1058 3068 1120 τοῖς
3089 1054 3455 1127 ἀνθρωπίνοις
3480 1056 3677 1126 σῶμα·

2086 1167 2139 1202 σι
2176 1147 2442 1220 πονηρίαν
2479 1146 2880 1219 διακρατοῦντά
2908 1165 2968 1201 τε
2989 1149 3084 1202 καὶ⁵
3114 1148 3410 1218 συνέχοντα
3435 1163 3450 1180 ο
3503 1146 3676 1200 τοῦτο

2084 1239 2143 1293 δὲ
2168 1240 2264 1293 καὶ
2311 1237 2410 1310 τὴν
2463 1241 2523 1292 ἐν
2553 1240 2740 1304 αὐτοῖς
2774 1239 3020 1311 ἔμφυτον
3071 1240 3276 1294 κακίαν
3309 1238 3675 1308 ὑποφυόμενά

2085 1348 2144 1384 τε
2179 1331 2272 1385 καὶ
2321 1330 2733 1398 συνεπάγοντα;
2779 1329 2920 1384 Ἀλλ’
2963 1331 3013 1383 εί
3057 1329 3134 1400 μὴ
3176 1331 3277 1400 τῆς
3321 1329 3674 1402 ἀγαθουργοῦ

2086 1422 2340 1494 προνοίας
2365 1417 2507 1493 ἦσαν
2537 1423 2594 1475 ai
2652 1422 2948 1476 Μωσαῖκαὶ
2990 1422 3326 1491 νομοθεσίαι,
3373 1423 3489 1485 πῶς
3513 1423 3543 1474 ὁ
3567 1422 3676 1492 τῆς

2085 1515 2195 1569 τῶν
2225 1513 2472 1585 οὐρανῶν
2501 1511 2776 1582 βασιλείας
2819 1513 3024 1585 Κύριος
3065 1512 3158 1568 τὸν
3189 1511 3676 1583 συγκαταθέμενον

2085 1606 2314 1669 ταύταις
2361 1605 2700 1676 γραμματέα
2736 1604 2830 1657 καὶ
2857 1603 3259 1673 ἀποδεξάμενον
3292 1603 3392 1675 τήν
3418 1620 3478 1656 τε
3512 1602 3673 1673 πρώ-

2086 1717 2187 1769 την
2215 1699 2272 1752 ἐν
2301 1696 2380 1768 τῷ
2401 1697 2553 1767 νόμῳ
2569 1698 2662 1751 καὶ
2692 1697 2792 1766 τὴν
2825 1695 3085 1768 δευτέραν
3117 1695 3358 1766 ἐντολὴν,
3388 1695 3672 1766 ⁴ἠγάπησε,

2089 1792 2185 1846 καὶ
2202 1790 2271 1844 δι’
2295 1791 2532 1844 ἐπαίνων
2551 1789 2893 1854 ἐδεξιώσατο,
2912 1789 2993 1842 ὅτι
3015 1806 3074 1842 τε
3096 1788 3365 1860 νουνεχῶς
3391 1789 3586 1852 αὐταῖς
3609 1787 3678 1841 τὸ

2086 1877 2392 1951 πρεσϐεῦον
2433 1879 2837 1950 ἐπεψηφίσατο,
2861 1879 2955 1931 καὶ
2979 1878 3062 1931 ὅτι
3093 1875 3272 1948 τιμῶν
3314 1879 3406 1931 καὶ
3425 1878 3678 1942 ἀσπαζό-

2087 1985 2248 2040 μενος
2275 1969 2477 2032 ταύτας
2504 1967 2661 2040 ὤφθη
2685 1985 2701 2034 ;
2726 1969 2836 2022 Καὶ
2861 1969 2921 2021 τὸ
2947 1968 3136 2039 μεῖζον
3153 1969 3233 2032 είς
3249 1968 3546 2038 ἐγκώμιον,
3574 1967 3679 2020 καὶ

2083 2063 2166 2116 ὅτι
2193 2061 2291 2134 τῆς
2317 2061 2656 2132 ἀγαθότητος
2677 2060 2947 2133 προῆλθον
2963 2062 3020 2114 αῖ
3043 2060 3130 2116 διὰ
3155 2060 3401 2126 Μωσέως
3430 2059 3673 2123 ἐντολαὶ,

2085 2154 2147 2208 οὐ
2179 2154 2400 2227 μακρὰν
2431 2149 2573 2207 εἶναι
2602 2153 2924 2224 ἀπεφήνατο
2951 2151 3043 2207 τὸν
3072 2154 3128 2206 ἐν
3153 2151 3378 2216 ταύταις
3405 2151 3675 2223 βεὸιωκόε-

2085 2265 2173 2313 τα,
2206 2247 2301 2302 καὶ
2324 2245 2492 2317 τιμὴν
2513 2247 2697 2309 αὐτοῖς
2730 2246 2926 2312 είδότα,
2950 2246 3050 2316 τῆς
3073 2243 3350 2315 βασιλείας
3369 2243 3480 2298 τῶν
3499 2244 3561 2297 ού
3571 2261 3676 2314 ρα-

2086 2344 2213 2396 νῶν.
2248 2342 2409 2396 Ἀλλά
2425 2342 2533 2412 γὰρ
2552 2343 2580 2395 ό
2598 2342 2875 2412 Ζαχαρίας
2900 2341 2994 2394 καὶ
3014 2341 3047 2411 ἠ
3091 2339 3376 2394 Ἐλισάσετ
3407 2340 3557 2409 νόμῳ
3578 2337 3675 2390 τὸν

2089 2434 2202 2506 βίον
2229 2434 2670 2504 ἰθύνοντες,όρᾷν
2713 2432 3104 2498 ἐνεστιν,ὄπως
3136 2431 3241 2484 ὑπὸ
3265 2430 3564 2501 ἱερολογὶας
3589 2429 3675 2484 δίο

2087 2527 2234 2581 καιοί
2256 2544 2317 2581 τε
2341 2526 2831 2597 ἀνακηρύττονται,
2853 2526 2947 2579 καὶ
2961 2525 3060 2594 οὐχ
3082 2522 3432 2590 ἀπλῶς,ἀλλά
3454 2522 3548 2576 καὶ
3574 2522 3678 2592 τὴν

2086 2618 2432 2690 δικαιοσύνην
2452 2618 2632 2671 αὐτῶν
2643 2616 2827 2688 ἔχουσι
2852 2616 3406 2688 παρρησιαζομένην,
3437 2614 3677 2667 ἐνώπιον

2085 2711 2183 2766 τοῦ
2213 2710 2374 2766 Θεοῦ.
2398 2711 2581 2781 Ὅπερ
2601 2710 2702 2763 οὐκ
2723 2709 2782 2776 ἐξ
2799 2707 3149 2778 ἀνθρωπίνης
3182 2707 3342 2778 δόξης
3373 2709 3434 2761 τὸ
3458 2707 3678 2760 δίκαιον

2086 2804 2331 2859 διδάσκει
2361 2802 2570 2866 λαϐεῖν,
2597 2801 2736 2855 ἀλλά
2761 2800 2916 2864 θείας
2933 2799 3168 2871 κρίσεως
3196 2799 3403 2870 κόσμον
3449 2799 3673 2861 ἑαυτοῖς

2086 2896 2186 2968 τὴν
2216 2893 2569 2964 δικαιοσύνην
2606 2893 2946 2966 περιϐαλεῖν.
2990 2893 3102 2946 Καὶ
3145 2893 3199 2944 τί
3242 2891 3298 2945 δὲ
3341 2889 3680 2960 πράττοντες

2086 2987 2292 3058 ταύτην
2322 2981 2468 3058 εἰχον
2505 2986 2606 3058 τὴν
2627 2987 2789 3058 χάριν
2820 2984 3134 3058 κοσμοῦσαν
3159 2982 3390 3048 αὐτούς;
3435 2984 3533 3037 Ἐν
3559 2981 3681 3035 πά-

2087 3093 2249 3146 σαις,
2266 3080 2424 3150 φησι,
2452 3078 2584 3143 ταῖς
2605 3077 2884 3144 ἐντολαῖς
2909 3077 3011 3131 καὶ
3037 3074 3393 3145 δικαιώμασι
3416 3074 3524 3129 τοῦ
3556 3077 3681 3128 Κυ-

403 3162 518 3216 Ιιηο
550 3176 736 3216 nonne
762 3175 874 3216 non
906 3160 1110 3227 minus,
1149 3159 1195 3214 si
1224 3175 1333 3214 non
1360 3160 1552 3232 magis,
1586 3169 1777 3215 contra
1807 3159 1979 3227 ipsam

2082 3171 2217 3240 ρίου
2245 3173 2638 3240 πορευόμενοι
2664 3168 2972 3239 ἄμεμπτοι.
3002 3168 3173 3223 Ὀταν
3201 3163 3296 3222 οῦν
3326 3166 3396 3222 τά
3429 3166 3547 3237 ἱερά
3581 3166 3679 3221 λό-

401 3253 633 3323 gratiam
658 3268 821 3322 quam
842 3262 1034 3307 contra
1068 3252 1241 3323 legem
1277 3252 1536 3324 insurgis,
1554 3260 1610 3306 et
1643 3252 1808 3324 impia
1839 3254 1982 3308 labia

401 3345 458 3398 in
480 3358 600 3397 eam
631 3353 844 3407 moves,
861 3357 1027 3413 quam
1064 3351 1248 3396 tamen
1273 3341 1456 3412 lingua
1483 3343 1734 3410 adorare,
1755 3353 1810 3399 et
1830 3345 1984 3400 cultu

399 3435 656 3505 prosequi
695 3442 749 3489 te
775 3433 1045 3490 simulas?
1087 3431 1271 3491 Missio
1314 3450 1445 3490 vero
1483 3434 1754 3491 Gabrielis
1794 3452 1826 3491 a
1868 3435 1982 3492 Deo

400 3527 580 3594 facta,
635 3535 692 3581 et
752 3526 1113 3582 sanctificatio
1179 3526 1318 3582 uteri
1385 3527 1617 3598 virginei
1671 3543 1737 3583 ac
1788 3544 1980 3584 semen

400 3636 512 3674 non
543 3619 788 3690 experti,
837 3635 940 3674 nec
979 3619 1164 3674 minus
1202 3621 1539 3676 renuntiatio
1579 3620 1818 3685 Davidis,
1858 3629 1982 3675 tan-

397 3727 562 3781 quam
607 3709 786 3766 Patris
833 3710 962 3765 boni
1012 3709 1384 3765 universitatis
1428 3725 1612 3765 rerum
1647 3710 1981 3778 conditoris;

401 3803 622 3859 traditio
673 3801 804 3856 item
853 3800 1040 3854 throni
1071 3797 1292 3855 Davidis
1323 3799 1456 3871 regii
1495 3815 1527 3854 a
1562 3814 1688 3871 rege
1733 3799 1982 3854 omnium

396 3897 452 3950 in
470 3901 796 3964 perpetuum
811 3889 985 3957 facta;
1007 3899 1122 3944 tum
1146 3905 1277 3945 vero
1301 3891 1418 3960 ipsa
1442 3890 1624 3945 carnis
1653 3891 1979 3961 assumptio,

395 4001 461 4042 ac
483 3983 722 4039 hominis
737 3981 1049 4052 appellatio,
1069 3998 1230 4053 quam
1252 3983 1432 4040 bonus
1455 3983 1581 4038 boni
1603 3981 1781 4038 Patris
1809 3981 1984 4039 Filius

396 4080 690 4151 suscepit(
729 4079 846 4134 haec
873 4078 1020 4134 enim
1062 4081 1216 4151 quasi
1269 4097 1368 4154 per
1410 4081 1754 4138 reticentiam
1805 4082 1985 4138 obiter

397 4189 831 4232 commemorare
895 4174 978 4231 fas
1030 4175 1129 4241 sit,
1195 4191 1322 4231 cum
1374 4187 1630 4232 accurata
1680 4175 1983 4231 confutatio

394 4269 791 4340 blasphemiam
841 4283 1029 4326 secum
1061 4268 1220 4334 ferat,
1253 4282 1356 4322 nec
1384 4267 1518 4338 ipsis
1542 4267 1768 4322 auribus
1798 4266 1981 4321 feren-

393 4361 518 4417 dam
553 4361 609 4433 ),
641 4362 934 4432 quomodo,
970 4362 1219 4431 inquam,
1245 4359 1348 4414 ista
1393 4359 1577 4414 omnia
1607 4374 1718 4413 non
1758 4375 1978 4414 omnem

390 4456 517 4511 mali
547 4453 803 4527 principii
837 4452 1122 4509 audaciam
1153 4462 1210 4508 et
1249 4452 1456 4508 rabiem
1504 4451 1804 4522 dejiciant?
1834 4449 1978 4518 Quid

2075 3277 2181 3331 ,για
2201 3261 2445 3324 δικαίους
2467 3260 2563 3314 καὶ
2581 3259 2907 3330 ἀμέμπτους
2931 3257 3053 3330 θείᾳ
3075 3257 3253 3328 κρίσει
3274 3258 3397 3320 τοὺς
3419 3259 3681 3310 ἐνασκου-

2088 3351 2285 3421 μένους
2330 3354 2452 3415 ταῖς
2481 3351 2806 3414 Μωσαῖκαῖς
2849 3350 3158 3420 ἀναγράφει
3190 3347 3464 3412 ἐντολαῖς,
3497 3346 3560 3400 σὺ
3617 3347 3678 3402 δὲ

2084 3443 2352 3514 πονηρίας
2379 3443 2658 3513 ὑπηρέτας
2685 3442 2912 3505 τούτους
2940 3441 3248 3512 ἐξυϐρίζειν
3275 3440 3480 3510 τολμᾷς
3505 3479 3521 3504 ,
3551 3439 3678 3504 πῶς

2084 3532 2146 3586 οὐ
2177 3531 2491 3605 καταψεύδῃ
2521 3533 2619 3602 μὲν
2649 3533 2788 3602 μετά
2808 3532 2918 3584 τῶν
2946 3532 3124 3584 ἀλλων
3148 3529 3348 3584 σαυτοῦ
3373 3528 3467 3583 καὶ
3495 3529 3677 3598 αὐτὴν

2083 3623 2184 3692 τὴν
2214 3623 2536 3692 ἐπωνυμίαν
2567 3621 2838 3694 Χριστοῦ;
2865 3622 2988 3686 Πῶς
3012 3622 3069 3676 δέ
3089 3623 3240 3677 οὐδὲν
3261 3621 3482 3674 ἐλαττον
3511 3622 3560 3674 εί
3594 3621 3676 3692 μὴ

2084 3712 2180 3764 καὶ
2219 3711 2424 3781 μᾶλλον
2456 3710 2577 3765 κατ’
2609 3711 2782 3781 αὐτῆς
2810 3711 2912 3784 τῆς
2941 3712 3163 3783 χάριτος
3197 3713 3341 3783 ηπερ
3371 3709 3466 3764 τοῦ
3501 3712 3676 3780 νόμου

2085 3803 2561 3871 κατεξανίστασαι,
2592 3805 2688 3858 καὶ
2716 3805 2785 3858 τά
2817 3804 3120 3876 βλάσφημα
3156 3805 3312 3876 χείλη
3345 3806 3546 3870 κινεῖς;
3577 3806 3676 3858 καὶ

2083 3897 2255 3950 ταῦτα
2281 3897 2346 3967 τῇ
2370 3896 2590 3968 γλώσσῃ
2613 3897 3080 3968 προσποιούμενος
3102 3899 3429 3966 προσκυνεῖν
3458 3897 3552 3951 καὶ
3581 3897 3677 3952 διὰ

2085 3987 2429 4058 σεδάσματος
2465 3989 2620 4056 ἀγειν
2651 3989 2858 4058 abripi;
2903 3987 2972 4040 Ἦ
3002 3987 3058 4040 δὲ
3083 3985 3179 4041 τοῦ
3217 3987 3456 4058 Γαϐριὴλ
3486 3987 3675 4041 θεόθεν

2082 4076 2383 4148 ἀποστολὴ,
2407 4077 2502 4130 καὶ
2523 4078 2551 4130 ό
2571 4077 2671 4148 τῆς
2692 4077 2935 4148 ἀσπόρου
2958 4076 3054 4130 κα)⁸
3080 4075 3417 4147 παρθενικῆς
3433 4079 3676 4150 γαστρὸς

2084 4170 2376 4239 ἁγιασμὸς,
2408 4169 2504 4224 καὶ
2527 4169 2587 4222 τὸ
2610 4169 2991 4241 ἀναρρηθῆναι
3013 4169 3232 4240 Πατέρα
3257 4168 3348 4222 τὸν
3374 4168 3540 4222 Δαὸὶδ
3570 4168 3673 4223 τοῦ

2083 4261 2292 4332 ἀγαθοῦ
2323 4261 2671 4332 Δημιουργοῦ
2713 4259 2823 4314 τῶν
2861 4260 2998 4314 ὅλων
3033 4259 3192 4347 Θεοῦο
3243 4259 3381 4314 ἀλλά
3437 4257 3530 4314 καὶ
3577 4263 3674 4318 τὸν

2084 4357 2298 4410 ἐκείνου
2326 4355 2606 4427 βασιλικὸν
2633 4354 2822 4427 θρόνον
2845 4355 2914 4408 δι’
2937 4354 3133 4418 αἰῶνος
3156 4353 3424 4425 ἐγχειρίζε
3435 4357 3558 4409 σθαι
3576 4355 3673 4410 τὸν

2083 4448 2192 4502 τῶν
2221 4448 2358 4502 ὅλων
2388 4447 2641 4518 βασιλέα·
2674 4447 2771 4500 καὶ
2809 4446 2996 4509 ἀπλῶς
3025 4446 3086 4500 τὸ
3114 4445 3296 4516 σάρκα
3330 4446 3534 4512 λαϐεῖν,
3569 4449 3673 4501 καὶ

391 4517 627 4604 enim-id
651 4517 797 4617 quod
833 4546 966 4600 hinc
1003 4544 1381 4615 consequitur,
1422 4517 1595 4615 magis
1637 4517 1974 4600 horrendum

2083 4539 2371 4611 ἄνθρωπον
2391 4517 2397 4518 ⁷
2419 4538 2759 4610 χρηματίσαι
2801 4537 2893 4591 τδν
2924 4537 3126 4606 ἀγαθὸν
3157 4537 3286 4592 Υίδν
3315 4537 3408 4591 τοῦ
3457 4538 3671 4606 ἀγαθοῦ

390 4650 447 4696 et
475 4641 696 4696 silentio
725 4637 1060 4710 praeteritum
1099 4635 1301 4691 all‘erre
1328 4636 1559 4694 attinet.
1590 4636 1734 4707 quod
1777 4645 1834 4692 et
1874 4652 1970 4692 co-

392 4732 654 4804 gitatione
683 4728 902 4800 assequi
932 4727 1098 4795 licet,
1141 4735 1197 4782 et
1220 4727 1329 4796 iam
1359 4737 1486 4782 ante
1525 4725 1821 4781 indicatum
1853 4727 1975 4782 est?

392 4805 642 4892 Cumque
674 4821 752 4876 illi
783 4837 852 4877 eo
882 4820 1113 4875 insaniae
1142 4819 1452 4890 mentisque
1491 4820 1807 4890 pertinacia:
1847 4836 1975 4892 per-

395 4913 671 4976 venerint,
706 4923 768 4968 ut
788 4913 972 4969 cultus
1006 4912 1195 4986 legalis
1220 4911 1457 4968 asseclas
1486 4912 1886 4975 convicieutur,
1923 4921 1978 4967 et

394 4999 784 5068 condemnem,
817 5003 1097 5060 suffecerit
1144 5003 1390 5072 omnino,
1426 5003 1471 5059 si
1499 5005 1676 5074 pietas
1704 5003 1974 5074 impietati

397 5079 561 5152 tanta;
618 5092 760 5149 nihil
811 5093 958 5149 aliud
1005 5095 1353 5166 opposuerit,
1406 5109 1571 5165 quam
1634 5095 1975 5150 tremendum

391 5181 529 5243 illud
594 5184 953 5253 mysterium,
1003 5186 1439 5242 incarnationem
1498 5185 1706 5240 scilicet
1755 5183 1973 5240 Domini

389 5277 568 5334 nostri
601 5275 732 5332 Jesu
760 5274 986 5338 Christi,
1007 5275 1435 5346 assumptionem
1465 5275 1646 5331 carnis
1670 5291 1738 5330 ex
1763 5276 1974 5331 semine

389 5369 634 5435 Davidis,
683 5383 788 5425 nec
815 5367 998 5423 minus
1043 5369 1134 5435 id,
1177 5369 1323 5438 quod
1360 5368 1688 5428 sanctissimi
1735 5369 1974 5440 Spiritus

389 5458 833 5533 supervenientis
859 5458 1064 5514 virtute
1091 5459 1377 5531 virgineus
1394 5461 1636 5531 sanguis,
1666 5459 1725 5515 in
1746 5475 1970 5516 carnem

391 5562 734 5624 compactus,
773 5551 1054 5612 hominem
1086 5551 1426 5621 produxerit.
1462 5551 1592 5616 imo,
1626 5552 1670 5608 si
1703 5561 1759 5610 et
1793 5553 1972 5616 haere-

391 5645 617 5700 ditatem
669 5645 935 5714 aliquam,
985 5651 1245 5712 tanquam
1297 5651 1602 5714 paternam,
1650 5645 1762 5716 regi
1808 5645 1973 5715 hujus

389 5737 632 5792 universi
659 5734 1069 5792 attribuendam
1115 5744 1300 5805 putas,
1341 5736 1748 5792 successionem
1796 5732 1854 5790 in
1882 5753 1971 5792 re-

389 5844 497 5902 gno
530 5829 806 5897 Davidico,
835 5840 892 5885 et
920 5827 1128 5898 reliqua
1158 5827 1343 5884 omnia
1369 5843 1490 5901 quae
1517 5837 1670 5886 tanto
1694 5829 1957 5903 mysterio

2083 4633 2296 4704 Πατρὸς
2333 4631 2438 4698 (δεῖ
2467 4632 2578 4702 γάρ
2621 4633 2679 4684 ἐν
2721 4631 3158 4701 ἀποσιωπήσεως
3188 4629 3342 4701 νόμῳ
3384 4629 3670 4684 κάνταῦθα

2077 4725 2336 4779 διελθεῖν·
2365 4725 2395 4777 ό
2425 4726 2532 4795 γάρ
2555 4723 2643 4776 διά
2660 4723 2759 4794 τῆς
2783 4721 3069 4793 ἀκριϐείας
3097 4721 3319 4791 ἔλεγχος
3351 4725 3444 4776 καὶ
3471 4723 3671 4788 αὑταῖς

2079 4817 2272 4880 ἀκοαῖς
2299 4814 2360 4869 τὸ
2391 4814 2715 4886 βλάσφημον
2744 4814 3020 4886 ἀφόρητον
3067 4813 3512 4884 συνεφέλκεται)·
3545 4817 3669 4880 πῶς

2079 4907 2299 4962 ἃπασαν
2329 4908 2444 4961 τῶν
2481 4907 2805 4962 ἀποστατῶν
2853 4908 2913 4960 οὐ
2957 4907 3287 4961 καταὸἀλλει
3323 4907 3530 4977 τόλμαν
3568 4914 3669 4962 καὶ

2081 4997 2278 5068 μανίαν
2307 4996 2408 5067 τῆς
2444 4995 2684 5067 χείρονος
2715 4998 2948 5068 μοίρας;
2983 4997 3049 5050 Τί
3095 4997 3204 5068 γάρ
3239 4998 3320 5050 δεῖ
3347 4998 3408 5050 τὸ
3439 5000 3669 5068 φρικτό-

2075 5105 2235 5162 τερον
2272 5089 2501 5157 ἐπάγειν
2523 5089 2624 5159 τῆς
2653 5088 2950 5144 ἀκολούθου
2989 5088 3086 5143 καὶ
3115 5089 3495 5160 σιωπώμενον,
3531 5091 3668 5144 αὐτὸ

2081 5181 2314 5252 μάλιστα
2340 5183 2480 5234 νοεῖν
2511 5180 2881 5251 παρεχούσης,
2910 5181 3084 5246 ἄλλως
3110 5198 3171 5235 τε
3197 5181 3292 5234 καὶ
3324 5184 3669 5254 προειρημέ·

2079 5291 2167 5327 νον
2183 5292 2198 5340 ;
2217 5275 2357 5338 Τοὺς
2374 5274 2418 5327 δ’
2439 5269 2534 5327 οῦν
2561 5276 2626 5346 τῇ
2652 5276 2850 5345 νομικῇ
2873 5273 3099 5345 λατρεία
3123 5276 3667 5345 προσανακειμένους

2074 5365 2355 5439 διασύρειν
2394 5384 2454 5420 τε
2489 5371 2583 5421 καὶ
2610 5366 2995 5433 καταδικάζειν
3023 5367 3159 5438 πρὸς
3188 5369 3455 5439 τοσαύτην
3487 5368 3665 5440 μέθην

2077 5461 2170 5513 καὶ
2199 5459 2435 5522 διανοίας
2467 5458 3228 5537 πώρωσινρπενηνεγμένων,
3265 5459 3425 5529 ἧρχει
3451 5459 3576 5528 μὲν,
3615 5461 3664 5514 εί

2077 5552 2172 5605 καὶ
2201 5551 2369 5621 μηδὲν
2403 5551 2530 5606 ἄλλο
2553 5551 2692 5604 κατά
2720 5550 2821 5621 τῆς
2849 5551 3101 5614 ἀσεϐείας
3130 5549 3468 5620 προύδάλετο
3496 5551 3531 5620 η
3568 5550 3665 5604 εὐ-

2077 5645 2264 5697 σέὸεια
2290 5685 2305 5707 ,
2333 5643 2448 5696 ἀλλ’
2473 5643 2605 5696 αὐτό
2643 5661 2708 5712 γε
2733 5645 2795 5696 τὺ
2822 5645 3048 5713 φρικτὸν
3067 5683 3082 5705 ,
3113 5643 3213 5714 τὴν
3243 5639 3665 5712 ἐνανθρώπησιν

2075 5736 2216 5804 λέγω
2243 5734 2340 5789 τοῦ
2364 5734 2572 5806 Κυρίου
2596 5735 2753 5806 ἡμῶν
2795 5735 2970 5804 Ἰησοῦ
2991 5733 3252 5805 Χριστοῦ,
3281 5733 3375 5787 καὶ
3395 5734 3453 5785 τὸ
3477 5736 3662 5802 σάρκα

2074 5827 2357 5883 λαϐεῖν·ὲκ
2389 5827 2704 5900 σπέρματος
2737 5827 2936 5897 Δαδὶδ,
2977 5827 3072 5882 καὶ
3099 5826 3161 5880 τὸ
3191 5825 3278 5881 διὰ
3313 5824 3666 5896 παρθενικῶν
