3886 6424
201 363 289 427 ως
1156 362 1451 423 CONTRA
1489 357 1950 421 MANICHiEOS
1996 362 2226 425 LIBER
2263 363 2362 423 IV.
3312 363 3447 429 210’

201 478 453 549 αἱμάτων,
515 477 855 547 ἐπιφοιτήσει
915 479 1009 532 τοῦ
1087 477 1353 544 παναιτίου
1427 474 1735 544 Πνεύματος

1886 474 2390 541 omprehenduntur
2441 472 2623 539 :haec,
2668 473 2925 543 inquam,
2958 474 3080 529 sine
3125 475 3275 530 omni
3316 476 3420 529 alia

202 570 582 641 συμπαγέντων,
608 571 687 633 είς
715 570 897 641 σάρκα
920 570 1226 642 προελθεῖν,
1248 571 1345 621 καὶ
1366 569 1503 629 ὅλως
1532 567 1736 638 ἀνθρω-

1889 564 2163 619 ccessione
2216 574 2309 618 aut
2358 564 2637 619 additione
2659 564 2977 619 sull'ecerint
3022 564 3148 629 illis,
3173 565 3266 635 qui
3313 581 3423 620 non

199 682 282 717 πον
305 662 566 730 γενέσθαι.
598 663 659 715 El
707 662 888 732 βούλει
917 663 974 716 δὲ
1003 661 1101 716 και
1126 661 1203 724 ὡς
1238 658 1496 730 πατρῷον
1540 658 1733 728 κλῆρον

1890 655 2076 710 mnino
2112 655 2264 720 illud,
2294 656 2436 725 quod
2466 654 2781 710 Conditoris
2813 654 3005 709 dextra
3038 654 3094 708 in
3126 655 3245 724 ipsa
3270 670 3424 709 crea-

199 753 475 808 ὲπιύάλλειν
517 751 595 822 τῷ
648 751 859 823 βασιλεῖ
913 755 1023 808 τῶν
1068 750 1225 817 ὅλων,
1280 754 1379 822 τὴν
1428 753 1529 821 τῆς
1578 753 1733 804 Δαυῖ·

1895 761 2001 801 one
2040 743 2149 801 illis
2179 745 2371 816 largita
2410 754 2528 807 est,
2560 744 2787 799 rationis
2831 743 3161 798 beneﬁcium
3215 745 3429 814 abjece-

198 844 326 914 δικῆς
348 844 615 913 βασιλείας
642 842 918 915 διαδοχὴν,
944 845 1038 898 καὶ
1062 844 1164 899 ὅσα
1189 843 1324 898 ἀλλα
1351 842 1429 914 τῷ
1459 841 1732 913 μυστηρίῳ

1890 841 2012 897 int,
2063 833 2132 888 ad
2174 832 2587 887 conversionem
2622 840 2678 886 et
2724 833 3101 888 excussionem
3136 833 3424 888 sementim

200 932 614 1003 συμπεριέχεταισ
648 932 809 1005 ἤρκει
853 934 911 987 δὲ
940 932 1113 987 ταῦτα
1141 934 1235 985 καὶ
1266 932 1436 1003 χωρίς
1460 948 1605 994 τινος
1649 931 1734 983 ἀλ-

1884 927 2027 994 ιιρίω
2061 925 2447 995 perducendis,
2479 940 2589 979 non
2621 924 2805 979 minus
2842 934 3025 979 autem
3074 941 3287 991 eorum,
3325 926 3418 995 qui

199 1026 277 1095 λης
297 1025 555 1092 ἐπιφορᾶς
581 1024 675 1077 καὶ
707 1023 1051 1094 προσθήκης,
1082 1025 1195 1085 τοῖς
1220 1040 1281 1075 τε
1313 1022 1390 1093 μὴ
1424 1020 1733 1075 παντάπασι

1892 1017 2113 1071 itionem
2141 1032 2240 1086 per
2269 1031 2506 1088 pugnam
2539 1015 2802 1071 adversus
2825 1014 2994 1070 Deum
3026 1016 3426 1082 exstinxerunt,

200 1118 279 1185 την
298 1115 384 1168 τοῦ
412 1114 904 1184 νοῦιπροδεδωκόσι
933 1116 1115 1185 χάριν,
1144 1116 1213 1186 ἢν
1239 1114 1627 1183 Πλαστουργὸς
1659 1113 1734 1165 86-

1899 1109 2103 1178 )stique
2124 1108 2483 1172 tradiderunt,
2495 1107 2736 1163 audaciae
2753 1106 3173 1172 contundendae,
3194 1108 3433 1178 ipsisque

200 1208 271 1271 ξιά
290 1208 412 1277 αὐτῇ
444 1204 735 1260 διαπλάσει
768 1207 1062 1276 ἐχαρίσατο
1082 1246 1097 1270 ,
1127 1206 1472 1275 ἐπιστροφήν
1505 1222 1628 1259 τινα
1650 1204 1734 1257 καὶ

1897 1200 2009 1255 iam
2058 1200 2244 1257 invitis
2277 1216 2308 1255 a
2334 1199 2709 1271 disputatione
2748 1200 2816 1255 ad
2869 1199 3148 1255 silentium
3188 1202 3431 1271 compel-

199 1294 427 1366 ἀνάνηψιν
450 1296 553 1364 τῆς
581 1295 852 1366 θεομάχοι»
886 1295 1114 1365 γνώμης
1155 1294 1613 1365 ἀπεργάσασθαι,
1645 1294 1733 1348 καὶ

1899 1292 2041 1347 ndis.
2068 1292 2339 1358 Quidnam
2368 1294 2514 1347 enim
2536 1293 2869 1348 luculentius
2895 1293 2964 1348 ad
3000 1291 3430 1349 confutationem

196 1386 287 1442 τῶν
311 1386 505 1458 ταύτην
547 1386 803 1449 καθάπαξ
834 1387 902 1440 δι’
943 1380 1019 1439 ὧν
1054 1385 1418 1456 θεομαχοῦσιν
1441 1425 1457 1449 ,
1492 1385 1730 1455 ἀπεσϐη-

1904 1384 1969 1437 lis
2000 1384 2296 1453 impietatis
2326 1385 2509 1440 afferri
2546 1384 2768 1455 poteSt?
2808 1384 2949 1451 Quid
2981 1398 3113 1438 vero
3159 1383 3435 1441 ellicacius

198 1473 344 1528 ιότων
367 1472 461 1528 καὶ
492 1472 574 1543 τῷ
598 1472 778 1544 ἐχθρῷ
807 1473 1252 1545 προδεδωκότων,
1283 1474 1557 1550 ἀνακόψαι
1594 1492 1656 1527 τε
1684 1476 1732 1529 τί

1899 1473 1913 1527 l
1943 1474 2188 1529 maxillas
2213 1489 2402 1528 eorum
2431 1475 2585 1543 quasi
2619 1489 2775 1530 camo
2802 1483 2858 1529 et
2891 1474 3049 1530 l'reno
3073 1490 3433 1545 compescen-

197 1566 402 1634 θράσος,
445 1564 543 1618 καί
589 1564 731 1635 πρὸς
780 1563 992 1634 σιωπὴν
1027 1564 1088 1629 ἐξ
1118 1564 1377 1635 ἀπορίας,
1434 1567 1483 1619 εί
1533 1566 1627 1620 καὶ
1669 1566 1731 1637 μ’)

1899 1579 1963 1627 ιε,
2022 1579 2085 1619 ac
2127 1564 2523 1619 ostendendam
2553 1566 2772 1620 eminus
2824 1564 3119 1637 ﬂagrorum
3170 1566 3385 1636 copiam
3415 1606 3433 1624 .

200 1656 415 1720 ἑκόντων,
447 1656 759 1710 συνελάσαι.
794 1656 861 1709 Τί
887 1658 996 1725 γὰρ
1023 1655 1219 1709 τούτου
1245 1657 1627 1726 λαμπρότερον
1662 1658 1734 1720 είς

1901 1655 2045 1709 tibus
2071 1670 2132 1709 se
2173 1654 2271 1723 ipsi
2302 1664 2559 1725 tanquam
2589 1671 2619 1710 a
2650 1658 2881 1712 veritate
2900 1656 3101 1722 alieni,
3135 1671 3320 1726 neque
3363 1656 3435 1712 ad

197 1746 386 1815 ἔλεγχον
412 1745 511 1814 τῆς
541 1744 801 1816 τοιαύτης
833 1744 1125 1811 ἀσεϐείαςς
1167 1745 1233 1798 Τί
1272 1745 1329 1799 δὲ
1372 1744 1731 1818 δυνατώτεροι

1898 1761 2018 1800 eum
2061 1745 2325 1801 accedere
2370 1747 2678 1816 cupientes,
2726 1748 2993 1802 obnoxios
3050 1747 3432 1819 reddiderunt.

354 1836 446 1889 καὶ
468 1801 677 1907 χαλινῷ
704 1801 804 1901 τάς
835 1801 1091 1904 σιαγόνας
1112 1801 1298 1891 αὐτῶν
1324 1836 1488 1905 ἄγξαι
1517 1839 1611 1891 xui.
1634 1801 1732 1892 τῶι

1900 1838 2152 1893 nimvero
2181 1838 2434 1907 quamvis
2475 1854 2587 1893 non
2613 1839 2796 1894 omnia
2838 1854 2939 1905 ea,
2990 1855 3114 1911 qum
3164 1840 3434 1894 insaniam

201 1928 441 1997 μαστίγων
458 1928 517 1981 τὸ
542 1928 750 1999 πλῆθος
766 1929 1049 1993 ἐπιδεῖξαι,
1070 1922 1148 1983 ὧν
1164 1928 1354 1999 πόρρω
1373 1930 1474 1997 τῆς
1490 1929 1735 1999 ἀληθείας

1900 1944 2043 1983 )rum
2070 1938 2410 2001 coarguunt,
2444 1930 2500 1985 in
2533 1931 2773 1985 medium
2802 1930 2985 1986 all‘erri
3020 1932 3267 2002 possint,
3300 1947 3434 2001 prae-

199 2017 474 2088 γεγσνότες,
508 2018 609 2071 καὶ
636 2018 834 2089 μηκέτι
865 2017 985 2088 Θεῷ
1015 2016 1404 2088 προσεγγίζειν
1429 2019 1731 2089 ἀνεχόμενο

1901 2023 2015 2091 ipua
2076 2030 2270 2077 tamen
2320 2024 2575 2093 persequi
2608 2039 2712 2078 nec
2752 2038 3220 2094 supervacaneum
3272 2024 3435 2086 forte,

200 2110 496 2174 ὑπευθύνους
552 2111 783 2174 ἑαυτοὺς
824 2112 1343 2182 παρεσκευάσαντοο
1384 2111 1524 2182 πλὴν
1572 2113 1621 2165 εί
1654 2114 1734 2166 κα¹

1899 2129 1955 2169 ec
1987 2114 2181 2169 inutile
2217 2115 2403 2170 fuerit.
2436 2116 2728 2171 Plenitudo
2764 2116 2911 2171 enim
2957 2116 3218 2170 Ecclesiae
3259 2116 3351 2169 Dei
3388 2116 3433 2170 si

202 2202 347 2255 πάντα
388 2201 658 2270 παράγειν
695 2200 757 2254 οὐ
790 2201 975 2273 ῥᾴδιον
1007 2202 1107 2254 ὅσα
1148 2201 1455 2271 στηλιτεύει
1480 2203 1583 2273 τὴν
1607 2203 1736 2257 ἀπό.

1898 2204 2000 2259 ulla
2029 2220 2089 2260 re
2133 2204 2260 2271 alia,
2299 2213 2448 2261 certe
2488 2205 2661 2275 c0piis
2688 2214 2743 2260 et
2772 2206 3104 2261 abundantia
3144 2220 3432 2277 argumen-

198 2307 338 2354 νοιαν,
374 2288 487 2342 ἀλλ’
523 2284 625 2343 οὖν
651 2288 742 2342 διὰ
769 2289 878 2343 τῶν
905 2289 1206 2360 ἐπικαίρων
1252 2289 1332 2343 ἔτι
1364 2292 1610 2360 προϊέναι
1631 2332 1645 2356 ,
1683 2294 1732 2347 οἰ

1586 2310 1610 2345 ιι
1631 2332 1645 2356 ,
1683 2294 1744 2347 οὐ
1856 2303 2032 2350 torum
2068 2303 2257 2349 contra
2286 2294 2651 2350 defectionem
2683 2294 2826 2350 hanc
2850 2294 3120 2364 superbit.

200 2379 415 2449 περιττὸν
457 2380 593 2443 ἴσως
645 2379 768 2433 οὐδὲ
800 2380 1095 2451 ἄχρηστον.
1144 2382 1496 2451 Σεμνυνεῖται
1526 2381 1636 2453 γὰρ
1667 2384 1717 2437 εί
1757 2384 1833 2453 μή
1869 2401 1975 2437 τινι
2000 2384 2166 2454 ἄλλῳ,
2204 2384 2321 2439 ἀλλ’
2347 2382 2444 2438 οῦν
2481 2402 2545 2454 γε
2580 2384 2661 2455 τῷ
2687 2383 2903 2456 πλούτῳ
2933 2385 3031 2440 καὶ
3086 2387 3157 2456 τῇ
3215 2402 3432 2458 περιου-

202 2478 275 2547 σίᾳ
295 2476 391 2530 τῶν
435 2475 581 2530 κατά
618 2476 719 2546 τῆς
758 2476 1101 2540 ἀποστασίας
1148 2476 1476 2542 ἀποδείξεων
1506 2478 1606 2548 τῆς
1628 2478 1723 2533 τοῦ
1748 2479 1885 2534 Θεοῦ
1919 2480 2249 2550 Ἐκκλησίας
2277 2481 2339 2533 τὸ
2373 2480 2668 2552 πλήρωμα.

256 2567 338 2620 lE’.
377 2565 436 2619 Ὅ
470 2566 572 2636 μὲν
598 2562 695 2621 οὖν
717 2567 830 2620 τῶν
853 2567 1101 2635 ἀγγέλων
1135 2566 1304 2637 ὕμνος
1342 2569 1436 2622 ἐπὶ
1463 2568 1542 2638 τῷ
1573 2570 1742 2642 τόκῳ,

1916 2570 2034 2625 XV.
2073 2570 2407 2643 Angelorum
2434 2572 2619 2642 itaque
2655 2571 2892 2643 hymnus
2937 2570 2995 2625 in
3026 2570 3312 2626 nativitate
3337 2570 3432 2627 de-

198 2652 263 2717 oz';
280 2655 360 2707 τὸν
383 2655 617 2726 οὐρανὸν
653 2656 746 2709 καὶ
781 2656 883 2726 τὴν
920 2657 1023 2725 γῆν
1060 2658 1141 2720 είς
1176 2657 1309 2726 μίαν
1343 2658 1610 2728 ἁρμονίαν
1652 2662 1732 2713 καῖ

1899 2672 2120 2727 mtatus,
2160 2678 2258 2733 per
2288 2678 2427 2733 quos
2455 2664 2656 2719 coelum
2679 2672 2738 2719 et
2763 2674 2964 2718 terram
3000 2662 3056 2717 in
3096 2663 3433 2718 harmoniam

198 2745 480 2813 συμφωνίαν
514 2746 825 2815 συνῆπτεν,
855 2747 934 2809 είς
962 2747 1061 2799 ἕνα
1103 2748 1335 2819 ποιητὴν
1361 2749 1462 2817 τὴν
1496 2750 1732 2820 αἰσθητι-

1887 2765 1909 2811 ι
1968 2763 2297 2812 concentnm
2331 2756 2642 2825 conjunxit,
2682 2764 2965 2810 creaturas
2998 2753 3288 2851 sensibiks
3320 2768 3421 2809 om-

199 2838 281 2896 χὴν
303 2837 471 2891 κτίσιν
499 2836 727 2892 ἃπασαν
756 2838 954 2907 ἀνῆγε,
982 2838 1069 2891 διὰ
1099 2838 1209 2893 τῶν
1236 2838 1422 2910 ἄκρων
1452 2839 1627 2909 αὐτῆς
1656 2842 1733 2894 καπ

1900 2863 1946 2903 3s
1984 2848 2053 2903 ad
2107 2864 2278 2903 unum
2327 2847 2683 2904 Conditorem
2735 2847 2965 2913 retulit,
3025 2862 3127 2918 per
3178 2836 3434 2916 suprema

196 2929 251 2981 τὰ
271 2930 324 2983 ιν
347 2929 492 3000 μέσῳ
520 2929 939 3001 συναναφέρων.
969 2930 1083 2984 Καὶ
1108 2931 1290 3002 χαρᾶς
1313 2931 1490 3003 ἀρχὴν
1514 2933 1730 2986 ἀεννάοι

1900 2955 2040 2994 trum
2078 2954 2143 2993 ea
2170 2955 2419 3009 quoque,
2446 2954 2568 3008 quae
2596 2938 2651 2993 in
2681 2937 2863 2993 medio
2898 2946 3065 3000 sunt,
3111 2936 3167 2991 in
3190 2936 3434 2991 eamdem

196 3024 278 3090 τὴν
296 3021 438 3075 πόλιν
463 3023 650 3093 εὑρεῖν
676 3020 772 3075 τοῦ
798 3021 965 3075 Δαυῒδ
993 3021 1398 3093 εὐηγγελίζετο,
1428 3024 1529 3079 ἆτε
1556 3024 1620 3095 δὴ
1647 3025 1730 3096 τῆς

1900 3043 2087 3083 assem
2137 3028 2431 3083 collocans.
2462 3027 2611 3083 Idem
2657 3041 2877 3097 quoque
2928 3026 3205 3081 civitatem
3267 3025 3434 3080 David

197 3112 519 3183 ἁνεκλαλήτου
550 3114 779 3184 εἰρήνης
799 3130 861 3166 τε
886 3114 980 3167 καὶ
1005 3114 1157 3177 θείας
1177 3114 1427 3177 εὐδοκίας
1449 3115 1540 3169 διά
1565 3116 1731 3185 πάσης

1900 3118 2056 3173 rimas
2088 3117 2254 3187 hujus
2284 3116 2471 3189 gaudii
2520 3117 2716 3172 aaterni
2763 3124 2947 3187 partes
2985 3116 3129 3171 ferre
3177 3115 3434 3177 nuntiat,

198 3204 281 3271 γῆς
301 3204 746 3274 ἐμπολιτεύεσθαι
776 3205 1093 3277 παρρησίαν
1124 3204 1535 3276 λαμϐανούσης.
1573 3201 1667 3271 Οἷς
1699 3209 1732 3261 δ

1899 3224 1983 3264 ace
2035 3185 2245 3265 scilicet
2289 3185 2557 3265 ineffabili
2604 3218 2661 3263 et
2712 3185 2900 3263 divino
2944 3208 3287 3279 beneplacito
3339 3222 3433 3277 per

196 3294 411 3361 ήθτόθεν
452 3297 675 3365 είρήνη,
706 3296 805 3350 καὶ
846 3297 882 3365 ὴ
928 3296 1178 3361 εὐδοκία,
1222 3297 1289 3350 δι’
1324 3290 1399 3350 ὧν
1431 3297 1614 3352 αὐτῶν
1644 3299 1730 3363 τὰς

1892 3314 2068 3354 mnem
2119 3309 2323 3355 terram
2370 3298 2690 3355 dominandi
2742 3297 3061 3354 facultatem
3108 3305 3426 3352 exercente.

194 3382 344 3453 ψαάς
370 3386 603 3450 ἀτοπίας
627 3386 989 3457 ἐπλήρωσαν,
1020 3386 1382 3458 ἀπελήλαται,
1429 3388 1637 3453 τούτοις
1668 3390 1728 3443 εί-

1899 3391 2058 3446 uibus
2096 3405 2229 3445 vero
2258 3391 2424 3446 rebus
2454 3390 2637 3444 divina
2672 3405 2775 3460 pax
2803 3398 2859 3444 et
2886 3388 3266 3443 benevolentia
3291 3429 3307 3453 ,
3337 3403 3432 3458 per

196 3478 340 3539 vim;
363 3478 478 3532 οὐδὲ
498 3479 597 3531 τὸν
624 3478 806 3531 αὐτῶν
832 3479 1091 3550 Ποιητὴν,
1123 3478 1181 3543 ὃς
1211 3480 1305 3535 καὶ
1326 3479 1453 3543 τοὺς
1476 3480 1730 3549 ἀγγέλους

1898 3495 1986 3535 uas
2024 3482 2237 3535 animas
2271 3496 2400 3536 suas
2431 3480 2730 3535 insolentes
2768 3479 3156 3545 reddiderunt,
3188 3479 3257 3533 ab
3303 3479 3432 3547 ipsis

198 3562 477 3633 ὐμνολογεῖν
504 3565 886 3632 ἐξαπέστειλε,
917 3567 1011 3621 καὶ
1037 3567 1130 3621 τὸν
1162 3567 1332 3638 ὕμνον
1362 3570 1732 3639 προσεδέξατο1

1896 3570 2165 3641 r0pulsata
2196 3580 2311 3633 est,
2355 3571 2551 3627 iisdem
2595 3586 2663 3625 eo
2700 3570 2999 3641 impietatis
3037 3569 3240 3625 redacti
3272 3579 3430 3629 sunt.

199 3654 423 3724 σῦμενοῦν
446 3657 547 3727 οὑχ
576 3656 860 3726 ὁμολογεῖν
889 3658 980 3711 τὸν
1007 3659 1171 3712 αὐτὸν
1198 3661 1431 3731 ούρανοῦ
1447 3678 1506 3713 τε
1530 3661 1733 3733 καὶτῆς

1896 3672 1911 3721 ι
1941 3679 2045 3719 nec
2075 3679 2266 3719 eorum
2301 3663 2677 3725 Conditorem,
2714 3662 2805 3732 qui
2836 3671 2891 3716 et
2921 3661 3140 3733 angelos
3172 3662 3430 3731 hymnum

200 3748 392 3820 ποιητήν
418 3748 807 3820 συνησέϐηται.
851 3748 1016 3802 Ἀλλά
1043 3750 1218 3805 ταῦτα
1251 3751 1350 3820 μὲν
1379 3753 1481 3806 οὐκ
1507 3752 1611 3817 ἔξω
1636 3754 1734 3807 τῶι

1896 3766 2162 3813 mtaturos
2194 3756 2361 3816 misit.
2395 3757 2761 3826 hymnumque
2802 3768 2993 3808 eorum
3035 3752 3267 3822 recepit,
3319 3769 3430 3807 non

196 3838 395 3904 πρώτων
416 3838 512 3893 τοῦ
543 3840 853 3911 μυστηρίου
880 3840 1186 3911 συμϐόλων,
1215 3838 1403 3912 οἶμαι,
1433 3844 1730 3899 πίπτουσιν

1897 3850 2103 3905 1mdem
2125 3849 2247 3905 coeli
2278 3858 2335 3903 et
2364 3858 2526 3903 terra:
2551 3855 2855 3901 creatorem
2893 3844 3301 3916 proﬁterentur.
3325 3844 3431 3900 Sed

200 3928 254 3981 ’Δ
273 3928 322 3982 δὲ
346 3931 444 4002 τὴν
474 3930 602 4003 μετ’
623 3934 812 3986 ἐκεῖνα
838 3933 992 4000 τάξιν
1019 3933 1231 4006 ἐπέχει,
1264 3936 1294 3989 ὁ
1323 3922 1427 3988 ὑπὸ
1461 3935 1556 3989 τὸν
1581 3936 1734 4007 νόμοιι

1894 3942 1942 3996 la
1976 3941 2196 4012 quidem
2220 3956 2330 3995 non
2357 3940 2531 4011 prima
2553 3938 2939 4009 mysteriorum
2961 3937 3249 4001 elementa,
3274 3944 3428 4007 puto,

200 4020 410 4090 Συμεὼν,
440 4025 537 4079 καὶ
569 4024 632 4078 τὸ
657 4026 745 4079 ἐπ’
769 4025 932 4079 αὐτὸν
954 4026 1176 4097 πνεῦμα
1198 4028 1354 4096 ἅγιον
1371 4029 1467 4082 καὶ
1488 4029 1519 4082 ὁ
1545 4029 1613 4083 δι’
1643 4032 1734 4085 αὑ-

1896 4042 2131 4102 rperant.
2157 4032 2289 4098 Qua:
2317 4046 2450 4085 vero
2476 4029 2779 4085 secundum
2805 4029 2875 4084 ab
2914 4028 3035 4083 istis
3056 4029 3237 4084 locum
3263 4042 3430 4083 occu-

198 4112 272 4164 τοῦ
296 4116 696 4187 χρηματισμὸς,
728 4118 821 4171 καὶ
843 4118 877 4189 η
900 4119 959 4171 ὲν
985 4117 1063 4188 τῷ
1090 4117 1301 4190 νομικῷ
1322 4118 1435 4189 ναῷ
1471 4120 1569 4174 τοῦ
1608 4138 1732 4191 πρε-

1897 4132 2014 4190 mt,
2049 4124 2283 4195 Symeon
2319 4122 2531 4178 scilicet
2573 4121 2678 4176 sub
2708 4120 2828 4191 lege
2867 4120 3158 4183 exsistens,
3195 4117 3431 4188 Spiritus

195 4202 363 4258 σεύτου
411 4207 730 4278 παρουσία,
775 4207 886 4261 οὐδ’
933 4209 1072 4280 αὑτὴ
1118 4209 1290 4281 χωρὶς
1336 4209 1431 4263 τοῦ
1479 4210 1729 4279 παναγίοι

1899 4225 2075 4271 metus
2104 4214 2206 4286 ipsi
2243 4214 2659 4285 superveniens,
2688 4212 3008 4267 vaticinium
3034 4227 3132 4281 per
3159 4226 3285 4264 eum
3315 4210 3433 4264 edi-

197 4290 485 4363 Πνεῦματος
515 4296 845 4368 τελουμένη,
877 4299 971 4352 καὶ
1017 4299 1117 4369 τῆς
1151 4299 1486 4369 ἀγαθότητος
1523 4302 1559 4371 ή
1592 4302 1731 4370 πηγῆ

1896 4321 2003 4367 Im,
2049 4305 2298 4375 ejusdem
2337 4304 2487 4359 senis
2531 4304 2587 4357 in
2641 4303 2905 4373 templum
2946 4302 3285 4365 adventatio,
3325 4315 3430 4355 nec

198 4383 495 4442 ὑποκύπτων
536 4390 571 4442 ὁ
595 4390 790 4460 Σωτὴρ
822 4390 984 4462 ἡμῶν
1025 4389 1104 4461 τῷ
1146 4393 1327 4463 νόμῳ,
1361 4393 1457 4445 καὶ
1485 4392 1582 4463 οὐχ
1616 4394 1732 4446 ὑπο-

1893 4409 1963 4447 vsa
2000 4393 2117 4448 sine
2143 4393 2349 4463 Spiritu
2391 4402 2579 4449 sancto
2620 4391 2795 4458 facta;
2834 4400 2890 4447 et
2930 4392 3186 4446 Servator
3226 4399 3427 4454 noster,

198 4474 387 4531 κύπτων
412 4478 612 4551 μόνον,
655 4481 794 4536 ἀλλὰ
821 4483 915 4536 καὶ
949 4483 1254 4551 ἀγκάλαις,
1286 4485 1343 4538 αἶ
1374 4484 1474 4555 τὴν
1512 4486 1732 4557 νομικὴι

1894 4485 1943 4539 le
1979 4484 2241 4539 bonitatis
2273 4483 2414 4548 fons,
2442 4484 2545 4556 legi
2572 4499 2631 4539 se
2663 4483 2983 4553 subjiciens,
3010 4498 3112 4537 nec
3133 4480 3428 4550 subjiciens

194 4566 420 4638 ἔστεργον
448 4570 713 4642 λατρείαν
732 4612 747 4637 ,
780 4572 1267 4645 δορυφορούμενος,
1299 4578 1393 4629 καὶ
1425 4577 1558 4630 αὐτὸ
1591 4577 1655 4648 δὴ
1685 4579 1728 4631 τί

1894 4577 2049 4643 )Ιιιιιι,
2082 4578 2179 4632 sed
2205 4585 2259 4631 et
2304 4576 2469 4641 ulnis,
2499 4590 2621 4645 qua:
2651 4575 2857 4629 cultum
2884 4573 3109 4643 legalem
3131 4572 3428 4640 amplecte-

199 4658 317 4727 ἱερὸν
341 4662 429 4715 καὶ
452 4663 621 4716 πάλιν
647 4664 677 4716 ὁ
703 4663 949 4734 Συμεὼν,
985 4667 1109 4719 ἐπεὶ
1137 4666 1245 4720 τῶν
1275 4667 1510 4722 ἐλπίδων
1536 4667 1650 4740 εἶχε
1684 4674 1733 4723 τί

1889 4678 2069 4735 antur,
2113 4678 2423 4738 susceptus,
2466 4667 2578 4722 imo
2627 4667 2805 4737 ipsum
2856 4679 3073 4734 quoque
3118 4662 3380 4731 templum
3408 4703 3423 4726 ,

197 4752 362 4821 πέρας,
388 4757 479 4808 καὶ
510 4754 610 4808 τοῦ
648 4757 1034 4828 χρηματισμοῦ
1071 4760 1133 4811 τὸ
1166 4760 1353 4829 μεῖζον
1391 4756 1519 4825 εἶδε,
1560 4762 1656 4816 καὶ
1686 4763 1731 4814 τί

1895 4772 2160 4830 erumque
2183 4760 2443 4829 Symeon,
2472 4758 2564 4828 qui
2592 4759 2736 4820 ideo.
2764 4757 2909 4826 quod
2950 4756 3113 4809 linem
3158 4755 3272 4824 spei
3316 4770 3429 4808 suae

193 4843 348 4898 λεῖπον
372 4845 576 4910 αὐτῶν,
603 4848 699 4901 καὶ
719 4848 1001 4919 τυγχάνων
1030 4850 1269 4920 εὐλογῶν
1295 4870 1356 4905 τε
1380 4852 1472 4907 τὸν
1500 4854 1653 4919 Θεὸν,
1687 4855 1727 4907 ὃ.

1895 4862 2179 4907 )nsecutus
2207 4860 2342 4916 erat,
2364 4860 2420 4905 et
2454 4850 2716 4920 majorem
2746 4848 2990 4903 vaticinii
3030 4856 3241 4918 partem
3274 4847 3429 4901 vide-

197 4933 305 4987 ίδεῖν
324 4954 379 4989 τε
401 4937 552 5008 αὐτῷ
580 4938 919 5009 ἐχρημάτισε
948 4940 1010 4993 τὸ
1042 4942 1374 5013 ἀπόρρητον,
1405 4944 1500 4998 καὶ
1530 4945 1629 5015 τῆς
1652 4945 1731 4998 ἐλ-

1892 4955 1953 5011 It,
1981 4946 2152 5001 Deum
2190 4944 2479 5008 laudabat,
2529 4942 2624 5012 qui
2679 4950 2734 4997 et
2775 4955 3038 4996 arcanum
3078 4940 3183 4995 hoc
3248 4940 3426 5010 ipsum

197 5023 327 5089 πίδος
344 5027 441 5080 οὐκ
456 5027 713 5098 ἐψευσεν,
758 5030 873 5083 ἀλλ’
894 5030 1194 5100 ὀφθαλμοῖς
1215 5033 1418 5103 ἠξίωσε
1442 5035 1731 5090 θεάσασθαι

1892 5040 2088 5092 isurum
2121 5038 2467 5108 praedixerat.
2499 5050 2602 5090 nec
2642 5049 2739 5104 spe
2772 5034 3099 5103 permiserat
3141 5033 3426 5096 frustrari,

196 5114 246 5167 τὸ
282 5119 538 5188 σωσήριον
561 5119 783 5174 πάντων
813 5121 921 5174 τῶν
960 5121 1155 5187 ἐθνῶν,
1196 5126 1290 5176 καὶ
1327 5125 1427 5194 τὴν
1460 5125 1620 5190 δόξαν
1647 5126 1730 5179 τοί

1894 5128 1939 5182 :d
1970 5129 2149 5197 potius
2171 5128 2395 5198 dignum
2425 5125 2784 5194 judicaverat,
2813 5124 2905 5194 qui
2932 5124 3108 5179 oculis
3134 5124 3248 5179 suis
3277 5124 3428 5177 vide-

208 5206 417 5277 Ίσραὴλ,
461 5212 587 5282 ἥτις
632 5212 780 5264 ἐστὶν
826 5212 986 5275 αὐτὸς
1026 5214 1056 5266 ὁ
1097 5214 1287 5284 Σωτὴρ
1331 5215 1490 5285 ἡμῶν
1540 5216 1742 5287 Ἰησοῦς

1890 5226 1932 5274 ξι
1958 5219 2207 5274 Salutare
2240 5216 2484 5271 omnium
2519 5216 2798 5288 gentium,
2832 5224 2889 5271 et
2924 5216 3149 5287 gloriam
3183 5216 3424 5277 lsraelis.

198 5299 421 5368 Χριστός.
467 5305 580 5357 Καὶ
628 5304 703 5375 μὴ
737 5304 1033 5375 παρέργως
1066 5306 1240 5359 ταῦτα
1269 5310 1381 5371 τοῖς
1417 5307 1526 5360 ὠσὶ
1563 5309 1732 5379 δέχου.

1893 5326 1969 5365 uae
2008 5319 2093 5364 est
2141 5309 2256 5379 ipse
2301 5308 2561 5363 Servator
2609 5317 2797 5362 noster
2836 5306 2999 5363 Jesus
3029 5307 3301 5363 Christus.
3347 5307 3427 5359 Τιι

199 5389 392 5460 Πνεῦμα
431 5395 585 5461 ἅγιον
623 5389 694 5465 ἦν
725 5396 783 5447 ὲν
823 5395 899 5464 τῷ
940 5396 1257 5467 πρεσϐύτῃ,
1291 5397 1521 5467 ἀλλὀὐχ
1564 5401 1591 5452 ὁ
1639 5402 1733 5452 llo-

1893 5414 1980 5453 ero
2005 5399 2118 5453 haec
2139 5399 2365 5453 auribus
2389 5413 2498 5451 non
2520 5397 2697 5452 obiter
2716 5397 2919 5467 accipe.
2948 5396 3185 5467 Spiritus
3204 5404 3427 5449 sanctus

199 5483 357 5551 νηρὸς,
385 5484 669 5557 ἄνθρωπε,
705 5487 774 5540 δι’
796 5479 858 5539 οὗ
883 5487 1031 5541 καὶὸ
1057 5489 1439 5559 χρηματισμὸς
1473 5489 1552 5559 (6)
1583 5490 1733 5561 ἀνδρῖ

1894 5498 1966 5543 rat
2005 5489 2147 5559 apud
2176 5504 2362 5543 senem
2393 5489 2568 5557 illum,
2595 5505 2628 5544 ο
2662 5490 2845 5554 homo,
2894 5505 3004 5543 non
3046 5498 3225 5543 autem
3255 5485 3428 5543 Malus

1269 5664 1498 5719 VARIAS
1555 5664 1942 5721 LECTIONES
1988 5665 2078 5720 ET
2113 5665 2342 5721 ΝΟΤᾸΕ.

264 5796 331 5856 l6)
371 5782 807 5866 Χρημοιτιονμός.
840 5802 916 5857 lta
960 5802 1152 5869 scripsi
1177 5819 1276 5871 pro
1320 5804 1742 5874 χρηματισμὸν,
1781 5822 1798 5859 (

1321 5804 1708 5874 χρηματισμὸν
1728 5845 1742 5869 ,
1781 5805 1927 5875 quod
1960 5815 2165 5860 textum
2187 5804 2446 5861 mendose
2475 5814 2855 5877 occupaverat.
