3886 6424
195 343 279 410 213
1150 321 1450 406 CONTRA
1490 341 1950 405 MANICHjEOS
1988 344 2223 406 LIBER
2256 345 2357 407 1v.
3321 339 3431 406 2n

196 462 219 527 θ
246 458 453 525 ζήτησις
468 494 486 520 ι
514 456 720 518 τούτοις
759 453 838 527 μὴ
868 456 1129 527 παρεῖναι
1148 493 1165 520 ,
1198 456 1603 526 ἀναστρέφουσι
1638 454 1738 526 μὲν
1764 458 1790 517 Α

1890 457 1956 522 io,
2020 456 2420 526 intelligentes,
2488 460 2840 509 revertuntur
2889 450 3110 521 quidem
3144 450 3328 507 statim
3371 458 3429 508 in

195 550 357 602 θᾶττον
382 544 522 598 κατὰ
553 545 649 615 τὴν
688 545 863 617 αὐτὴν
912 545 1144 617 ζήτησιν
1169 547 1250 610 είς
1292 546 1355 599 τὸ
1384 547 1548 617 ἱερὸν,
1592 546 1744 618 εὑρί-

1890 549 2135 619 ιωριυω,
2180 546 2577 615 inveniuntque
2642 553 2896 615 agentem
2964 558 3051 607 ea,
3091 558 3215 612 quae
3268 558 3432 614 agere

197 654 356 693 σιωυσι
385 636 440 689 δὲ
476 636 783 707 πράττοντα
805 677 821 702 ,
870 637 1018 709 ἅπερ
1060 653 1120 690 τε
1150 632 1220 708 ἦν
1264 637 1525 708 πράττειν
1563 637 1742 703 εἰκὸς,

1890 642 2076 699 ecebat
2107 655 2256 707 eum,
2318 640 2412 711 qui
2464 648 2519 695 et
2552 638 2697 694 salus
2750 636 2943 693 mundi
2988 643 3107 690 erat
3152 644 3206 691 et
3261 637 3435 708 gloria

195 731 276 798 τὴν
318 727 584 798 σωτηρίαν
625 727 721 781 τοῦ
753 726 963 798 κόσμου
1013 728 1110 781 καὶ
1150 724 1310 793 δόξαν
1354 727 1450 781 τοῦ
1498 728 1744 799 Ἰσραὴλ,

1890 735 2082 799 ιτεειὶε,
2120 748 2351 804 quaeque
2370 732 2599 788 verbum
2627 730 2722 787 Dei
2745 727 3236 801 praenuntiaverat.
3274 729 3435 783 Post-

196 823 272 875 καὶ
296 822 322 874 ό
346 819 499 887 λόγος
531 820 1002 890 προαπήγγειλεν.
1040 816 1172 873 Εἶτα
1202 820 1350 889 λέγει
1382 819 1532 890 αὗτῷ
1559 823 1593 891 ἡ
1623 821 1747 887 Μήσ-

1890 843 1914 882 a
1965 825 2099 881 dicit
2146 826 2197 880 ei
2244 824 2415 879 Mater
2462 823 2641 889 :Fili,
2702 822 2829 892 quid
2881 821 3051 892 fecisti
3115 818 3265 873 nobis
3321 820 3440 873 ita?

196 926 300 984 τηρ·
336 912 573 974 Τέκνον,
606 913 667 965 τί
714 912 1016 981 ἐποίησας
1047 912 1196 982 ἡμῖν
1223 911 1413 978 οὕτως
1430 927 1450 975 ;
1480 913 1514 966 ό
1553 910 1751 979 πατήρ

1890 930 1965 968 cce
2011 922 2167 984 pater
2205 922 2326 967 tuus
2357 921 2407 966 et
2444 928 2538 982 ego
2578 928 2698 965 cum
2730 910 2908 963 dolore
2939 909 3278 980 quaesivimus
3312 918 3359 962 te
3392 907 3437 960 ⁵.

197 1018 293 1058 σου
315 1002 469 1072 κάγὼ
485 1001 861 1071 ὀδυνώμενοι
878 1003 1206 1073 ἐζητοῦμεν
1231 1019 1329 1060 σε.
1353 1005 1463 1058 Καὶ
1489 1004 1748 1076 πρόσεχεο

1890 1003 2089 1058 .ttende
2126 1018 2277 1057 nunc
2310 1021 2324 1059 :
2358 1002 2451 1057 sed
2481 1017 2588 1057 non
2614 1017 2753 1072 opus
2786 1010 2871 1055 est
2896 1010 3139 1059 mentem
3157 1001 3438 1071 colligere,

203 1093 373 1166 μᾶλλον
408 1094 464 1147 δὲ
502 1093 655 1148 οὐδὲν
680 1093 763 1147 δεῖ
799 1095 1131 1162 συναγαγεῖν
1175 1094 1390 1148 ἑαυτόν·
1422 1093 1569 1148 οὕτω
1603 1094 1751 1164 σαφῆ

1890 1094 1991 1150 deo
2015 1095 2199 1150 omnia
2218 1094 2364 1149 clara
2390 1103 2520 1149 sunt
2548 1104 2604 1150 et
2637 1095 2708 1149 ob
2729 1094 2920 1149 oculos
2950 1095 3148 1163 posita.
3191 1092 3443 1163 Respon-

199 1190 349 1245 πάντα
379 1187 472 1241 καὶ
506 1187 733 1243 ὲνὼπια.
777 1188 1161 1259 Ἀποκρίνεται
1187 1187 1300 1258 γὰρ
1326 1188 1511 1252 αὐτοῖς
1540 1188 1575 1257 ἡ
1600 1186 1754 1257 πηγὴ

1894 1195 1950 1240 et
1965 1186 2113 1240 enim
2137 1186 2244 1241 illis
2268 1185 2393 1241 fons
2415 1186 2664 1241 veritatis
2696 1195 2751 1241 et
2771 1185 3032 1241 bonitatis
3075 1202 3089 1238 :
3121 1184 3258 1249 Quid
3295 1202 3443 1256 qua:-

200 1282 282 1349 τῆς
305 1278 557 1347 ἀληθείας
598 1280 696 1333 καὶ
726 1280 828 1348 τῆς
866 1278 1226 1349 ἀγαθότητοςο
1274 1278 1338 1333 Tt
1370 1279 1460 1332 ὅτι
1503 1274 1758 1346 ἐζητεῖτέ

1890 1278 2054 1332 ebatis
2092 1279 2411 1333 me?nonne
2460 1279 2706 1333 sciebatis
2750 1295 2831 1333 me
2883 1295 2993 1332 esse
3044 1278 3230 1332 debere
3278 1279 3334 1332 in
3380 1279 3445 1333 iis

198 1388 291 1441 ps;
314 1371 418 1423 οὐκ
447 1368 643 1437 ᾔδειτε
700 1368 792 1423 ὅτι
834 1368 905 1423 ἐν
933 1368 1062 1435 τοῖς
1102 1369 1212 1422 τοῦ
1251 1369 1481 1438 Πατρός
1517 1385 1638 1437 μου
1668 1367 1765 1421 δεῖ

1890 1386 1975 1423 ua:
2002 1369 2181 1423 Patris
2217 1371 2321 1424 mei
2348 1371 2539 1423 sunt“?
2565 1369 2706 1435 Quid
2737 1370 2841 1424 hoc
2871 1370 3075 1425 clarius
3113 1379 3219 1437 est,
3259 1379 3356 1425 aut
3376 1370 3447 1424 ad

201 1458 330 1517 εἷναί
349 1476 452 1529 ge;
478 1459 546 1513 Τί
582 1459 774 1513 τούτου
822 1459 1167 1531 σαφέστερον
1200 1460 1235 1531 ἢ
1264 1459 1375 1515 τῶν
1406 1459 1621 1515 ἀσεϐῶν
1656 1460 1758 1530 ὲμ-

1890 1472 1955 1510 ιηι
1991 1457 2280 1527 impiorum
2308 1459 2708 1528 compescenda
2728 1458 3049 1514 efﬁcacius?
3082 1460 3246 1515 Pater
3288 1476 3448 1514 meus

204 1554 431 1623 φράττειν
480 1551 552 1605 τὰ
611 1553 859 1622 στόματα
910 1551 1319 1622 δυνατώτερον;
1389 1554 1581 1624 Πατὴρ
1629 1552 1761 1622 ἐμὸς

1890 1562 2027 1601 'erus
2056 1548 2103 1601 is
2129 1555 2232 1610 est,
2286 1547 2374 1601 cui
2407 1548 2675 1617 templum
2732 1548 2836 1604 hoc
2883 1564 3101 1603 sacrum
3156 1558 3283 1603 est:
3327 1565 3449 1619 qua:

203 1645 407 1715 ἀληθῶς,
428 1636 581 1715 ᾧπερ
615 1644 914 1714 ἀνιέρωται
937 1644 998 1697 τὸ
1026 1644 1193 1716 ἱερόν.
1230 1644 1315 1697 Ta
1338 1643 1395 1697 δὲ
1412 1626 1512 1696 τοῦ
1546 1642 1762 1712 Πατρδς

1890 1653 1996 1693 'ero
2038 1637 2213 1694 Patris
2256 1648 2407 1705 sunt,
2454 1649 2510 1694 et
2540 1655 2661 1694 mea
2694 1649 2824 1695 sunt
2864 1641 3071 1696 omnia.
3104 1640 3295 1709 itaque
3337 1656 3449 1695 non

204 1736 351 1789 πάντα
393 1734 538 1787 ἐστὶν
568 1734 700 1804 ἐμά.
747 1734 958 1789 Οὐκοῦν
998 1735 1101 1789 οὐκ
1134 1733 1242 1788 ἔδει
1275 1734 1461 1804 ζητεῖν
1498 1733 1757 1804 ἀλλαχοῦ,
1787 1795 1790 1799 ι

1890 1728 1994 1783 ιιίὺί
2013 1729 2243 1785 decebat
2269 1746 2357 1785 me
2383 1747 2650 1801 qumrere,
2675 1747 2838 1801 quem
2858 1732 2986 1786 licet
3006 1731 3062 1785 in
3088 1732 3154 1787 iis
3177 1732 3448 1797 invenire,

203 1826 303 1892 ἒξδν
347 1794 619 1897 εὑρίσκειν
671 1826 731 1879 ὲν
780 1828 895 1889 τοῖς
939 1825 1035 1879 τοῦ
1080 1794 1510 1897 Πατρός.”Αλλ’
1562 1828 1595 1898 ὴ

1890 1837 1984 1890 [uae
2013 1820 2192 1877 Patris
2227 1833 2374 1877 sunt.
2400 1794 2492 1878 ita
2520 1794 2745 1892 quidem
2786 1824 2993 1878 veritas
3024 1823 3143 1893 ipsa
3178 1794 3446 1894 templum

213 1918 436 1987 Ἀλήθεια
460 1917 522 1969 τδ
540 1920 774 1987 νομικὸν
799 1918 941 1989 ἱερὸν
961 1918 1058 1971 καὶ
1079 1917 1150 1971 τὰ
1169 1916 1262 1970 τοῦ
1290 1917 1456 1987 νόμου
1487 1916 1759 1986 δόγματα,

1890 1914 2036 1986 egale
2072 1924 2129 1969 et
2182 1914 2315 1985 legis
2359 1923 2653 1985 prazcepta,
2715 1931 2837 1984 qua:
2884 1923 2942 1970 et
2995 1913 3359 1980 docebantur,
3397 1924 3455 1969 et

204 2002 265 2063 ὧν
302 2007 389 2061 καὶ
416 2009 450 2078 ἡ
480 2007 809 2062 διδασκαλία
858 2010 951 2061 καὶ
989 2010 1025 2079 ή
1057 2008 1293 2074 διάλεξις
1318 2010 1638 2078 ἐπράττετο,
1666 2006 1763 2061 τοῦ

1890 2006 2309 2077 lisputahantur,
2342 2007 2522 2062 Patris
2541 2007 2626 2062 sui
2659 2023 2781 2063 esse
2816 2008 2961 2063 clara
3014 2023 3151 2063 voce
3198 2016 3453 2071 testatur,
3494 2021 3513 2038 ’

208 2099 390 2169 Πατρός
414 2099 583 2152 αὑτοῦ
614 2096 754 2153 εἶναι
773 2140 790 2167 ,
818 2099 1051 2172 λαμπρᾷ
1077 2102 1143 2170 τῇ
1186 2101 1343 2171 φωνῇ
1396 2098 1766 2169 διαμαρτύρε-

1890 2101 2009 2155 ervi
2042 2110 2225 2155 autem
2276 2099 2550 2155 mendacii
2597 2100 2975 2155 contradicere
3015 2115 3127 2154 non
3166 2109 3452 2165 verentur,

205 2207 295 2244 τειι⁹
322 2191 369 2243 οἱ
395 2190 450 2243 δὲ
483 2190 585 2243 τοῦ
619 2190 850 2261 ψεύδους
877 2193 1151 2263 ὑπηρέται
1181 2190 1485 2259 ἀντιλέγειν
1511 2191 1572 2243 οὐ
1602 2189 1762 2259 φρίτ-

1890 2198 1963 2253 ιεά
2002 2199 2195 2253 eadem
2242 2213 2408 2268 opera
2448 2196 2559 2251 duo
2607 2196 2885 2251 contraria
2949 2196 3179 2260 audent,
3236 2197 3453 2251 Patrem

206 2297 379 2346 τουσιν,
397 2280 509 2334 ἀλλ’
534 2281 657 2353 ἅμα
671 2281 764 2335 δύο
793 2280 967 2336 ταῦτα
988 2282 1229 2354 τολμῶσι
1249 2282 1318 2337 τά
1336 2282 1560 2354 ἔσχατα,
1588 2285 1679 2338 τόν
1700 2302 1760 2338 τε

1890 2288 2090 2360 ιιιίἀεηι
2118 2286 2333 2343 Domini
2355 2289 2529 2343 nostri
2551 2286 2687 2343 Jesu
2719 2287 2924 2343 Christi
2951 2303 2981 2341 a
3038 2288 3249 2358 legibus
3276 2287 3360 2342 his
3399 2297 3457 2343 et

209 2371 395 2441 Πατέρα
414 2372 505 2425 τοῦ
531 2372 743 2444 Κυρίου
779 2374 938 2445 ἡμῶν
988 2374 1165 2445 Ἰησοῦ
1192 2377 1432 2446 Χριστοῦ
1459 2378 1560 2448 τῆς
1588 2376 1768 2431 αὐτῶν

1890 2379 2114 2434 Iominio
2138 2379 2194 2433 in
2248 2395 2308 2434 se
2362 2379 2712 2448 repellentes,
2759 2390 2813 2433 et
2851 2376 2987 2441 ,Filii
3053 2377 3451 2445 testimonium,

209 2464 551 2536 ἀπωθούμενοι
569 2465 898 2537 νομοθεσίας
915 2467 1013 2521 καὶ
1034 2467 1380 2538 κυριότητος,
1412 2470 1507 2522 καὶ
1531 2468 1631 2540 τὴν
1660 2468 1763 2523 τοῦ

1890 2486 2031 2542 luem
2043 2469 2301 2525 extremis
2325 2469 2481 2524 labiis
2505 2467 2852 2523 Servatorem
2877 2478 2932 2523 et
2953 2470 3238 2523 veritatem
3258 2485 3457 2525 vocare

214 2552 318 2608 Ποῦ
336 2556 660 2627 μαρτυρίαν,
676 2555 736 2610 δν
752 2557 801 2609 εί
822 2558 919 2610 καὶ
933 2557 1168 2627 χείλεσιν
1190 2558 1380 2630 ἄκροις
1399 2559 1550 2629 ὅμως
1562 2561 1657 2613 καὶ
1676 2560 1772 2613 αὖ·

1890 2579 1981 2619 ιοη
2016 2561 2326 2633 defugiunt,
2355 2561 2707 2631 perditissimi
2732 2561 2984 2616 homines
3015 2561 3287 2615 mendacii
3312 2561 3450 2615 insi-

212 2646 278 2700 τοὶ
293 2647 499 2718 σωτῆρα
527 2648 721 2701 καλεῖν
748 2649 845 2703 καὶ
869 2649 1125 2719 ἀλήθειαν
1138 2650 1199 2704 οὐ
1222 2651 1636 2723 παραιτοῦνται,
1666 2670 1773 2705 πα-

1890 2654 2084 2709 nulare
2114 2652 2342 2708 audent.
2376 2651 2529 2706 Adeo
2555 2651 2831 2707 aversatio
2859 2651 2995 2722 legis
3024 2653 3204 2721 ipsum
3236 2666 3457 2721 quoque

214 2737 563 2808 ραγράφεσθαι
584 2738 789 2809 τόλμαν
811 2740 861 2791 οί
878 2741 1283 2812 τρισαλιτήριοι
1310 2742 1769 2813 προσλαμϐάνου-

1890 2747 2244 2819 .egislatorem
2277 2760 2308 2799 a
2339 2744 2510 2815 gratia
2557 2744 2789 2815 repellit.
2825 2742 2926 2798 Vel
2952 2743 3137 2814 potius
3197 2753 3461 2813 apostata:

212 2842 299 2880 σιν.
318 2826 532 2891 Οὕτωςὸ
550 2828 698 2883 κατά
716 2828 813 2883 τοῦ
832 2830 999 2900 νόμου
1026 2831 1487 2913 προπηλακισμός
1513 2849 1579 2885 συ
1587 2850 1771 2904 μπρο-

1890 2838 1933 2891 ai
1964 2836 2295 2909 jampridem
2325 2835 2393 2890 ab
2425 2834 2581 2889 initio
2601 2834 3000 2905 blasphemiam
3020 2843 3213 2889 contra
3255 2834 3462 2889 utrius-

212 2919 473 2988 πηλακίζει
499 2921 607 2990 μὲν
642 2920 738 2975 καὶ
762 2920 926 2975 αὐτὸν
954 2921 1046 2975 τὸν
1070 2921 1372 2993 νομοθέτην
1391 2924 1490 2993 τῆς
1516 2924 1764 2995 χάριτος.

1890 2948 1982 3004 lue
2039 2931 2350 2987 testamenti
2433 2939 2687 2986 auctores
2784 2927 3195 2999 parturientes,
3261 2927 3464 2984 deinde

211 3010 397 3066 Μᾶλλον
432 3012 490 3064 δὲ
527 3014 654 3066 κατ’
692 3010 875 3066 αὐτῶν
924 3011 1035 3065 τῶν
1071 3012 1344 3084 ἑκατέραν
1379 3012 1457 3083 (9)
1507 3013 1775 3084 διαθήκην

1890 3039 2033 3090 vero,
2073 3024 2326 3094 quamvis
2362 3022 2429 3078 ad
2479 3021 2664 3079 omnia
2693 3022 2954 3084 audaces,
2987 3035 3019 3073 a
3054 3028 3215 3090 partu
3274 3018 3465 3089 perni-

212 3104 514 3174 διαθεμένων
551 3105 618 3158 τὸ
664 3104 990 3175 βλάσφημον
1033 3104 1130 3158 ἀπ’
1164 3105 1340 3175 ἀρχῆς
1390 3105 1440 3159 οί
1468 3106 1775 3160 ἀποστάται

1890 3117 2190 3175 eiosissimo
2225 3125 2378 3173 metu
2406 3116 2719 3171 auditorum
2741 3113 3026 3184 prohibiti,
3057 3128 3158 3183 pro
3204 3129 3291 3176 eo,
3318 3111 3467 3183 quod

215 3194 549 3263 ὼδινήσαντες
578 3236 596 3260 ,
623 3192 742 3248 εἷτα
770 3197 907 3266 πρὸς
933 3196 1026 3248 τὸν
1056 3194 1300 3266 ὀλέθριον
1334 3196 1493 3250 τόκον
1522 3198 1573 3250 οί
1598 3198 1777 3252 πάντα

1890 3226 2073 3268 semen
2126 3208 2416 3274 draconis,
2468 3208 2613 3279 quod
2660 3215 3057 3277 conceperant,
3115 3206 3300 3276 perire
3350 3207 3469 3275 pati

216 3285 405 3357 θρασεῖς
448 3286 652 3359 ἀθρόον
685 3288 861 3341 ἐλθεῖν
897 3286 977 3359 τῷ
1021 3287 1132 3341 δέει
1165 3288 1276 3341 τῶν
1318 3289 1609 3360 ἀκροατῶν
1642 3290 1780 3342 ἀπο-

1890 3305 2176 3369 debebant,
2214 3303 2374 3359 brevi
2399 3303 2625 3373 quidem
2656 3310 2903 3370 tempore
2929 3308 3150 3370 partum
3178 3298 3467 3362 cohibent,

215 3375 573 3442 datitaaavug,
608 3379 731 3431 ἀντὶ
763 3376 861 3431 τοῦ
907 3377 1093 3432 δοῦναι
1125 3378 1304 3449 φθορᾷ
1330 3418 1345 3443 ,
1402 3378 1471 3449 ῆν
1518 3379 1782 3449 ὲνεκυμό-

1890 3397 2080 3454 deinde
2118 3412 2251 3451 vero
2296 3412 2396 3467 per
2441 3397 2699 3466 ambages
2757 3392 2916 3463 quasi
2977 3400 3034 3447 et
3081 3400 3198 3446 arte
3236 3392 3471 3461 quaesita

216 3487 383 3542 νησαν,
424 3470 518 3524 τοῦ
575 3471 877 3543 δράκοντος
928 3470 1156 3541 σποράν·
1192 3471 1241 3523 οἱ
1276 3470 1333 3523 δὲ
1388 3469 1583 3541 βραχεί
1634 3471 1782 3542 μόνῳ

1890 3496 2214 3559 conceptum
2238 3502 2515 3542 venenum
2564 3486 2749 3556 lingua
2788 3485 3026 3554 pariunt.
3074 3483 3141 3539 Et
3179 3483 3473 3538 effundunt

219 3562 369 3632 χρόνῳ
398 3562 487 3615 τὸν
512 3561 681 3615 τόκον
711 3560 1105 3627 συστέλλουσι,
1132 3559 1321 3631 κύκλῳ
1348 3559 1409 3613 δὲ
1437 3563 1532 3614 καὶ
1558 3560 1649 3614 διά
1676 3579 1783 3633 μη-

1890 3576 1965 3631 illi
1996 3576 2217 3646 quidem
2240 3590 2516 3631 venenum
2555 3584 2748 3631 contra
2798 3575 3007 3646 legem,
3056 3575 3128 3629 ab
3180 3572 3471 3628 insolentia

218 3655 360 3724 χανῆς
382 3655 472 3708 τὸν
499 3653 886 3724 συλληφθέντα
937 3654 1014 3706 ίδν
1045 3652 1134 3707 διὰ
1164 3651 1266 3723 τῆς
1304 3651 1554 3723 γλώττης
1579 3652 1784 3723 ὁμοίως

1890 3683 2016 3724 vero
2044 3667 2099 3723 in
2157 3668 2332 3738 legem
2381 3681 2491 3721 non
2541 3667 2765 3731 minus,
2828 3666 2938 3720 nisi
2993 3665 3153 3736 longe
3193 3663 3363 3733 magis
3416 3662 3475 3715 in

1888 3760 2037 3830 ipsos
2090 3759 2272 3831 legum
2327 3766 2541 3814 actores
2578 3756 2790 3827 abrepti
2831 3755 3147 3826 petulanter
3190 3760 3379 3824 agunt.
3408 3751 3476 3805 Et

1890 3852 1970 3907 sic
2004 3851 2061 3906 in
2087 3858 2353 3921 quantum
2375 3849 2651 3904 crassiore
2672 3847 2881 3903 insultu
2928 3845 3010 3899 uti
3032 3853 3314 3907 verentur,
3340 3858 3476 3897 con-

1892 3945 2069 3999 victos
2110 3943 2335 3999 omnino
2392 3958 2453 3997 se
2501 3948 2785 4011 praestant,
2838 3938 2983 4009 quod
3044 3935 3479 4008 magnitudinem

1892 4034 2153 4090 facinoris
2206 4034 2294 4090 sui
2332 4049 2444 4088 non
2490 4031 2765 4097 nesciant,
2823 4029 2880 4084 in
2932 4036 3204 4099 quantum
3251 4041 3381 4080 vero
3423 4025 3479 4080 id

1891 4147 2003 4185 non
2024 4131 2338 4202 ignorantes
2359 4143 2471 4183 non
2498 4126 2786 4192 recedunt,
2808 4122 3077 4187 efﬁciunt,
3108 4127 3168 4176 ut
3191 4126 3478 4191 peccatum

1894 4221 2000 4277 hoc
2032 4220 2170 4292 ipsis
2195 4235 2309 4275 non
2345 4219 2687 4274 remittatur.

221 3746 577 3799 ἁποτίκτουσι.
639 3744 755 3798 Καὶ
793 3742 903 3814 γὰρ
951 3742 1205 3813 ἐκχέουσι
1239 3742 1338 3813 μὲν
1382 3743 1476 3796 τὸν
1531 3742 1609 3796 ἰὸν
1643 3741 1787 3797 κατὰ

219 3836 303 3906 τῆς
337 3837 695 3907 νομοθεσίας,
739 3835 851 3889 ἀπὺ
887 3834 945 3889 δὲ
975 3834 1076 3903 τῆς
1108 3832 1249 3887 κατὰ
1293 3833 1405 3887 τῶν
1452 3831 1787 3904 νομοθεσιῶν

221 3929 480 3997 παροινίας
510 3926 638 3981 κατ’
674 3925 856 3980 αὐτῶν
880 3925 1047 3978 πάλιν
1090 3924 1200 3977 τῶν
1232 3923 1479 3994 θεμένων
1524 3924 1652 3988 τοὺς
1698 3923 1789 3977 νό-

223 4036 336 4087 μους
361 4019 509 4072 οὐδὲν
536 4018 788 4082 ἔλαττον,
814 4016 863 4068 εί
893 4016 969 4086 μὴ
996 4016 1091 4069 καὶ
1114 4014 1338 4084 μᾶλλον,
1371 4014 1791 4084 ὲπαναδραμόνο

220 4127 297 4175 τες
324 4110 803 4180 ένασελγαίνουσι,
839 4108 936 4161 καὶ
981 4107 1049 4160 δι’
1100 4099 1177 4160 ὧν
1212 4106 1311 4177 μὲν
1358 4105 1660 4171 δεδοικότες
1689 4107 1791 4177 τὴν

221 4206 399 4274 ἀθρόαν
426 4202 742 4277 προσϐολὴν
771 4201 1083 4271 ἐπέχουσιν,
1106 4198 1207 4252 οὐκ
1232 4198 1449 4267 ἀγνοεῖν
1477 4198 1538 4251 τὺ
1562 4197 1792 4268 μέγεθος

221 4296 304 4350 τοῦ
326 4297 677 4369 τολμήματος
708 4294 1108 4363 ἐξελέγχονται·
1144 4291 1212 4344 δι’
1260 4284 1339 4344 ὧν
1370 4289 1429 4343 δὲ
1476 4289 1793 4373 ἐπιγνόντες

221 4390 308 4441 οὐκ
332 4389 661 4458 ἀφίστανται
687 4426 703 4451 ,
734 4385 1122 4455 ἀσύγγνωστον
1150 4382 1338 4446 αὐτοῖς
1372 4380 1656 4447 παντελῶς
1688 4398 1791 4435 κα-

224 4478 699 4546 τασκευάζουσιτὸ
721 4476 1124 4549 πλημμέλημα.
1811 4464 1865 4523 D
2165 4548 2263 4555 ____
2647 4544 2681 4555 ._
2728 4544 2760 4555 ,.
2831 4540 2872 4555 ..
2940 4539 2952 4551 .
3002 4538 3115 4555 ν.--
3165 4534 3341 4555 gn--.“
3374 4531 3445 4555 n.

732 4531 859 4633 τούξ
882 4531 1297 4639 ’τῆςυάληθείας
1342 4563 1591 4636 μαθητὰς
1640 4562 1789 4626 ίδεϊν,

1960 4550 2126 4608 XVII.
2165 4548 2363 4604 Videas
2384 4561 2514 4602 vero
2546 4544 2793 4601 veritatis
2816 4538 3140 4610 discipulos,
3165 4534 3343 4604 ipsum
3372 4531 3481 4585 Do-

225 4665 306 4717 καὶ
325 4629 480 4718 ait-rev
504 4664 568 4717 δὲ
602 4663 693 4716 τὸν
722 4629 926 4732 Κύριον
1173 4629 1384 4727 Ἰησοῦν
1409 4629 1667 4726 Χριστὸν,
1694 4655 1790 4724 οὐχ

1890 4646 2105 4701 minum
2132 4650 2381 4697 nostrum
2413 4635 2604 4693 Iesum
2645 4635 2928 4691 Christum
2951 4670 2966 4692 ,
3008 4643 3123 4684 non
3165 4629 3288 4680 data
3318 4637 3482 4676 occa-

224 4716 513 4827 ὠςέτυχεν,
542 4754 659 4809 οὐδ’
710 4716 892 4817 εποὶξ,
923 4716 1040 4805 ἀλλ’
1071 4749 1186 4804 ἄνω
1229 4716 1328 4801 καὶ
1367 4716 1521 4801 κάτω
1560 4716 1790 4819 ττεριφέζ

1890 4737 2067 4800 sione,
2097 4742 2194 4790 aut
2223 4733 2421 4797 semel,
2455 4730 2554 4786 sed
2586 4728 2936 4798 undiquaque
2984 4716 3439 4776 circumferentes
3464 4749 3481 4773 ,

2026 4826 2038 4827 κ
2397 4823 2407 4827 -
2591 4821 2603 4827 -
2859 4813 2893 4827 ..
2979 4822 2990 4827 ,
3044 4826 3047 4827 ,
3159 4807 3481 4827 ,μμ-ηη,

600 4807 859 4913 Ναζαρὲτ
876 4807 977 4892 καὶ
996 4836 1236 4907 πατρίδα
1267 4835 1571 4898 καλοῦντας
1603 4807 1790 4903 αῦτοῦ,

1891 4838 1949 4885 et
1996 4826 2229 4882 Nazaret
2273 4823 2505 4895 patriam
2557 4821 2678 4892 ejus
2718 4807 3486 4912 appellantes,'edsdemque

229 4908 311 4988 καὶ
331 4933 439 4988 οὔτ’
484 4908 735 4996 ἐκείνους
763 4908 930 4985 ὀὐδὲν
960 4926 1427 4998 εὐλαϐουμένους,
1457 4923 1585 4979 οὔτε
1623 4926 1790 4997 αὐτὴν

1890 4918 2029 4973 nihil
2060 4928 2117 4973 et
2149 4932 2221 4971 ne
2248 4915 2422 4986 ipsam
2458 4911 2681 4983 quidem
2713 4917 2988 4963 terrenam
3018 4908 3361 4957 nativitatem
3396 4911 3487 5000 re:

227 4984 313 5097 ᾧ
339 4984 860 5094 ἰ’τέιγέέᾷξρίᾶἐίσιν.
904 5018 1105 5075 Καίτοι
1154 4984 1324 5071 πόσον
1362 4984 1554 5088 tam:
1619 4984 1790 5087 ἀρχην

1894 5023 2120 5065 censere
2144 4984 2503 5077 refugientes.
2544 5001 2823 5067 Quantum
2850 5009 2985 5050 vero
3005 4989 3395 5061 requirebatur
3418 4984 3489 5039 ad

230 5082 377 5171 αῦτοῦ
406 5082 508 5188 της
537 5116 847 5186 γεννήσεως
890 5111 1281 5183 ὰωμολογεῖη
1320 5111 1383 5163 ιιι
1437 5082 1496 5163 δὲ

1893 5107 2162 5178 originem
2194 5103 2494 5160 nativitatis
2527 5100 2651 5171 ejus
2685 5091 3138 5153 edisserendami
3168 5086 3289 5142 Jam
3328 5083 3373 5138 si
3389 5082 3491 5191 illa

231 5206 367 5276 θρίας
389 5172 657 5278 ἧνῈρΙγον
684 5172 1034 5274 αῦτη-χειρός
1052 5241 1069 5269 ,
1098 5172 1209 5273 ἆρα
1236 5172 1303 5254 ἂν
1332 5172 1630 5270 ἠνέσχετο,
1658 5201 1790 5269 ἀγα·

1896 5172 2221 5271 perniciosae
2250 5210 2448 5250 manus
2481 5205 2621 5263 opus
2645 5188 2876 5252 fuisset,
2902 5179 3155 5278 nunquid
3202 5185 3364 5278 putas
3389 5172 3491 5227 bo-

233 5271 311 5361 θδς
337 5271 425 5352 ὤν’
440 5271 653 5367 ἀγαθοῦ
701 5271 919 5365 Πατρός
946 5271 1121 5359 Παῖς,
1143 5271 1396 5362 πατρίδα
1436 5291 1645 5363 ταύτην
1680 5294 1790 5346 ἐπι-

1894 5307 2029 5346 num
2055 5290 2181 5346 boni
2212 5286 2392 5344 Patris
2421 5283 2621 5339 Filium
2647 5288 2936 5352 passurum
2955 5316 2971 5342 ,
3003 5281 3065 5328 ut
3093 5271 3211 5328 haec
3250 5271 3354 5336 ipsi
3388 5276 3489 5332 pa-

292 5412 315 5445 ⁸
338 5411 466 5469 Luc.
490 5426 555 5478 tt,
579 5410 670 5467 48.
747 5408 770 5439 ⁸
808 5400 943 5463 ibid.
972 5405 1063 5461 49.

1300 5541 1534 5600 VARle
1572 5538 1962 5597 LECTIONES
2003 5539 2090 5594 ET
2122 5537 2354 5595 NOTAE.

302 5685 373 5754 (εὶ)
416 5685 763 5755 Ἐκατέραν.
802 5684 881 5739 ita
930 5682 1126 5751 scripsi
1160 5698 1261 5751 pro
1308 5681 1608 5751 ἑκατέρων,
1660 5676 1809 5747 quod
1844 5676 2143 5732 exhibebat
2168 5675 2364 5731 codex.
2391 5672 2585 5730 Sermo
2605 5670 2695 5727 hic
2718 5676 2805 5724 est
2827 5666 2896 5722 de
2937 5662 3287 5718 Testamellw
3348 5660 3500 5703 υπα-

243 5769 353 5823 que,
380 5765 437 5812 et
462 5757 656 5813 eodem
686 5755 971 5826 utriusque
998 5761 1241 5808 auctore.
