3886 6454
354 325 460 390 ’215

1503 323 1766 384 PIIOTII
1804 319 2314 384 PATRIARCILE
2345 321 2454 383 (ΖΡ.

3515 321 3627 396 216

355 437 454 490 tria
485 430 882 497 vindicaretur,
913 440 1008 487 aut
1037 430 1464 502 permissurum,
1510 442 1568 486 ut
1598 431 1855 502 discipuli
1882 431 1935 484 id

2056 431 2291 500 τράφειν,
2321 431 2354 500 ἢ
2382 403 2478 484 καὶ
2522 430 2651 494 τοὺς
2703 428 2952 500 μαθητὰς
2981 430 3066 484 εἴα
3090 430 3316 502 τολμᾷν,
3344 429 3376 483 ὃ
3411 431 3514 486 κᾶν
3539 444 3628 495 τις

353 527 641 591 auderent,
679 525 830 596 quod
859 524 906 579 si
945 515 1068 594 quis
1110 523 1247 578 alius
1295 523 1477 578 dicere
1515 523 1706 578 fuisset
1732 539 1898 578 ausus
1921 563 1938 589 ,

352 611 560 688 justum
591 617 697 686 ipsi
723 614 992 685 judicium
1030 615 1380 669 immissurus
1419 622 1475 667 et
1511 614 1580 668 ab
1626 613 1729 668 hac
1764 621 1941 667 teme—

357 705 522 759 ritate
562 719 752 759 severe
779 714 1106 758 avocaturus
1138 702 1369 757 fuisset?
1399 701 1576 772 Atque
1617 701 1686 755 ita
1719 701 1941 770 quidem

358 809 457 864 per
482 793 711 866 patriam
743 792 962 848 Domini
992 808 1182 847 eorum
1226 793 1282 847 in
1307 806 1654 846 communem
1685 789 1940 860 patriam,

358 887 446 943 vel
495 886 679 958 potius
709 892 875 940 totam
923 885 1261 941 creationem
1302 884 1538 938 insultus
1587 881 1855 938 evertitur
1890 890 1945 935 et

361 979 744 1050 prosternitur.
795 977 851 1032 Si
897 995 1027 1032 vero
1071 977 1211 1031 alius
1243 978 1405 1032 homo
1433 975 1612 1030 bonus
1649 983 1732 1029 est
1757 1017 1774 1039 ,
1806 973 1947 1028 alius

361 1069 598 1125 vicissim
629 1069 805 1123 malus
825 1111 840 1134 ,
882 1085 1114 1140 quorum
1141 1069 1229 1123 ille
1262 1083 1330 1122 ex
1360 1068 1505 1121 bono
1545 1067 1803 1121 thesauro
1824 1059 1960 1120 cor-i

363 1157 449 1214 dis
473 1160 557 1215 sui
601 1160 806 1215 bonum
853 1159 1096 1229 profert,
1131 1159 1219 1214 hic
1248 1174 1381 1214 vero
1428 1157 1632 1212 malum
1663 1173 1730 1211 ex
1768 1151 1962 1223 malo,

363 1250 488 1320 quis
529 1265 640 1305 non
700 1250 1043 1322 proﬁteatur,
1092 1251 1239 1322 quod
1291 1265 1402 1305 non
1441 1249 1647 1304 creatio
1699 1247 1948 1319 corporis

362 1344 644 1413 primaeva,
677 1359 777 1398 nec
809 1343 990 1398 anima
1011 1386 1025 1408 ,
1061 1345 1118 1399 in
1162 1343 1611 1413 conjunctionem
1658 1351 1712 1396 et
1745 1342 1946 1412 guber-

364 1433 642 1487 nationem
672 1434 790 1502 ejus
824 1434 967 1498 data,
998 1434 1052 1487 in
1082 1431 1278 1487 hostile
1303 1432 1632 1502 principium
1665 1431 1947 1486 referenda

365 1523 457 1588 sit,
490 1523 584 1578 sed
616 1524 762 1593 quod
801 1523 1035 1578 liberum
1065 1521 1350 1576 arbitrium
1375 1562 1390 1586 ,
1439 1523 1497 1576 in
1526 1537 1590 1575 ea
1621 1521 1863 1585 scilicet,
1893 1521 1949 1574 in

364 1627 486 1683 qum
524 1629 634 1667 non
668 1615 900 1670 decebat
923 1657 938 1682 ,
974 1613 1276 1674 declinans,
1312 1613 1416 1668 hac
1453 1612 1820 1668 declinatione
1852 1627 1950 1666 sua

364 1707 570 1761 bonum
625 1707 682 1761 in
732 1708 935 1762 malum
983 1705 1340 1762 converterit.
1372 1706 1546 1771 Quam
1596 1706 1745 1760 enim
1785 1705 1949 1760 aliam

2042 523 2198 587 ἄλλος
2225 522 2405 591 λέγειν
2431 520 2862 592 ἀπεθρασύνετο,
2890 521 3100 575 δίκαιόν
3121 539 3182 574 τε
3210 522 3366 592 δίκην
3398 523 3630 576 ἒπιὸάλ-

2042 615 2154 669 λειν
2188 614 2338 684 αύτῷ
2358 613 2573 669 καὶτοῦ
2597 613 2948 685 τολμήματος
2977 612 3124 666 κατὰ
3154 613 3357 682 πολλῆς
3387 613 3634 682 ἁπάγειν

2043 691 2144 784 τῆς
2187 707 2658 777 ἁγανακτήσεως;
2723 704 2865 759 Ἀλλ’
2916 704 3062 760 οὕτω
3107 707 3208 777 μὲν
3261 706 3350 759 διὰ
3387 707 3489 777 τῆς
3531 705 3634 758 τοῦ

2043 803 2249 872 Κυρίου
2281 800 2540 872 πατρίδος
2563 801 2598 872 ἡ
2621 799 2762 853 κατὰ
2788 799 2886 870 τῆς
2907 799 3090 868 κοινῆς
3118 799 3396 870 πατρίδος,
3423 798 3634 869 μᾶλλον

2043 893 2099 946 δὲ
2129 893 2164 963 ὴ
2211 891 2352 946 κατὰ
2384 890 2496 961 (10)
2525 891 2624 961 τῆς
2673 890 2902 952 κτίσεως
2928 891 3056 960 ὅλης
3083 892 3456 953 ἐπανάστασις
3489 890 3635 944 καθ-

2045 986 2280 1056 αιρείται
2311 983 2407 1036 καὶ
2449 985 2914 1054 καταστρέφεται.
2949 983 3010 1036 Εἰ
3039 981 3097 1034 δέ
3139 983 3256 1035 ἐστι
3288 981 3388 1051 μὲν
3419 981 3642 1051 ἂνθρω-

2048 1092 2150 1136 πος
2175 1074 2380 1142 ἀγαθὸς
2404 1114 2420 1140 ,
2446 1074 2565 1128 ἔστι
2603 1074 2659 1128 δέ
2687 1091 2772 1140 τις
2825 1075 2920 1128 καὶ
2956 1074 3219 1146 πονηρός·
3263 1068 3339 1128 ὧν
3367 1077 3397 1130 6
3431 1075 3534 1146 μὲν
3569 1075 3640 1128 ὲκ

2047 1163 2142 1217 τοῦ
2167 1162 2374 1232 ἀγαθοῦ
2406 1162 2684 1233 θησαυροῦ
2721 1163 2822 1233 τῆς
2869 1163 3096 1234 καρδίας
3137 1163 3305 1217 αὑτοῦ
3358 1164 3666 1236 προφέρει.

2048 1254 2109 1310 τὺ
2139 1253 2364 1322 ἀγαθὸν,
2391 1255 2420 1306 6
2439 1254 2496 1307 δὲ
2526 1254 2588 1308 τὸ
2619 1253 2856 1325 πονηρὸν
2884 1255 2949 1308 ὲκ
2985 1253 3080 1308 τοῦ
3112 1251 3373 1324 πονηροῦ,
3413 1254 3501 1317 τίς
3530 1253 3641 1316 οὐκ

2047 1345 2114 1399 ἂν
2139 1345 2647 1416 συνομολογήσειεν,
2687 1343 2762 1408 ὡς
2787 1345 2886 1416 οὐχ
2914 1345 2949 1416 η
2985 1345 3080 1397 ἀπ’
3112 1344 3287 1414 ἀρχῆς
3315 1343 3509 1406 πλάσις
3536 1343 3638 1396 τοῦ

2051 1435 2325 1506 σώματος,
2371 1436 2561 1508 ὥσπερ
2608 1435 2715 1490 οὐδ’
2769 1434 3042 1508 ηδοθεϊσα
3082 1433 3453 1488 συνάπτεσθαι
3484 1433 3639 1504 ψυχὴ

2049 1530 2143 1584 καὶ
2166 1528 2529 1600 διακυϐερνᾷν
2547 1527 2702 1594 αὐτὸ,
2725 1529 2827 1581 οὐκ
2847 1529 2927 1591 εἰς
2947 1527 3241 1582 ἀντίπαλον
3256 1527 3516 1594 ἀνάγεται
3537 1527 3572 1579 ἁ
3581 1543 3640 1596 ρ-

2050 1620 2174 1690 χὴν,
2203 1618 2341 1671 ἀλλά
2374 1635 2437 1686 γε
2468 1617 2530 1671 τὸ
2575 1616 2949 1684 αὐτεξούσιον,
2985 1617 3122 1686 πρὸς
3146 1615 3182 1670 ἃ.
3209 1615 3265 1669 δὲ
3295 1616 3372 1685 μὴ
3407 1609 3517 1668 ἔδει
3542 1614 3665 1680 ῥοὴ

2054 1711 2162 1783 πὴν
2197 1709 2544 1782 προσλαϐεῖν,
2569 1709 2700 1765 αὐτὸ
2733 1708 2821 1764 διὰ
2842 1708 2943 1780 τῆς
2980 1707 3155 1778 ῥοπῆς
3185 1706 3286 1780 τὴν
3317 1705 3642 1778 ἀγαθοτητα

365 1797 584 1852 dederis
613 1813 833 1853 causam
853 1839 868 1864 ,
899 1798 1046 1868 quod
1078 1797 1169 1851 alii
1202 1797 1454 1852 homines
1485 1797 1596 1851 sint
1622 1795 1784 1861 boni,
1815 1795 1950 1850 alios

2057 1775 2379 1874 μεταϐάλλει
2403 1802 2483 1863 εἰς
2512 1775 2573 1856 τὸ
2601 1799 2860 1873 πονηρόν.
2901 1775 3055 1853 Tum.
3090 1775 3212 1850 τίνα
3233 1775 3300 1850 liv
3332 1796 3447 1868 ἔχοι
3476 1775 3642 1864 λόγον

365 1903 501 1943 vero
534 1889 590 1943 in
629 1891 833 1944 malum
880 1891 1282 1962 prospicientes
1324 1889 1538 1955 videas,
1572 1904 1682 1943 non
1722 1887 1905 1941 minus
1930 1927 1946 1952 ,

317 2046 336 2062 _
365 1981 513 2049 quod
537 1981 757 2050 quidem
789 1982 978 2047 nolim,
1016 1999 1178 2052 quam
1208 1982 1342 2037 vos?
1363 1980 1495 2048 Qua:
1524 1981 1669 2035 enim
1695 1979 1750 2033 in
1775 1978 1950 2033 actio-

365 2067 531 2126 nibus
572 2080 630 2127 et
674 2074 962 2128 sententiis
991 2073 1188 2128 vestris
1223 2082 1526 2142 spontanea
1578 2081 1663 2126 est
1707 2069 1948 2133 malitia,

364 2163 552 2216 eadem
583 2164 863 2232 separavit
893 2179 989 2218 vos
1016 2179 1048 2217 a
1079 2178 1239 2234 grege
1270 2163 1564 2226 bonorum,
1593 2161 1736 2216 sicut
1759 2168 1814 2213 et
1836 2160 1949 2229 jam

364 2262 492 2309 ante
522 2271 620 2311 vos
656 2272 688 2310 a
734 2256 877 2311 bona
912 2264 1227 2310 secreverat
1261 2255 1570 2309 intentione
1600 2261 1657 2307 et
1695 2251 1947 2306 consilio.

363 2345 661 2417 Propterea
719 2347 810 2402 alii
876 2347 1098 2418 quidem
1161 2355 1295 2402 sunt
1347 2361 1634 2418 praecones
1691 2343 1952 2400 bonitatis

362 2438 662 2502 Creatoris,
691 2454 964 2508 suumque
989 2448 1045 2493 et
1077 2447 1284 2493 norunt
1305 2437 1659 2494 etcelebrant
1683 2436 1952 2491 Condito-

363 2539 519 2594 rem;
553 2530 646 2584 alii
701 2544 830 2584 vero
864 2529 930 2583 ad
973 2543 1100 2583 eum
1134 2528 1582 2586 calumniandum
1624 2537 1680 2584 et
1712 2528 1871 2582 factis
1898 2535 1954 2581 et

362 2621 548 2691 lingua
598 2621 884 2685 conversi,
914 2635 973 2676 se
1009 2619 1160 2688 ipsos
1205 2619 1424 2687 quidem
1462 2618 1694 2673 bonitati
1741 2619 1861 2688 ejus
1899 2626 1956 2671 et

364 2713 631 2768 creationi
661 2720 718 2768 et
737 2712 980 2767 dominio
1008 2711 1360 2770 subtrahunt,
1384 2709 1650 2764 obnoxios
1677 2724 1824 2773 vero,
1845 2708 1914 2761 oh
1936 2710 1954 2762 l

367 2805 731 2860 stultitiamne
769 2805 981 2870 dicam,
1019 2811 1089 2860 an
1130 2801 1464 2858 dementiam
1495 2800 1519 2852 ?
1553 2800 1738 2853 manui
1769 2799 1956 2855 hostili

367 2904 423 2952 et
450 2897 638 2951 rebelli
674 2897 903 2952 faciunt.
936 2896 992 2952 Si
1023 2895 1148 2965 quis
1177 2894 1326 2948 enim
1356 2908 1469 2947 rem
1510 2900 1656 2946 recte
1686 2891 1958 2944 aestimare

366 2985 625 3052 voluerit,
646 2988 712 3053 is,
741 2989 834 3058 qui
861 3003 927 3042 ex
963 2986 1144 3041 anima
1177 2985 1319 3056 (eam
1357 2985 1503 3039 enim
1535 2999 1632 3038 eor
1668 2983 1758 3038 hic
1784 2982 1958 3054 signi-

367 3078 517 3146 ﬁcat)
546 3079 688 3134 bona
726 3078 1001 3148 profert",
1037 3078 1312 3148 quomodo
1362 3078 1542 3131 bonus
1576 3091 1698 3129 esse
1739 3082 1954 3145 potest,

367 3169 473 3224 nisi
500 3178 611 3224 tota
633 3170 939 3226 substantia
966 3169 1109 3224 bona
1129 3169 1344 3223 dicatur
1359 3169 1387 3221 τ
1407 3169 1547 3222 sicut
1577 3166 1817 3220 vicissim
1845 3174 1956 3218 tota

370 3261 678 3317 substantia
715 3261 859 3316 mala
901 3269 1018 3324 est,
1055 3275 1179 3330 quae
1217 3274 1284 3314 ex
1313 3258 1496 3313 anima
1537 3271 1634 3312 sua
1679 3257 1732 3311 id
1755 3295 1769 3319 ,
1812 3255 1960 3325 quod

370 3353 714 3409 reconditum
742 3363 864 3419 est,
892 3353 1096 3408 malum
1137 3351 1412 3422 producit.
1462 3347 1606 3403 Sane
1650 3364 1760 3403 non
1798 3347 1960 3402 video

368 3460 532 3515 quam
564 3445 668 3500 sibi
701 3445 916 3499 veniam
951 3445 1164 3514 reliqua
1201 3443 1441 3509 faciant,
1483 3443 1542 3497 hi
1573 3443 1827 3497 homines
1866 3441 1959 3512 qui

368 3535 504 3590 mihi
540 3535 758 3606 potius,
793 3531 923 3591 dum
958 3535 1258 3606 prophetas
1301 3544 1358 3589 et
1397 3534 1573 3603 legem
1616 3534 1816 3604 injuria
1845 3532 1962 3587 afﬁ-

370 3623 545 3693 ciunt,
585 3626 853 3697 ejusmodi
901 3625 1117 3695 culpam
1159 3623 1487 3680 contrahere
1521 3625 1797 3691 videntur,
1840 3637 1962 3693 qua:

372 3732 403 3771 α
461 3732 625 3787 poena
693 3716 954 3771 immunis
1008 3731 1129 3770 esse
1190 3730 1301 3770 non
1362 3716 1560 3785 possit.
1632 3714 1753 3784 Ipse
1813 3715 1960 3769 enim

372 3810 634 3867 Servator
678 3810 967 3868 clamavit:
1007 3810 1162 3863 Multi
1221 3809 1492 3879 prop/mw
1530 3816 1580 3861 et
1633 3808 1807 3875 justi,
1867 3808 1960 3863 ubi

370 3903 577 3956 clarum
621 3912 743 3967 est,
793 3901 898 3956 hos
941 3916 1063 3955 esse
1116 3915 1241 3964 eos,
1298 3899 1394 3968 qui
1436 3899 1540 3952 sub
1583 3899 1704 3967 lege
1762 3907 1960 3962 erant,

371 3993 743 4048 desiderarunt
789 3993 966 4046 videre
1009 4001 1060 4045 et
1101 3991 1480 4060 audire,-qua:
1538 3990 1726 4044 videtis
1770 3999 1821 4043 et
1862 4007 1963 4042 au-

370 4084 496 4137 ditis
511 4083 554 4137 ⁶.
571 4081 768 4138 Eadem
792 4097 956 4152 opera
973 4081 1260 4153 discipulis
1276 4083 1499 4153 quidem
1525 4081 1769 4137 ostendit
1793 4081 1964 4136 ratio-

371 4189 500 4229 nem
543 4175 820 4244 dignitatis
843 4182 898 4228 et
930 4173 1134 4244 gloriae,
1164 4173 1235 4228 ad
1253 4189 1416 4243 quam
1451 4164 1826 4244 pervenerint,
1862 4173 1962 4226 de—

372 4266 662 4321 fectionem
684 4281 814 4321 vero
841 4265 1110 4320 subvertit
1131 4266 1290 4331 ineo,
1317 4265 1464 4336 quod
1484 4267 1713 4336 gratiam
1740 4265 1961 4335 quidem

369 4358 600 4426 ejusque
639 4371 920 4427 pracones
976 4356 1220 4426 potiores
1264 4365 1469 4426 partes,
1536 4356 1807 4412 secundas
1832 4371 1964 4411 vero

2053 1892 2234 1958 ἄλλον,
2268 1891 2397 1954 τοὺς
2433 1890 2534 1962 μὲν
2556 1889 2664 1944 τῶν
2692 1889 2999 1960 ἀνθρώπων
3040 1883 3181 1942 εἶναι
3213 1888 3475 1958 ἀγαθοὺς,
3506 1889 3644 1953 τοὺς

2052 1984 2108 2037 δὲ
2135 1983 2376 2054 καθορᾷν
2404 1981 2726 2046 νενευκότας
2773 1984 2854 2044 εις
2879 1981 2939 2036 τὸ
2974 1980 3238 2052 πονηρὸν,
3267 1980 3482 2051 ὥσπερ,
3519 1980 3644 2033 εἴθε

2051 2074 2108 2126 δὲ
2149 2071 2224 2143 μὴ
2254 2071 2489 2140 ὤφειλε,
2525 2071 2620 2126 καὶ
2657 2072 2825 2143 ὑμᾶς.
2871 2073 2942 2124 Ἦ
2971 2070 3080 2142 γὰρ
3119 2073 3179 2124 ὲν
3234 2073 3356 2136 cui;
3400 2071 3644 2142 πράξεσι

2052 2165 2148 2218 καὶ
2175 2164 2443 2234 δόγμασιν
2469 2163 2627 2234 ὑμῶν
2673 2161 2782 2218 ἀπὸ
2810 2161 3037 2234 γνώμης
3064 2161 3326 2231 πονηρία,
3353 2160 3640 2230 διέσχισεν

2053 2257 2196 2327 ὑμᾶς
2229 2257 2331 2326 τῆς
2365 2255 2570 2326 ἀγέλης
2617 2254 2728 2308 τῶν
2766 2253 3015 2322 ἀγαθῶν,
3055 2253 3496 2324 προδιασχίσασα
3535 2253 3642 2323 τῆς

2053 2347 2432 2419 προαιρέσεως
2451 2347 2553 2418 τῆς
2586 2347 2959 2415 άγαθοειδοῦς.
3003 2346 3096 2399 Διδ
3126 2346 3222 2401 καὶ
3249 2349 3297 2400 ot
3334 2346 3435 2417 μὲν
3468 2347 3646 2416 κήρυ-

2055 2439 2150 2500 κές
2191 2440 2297 2492 είσι
2340 2438 2439 2508 τῆς
2487 2437 2831 2508 άγαθὸτητος
2872 2437 2966 2492 τοῦ
3003 2436 3350 2508 Δημιουργοῦ
3377 2455 3392 2468 ο
3430 2437 3648 2490 καὶτὸν

2057 2529 2270 2584 ἑαυτῶν
2298 2530 2621 2582 ἐπίστανται
2679 2528 2774 2583 καὶ
2828 2528 3150 2593 δοξάζουσιν
3196 2528 3463 2599 πλάστην,
3506 2529 3556 2581 oi
3584 2527 3646 2580 ἃ

2058 2617 2194 2688 πρὸς
2215 2617 2470 2688 διαϐολὴν
2517 2614 2686 2670 αὐτοῦ
2718 2617 2813 2669 καὶ
2841 2619 2958 2679 τοῖς
3003 2617 3406 2688 ἐπιτηδεύμασι
3435 2616 3531 2670 καὶ
3568 2618 3644 2686 τῇ

2057 2706 2275 2780 γλώττῃ
2307 2707 2721 2779 κατασύραντες
2753 2709 3006 2774 ὲξιστῶσι
3050 2708 3151 2779 μὲν
3181 2708 3348 2762 αὐτοῦ
3369 2709 3471 2778 τῆς
3502 2711 3646 2776 ἀγα-

2059 2799 2304 2872 θότητος,
2333 2800 2430 2852 καὶ
2464 2800 2713 2865 πλάσεως
2755 2802 2846 2854 καὶ
2878 2802 3200 2873 κυριότητος
3254 2802 3503 2866 ἑαυτοὺς,
3539 2801 3648 2872 ύπ-

2057 2892 2337 2959 εξουσίους
2358 2891 2436 2957 δὲ,
2465 2892 2511 2944 ὦ
2541 2892 2660 2955 πῶς
2688 2892 2754 2946 ἂν
2784 2894 2926 2947 εἴποι
2947 2911 3031 2958 τις
3063 2895 3163 2966 τῆς
3201 2894 3557 2965 ἀναλγησίας,
3611 2895 3651 2966 ἢ

2059 2988 2159 3057 τῆς
2189 2983 2526 3056 ὲμπληξίαςῐ
2588 2986 3073 3058 παρασκευάζουσι
3138 2988 3277 3054 σφᾶς
3322 2987 3520 3048 αὐτοὺς
3543 2987 3651 3057 τῆς

2061 3077 2360 3130 ἀντιπάλου
2402 3078 2500 3130 καὶ
2549 3077 2818 3147 πολεμίας
2881 3077 3086 3148 χειρός.
3139 3077 3295 3130 Ἐπεὶ
3345 3077 3400 3130 εἴ
3443 3095 3529 3139 τις
3583 3094 3653 3142 γε

2063 3169 2308 3240 βούλοιτο
2344 3169 2610 3235 συνιέναι,
2635 3171 2662 3222 6
2702 3169 2769 3222 ὲκ
2792 3169 2973 3240 ψυχῆς
3019 3169 3312 3241 προφέρων
3341 3170 3408 3222 τὰ
3442 3167 3653 3237 ἀγαθὰ,

2059 3260 2220 3314 τοῦτο
2267 3260 2378 3330 γάρ
2411 3261 2506 3314 νῦν
2545 3261 2580 3332 ὴ
2623 3261 2822 3331 καρδία
2876 3260 3050 3331 δηλοῖ,
3099 3260 3217 3324 πῶς
3241 3262 3306 3315 ἂν
3343 3260 3379 3329 ἢ
3419 3260 3501 3324 τίς
3557 3262 3653 3332 εἴη

2059 3354 2287 3423 ἀγαθὸς,
2323 3355 2370 3407 εί
2417 3353 2494 3426 μὴ
2547 3354 2668 3408 ὅλον
2719 3354 2938 3422 λέγοιτο
2959 3355 3024 3407 τὸ
3068 3354 3353 3426 σύγκριμα
3402 3353 3657 3422 ἀγαθόν;

2061 3445 2253 3516 ὥσπερ
2272 3446 2434 3500 πάλιν
2462 3446 2586 3500 ὅλον
2610 3447 2848 3518 πονηρὸν
2869 3448 3047 3502 ἐκεῖνο
3093 3446 3156 3500 τὸ
3183 3445 3486 3518 σύγκριμα,
3519 3447 3548 3498 6
3579 3448 3655 3499 ὲκ,

2060 3538 2162 3608 τῆς
2188 3539 2327 3602 ίδίας
2355 3527 2536 3609 ψυχῆς
2563 3540 2628 3594 τὸ
2653 3539 3161 3612 τεθησαυρισμένον
3184 3540 3450 3612 προφέρει
3481 3556 3653 3610 πονη-

2065 3632 2180 3702 ρόν.
2219 3633 2334 3704 Ούχ
2366 3631 2479 3706 6ρῶ
2517 3629 2574 3686 δὲ
2623 3632 2749 3686 τίνα
2803 3630 3140 3704 συγγνώμην
3193 3632 3378 3696 αὐτοῖς
3432 3631 3653 3683 ὑπολεί-

2063 3740 2283 3790 πονται,
2333 3723 2538 3794 μᾶλλον
2567 3725 2623 3777 δὲ
2657 3723 2775 3788 πῶς
2817 3723 3203 3794 ἀπαραίτητον
3235 3723 3440 3786 αὐτοῖς,
3476 3721 3544 3774 δι’
3570 3716 3656 3775 ὧν

2062 3816 2189 3879 τοὺς
2260 3817 2548 3885 προφήτας
2603 3815 2700 3869 καὶ
2754 3815 2846 3869 τὸν
2899 3814 3065 3884 νόμον
3120 3813 3518 3884 ἐνυϐρίζουσιν,
3586 3815 3656 3866 οὐ

2063 3905 2534 3970 κατασκευάζουσι
2578 3906 2638 3958 τὸ
2695 3905 3096 3977 πλημμέλημα.
3145 3905 3323 3970 Αὐτὸς
3377 3905 3488 3975 γὰρ
3517 3906 3657 3958 ἀνα-ο

2063 3997 2336 4068 κέκραγεν
2368 3997 2398 4050 6
2427 3997 2619 4068 Σωτήρ
2644 4013 2660 4028 ·
2691 3997 2919 4051 Πολλοί
2950 3996 3254 4067 προφῆται
3284 3997 3388 4051 καὶ
3407 3998 3654 4051 δίκαιον

2062 4087 2220 4157 δῆλον
2246 4087 2302 4141 δὲ
2327 4088 2424 4152 ὡς,
2460 4091 2526 4142 Οἱ
2558 4089 2630 4142 ἐν
2659 4087 2739 4154 τῷ
2787 4091 2951 4160 νόμῳ
2985 4091 3342 4159 ,ἐπεθύμουν
3365 4089 3515 4144 ἰδεῖν
3548 4091 3655 4156 καὶ

2063 4178 2349 4245 ἀκοῦσαι,
2384 4178 2706 4244 ἅβλέπετε
2748 4180 2850 4236 καὶ
2882 4181 3157 4246 ἀκούετε,
3208 4185 3322 4246 τοῖς
3377 4182 3657 4254 μαθηταῖς

2066 4269 2185 4341 ἃμα
2234 4287 2295 4324 τε
2358 4271 2450 4324 τὸν
2487 4271 2647 4339 λόγον
2683 4272 2986 4342 προτείνων
3043 4275 3138 4328 καὶ
3173 4273 3266 4328 τοῦ
3313 4274 3656 4346 ἀξιώματος,

2065 4360 2161 4413 καὶ
2193 4360 2294 4431 τῆς
2339 4361 2498 4432 δόξης
2542 4364 2622 4428 είς
2657 4362 2781 4416 ὅσον
2829 4365 3080 4436 ἥκουσιν,
3141 4366 3484 4429 ἐπιδεικνύς·
3532 4367 3658 4436 ἅμα

370 4448 692 4520 prophetas,
721 4456 779 4503 et
829 4462 947 4514 eos,
997 4449 1090 4518 qui
1126 4449 1230 4503 sub
1265 4449 1384 4518 lege
1414 4449 1680 4514 vixerint,
1739 4463 1955 4504 necnon

2063 4449 2121 4503 δὲ
2153 4451 2253 4522 τὴν
2307 4451 2651 4506 ἀποστασίαν
2702 4454 3124 4525 καταστρέφων,
3155 4455 3213 4507 ὲν
3257 4449 3302 4524 ᾧ
3342 4455 3442 4526 τὴν
3487 4456 3657 4527 χάριν

370 4540 620 4597 veritatis
651 4528 1027 4611 bonitatisque
1067 4540 1369 4608 studiosos,
1398 4540 1652 4596 obtinere
1701 4549 1958 4596 testatur.

369 4632 657 4699 Quomodo
687 4646 818 4688 vero
839 4631 1146 4687 Servatoris
1196 4629 1428 4700 ejusque
1469 4629 1788 4702 dogmatum
1814 4646 1963 4685 ama-

370 4731 522 4778 tores
546 4722 692 4780 servi
722 4723 1052 4780 adversariae
1101 4719 1275 4792 partis
1323 4735 1447 4776 esse
1486 4721 1768 4792 possunt?
1820 4737 1961 4791 quo-

369 4814 540 4870 modo
573 4814 741 4880 iidem
791 4814 1154 4887 inspiratione
1189 4827 1221 4868 a
1268 4811 1412 4869 malo
1472 4813 1748 4883 principio
1801 4813 1962 4883 potiti

371 4914 523 4972 sunt,
555 4922 680 4960 cum
711 4923 809 4977 per
829 4916 1080 4962 naturam
1106 4904 1224 4961 fieri
1254 4912 1516 4975 nequeat,
1546 4904 1768 4960 eosdem
1800 4904 1965 4959 simul

371 5008 430 5052 et
459 4997 682 5052 malitiae
730 4998 1036 5069 indulgere,
1076 5014 1150 5054 ne
1185 4997 1387 5065 dicam,
1441 4997 1510 5051 ab
1555 5011 1621 5051 ea
1670 4994 1965 5054 fabricatos

372 5103 521 5151 esse,
552 5096 610 5142 et
643 5087 918 5143 desiderio
945 5088 1205 5144 tamenin
1240 5089 1444 5144 bonum
1481 5086 1651 5142 ferri?
1677 5087 1790 5142 Hoc
1816 5087 1961 5141 enim

369 5180 512 5236 nihil
543 5180 691 5235 aliud
720 5189 830 5248 est,
857 5196 1022 5253 quam
1056 5182 1281 5236 verbum
1332 5180 1548 5237 Domini
1594 5181 1650 5235 in
1689 5179 1965 5236 contraria

373 5269 559 5352 omnia
586 5277 826 5344 vertere.
881 5267 1018 5323 lllud
1069 5269 1217 5324 enim
1257 5269 1472 5326 Bonum
1505 5285 1574 5326 ex
1605 5269 1748 5326 malo
1799 5269 1965 5326 corde

441 5393 463 5426 "
494 5394 611 5448 Luc
640 5409 715 5458 γι,
738 5390 828 5446 45.
904 5391 926 5423 ⁸
954 5389 1146 5446 Matii.
1173 5405 1292 5458 xm,
1325 5392 1376 5446 7.

2063 4540 2162 4614 μὲν
2199 4541 2296 4595 καὶ
2328 4543 2450 4605 τοὺς
2483 4542 2691 4612 ταύτης
2728 4546 2980 4616 κήρυκας
3029 4546 3090 4599 τὸ
3145 4545 3331 4614 μεῖζον
3382 4546 3548 4616 ἔχειν,
3586 4549 3654 4598 οὐ

2063 4635 2173 4707 μήν
2195 4652 2259 4705 γε
2293 4634 2432 4690 ἀλλὰ
2465 4636 2561 4690 καὶ
2602 4638 2729 4701 τοὺς
2771 4641 3058 4709 προφήτας
3103 4643 3198 4692 καὶ
3229 4641 3356 4702 τοὺς
3381 4641 3523 4694 κατὰ
3567 4641 3658 4693 νό-

2062 4744 2164 4799 μον
2193 4727 2711 4797 πολιτευσαμένους,
2741 4730 2981 4800 ἐραστάς
3004 4747 3064 4782 τε
3125 4729 3226 4800 τῆς
3255 4729 3518 4800 ἀληθείας
3553 4732 3656 4802 καί.

2060 4819 2163 4890 τῆς
2190 4818 2358 4872 αὐτοῦ
2389 4819 2920 4892 προσεμαρτύρησεν
2951 4821 3312 4892 ἀγαθότητος.
3347 4824 3412 4876 Ol
3456 4822 3514 4876 δὲ
3550 4824 3654 4880 τοῦ

2062 4911 2316 4982 Σωτῆρος
2353 4910 2452 4966 καὶ
2479 4912 2592 4966 τῶν
2621 4913 2786 4968 αὑτοῦ
2833 4915 3130 4985 δογμάτων
3170 4916 3400 4986 ἐρασταὶ
3429 4916 3547 4980 πῶς
3579 4899 3657 4973 ἂν

2062 5001 2253 5072 εἴησαν
2279 5004 2581 5059 ἀντιπάλου
2634 5007 2829 5078 μοίρας
2878 5007 3250 5078 θεραπευταίς
3304 5007 3424 5070 πῶς
3449 5007 3507 5060 δὲ
3549 5007 3656 5080 τὴν

2061 5094 2351 5151 ἐπίπνοιαν
2403 5100 2469 5150 ὲκ
2515 5101 2762 5171 πονηρᾶς
2807 5095 2989 5155 εἷλκον
3023 5100 3346 5171 ὲνεργείας;
3393 5103 3470 5171 μὴ
3505 5118 3654 5169 συμ-

2061 5183 2339 5252 ϐαίνοντος
2364 5187 2502 5252 ὅλως
2545 5191 2614 5260 τῇ
2647 5187 2807 5258 φύσει
2839 5191 2958 5262 ἅμα
2986 5208 3047 5245 τε
3085 5193 3215 5256 τοὺς
3247 5193 3445 5255 αὐτοὺς
3476 5209 3656 5262 πονη-

2060 5276 2157 5348 ρία
2183 5278 2478 5349 τελεῖσθαι,
2515 5282 2604 5336 ἵνα
2629 5283 2707 5354 μὴ
2738 5283 2883 5354 λέγω
2934 5285 3518 5358 συ-γκατεακευάσθαι,
3551 5284 3654 5338 καὶ

1454 5547 1691 5609 VARLE
1722 5549 2112 5610 LECTIONES
2150 5549 2240 5608 ET
2277 5549 2510 5610 NOTAE.

445 5666 555 5748 (l0)
597 5669 780 5726 Κατὰ.
806 5665 992 5748 Malim
1021 5665 1206 5748 tegere
1235 5667 1376 5739 μετὰ
1403 5675 1664 5741 tanquam
1691 5667 1864 5741 magis
1891 5669 1955 5727 hu

2056 5674 2532 5733 recommodatum.
2564 5671 2756 5747 Neque
2795 5688 2926 5734 raro
2982 5672 3399 5748 praepositiones
3423 5671 3566 5730 κατά
3597 5679 3661 5731 et

374 5752 512 5806 μετα
541 5738 600 5794 in
636 5754 768 5798 mss.
801 5736 1228 5798 confunduntur.
