3886 6424
188 353 269 418 121

1178 348 1476 410 CONTRA
1513 350 1973 414 MANICH/EOS
2001 348 2251 416 LIBER.
2270 356 2368 418 IV.

3304 362 3413 426 222

244 468 332 522 18'.
372 463 527 535 Ἐμοὶ
588 460 687 531 μὲν
717 453 813 514 οὖν
848 456 1025 511 ταῦτα
1076 458 1433 531 λογιζομένῳ,
1475 461 1569 513 καὶ
1604 462 1728 515 ὅσον

1902 464 2046 518 XIX.
2077 466 2207 521 Mihi
2238 482 2371 522 vero
2401 467 2518 522 hate
2546 467 2620 521 ita
2642 469 3073 539 argumentanti,
3117 482 3194 537 et,
3234 489 3413 543 quan-

190 562 347 631 ίσχυσε
372 555 510 608 κατά
536 551 622 605 τοῦ
653 550 844 618 γένους
876 549 906 601 ὁ
932 548 1149 620 ἐχθρὸς,
1201 550 1281 612 εἰς
1310 550 1428 603 οἵαν
1467 566 1526 602 τε
1583 568 1721 603 κατ-

187 649 359 721 ηνέχθη
386 646 590 699 πτῶσιν
614 646 642 696 ὁ
666 642 761 695 ἄνθ
769 658 974 713 ρωπος,
992 642 1088 694 καὶ
1116 641 1253 714 πρὸς
1278 642 1409 713 ὅσην
1430 642 1725 713 ἀλλοτρίω-

1834 563 1945 609 tum
1978 558 2153 613 hostis
2178 568 2371 613 contra
2403 560 2653 616 homines
2686 562 2940 627 valuerit,
2966 562 3021 616 in
3040 574 3411 637 quantamque

1830 647 2125 715 perniciem
2155 650 2467 718 praecipites
2506 649 2583 703 illi
2617 652 2723 704 acti
2748 652 2886 718 sint,
2911 668 3077 723 quam
3103 654 3235 708 item
3283 672 3413 725 pro-

190 760 259 796 σιν
303 742 333 810 η
369 738 527 807 φύσις
551 734 832 806 ἀπηνέχθη
861 732 958 787 τοῦ
1010 733 1344 796 πλάσαντος,
1392 732 1730 804 άνθελομένη

1853 738 1919 792 :ul
1952 748 2148 794 natura
2183 756 2213 795 a
2244 738 2539 795 Conditore
2566 757 2759 797 aversa
2792 744 2884 809 sit,
2910 753 3197 815 postquam
3224 748 3412 800 adver-

188 835 265 889 τοῦ
288 832 512 886 κτίστου
544 829 635 882 τὸν
682 827 944 898 πολέμιον
985 824 1393 895 ἐπιγράφεσθαι
1429 825 1730 895 δεσπότηνο

1853 829 2037 883 ίδῑίιιω
2081 830 2201 885 loco
2252 830 2567 887 Conditoris
2612 842 2673 886 ut
2699 834 2983 889 dominum
3025 851 3186 890 suum
3231 838 3412 908 elegit,

189 923 552 993 ἀναστρέφεται
589 920 691 990 μὲν
728 919 796 972 τὰ
839 918 1016 985 ἐντὸς,
1061 917 1408 988 ταράσσεται
1439 918 1551 988 (14)
1575 917 1633 971 δὲ
1663 918 1735 972 τὰ

1853 922 2150 990 exponenti,
2193 923 2451 978 interiora
2488 924 2873 992 invertuntur,
2904 927 3231 998 visceraque
3258 946 3415 984 com-

191 1016 463 1084 crlt'tuva,
496 1013 591 1065 καὶ
625 1011 931 1083 προπίπτει
983 1010 1219 1081 δάκρυα,
1279 1010 1377 1063 καὶ
1404 1010 1534 1073 τοὺς
1578 1008 1733 1077 ἐλέγ-

1853 1024 2142 1078 noventur,
2179 1015 2431 1087 lacrymat
2471 1032 2537 1072 ex
2577 1019 2753 1073 oculis
2784 1019 3026 1085 cadunt,
3067 1030 3122 1075 et
3175 1024 3415 1091 querelae

190 1125 294 1181 χως
320 1106 367 1158 oi.
412 1104 600 1177 θρῆνοι
632 1103 1029 1174 παρέρχονται.
1086 1101 1252 1156 Ἀλλά
1284 1101 1367 1165 τίς
1423 1101 1490 1154 ἂν
1536 1099 1735 1172 θρῆνος

1853 1113 2151 1175 trgumenta
2193 1118 2475 1176 superam.
2510 1107 2617 1162 Sed
2661 1125 2785 1178 quae
2826 1110 3043 1165 tandem
3095 1113 3417 1168 lamentatio

192 1198 443 1270 ἐξαρκέσει
482 1197 565 1267 τῷ
615 1195 816 1261 πάθει;
883 1193 1054 1266 Οἶμαι
1101 1194 1212 1265 γὰρ
1284 1194 1383 1247 καὶ
1442 1193 1603 1248 αὐτὸν
1644 1192 1736 1246 τὸν

1853 1197 2092 1252 tﬂ'ectum
2144 1200 2281 1254 satis
2324 1202 2639 1270 exprimat?
2670 1202 2854 1272 Ipsum
2898 1203 3045 1257 enim
3082 1203 3371 1260 Jeremiam
3399 1248 3413 1270 ,

199 1290 460 1360 Ἰερεμίαν,
482 1287 740 1358 θρήνους,
766 1287 820 1339 εί
838 1305 923 1349 τις
951 1286 1131 1351 ἄλλος,
1160 1285 1339 1338 εἰδότα
1364 1284 1739 1355 συμπαρατεί-

1853 1287 1927 1357 ιιιί
1949 1298 2117 1353 certe,
2150 1290 2194 1344 si
2218 1290 2341 1359 quis
2369 1290 2531 1356 alius,
2570 1293 2796 1348 tltrenos
2825 1293 3043 1347 delictis
3083 1310 3243 1365 pares
3282 1311 3416 1349 con-

176 1401 282 1436 ,νειν
304 1379 728 1450 παραπτώμασι,
762 1378 824 1432 τὸ
854 1377 1077 1432 ἔλαττον
1094 1378 1333 1430 ἐνταῦθα
1357 1376 1615 1439 λαϐόντα,
1641 1376 1738 1429 καὶ

1853 1378 2062 1433 :innare
2093 1380 2280 1447 valuit,
2308 1381 2395 1437 hic
2429 1382 2748 1439 inferiorem
2774 1384 2915 1450 fore,
2947 1393 3002 1439 et
3023 1385 3172 1439 omni
3199 1387 3421 1441 commi-

189 1474 268 1545 τὴν
286 1471 616 1542 συμπάθειαν
638 1469 689 1523 ὅ)
701 1488 767 1540 ην
792 1469 1111 1523 κενώσαντα
1134 1468 1414 1523 ἀπελθεῖν.
1466 1467 1738 1539 Τηλικοῦ-

1853 1468 2113 1522 seratione
2143 1470 2365 1538 profusa
2405 1474 2688 1543 negotium
2733 1475 3055 1530 relicturum
3085 1492 3206 1531 esse
3236 1478 3418 1532 credi-

190 1582 264 1619 τον
292 1564 573 1634 πρόκειται
627 1562 857 1632 πτῶμα,
909 1562 1005 1616 καὶ
1048 1561 1349 1632 τηλικαύτη
1394 1561 1630 1631 κατέσχε
1679 1560 1742 1613 τὸ

1853 1558 2036 1613 derim.
2069 1559 2202 1613 Tam
2230 1560 2410 1630 gravis
2438 1562 2510 1616 ob
2545 1564 2735 1618 oculos
2760 1565 2921 1619 nobis
2938 1576 3191 1621 versatur
3211 1568 3418 1636 lapsus.

189 1656 494 1728 ἀνθρώπινον
517 1655 730 1724 πληγή.
768 1656 912 1724 Ὅρα
943 1653 1076 1723 γὰρ,
1109 1652 1284 1723 οίμοι,
1336 1650 1429 1704 νῦν
1463 1652 1562 1721 μὲν
1592 1654 1742 1715 ὅπως

1853 1656 1897 1702 et
1942 1658 2152 1704 tantum
2191 1666 2365 1722 genus
2408 1653 2709 1707 humanum
2759 1655 2959 1710 vulnus
3019 1659 3249 1727 accepit.
3288 1656 3421 1712 Vide

192 1747 485 1816 συνηγόρους
513 1746 749 1809 ἑαυτοὺς
782 1744 1224 1815 προχειρίζονται
1266 1744 1362 1797 τοῦ
1388 1743 1608 1814 ἐχθροῦ,
1643 1743 1740 1797 νῦν

1853 1741 1987 1795 enim
2017 1743 2292 1811 quomodo
2326 1759 2471 1801 nunc
2497 1746 2739 1814 quidem,
2772 1748 2910 1817 proli
2943 1748 3135 1803 dolor!
3168 1765 3227 1804 se
3253 1750 3424 1804 hostis

189 1839 306 1891 δὲού
331 1838 661 1909 συνηγόρους
697 1837 858 1907 μόνον
889 1837 1024 1890 ἀλλά
1071 1837 1167 1890 καὶ
1218 1839 1284 1908 τῇ
1319 1836 1490 1907 κακίᾳ
1567 1837 1736 1908 ὑπερ·

1853 1832 2193 1888 administros
2243 1834 2474 1901 sistant,
2523 1853 2673 1892 nunc
2703 1854 2835 1893 vero
2896 1855 3007 1894 non
3069 1842 3423 1896 administros

194 1932 384 2000 ἔχοντας
428 1930 525 1983 καὶ
565 1928 1110 2000 παρευδοκιμῶντας
1147 1929 1240 1981 τὸν
1286 1929 1602 2000 ἀρχέκακον
1645 1930 1742 1983 καὶ

1853 1921 2028 1985 modo,
2050 1922 2147 1976 sed
2173 1930 2229 1975 et
2260 1932 2319 1977 ut
2355 1924 2491 1978 tales
2517 1964 2531 1989 ,
2571 1926 2666 1995 qui
2708 1927 2913 1981 malitia
2944 1944 3009 1982 ac
3041 1929 3196 1984 factis
3229 1931 3423 1999 hujus-

192 2022 468 2091 ύποσπορέα
510 2024 630 2084 τοῖς
667 2020 949 2084 τοιούτσις.
1004 2022 1112 2073 Καὶ
1152 2020 1588 2091 παρελαύνοντες
1630 2012 1747 2084 τοῖς

1853 2013 2184 2083 modiipsum
2212 2016 2282 2070 ab
2302 2016 2513 2087 origine
2546 2019 2750 2075 malum
2792 2029 2847 2073 et
2881 2020 3007 2073 mali
3055 2028 3293 2073 satorem
3330 2035 3426 2074 su-

194 2114 378 2176 ἀτόποις
389 2113 476 2165 τὸν
493 2111 825 2183 εἰσηγητὴν,
848 2112 1103 2183 αἴσθησιν
1122 2113 1225 2165 ούκ
1259 2111 1505 2166 ἐθέλουσι
1533 2112 1740 2168 λαϐεῖν.

1853 2119 2038 2176 perant
2066 2123 2128 2162 ac
2153 2109 2407 2170 vincunt,
2441 2118 2498 2164 et
2525 2125 2595 2164 ne
2627 2110 2707 2165 sic
2735 2111 2956 2178 quidem
2979 2111 3227 2181 quamvis
3256 2110 3428 2181 magi-

193 2204 281 2256 Τοῦ
308 2205 405 2273 γὰρ
436 2204 697 2273 Σωτῆρος
728 2204 885 2273 ἡμῶν
916 2204 1020 2274 ήδη
1052 2203 1154 2273 τὴν
1181 2202 1349 2256 αὑτοῦ
1370 2202 1601 2275 θεότητα
1643 2205 1739 2256 καὶ

1853 2206 2021 2253 Bll'llm
2064 2200 2354 2255 insolentia
2396 2217 2494 2256 sua
2539 2203 3046 2272 prreterveltantur,
3082 2202 3208 2254 mali
3259 2217 3427 2256 sensu

196 2298 320 2366 ἰσχὺν
341 2294 800 2364 παραδεικνύντος
823 2298 937 2358 τοῖς
969 2295 1265 2366 θαύμασιν,
1290 2296 1413 2349 ἐπεὶ
1435 2296 1545 2348 τῶν
1566 2293 1743 2348 ἄλλων

1853 2291 2179 2346 aﬂiciuntur.
2203 2292 2339 2347 Cum
2378 2293 2524 2347 enim
2568 2294 2825 2348 Servator
2861 2303 3047 2359 noster
3087 2293 3426 2347 divinitatem

194 2387 480 2457 νοσημάτων
520 2386 889 2441 ἀπαλλάττων
921 2386 983 2439 τὸ
1020 2389 1221 2439 οἰκεῖον
1249 2385 1495 2456 πλάσμα,
1522 2385 1643 2437 οὐδὲ
1683 2384 1745 2437 τὸ

1853 2399 2000 2438 suam
2025 2393 2079 2438 et
2109 2385 2407 2453 potentiam
2440 2386 2721 2440 miraculis
2748 2386 2861 2455 jam
2897 2385 3247 2448 declarasset,
3280 2383 3427 2436 idem

193 2477 280 2530 τῶν
324 2477 595 2547 δαιμόνων
654 2476 841 2544 στῖφος
881 2475 969 2528 εία
1026 2474 1348 2545 διενοχλεῖν,
1397 2473 1538 2527 ἀλλὰ
1600 2472 1741 2542 μετά

1853 2490 1959 2528 non
1991 2474 2168 2529 solum
2200 2475 2319 2530 aliis
2356 2476 2565 2531 morbis
2591 2485 2900 2531 creaturam
2934 2490 3088 2529 suam
3135 2473 3387 2528 liberavit
3410 2513 3427 2537 ,

198 2569 366 2638 πολλῆς
397 2571 497 2636 της
535 2568 835 2630 αύθεντίας
880 2566 1215 2636 ἀπήλαυνεν,
1267 2567 1369 2619 οὐκ
1419 2565 1742 2636 ἐτόλμησεν,

1853 2564 1945 2619 sed
1981 2579 2083 2618 nec
2112 2565 2392 2630 permisit,
2441 2573 2501 2618 ut
2544 2565 2736 2619 eadem
2781 2580 2810 2617 a
2858 2564 3166 2619 daemonum
3209 2570 3427 2615 caterva

196 2662 307 2731 ὅπερ
334 2661 621 2731 πρότερον,
646 2658 1115 2723 ἁλαζονεύσασθαι
1144 2660 1172 2711 ὁ
1200 2656 1413 2727 ἐχθρὸς,
1438 2655 1534 2710 καὶ
1551 2655 1744 2709 ἑαυτοῦ

194 2748 329 2816 είναι,
365 2752 423 2815 ἐξ
472 2744 537 2805 οὗ
591 2750 874 2814 ἐδιώκετο,
928 2752 1224 2804 ἀντειπεῖν.
1267 2734 1409 2803 ’Ᾱλλ’
1466 2750 1584 2819 ἆμα
1614 2766 1675 2802 τε
1716 2751 1757 2805 ό.

197 2846 406 2916 Κτίστης
445 2844 818 2914 εύσπλάγχνῳ
887 2843 967 2913 τῷ
1034 2843 1296 2913 κτίσματι
1374 2826 1756 2913 προσέϐλεψεν

194 2936 393 3005 ὄμματι,
431 2937 525 2988 καὶ
569 2933 832 3003 όλεγεὼν
881 2933 1237 3004 ἐδραπέτευε,
1268 2934 1363 2986 καὶ
1410 2933 1513 2986 οὐκ
1555 2931 1614 2997 ἐξ
1661 2925 1745 2985 ὧν

194 3026 360 3095 φεύγει
385 3026 547 3097 μόνον
605 3025 702 3080 τοῦ
753 3025 1039 3096 ἀλλοτρίου
1077 3026 1392 3090 διώκεσθαι,
1434 3028 1534 3081 καὶ
1597 3026 1748 3081 ἄκων

194 3122 832 3192 ἔργοιςὲπιμαρτύρεται,
889 3122 1004 3175 ἀλλ’
1053 3124 1135 3175 ὅτι
1192 3123 1332 3192 μηδὲ
1382 3122 1494 3175 τῶν
1546 3121 1749 3193 χοίρων
1774 3162 1818 3224 C

195 3216 330 3283 φύσις
365 3215 466 3269 ὑπὸ
496 3215 602 3286 τὴν
632 3216 879 3284 πονηράν
903 3214 1021 3268 ἐστι
1050 3214 1250 3269 πλάσιν
1278 3216 1376 3268 καὶ
1403 3215 1580 3287 ἀρχὴν
1610 3216 1750 3286 λαμ-

196 3309 429 3377 πρότερον
456 3308 810 3375 ἀνομολογεῖ.
845 3306 1071 3359 Ᾱίτοῦσι
1101 3307 1210 3375 γὰρ
1241 3307 1292 3360 οί
1331 3306 1430 3376 τῆς
1480 3306 1752 3377 πονηρίας

193 3398 271 3454 τὸν
298 3401 464 3455 κοινὸν
495 3400 746 3470 κτίστην
797 3398 896 3452 καὶ
955 3399 1300 3470 Δημιουργδν
1350 3398 1537 3452 ἄδειαν
1567 3399 1749 3460 αὐτοῖς

195 3494 489 3562 παρασχεῖν,
543 3490 652 3545 κᾶν
686 3488 822 3559 γοῦν
882 3491 942 3542 ὲν
994 3490 1228 3552 ἐκείνοις
1258 3489 1545 3544 εἰσελθεῖν.
1592 3489 1654 3542 ⁸0
1692 3488 1750 3541 δὲ

196 3580 285 3650 ἀρα
309 3582 479 3635 πάντα
510 3583 576 3633 ὲν
614 3580 781 3651 σοφίᾳ
807 3579 1001 3640 ποιῶν,
1042 3579 1144 3632 οὐκ
1174 3579 1425 3642 ἐκείνοις,
1457 3578 1532 3641 ὼς
1583 3577 1749 3642 ἔοικε,

196 3674 545 3745 χαριζόμενος,
578 3672 694 3726 ἀλλ’
735 3673 806 3742 ἥν
849 3670 987 3725 κατά
1030 3670 1141 3724 τῶν
1188 3670 1494 3742 ἀνθρώπων
1551 3669 1754 3739 ἔχθραν

198 3764 353 3834 Ξχουσι
411 3768 508 3820 καὶ
570 3766 889 3836 μιαιφονίαν
960 3762 1303 3829 ἐνδείξασθαι
1378 3762 1753 3833 παραχωρῶν,

196 3858 311 3911 ἀλλά
342 3859 446 3928 μὴν
479 3860 583 3913 καὶ
615 3858 718 3928 τῆς
758 3858 963 3911 ἀτόπου
1025 3858 1236 3926 ταύτης
1277 3855 1461 3919 νόσου,
1491 3852 1603 3907 οἶόν
1632 3872 1756 3909 τινα

198 3947 465 4019 θεραπείαν
552 3948 1215 4019 προκατασκευαζόμενος
1286 3946 1387 4017 τήν
1419 3963 1479 3998 τε
1537 3945 1757 4015 αἴτησιν

197 4042 353 4096 αὐτῶν
375 4042 563 4113 ἀφῆκε
601 4040 907 4111 προελθεῖν,
944 4040 1039 4093 καὶ
1079 4039 1176 4109 τὴν
1207 4038 1388 4091 αὐτῶν
1439 4037 1618 4108 ὁρμὴν
1659 4037 1758 4090 καὶ

200 4131 406 4202 γνώμην
454 4133 538 4195 εἰς
588 4132 856 4201 θρίαμϐον
912 4130 1171 4196 ἐξελθεῖν.
1210 4131 1375 4201 Ὁρᾷς
1413 4129 1531 4191 πῶς
1576 4132 1604 4182 ό
1649 4129 1758 4182 τῶν

195 4219 435 4290 δαιμόνων
471 4220 685 4289 λεγεὼν
711 4221 771 4273 ού
798 4221 982 4289 λόγοις
1024 4221 1141 4275 ἀλλ’
1174 4220 1393 4291 ἀνάγκη
1429 4218 1758 4289 πιεζόμενος

196 4311 301 4373 τοὺς
330 4312 547 4382 χοίρους
585 4309 908 4378 ἀνομολογεῖ
936 4309 1076 4380 ἔργα
1108 4304 1250 4361 εἶναι
1278 4307 1372 4361 τοῦ
1412 4309 1468 4360 ὲν
1502 4310 1569 4379 τῇ
1592 4309 1760 4379 σαρκὶ

199 4405 554 4473 κρυπτομένου
580 4402 837 4473 ἀληθινοῦ
861 4402 996 4455 Θεοῦ
1021 4419 1038 4469 ;
1083 4398 1219 4454 Εῖτα
1273 4402 1301 4453 ό
1331 4400 1527 4471 ἐχθρὸς
1560 4401 1759 4471 πρότε-

1852 2656 2187 2720 turbaretur,
2215 2665 2381 2725 atque
2419 2656 2558 2711 adeo
2585 2670 2709 2709 cum
2744 2655 3072 2709 auctoritate
3102 2653 3272 2706 multa
3307 2666 3430 2705 eam

1853 2747 2209 2816 propulsavit,
2241 2761 2353 2801 non
2383 2761 2515 2800 sane
2546 2755 2697 2812 tunc,
2729 2755 2788 2799 ut
2809 2755 2989 2809 antea,
3023 2760 3190 2800 ausus
3218 2752 3306 2798 est
3334 2758 3430 2796 su-

1852 2838 2069 2908 perbire
2098 2838 2294 2903 hostis,
2320 2853 2592 2907 suumque
2636 2837 2711 2901 id,
2749 2852 2859 2907 quo
2890 2837 3277 2907 impetebatur,
3308 2848 3432 2888 esse

1855 2930 2009 2985 dixit.
2040 2930 2146 2985 Sed
2174 2929 2338 2984 simul
2374 2945 2438 2983 ac
2477 2930 2705 2984 Creator
2734 2938 3044 2983 creaturam
3088 2943 3241 2983 suam
3271 2926 3433 2980 oculo

1854 3024 2153 3077 miserante
2176 3022 2407 3092 aspexit,
2452 3021 2592 3091 legio
2625 3023 2932 3076 daemonum
2960 3019 3172 3090 aufugit
3194 3019 3287 3082 ¹⁰⁶,
3334 3033 3434 3073 ne-

1855 3130 1962 3184 que
1986 3113 2161 3167 solum
2191 3128 2257 3168 eo
2291 3114 2432 3181 ipso,
2460 3112 2606 3180 quod
2637 3111 2795 3183 fugit,
2836 3112 2905 3166 ab
2944 3111 3200 3165 alienose
3230 3108 3342 3179 peti
3372 3123 3434 3162 re

1853 3204 1989 3274 ipsa.
2022 3203 2185 3257 etiam
2217 3203 2445 3267 invitus,
2476 3211 2727 3267 testatur,
2758 3203 2853 3257 sed
2885 3210 2961 3269 et,
2992 3202 3136 3271 quod
3168 3217 3271 3256 nec
3296 3216 3429 3270 por-

1853 3311 2042 3350 corum
2070 3304 2266 3349 natura
2306 3295 2451 3348 malo
2473 3295 2745 3349 conditori
2789 3303 2845 3347 et
2875 3294 3149 3364 principio
3185 3294 3432 3362 subjecta

1852 3387 1943 3451 sit,
1978 3386 2281 3440 clarissime
2308 3384 2620 3454 profitetur.
2646 3384 2775 3439 Mali
2804 3385 2951 3440 enim
2978 3384 3065 3439 isti
3094 3400 3122 3438 a
3151 3383 3433 3439 communi

1852 3476 2150 3531 Conditore
2179 3484 2236 3529 et
2257 3475 2521 3529 Creatore
2558 3485 2824 3546 expetunt
2850 3476 2953 3531 sibi
2988 3476 3301 3531 facultatem
3347 3476 3436 3530 vel

1854 3568 1908 3622 in
1940 3582 2138 3637 porcos
2162 3567 2525 3638 ingrediendi.
2554 3567 2656 3632 Qui
2688 3583 2817 3622 vero
2851 3569 3034 3621 omnia
3062 3566 3337 3636 sapienter
3357 3565 3438 3619 fa-

1854 3659 2050 3724 ciebat,
2088 3666 2237 3713 certe
2258 3674 2367 3712 non
2402 3657 2527 3723 illis,
2557 3666 2615 3711 ut
2638 3657 2875 3720 videtur,
2900 3658 3322 3728 gratificaturus,
3341 3657 3438 3712 sed

1856 3750 2038 3820 potius
2054 3759 2402 3813 ostensurus,
2433 3762 2597 3818 quam
2620 3749 2883 3803 adversus
2918 3748 3170 3802 homines
3197 3747 3437 3801 inimici-

1856 3842 1987 3897 tiam
2010 3841 2253 3908 foveant,
2282 3841 2606 3909 caedemque
2642 3839 2871 3909 spirent,
2897 3840 3007 3893 imo
3032 3854 3166 3894 vero
3190 3848 3245 3895 et
3270 3839 3439 3894 medi~

1857 3935 2036 3989 cinam
2065 3932 2358 4003 quamdam
2395 3940 2589 3986 contra
2620 3930 2949 3986 insolentem
2997 3932 3144 3986 hunc
3187 3933 3439 3987 morbum

1856 4034 2169 4096 paraturus,
2199 4024 2523 4095 petitionem
2549 4037 2742 4077 eorum
2779 4025 2928 4078 omni
2956 4039 3021 4077 ex
3063 4032 3219 4093 parte
3262 4034 3439 4079 ratam

1857 4129 2001 4178 esse,
2038 4128 2339 4181 eorumque
2386 4112 2653 4183 impetum
2696 4122 2753 4166 et
2792 4115 3131 4167 voluntatem
3178 4113 3442 4184 triumphi

1858 4207 1978 4265 loco
1996 4205 2268 4261 inservire
2286 4205 2535 4275 iubebat.
2566 4205 2825 4272 Videsne,
2854 4206 3131 4275 quomodo
3163 4206 3304 4276 legio
3335 4207 3443 4261 da:-

1858 4313 2083 4353 monum
2129 4312 2240 4353 non
2276 4298 2461 4353 verbis
2494 4298 2592 4352 sed
2627 4296 2790 4353 factis
2814 4338 2829 4359 ,
2876 4313 3056 4367 neque
3092 4306 3289 4367 sponte
3321 4314 3441 4361 sua,

1860 4387 1957 4442 sed
1995 4388 2329 4441 necessitate
2364 4395 2573 4452 coacta,
2614 4386 2973 4456 proﬁteatur,
3018 4402 3210 4455 porcos
3274 4402 3441 4456 opera

202 4510 276 4563 ρον
304 4496 777 4566 καταψευδόμενος
814 4496 910 4548 καὶ
939 4494 1133 4562 λέγων’
1173 4494 1368 4548 Ταῦτα
1400 4492 1598 4547 πάντα
1643 4491 1752 4562 ἐμά

1860 4493 1981 4535 esse
2008 4479 2136 4533 veri'
2156 4478 2275 4543 Dei,
2310 4479 2414 4533 sub
2450 4494 2616 4533 carne
2646 4478 2955 4534 occultati?
2986 4477 3191 4532 Deinde
3230 4476 3438 4541 hostis,

198 4586 326 4651 ἐστι,
353 4588 448 4640 καὶ
478 4586 596 4640 ἐὰν
648 4586 854 4640 πεσὼν
894 4583 1345 4653 προσκυνήσῃς
1399 4601 1522 4653 μοι,
1581 4581 1755 4637 δώσω

198 4690 283 4729 σοι
309 4678 487 4731 αὑτά·
552 4670 708 4739 οὗτος
738 4677 859 4729 τότε
894 4675 1105 4744 ἀγνοῶν
1140 4673 1259 4744 μὲν,
1299 4675 1383 4727 ὅτι
1427 4674 1562 4738 Θεὸς
1590 4669 1679 4744 ἦν,
1712 4666 1757 4741 ᾧ

199 4770 283 4840 τὴν
317 4773 509 4841 πεῖραν
544 4772 816 4840 προσῆγε,
860 4766 1431 4837 καταλαζονευόμενος
1463 4768 1541 4833 δὲ,
1582 4767 1659 4830 ὡς
1689 4765 1759 4820 τὰ

201 4861 397 4929 ἐπίγειά
422 4864 578 4915 ἐστιν
607 4858 796 4925 αὑτοῦ,
827 4859 930 4928 τῆς
974 4858 1165 4929 θεῖκῆς
1191 4858 1294 4928 ἢδη
1326 4858 1487 4927 δόξης
1531 4858 1620 4909 διὰ
1648 4856 1759 4909 τῶν

202 4951 471 5024 θαυμάτων
527 4950 1056 5021 ἀπαστραπτούσης,
1092 4948 1266 5001 ἔδεισὲ
1344 4966 1404 5001 τε
1436 4951 1464 5002 ό
1511 4948 1756 5018 ἀναιδὴς,

201 5045 279 5097 καὶ
312 5046 407 5116 τῆς
430 5043 759 5109 ἀλαζονείας
788 5041 1030 5110 ἀπέστη·
1059 5042 1153 5093 καὶ
1183 5041 1443 5109 ὁμολογεῖ
1469 5042 1539 5095 δι’
1582 5041 1761 5112 ἔργων

202 5136 318 5205 μηδὲ
338 5136 435 5208 τὴν
461 5136 561 5189 ἐπὶ
584 5137 700 5198 τοῖς
736 5133 941 5204 χοίροις
974 5130 1122 5202 ἔχειν
1157 5130 1433 5199 ἐξουσίαν,
1478 5132 1555 5203 μὴ
1580 5134 1663 5185 ὅτι
1695 5148 1761 5200 γε

203 5222 394 5281 πλάσιν.
1088 5230 1101 5240 '

264 5398 332 5431 '°"
359 5399 525 5458 Marc.
555 5413 613 5466 ν,
637 5396 693 5455 9.
773 5395 817 5428 “
842 5394 1035 5454 Matth.
1097 5413 1172 5464 vr,
1193 5398 1247 5454 9.

1854 4570 1947 4641 qui
1976 4570 2217 4640 primum
2251 4570 2513 4625 mentitus
2542 4578 2660 4623 erat
2690 4570 2919 4624 dicens:
2963 4568 3087 4622 ch
3115 4568 3293 4620 omnia
3327 4582 3445 4620 mea

1853 4672 1996 4729 sunt,
2029 4672 2100 4727 et,
2120 4662 2167 4717 si
2191 4662 2464 4731 precidem
2488 4662 2796 4715 adoraveris
2826 4677 2923 4726 me,
2976 4677 3038 4713 ea
3082 4659 3176 4712 tibi
3204 4658 3342 4710 dabo
3364 4658 3445 4724 “;

1855 4756 1925 4820 is,
1958 4754 2203 4823 inquam,
2232 4753 2454 4822 quidem
2490 4753 2749 4824 ignorans
2771 4790 2788 4817 ,
2823 4751 2996 4805 Deum
3030 4765 3151 4805 esse
3180 4766 3341 4816 eum,
3387 4750 3447 4803 in

1856 4863 2020 4919 quem
2053 4845 2411 4901 tentationem
2446 4846 2753 4910 moliretur,
2782 4852 2948 4913 atque
2980 4843 3119 4899 adeo
3162 4842 3447 4897 terrestria

1858 4955 1956 4995 sua
1981 4953 2107 4993 esse
2133 4937 2415 5007 gloriatus,
2447 4952 2626 4998 nunc,
2674 4936 2894 5006 quando
2923 4936 3107 4990 divina
3144 4934 3313 5007 gloria
3349 4950 3449 5005 per

1858 5029 2122 5085 miracula
2153 5028 2436 5091 eluxisset,
2471 5027 2654 5081 timuit
2682 5027 2787 5082 sibi
2817 5027 3107 5097 impudens
3128 5065 3142 5089 ,
3178 5033 3234 5080 et
3265 5025 3334 5079 ab
3360 5039 3448 5078 ar-

1860 5123 2107 5194 rogantia
2131 5121 2431 5176 abstinuit:
2462 5132 2629 5190 atque
2664 5120 2743 5175 sic
2774 5135 2942 5191 opere
2966 5120 3084 5190 ipso
3117 5118 3354 5180 fatetur,
3387 5130 3449 5170 se

1858 5229 1963 5268 nec
1990 5220 2319 5283 potestatem
2362 5212 2588 5283 quidem
2625 5211 2682 5267 in
2726 5227 2925 5282 porcos
2960 5211 3198 5279 habere,
3245 5206 3449 5264 nedum

1862 5321 1958 5360 COS
1983 5320 2223 5361 creasse.

1304 5587 1541 5647 VARUE
1590 5588 1975 5646 LECTIONES
2006 5588 2093 5643 ET
2132 5587 2363 5644 NOTAE.

269 5765 372 5837 (14)
426 5771 819 5850 Ταράσσετᾳι.
878 5768 958 5826 lla
1000 5766 1192 5838 scripsi
1244 5782 1345 5838 pro
1389 5764 1752 5839 παράσσεται,

1855 5764 1925 5823 od
1951 5771 2038 5822 est
2068 5764 2125 5822 in
2162 5779 2268 5820 ms.
