3886 6430
483 338 589 402 223

1529 349 1566 354 "
1614 334 1880 398 PHOTII
1915 332 2428 396 PATRIARCHB
2481 335 2590 397 (ΣΡ.

3636 345 3736 411 sm
3758 355 3763 362 .

555 451 675 506 XX.
702 449 786 505 Tu
818 463 972 515 vero,
1003 465 1038 504 ο
1081 449 1268 512 homo,
1301 447 1716 520 expergiscere:
1750 448 2052 502 nondumni

2241 449 2326 502 K'.
2355 449 2464 502 Kal.
2490 449 2579 514 σὺ,
2603 447 2884 519 ἄνθρωπε,
2911 444 3210 521 ἀνάνηψον,
3238 450 3393 506 οὔπω
3422 453 3594 520 Θέλεις
3621 458 3733 513 ἔπι-

485 541 780 599 Dominum
809 552 962 597 tuum
993 557 1294 612 agnoscere
1322 540 1499 609 cupis,
1533 540 1628 594 sed
1658 539 1840 594 adhuc
1869 553 2070 608 corpus

486 645 640 690 tuum
687 645 998 692 creaturam
1042 634 1164 689 Mali
1214 633 1494 703 appellas?
1535 631 1616 695 Is,
1665 633 1826 701 cujus
1871 631 2070 702 agebas

486 737 798 796 patronum,
846 727 1040 781 timore
1071 735 1392 792 correptus,
1438 724 1666 794 deponit
1697 724 2065 789 mendacium,

485 829 543 872 tu
569 833 697 872 vero
726 817 779 870 in
808 816 1114 886 patrocinio
1137 815 1354 886 pergis?
1384 816 1477 870 llle
1505 815 1819 885 opere-ipso
1844 815 2064 882 clamat,

482 909 627 978 quod
650 924 751 962 nec
779 922 1072 977 porcorum
1095 907 1167 962 sit
1196 907 1474 970 dominus,
1500 914 1560 961 tu
1586 922 1717 962 vero
1747 921 1874 962 eum
1912 915 2066 962 tuum

483 1000 620 1054 facis
667 999 1005 1054 dominum?
1060 998 1111 1054 ιε
1166 998 1413 1053 nondum
1477 996 1721 1068 perfecte
1775 997 2065 1054 Dominum

479 1103 806 1160 agnoscens,
842 1104 1023 1158 neque
1055 1087 1202 1142 enim
1231 1103 1367 1142 crux
1386 1088 1568 1144 adhuc
1589 1097 1708 1143 erat
1735 1087 1864 1152 lixa,
1887 1104 2066 1159 neque

465 1179 562 1248 sol
586 1179 828 1234 tenebris
855 1179 1158 1234 obduxerat
1191 1179 1368 1234 lucem
1396 1218 1412 1244 ,
1454 1194 1636 1248 neque
1668 1188 1874 1234 terram
1899 1220 1915 1246 ,
1967 1195 2066 1250 per

481 1277 736 1323 naturam
777 1270 1017 1338 alioquin
1077 1270 1317 1340 quietam
1343 1309 1358 1334 ,
1408 1268 1675 1325 mirabilis
1714 1270 2066 1339 corripuerat

481 1370 892 1430 tremor,neque
909 1362 1187 1416 conclavia
1214 1361 1514 1416 inferorum
1539 1361 1780 1416 locorum
1801 1372 2062 1417 evacuata

476 1453 842 1513 adhucerant.
859 1469 1037 1522 neque
1058 1454 1384 1509 resurrectio
1395 1454 1612 1525 cognita
1630 1471 1644 1508 :
1664 1456 1818 1510 etvel
1831 1455 2062 1518 sic,cum

478 1543 614 1598 nihil
650 1544 1110 1609 horum-adesset,
1137 1545 1274 1598 latro
1302 1585 1318 1610 ,
1364 1560 1396 1599 a
1449 1545 1682 1601 veritate
1718 1547 2062 1601 substantiali

475 1634 580 1689 sibi
613 1643 882 1700 metuens,
916 1650 946 1690 a
965 1645 1432 1706 potestate,quam
1465 1647 1625 1692 antea
1647 1637 1754 1692 sibi
1773 1638 1876 1707 ipsi
1907 1638 2064 1692 alliu-

477 1734 651 1789 xerat,
677 1741 737 1780 se
767 1725 947 1796 ipsum
975 1727 1139 1782 etiam
1171 1727 1376 1783 invitus
1407 1737 1649 1784 revocat.
1675 1727 1890 1784 Veritas
1913 1731 2059 1784 enim

476 1817 797 1872 mendaeem
815 1818 887 1872 ita
915 1819 1225 1882 coercebat,
1258 1829 1318 1874 ut
1337 1835 1462 1875 cum
1495 1829 1657 1875 antea
1689 1836 1854 1891 regna
1876 1821 2060 1876 omnia

475 1925 574 1963 sua
604 1926 728 1966 esse
758 1911 1113 1981 gloriaretur,
1154 1927 1322 1982 opere
1361 1913 1481 1982 ipso
1498 1928 1566 1968 ne
1612 1913 1668 1967 in
1701 1928 1898 1982 porcos
1936 1913 2062 1982 qui-

473 2000 625 2064 dem,
671 2002 873 2055 nedum
917 2002 973 2056 in
1029 2003 1330 2073 quidquam
1405 2003 1575 2069 aliud,
1633 2013 1961 2074 potestatem
1999 2021 2060 2062 se

474 2091 681 2147 habere
734 2093 1016 2150 clamaret.
1065 2095 1147 2149 Tu
1189 2110 1322 2150 vero
1360 2103 1486 2165 post
1516 2111 1735 2152 crucem
1768 2098 2053 2166 perlatam,

473 2192 598 2251 post
629 2183 921 2253 spoliatum
962 2185 1266 2250 infernum,
1291 2195 1416 2255 post
1449 2186 1651 2240 factam
1695 2189 2058 2244 resurrectio-

471 2289 620 2338 nem,
681 2285 806 2345 post
861 2277 1232 2350 triumphatos
1286 2278 1627 2348 principatus
1655 2288 1712 2333 et
1750 2289 2056 2349 potestates

451 2365 844 2429 tenebrarum,
902 2376 1025 2436 post
1052 2367 1238 2422 datam
1297 2367 1396 2422 tibi
1445 2367 1784 2434 facultatem,
1833 2387 2055 2427 omnem

470 2454 664 2519 hostis,
701 2457 748 2511 si
796 2458 952 2524 velis,
994 2467 1324 2528 potestatem
1359 2461 1654 2528 eludendi;
1691 2471 1768 2529 tu,
1802 2463 2052 2534 inquam,

472 2545 708 2615 teipsum
767 2548 947 2602 adhuc
1001 2548 1145 2604 ferre
1209 2557 1388 2620 potes,
1438 2553 1662 2622 quando
1703 2561 1756 2608 te
1785 2554 1948 2621 alius,
1982 2572 2054 2611 ne

469 2636 644 2690 dicam
697 2647 756 2692 tu
820 2640 1196 2709 temetipsum,
1261 2642 1562 2697 obnoxium
1634 2653 1690 2698 et
1741 2655 2053 2702 creaturam

468 2725 595 2784 Mali
622 2730 907 2798 appellat?
939 2731 1074 2798 Quis
1104 2747 1242 2786 vero
1287 2749 1399 2788 non
1446 2735 1534 2788 vel
1575 2735 1705 2790 hinc
1739 2736 1896 2792 facile
1924 2754 2052 2808 per—

469 2818 742 2888 spexerit,
801 2819 968 2888 quod,
1013 2820 1108 2888 qui
1158 2821 1261 2874 sub
1306 2821 1428 2893 lege
1489 2825 1774 2894 propheta:
1817 2838 2054 2884 erantet

468 2907 652 2978 legati,
707 2920 956 2978 quosque
1005 2907 1332 2976 Jerusalem,
1395 2927 1498 2966 ceu
1546 2914 2052 2983 stupidissimorum

466 2999 780 3057 Iudaeorum
806 3010 982 3057 cretus
1027 3002 1231 3072 prodit,
1275 3003 1528 3073 lapidans
1561 3015 1619 3060 et
1657 3008 1914 3064 occidens
1939 3025 2052 3064 non

467 3090 704 3154 ferebat,
757 3091 835 3146 illi
856 3091 1081 3146 omnino
1121 3107 1152 3147 a
1194 3093 1339 3148 bono
1381 3095 1658 3166 principio
1699 3097 1950 3168 inspirati
1993 3110 2051 3156 et

465 3179 623 3235 missi
676 3179 809 3242 sint,
861 3189 1026 3250 atque
1075 3181 1202 3238 inde
1270 3183 1538 3254 originem
1583 3187 1858 3254 duxerint,
1906 3191 2050 3247 unde

465 3272 655 3326 omnia
701 3271 806 3326 ista
854 3271 1251 3342 produxerant,
1306 3290 1506 3345 nempe
1533 3277 1605 3332 ab
1640 3279 1761 3348 ipso
1815 3281 2051 3340 Domino

465 3373 658 3419 nostro
689 3363 821 3419 Jesu
867 3364 1114 3430 Christo,
1144 3366 1392 3422 veritatis
1440 3368 1591 3423 fonte
1618 3368 1641 3422 ί
1667 3370 1717 3426 ls
1760 3373 1910 3428 enim
1945 3377 2050 3430 mi-

465 3466 648 3506 seram
677 3452 878 3506 clamat
910 3466 1033 3506 esse
1079 3451 1384 3507 Jerusalem
1421 3455 1492 3508 ob
1530 3470 1616 3520 ea,
1661 3459 1862 3526 quibus
1905 3461 2051 3519 facta

465 3542 539 3596 sit
588 3543 848 3597 obnoxia.
895 3541 1018 3600 Non
1073 3559 1203 3598 vero
1251 3545 1510 3600 miseram
1563 3548 1772 3604 diceret
1825 3551 2050 3610 Bonitas

466 3633 584 3703 ipsa
609 3649 729 3688 eam
761 3634 974 3700 urbem,
1021 3651 1144 3706 qua:
1171 3636 1437 3706 lapidaret
1466 3647 1562 3692 aut
1608 3640 1883 3697 occideret
1923 3660 2050 3713 pra-

463 3726 650 3782 vitatis
693 3737 970 3782 amatores
1006 3739 1104 3784 aut
1147 3729 1402 3798 ejusdem
1449 3731 1696 3801 legatos:
1750 3733 2049 3793 Jerusalem

462 3818 627 3883 enim,
677 3818 874 3888 inquit,
917 3820 1236 3886 Jerusalem,
1287 3839 1406 3892 qm
1451 3825 1641 3880 occidis
1663 3829 1962 3896 prophetas,
1998 3841 2049 3886 et

465 3907 676 3977 lapidas
705 3910 888 3963 missos
934 3911 1006 3964 ad
1051 3927 1170 3964 eam
1197 3913 1263 3966 ¹³.
1305 3911 1375 3966 Et
1400 3923 1590 3983 postea
1611 3930 1631 3970 :
1658 3914 1873 3980 Quoties
1907 3920 2049 3976 volui

463 4012 788 4066 congregare
811 3997 951 4066 ﬁlios
997 4008 1134 4065 tuos,
1160 4004 1424 4071 quomodo
1463 4005 1670 4073 οαίίίκα
1697 4007 1870 4076 pullos
1899 4027 2045 4080 suos,

464 4103 554 4139 vos
603 4095 782 4140 autem
833 4088 1074 4144 noluistis
1125 4089 1190 4149 “.
1225 4090 1339 4147 Hoc
1381 4103 1498 4149 est:
1529 4095 1760 4162 Quoties
1791 4101 1940 4156 volui
1978 4119 2048 4159 ex

463 4177 950 4235 commiseratione
1023 4196 1120 4236 eos
1172 4183 1240 4238 ad
1305 4201 1400 4240 me
1438 4187 1710 4258 recipere,
1767 4202 1825 4248 et
1869 4210 2048 4264 posse

465 4269 810 4335 subtrahere,
842 4287 966 4341 quae
999 4289 1098 4328 vos
1126 4291 1229 4345 pro
1261 4277 1410 4332 unde
1436 4281 1831 4351 prophetarum
1858 4295 1918 4342 et
1944 4303 2046 4358 pro

464 4358 727 4425 ludibrio,
771 4361 828 4416 in
860 4363 1006 4434 leges
1058 4365 1216 4421 vobis
1241 4367 1398 4423 datas
1454 4370 1704 4438 probato,
1763 4377 2042 4442 manebat,

2169 539 2378 608 γνῶναι
2406 539 2498 592 τὸν
2530 540 2764 593 σεαυτοῦ
2787 541 3091 611 Δεσπότην,
3115 543 3231 596 ἀλλ’
3257 542 3340 597 ἔτι
3373 544 3438 598 τὸ
3464 549 3556 600 σὸν
3584 549 3732 622 σῶμα

2169 631 2398 702 πλάσμα
2435 631 2619 701 λέγεις
2663 632 2759 686 τοῦ
2793 633 3077 703 Πονηροῦ;
3125 634 3185 689 Ὁ
3253 639 3730 710 ουνηγορούμενος,

2169 718 2322 790 φόϐῳ
2383 723 2692 792 συσχεθεὶς,
2745 722 2809 775 τὸ
2861 722 3063 792 ψεῦδος
3107 725 3369 790 ἀπέθετο,
3403 729 3591 782 καὶσὺ
3640 733 3732 803 τὴν

2172 811 2504 882 συνηγορίαν
2560 813 2641 866 ἔτι
2696 815 3058 884 συγκροτεῖς;
3105 814 3348 878 Ἐκεῖνος
3396 820 3511 881 τοῖς
3559 819 3730 891 εργοις

2169 900 2402 975 ἀναϐοᾷ.
2428 903 2505 968 ὡς
2539 905 2663 958 οὐδὲ
2702 904 2817 958 τῶν
2867 906 3065 977 χοίρων
3113 907 3305 976 κύριός
3355 909 3500 973 ἑστι,
3550 913 3730 967 καὶσὺ

2168 993 2398 1048 σεαυτοῦ
2435 995 2626 1066 κύριον
2674 998 2888 1062 aetate;
2926 997 3166 1061 Ἐκεῖνος
3195 997 3352 1052 οὔπω
3393 1001 3615 1066 τελείως
3650 1005 3733 1058 τὸν

2165 1085 2443 1157 Δεσπότην
2491 1088 2747 1154 ἐπιγνοὺς
2779 1089 2918 1159 (l5),
2964 1087 3118 1142 οὔπω
3167 1089 3278 1160 γάρ
3329 1087 3401 1162 ἦν
3435 1093 3465 1146 6
3517 1097 3734 1165 σταυρὸς

2167 1177 2390 1246 πηγεὶς,
2435 1178 2546 1231 οὐδ’
2597 1181 2626 1232 6
2674 1178 2831 1250 ῆλιος
2862 1179 3042 1251 σκότῳ
3074 1180 3460 1252 καλυψάμενος
3504 1181 3570 1237 τὸ
3605 1185 3731 1253 φῶς,

2164 1267 2286 1321 οὐδὲ
2320 1267 2421 1339 τὴν
2452 1269 2560 1338 γῆν
2579 1269 2703 1323 ἀντὶ
2731 1270 2826 1339 τῆς
2858 1271 3000 1324 κατά
3028 1271 3192 1339 φύσιν
3215 1273 3455 1342 ἠρεμίας
3492 1275 3522 1328 6
3561 1277 3730 1348 παρά-

2163 1359 2316 1426 δοξος
2331 1356 2446 1431 εἶχε
2461 1360 2686 1432 τρόμος,
2710 1362 2835 1416 οὐδὲ
2852 1363 2922 1416 τά
2937 1361 3032 1416 τοῦ
3051 1363 3182 1434 ᾅδου
3201 1365 3504 1419 ἑκεκένωτο
3518 1371 3730 1437 ταμιία,

2164 1450 2339 1522 οὺδὲή
2373 1452 2669 1516 ἀνάστασις
2691 1454 3043 1522 ἐγινώσκετο.
3090 1454 3231 1508 Ἀλλ’
3263 1455 3360 1511 οὖν
3381 1456 3476 1510 καὶ
3513 1458 3730 1528 μηδενὸς

2164 1540 2244 1595 ῑτι
2263 1541 2473 1597 τούτων
2491 1545 2758 1616 παρόντος
2783 1547 2814 1598 6
2840 1544 3045 1616 λῃστὴς
3061 1546 3160 1618 τὴν
3177 1547 3542 1603 ινυπόστατον
3553 1549 3730 1614 δεδιὼς

2162 1634 2447 1706 ἀλήθειαν,
2481 1635 2549 1706 ῆν
2578 1637 2728 1708 αὺτῷ
2755 1637 3207 1709 προανεπλάσατο
3231 1637 3503 1705 ἐξουσίαν,
3535 1641 3732 1712 ταύτης

2165 1725 2356 1781 ἑαυτὸν
2379 1726 2469 1780 καὶ
2511 1727 2664 1782 ἄκων
2712 1729 2944 1797 ἀπάγει.
2987 1727 3270 1794 Ἐειάξετο
3297 1730 3408 1803 γὰρ
3456 1731 3732 1803 ήάλήθεια

2088 1782 2136 1841 Β
2164 1821 2256 1875 τὸν
2267 1813 2533 1889 ψεύστηνο
2549 1819 2644 1873 καὶ
2660 1817 2797 1889 μηδὲ
2812 1782 2921 1872 των
2932 1782 3174 1889 χοίρων,

2161 1912 2190 1965 6
2215 1909 2314 1973 τὰς
2349 1908 2632 1980 βασιλείας
2684 1908 2867 1971 πάσας
2897 1907 3090 1962 ἑαυτοῦ
3125 1909 3564 1981 τερατευόμενος
3600 1907 3731 1965 εἶναι

2163 2001 2289 2071 μηδ’
2333 2000 2513 2053 αὐτῶν
2570 1998 2718 2069 ἒχειν
2761 1997 2864 2070 τὴν
2921 1998 3220 2070 κυριότητα
3266 1995 3382 2064 τοῖς
3416 2002 3732 2073 πράγμασιν

2159 2093 2482 2164 άνακράζει.
2515 2093 2631 2146 Καὶ
2655 2092 2720 2146 σὺ
2753 2096 2893 2160 μετά
2919 2091 3014 2144 τὸν
3049 2092 3308 2162 σταυρὸν,
3345 2094 3484 2163 μετὰ
3513 2096 3576 2148 τὸ
3611 2111 3732 2148 σκυ-

2158 2183 2413 2252 λευθῆναι
2433 2181 2526 2234 τὸν
2570 2180 2743 2251 ᾅδην,
2775 2180 2916 2250 μετά
2964 2179 3062 2252 τὴν
3111 2181 3433 2248 ἀνάστασιν,
3483 2185 3624 2255 μετά
3673 2185 3730 2238 τὸ

2158 2273 2774 2346 παραδειγματισθῆναι
2801 2273 2897 2337 τάς
2924 2273 3101 2344 ἀρχὰς
3119 2273 3214 2327 καὶ
3237 2274 3336 2337 τὰς
3363 2275 3617 2340 ἐξουσίας
3639 2275 3729 2330 τοῦ

2158 2367 2410 2431 σκότους,
2473 2365 2615 2436 μετά
2640 2364 2704 2418 τὸ
2745 2364 2935 2419 λαϐεῖν
2966 2382 3026 2418 σε
3077 2366 3176 2434 τὴν
3205 2365 3476 2433 ἐξουσίαν,
3531 2367 3598 2421 ἂν
3628 2367 3728 2438 ἄρα

2157 2459 2350 2532 βούλῃ,
2383 2459 2527 2513 κατά
2560 2458 2740 2530 πάσης
2787 2459 2886 2529 τῆς
2919 2459 3206 2528 δυνάμεως
3238 2459 3333 2513 τοῦ
3376 2460 3600 2532 ἐχθροῦ,
3653 2462 3730 2516 ἔτι

2157 2551 2382 2603 σεαυτὸν
2403 2549 2596 2620 ἀνέχῃ,
2615 2549 2767 2612 εῑτις
2793 2565 2851 2601 σε
2871 2549 3030 2611 ἄλλος
3052 2548 3376 2614 ὐπεξούσιον
3397 2551 3492 2603 καὶ
3511 2550 3728 2620 πλάσμα

2155 2639 2304 2710 λέγει
2352 2639 2446 2693 τοῦ
2477 2638 2740 2711 πονηροῦ,
2786 2639 2862 2709 μὴ
2893 2640 2978 2692 ὅτι
3017 2655 3082 2707 γε
3117 2639 3181 2692 σὺ
3227 2640 3494 2706 σεαυτόν;
3546 2642 3643 2705 Τίς
3686 2641 3730 2694 δ’

2152 2731 2276 2800 οὐχ).
2323 2720 2622 2782 κάντεῦθεν
2671 2728 2849 2798 ῥᾷστα
2886 2726 3112 2791 συνίδοι,
3133 2725 3208 2790 ὡς
3237 2728 3289 2780 oi
3323 2727 3412 2781 διὰ
3438 2727 3535 2780 τοῦ
3567 2728 3726 2797 νόμου

2154 2823 2435 2895 προφῆται
2479 2820 2574 2874 καὶ
2619 2818 3043 2889 ἀπεσταλμένοι,
3088 2817 3181 2882 οὓς
3215 2818 3250 2889 ἡ
3294 2817 3670 2888 Ἰερουσαλὴμ,
3702 2818 3730 2871 6

2155 2912 2250 2967 νῦν
2268 2911 2422 2982 δηλοῖ
2440 2912 2550 2966 τῶν
2565 2909 3062 2982 ἀγνωμονεστέρων
3092 2909 3365 2964 Ἰουδαίων
3384 2909 3443 2963 τὸ
3457 2909 3729 2981 σύστημα,

2155 3003 2507 3059 λιθοϐολοῦσά
2530 3020 2594 3058 τε
2612 3002 2721 3067 ⁷καὶ
2745 2999 3120 3057 ἀποκτιννῦσα
3155 3001 3257 3054 οὐκ
3286 3001 3447 3067 ἀνίει,
3481 2995 3634 3054 οὗτοι
3669 3002 3730 3073 δὴ

2153 3098 2253 3168 τῆς
2287 3095 2502 3166 ἀγαθῆς
2537 3094 2787 3166 ὑπῆρχον
2835 3094 3126 3157 ἐπιπνοίας
3173 3110 3234 3147 τε
3267 3093 3364 3146 καὶ
3403 3092 3731 3164 ἀποστολῆς,

2153 3189 2252 3243 καὶ
2279 3188 2346 3260 δὴ
2371 3188 2468 3242 καὶ
2493 3187 2596 3260 τὴν
2617 3186 2980 3258 δημιουργίαν
3009 3186 3260 3249 ἕλκοντες
3276 3185 3492 3240 ἐκεῖθεν
3522 3201 3538 3251 ;
3568 3185 3732 3238 Πόθεν

2153 3281 2247 3334 καὶ
2273 3280 2357 3342 τίς
2389 3281 2425 3350 ἡ
2479 3280 2826 3352 παράστασις
2848 3295 2863 3310 ⁶
2913 3277 3075 3341 αὐτός
3098 3280 3245 3332 ἐστιν
3275 3279 3304 3330 6
3343 3277 3548 3348 Κύριος
3577 3277 3732 3348 ἡμῶν

2167 3370 2374 3441 Ἰησοῦς
2404 3370 2662 3441 Χριστὸς,
2694 3370 2730 3440 ή
2757 3368 2855 3440 τῆς
2903 3365 3164 3439 ἀληθείας
3190 3367 3368 3436 πηγή.
3419 3366 3731 3431 Ταλανίζων

2151 3465 2264 3534 γὰρ
2291 3461 2390 3534 τὴν
2426 3459 2811 3534 Ἰερουσαλὴμ,
2839 3452 2923 3523 οἷς
2957 3461 3016 3512 ὲν
3043 3457 3255 3522 τούτοις
3299 3457 3612 3528 ὑπηνέχθη,
3639 3458 3733 3510 οὐκ

2152 3553 2221 3608 ὃν
2258 3553 2316 3606 δὲ
2343 3552 2686 3607 ταλανίσειεν
2715 3552 2750 3623 ἡ
2780 3550 3057 3620 ἀγαθότης
3086 3549 3186 3620 τὴν
3213 3548 3603 3603 λιθοϐολοῦσαν
3643 3550 3733 3602 καὶ

2151 3642 2558 3699 ἀποκτενοῦσαν
2610 3644 2739 3707 τοὺς
2789 3642 3025 3714 ἐραστὰς
3054 3644 3154 3711 τῆς
3193 3640 3502 3711 πονηρίας,
3542 3641 3576 3712 ἢ
3614 3641 3734 3704 τοὺς

2152 3734 2245 3788 ὑπ’
2268 3733 2442 3804 αὐτῆς
2463 3732 2936 3804 ἀπεσταλμένους.
2973 3731 3378 3801 Ἰερουσαλὴμ
3395 3732 3732 3803 γάρ,φησὶν,

2163 3825 2590 3896 Ἰερουσαλὴμ,
2614 3826 2654 3895 ἡ
2675 3825 3091 3880 ἀποκτείνασα
3113 3823 3257 3891 τοὺς
3275 3825 3616 3894 προφήτας,
3639 3824 3734 3878 καί

2149 3918 2562 3974 λιθοϐολοῦσα
2597 3916 2742 3977 τοὺς
2787 3917 3289 3985 ἀπεσταλμένους
3320 3917 3472 3985 πρὸς
3519 3916 3730 3982 αὐτὴν.

2149 4001 2302 4060 Εἶτα·
2356 4004 2624 4071 Ποσάκις
2670 4003 2947 4073 ἠθέλησα
2995 4005 3364 4070 ἐπισυνάξαι
3417 4005 3489 4060 τὰ
3556 4006 3735 4060 τέκνα

2150 4111 2292 4160 σου,
2329 4096 2402 4150 ὃν
2437 4095 2658 4162 τρόπον
2679 4094 2844 4164 ὄρνις
2872 4095 2946 4149 τὰ
2972 4095 3200 4148 νοσσία
3222 4093 3471 4163 ἑαυτῆς,
3505 4095 3609 4149 καί
3629 4099 3737 4151 οὐκ

2148 4186 2513 4256 ἠθελήσατε.
2567 4185 2716 4240 ’Δντὶ
2750 4184 2872 4240 τοῦθ
2910 4185 3162 4250 Ποσάκις
3191 4185 3436 4258 ἠθέλησα
3482 4187 3575 4242 διὰ
3602 4204 3734 4256 συγ-

2148 4277 2376 4349 γνώμης
2416 4277 2710 4332 ἀναλαϐεῖν
2737 4277 2906 4346 ὑμᾶς.
2949 4277 3043 4330 καὶ
3073 4277 3173 4348 τῆς
3206 4276 3365 4348 δίκης
3395 4276 3731 4349 ἐξαρπάσαι,

2148 4370 2271 4441 ἥτις
2299 4369 2422 4423 ἀντὶ
2459 4369 2570 4425 τῶν
2607 4367 2966 4438 προφητικῶν
2995 4369 3244 4438 αἱμάτων
3276 4367 3374 4421 καὶ
3403 4361 3485 4431 οἷς
3515 4368 3628 4422 τῶν
3652 4369 3735 4422 δε-

463 4457 837 4518 praatereaque
865 4467 931 4506 ea
954 4453 1126 4523 gratia
1165 4454 1392 4521 donare,
1442 4467 1501 4512 ut
1535 4464 1794 4528 praesenti
1835 4464 1891 4518 in
1937 4465 2040 4522 hac

2157 4459 2393 4529 δομένων
2425 4459 2555 4531 ὑμῖν
2592 4459 2950 4529 κατορχεῖσθε
2987 4458 3192 4529 νόμων,
3233 4459 3522 4520 ἀπέκειτο,
3555 4459 3735 4512 εὐδαι-

462 4539 578 4594 vita
631 4539 893 4597 felicitate
939 4542 1047 4598 frui
1095 4545 1354 4613 possitis?
1403 4547 1470 4603 At
1526 4550 1832 4618 enimvero,
1873 4571 2039 4626 quam

439 4633 811 4704 tyrannidem
878 4635 1102 4706 insipidi
1161 4638 1266 4707 ipsi
1323 4639 1482 4694 vobis
1531 4642 1921 4711 constituistis,
1979 4652 2064 4702 ea'

461 4737 572 4777 non
612 4725 789 4780 solum
834 4741 947 4781 non
1003 4727 1288 4797 permissit
1344 4729 1414 4784 ad
1469 4732 1885 4790 conversionem
1935 4738 2045 4794 ullo

461 4817 648 4880 modo,
699 4835 864 4889 quam
919 4829 1104 4876 tamen
1155 4832 1305 4877 tanta
1367 4831 1427 4878 et
1478 4824 1606 4880 talis
1661 4826 2043 4886 benevolentia

434 4907 746 4974 .ofl‘erebat,
787 4919 844 4967 et
867 4912 936 4968 ad
982 4927 1105 4968 eam
1131 4915 1568 4985 amplectendam
1619 4919 2031 4988 cohortabatur,

461 5001 755 5069 rcSpieere,
806 5005 904 5059 sed
950 5014 1009 5061 et
1068 5014 1135 5060 ut
1197 5007 1474 5077 prioribus
1545 5009 1744 5066 similia
1796 5013 2034 5081 addatis,

436 5087 714 5158 .impellit.
750 5092 820 5148 Et
870 5095 1002 5166 quid
1039 5095 1164 5150 dico
1193 5095 1431 5150 similia?
1458 5096 1574 5151 lmo
1623 5097 1782 5171 longe
1823 5101 2035 5172 pejora,

454 5180 660 5248 quibus
677 5183 1076 5252 providentiam
1097 5201 1276 5241 meam
1300 5195 1357 5242 et
1385 5187 1786 5245 humanitatem
1816 5205 1848 5246 a
1881 5192 2038 5256 vobis

531 5293 575 5328 ⁸⁸
607 5294 798 5354 Matth.
833 5316 989 5366 χχιιι,
1021 5301 1112 5356 57.
1227 5303 1271 5335 ⁸³
1312 5303 1447 5359 ibid.
1473 5304 1563 5360 '58.

2148 4554 2340 4624 μονίας
2391 4569 2453 4606 τε
2503 4551 2764 4614 συνόντας
2822 4549 3078 4620 ἀλλήλοις
3112 4548 3211 4618 τῆς
3266 4549 3410 4604 κατὰ
3464 4551 3558 4602 τὸν
3621 4551 3732 4620 βίον

2143 4643 2461 4707 ἀπολαύειν,
2491 4643 2653 4713 χάριν
2678 4643 3009 4712 παρασχεῖν.
3055 4637 3197 4693 Ἀλλ’
3222 4639 3292 4711 ἢν
3320 4639 3478 4693 αὐτοί
3514 4656 3578 4708 γε
3613 4639 3733 4694 καθ’

2142 4735 2352 4788 ἑαυτῶν
2405 4734 2505 4805 τῆς
2552 4733 2815 4795 ἀπονοίας
2858 4730 3151 4802 τυραννίδα
3199 4732 3645 4802 προεστήσασθε,
3673 4732 3733 4784 ού

2148 4827 2313 4897 μόνον
2343 4826 2498 4879 οὐδὲν
2546 4826 2686 4898 πρὸς
2736 4824 3077 4895 ἐπιστροφὴν
3116 4824 3333 4895 ἀφορᾷν
3385 4824 3533 4894 ὑμᾶς
3589 4842 3736 4895 παρ-

2146 4919 2413 4972 εσκεύασε
2433 4918 2615 4972 καίτοι
2636 4915 2908 4987 τοσαύτης
2937 4917 3034 4970 καὶ
3061 4915 3400 4987 τηλικαύτης
3421 4917 3526 4985 τῆς
3562 4917 3732 4986 εὐμε-

2146 5011 2294 5074 νείας
2329 5010 2535 5080 ταύτην
2580 5009 2711 5081 ὑμῖν
2768 5007 3184 5080 προτεινούσης.
3247 5008 3346 5062 καὶ
3377 5007 3526 5078 πρὸς
3560 5009 3734 5080 αὐτὴν

2151 5101 2583 5174 ἐπιστρέφεσθαι
2603 5099 3055 5172 παρακαλούσης,
3073 5099 3212 5154 ἀλλά
3230 5101 3325 5156 καὶ
3343 5100 3466 5155 καθ’
3487 5099 3732 5169 ἑκάστην

2149 5193 2564 5266 παραθρασύνει
2605 5191 2721 5265 (16)
2774 5190 3125 5265 προστιθέναι
3180 5191 3252 5246 τά
3296 5193 3482 5263 ὅμοια.
3532 5192 3649 5248 Καὶ
3678 5192 3731 5244 τί

1587 5441 1823 5497 νΛΙίΙΛΕ
1861 5441 2241 5498 LECTlONES
2273 5443 2357 5497 ET
2385 5440 2621 5498 ΝΟΤΑΞ.

533 5551 645 5620 (15)
695 5551 1036 5620 Ἐπιτνους.
1089 5553 1168 5605 lta
1204 5551 1309 5608 fert
1354 5553 1631 5610 variorum
1658 5556 1878 5611 Patrum
1911 5573 2039 5611 scn-

459 5622 653 5684 tcntia,
707 5623 911 5677 malum
958 5623 1262 5676 daemonem
1315 5623 1613 5686 Christum,
1664 5636 1724 5680 ut
1783 5625 1953 5681 Deum
1985 5637 2042 5682 et

463 5691 808 5746 Servatorem
863 5692 1078 5756 mundi,
1136 5693 1240 5745 sub
1288 5693 1630 5748 nativitatem
1671 5707 1765 5750 aut
1819 5698 2037 5751 initium

467 5760 726 5826 maeonii
767 5763 889 5832 ejus
937 5777 1050 5820 non
1102 5764 1445 5834 cognovisse.
1524 5762 1655 5822 Vide
1723 5767 2040 5822 testimonia

2139 5572 2331 5611 eorum
2361 5556 2588 5612 collecta
2619 5571 2650 5609 a
2705 5553 2964 5624 Dionysio
3002 5551 3228 5607 Petavio
3266 5553 3321 5624 in
3373 5553 3726 5623 Dagmatibus

2141 5625 2459 5696 theologicis.
2500 5635 2648 5679 tomo
2673 5624 2760 5696 Ill,
2799 5623 2968 5696 lib._t,
2999 5638 3051 5676 c.
3091 5623 3146 5686 8,
3179 5623 3345 5696 p.27.

2209 5692 2328 5765 (16}
2365 5695 2839 5765 Παραθρασύνει.
2888 5693 2979 5747 Sic
3011 5693 3200 5761 putavi
3235 5692 3587 5748 scribendum
3630 5710 3726 5764 pro

2140 5764 2560 5836 παραθρασύνη,
2587 5764 2731 5834 quod
2757 5773 2879 5819 erat
2909 5765 2965 5818 in
2998 5779 3101 5817 ms.
