3886 6422
146 378 247 457 ᾗ,

1153 362 1452 425 CONTRA
1493 355 1955 421 MANICH/EOS
1998 353 2252 417 LIBER‘
2280 354 2381 416 IV.

3272 346 3382 412 226

149 509 261 575 λέγω
286 498 351 553 τὰ
369 498 567 567 aucta;
616 484 777 542 Ἀλλά
821 483 899 557 μὴ
926 482 998 536 τὰ
1028 479 1166 534 πολὺ
1198 478 1582 550 χαλεπώτερα,
1620 472 1688 526 δι’
1720 525 1722 531 ι

1827 471 1931 541 psis
1967 467 2318 540 prapulsatis.
2359 465 2659 535 Propterea
2692 473 2750 519 et
2788 473 3009 533 tempus
3048 479 3149 519 vos
3182 478 3381 533 exspe-

1836 573 1843 575 .
1972 562 1984 572 .
2034 561 2046 575 .
2106 569 2118 575 -
2195 574 2199 575 ν
2280 554 2680 575 --ημηηειη
2741 554 2878 575 ---Α
2922 568 3029 575 ---η
3065 552 3238 575 ﬂ..-“
3274 552 3351 575 ..τῇ

147 568 212 653 ὧν,
243 595 383 663 ὑμεῖς
431 587 533 657 τὴν
596 580 737 653 ἐμὴν
779 578 1041 648 πρόνοιαν
1106 572 1203 626 καὶ
1275 568 1709 640 φιλανθρωπίαν»

152 660 328 743 ἑαυτῶν
381 670 865 734 ἀπεσκευάσασθε.
921 666 1014 720 Διδ
1087 667 1187 719 καὶ
1240 664 1269 716 δ
1315 661 1509 732 καιρὸς
1567 660 1714 728 ὑμίν-

149 770 450 834 ἀπαιτεῖσθαι
469 765 789 837 παρέστηκε
811 758 883 813 τὰ
900 757 1181 828 ἐπίχειρα,
1204 755 1304 823 τήν
1322 770 1384 806 τε
1408 751 1505 803 ἀπ’
1526 749 1696 817 ἀλλὴ..

152 874 237 924 ὶων
276 859 647 923 καταδικάζων
671 853 1001 922 διασπορὰν,
1049 849 1146 902 καὶ
1170 847 1231 901 οὐ
1267 845 1366 917 τὴν
1394 841 1698 914 διασπορὰν

155 963 302 1034 μόνον,
332 954 463 1009 ἀλλά
504 950 600 1005 καὶ
634 948 808 1016 αὐτὴν
853 943 954 1013 τὴν
998 941 1158 994 πόλιν
1208 938 1394 999 αὐτοῖς
1426 934 1697 1005 θεμελίοις

154 1023 531 1119 καταστρέφων,
568 1041 664 1094 καὶ
711 1036 924 1108 ἐρημίᾳ
955 1030 1309 1104 παραδιδούς.
1339 1030 1403 1082 Ei
1435 1023 1530 1081 οὖν
1556 1026 1701 1081 κατά

151 1146 237 1199 τῶν
284 1118 632 1210 προφητικῶν
674 1130 927 1201 αἱμάτων
975 1128 1010 1198 ἡ
1051 1124 1229 1193 τόλμα
1266 1121 1360 1175 καὶ
1430 1118 1543 1172 τῶν
1591 1119 1703 1171 ἀπ-

152 1231 453 1301 εσταλμένων
476 1227 507 1277 ὁ
539 1223 700 1294 φόνος
725 1224 809 1284 είς
845 1216 1183 1287 ταλανισμὸν
1221 1213 1321 1283 μὲν
1344 1212 1548 1279 ἀπάγει
1574 1210 1704 1272 τοὺς

162 1324 429 1384 Ἰουδαίους,
465 1315 758 1388 προοίμιον
786 1313 847 1365 δὲ
878 1311 1091 1381 γίνεται
1123 1308 1220 1379 τῆς
1248 1306 1487 1376 ἐσχάτης
1524 1301 1704 1355 αὐτῶν

154 1418 411 1478 ἀπωλείας,
436 1410 556 1474 πῶς
589 1407 713 1478 οὐχὶ
737 1406 840 1477 τὴν
869 1405 993 1475 τσην
1021 1402 1202 1472 δίκην,
1230 1400 1321 1454 ἵνα
1345 1398 1421 1469 μὴ
1444 1398 1591 1465 λέγω
1604 1394 1705 1465 τὴν

157 1508 365 1580 μείζονα,
396 1503 446 1556 οί
480 1499 681 1571 θερμοὶ
731 1497 833 1568 μὲν
865 1496 974 1547 τῶν
1014 1491 1286 1546 Ἰουδαίων
1338 1485 1576 1559 μιμηταὶ
1609 1483 1707 1538 καὶ

154 1600 518 1673 ὑπερϐαλέσθαι
551 1597 610 1651 δὲ
644 1594 1131 1664 φιλονεικήσαντες
1158 1588 1378 1651 αὐτοὺς,
1419 1586 1521 1639 οὐκ
1549 1584 1708 1637 αὐτοὶ

154 1694 252 1748 καθ’
280 1689 477 1746 ἑαυτῶν
518 1685 797 1755 ἐπάγουσι
832 1702 891 1739 τε
936 1683 1033 1737 καὶ
1063 1682 1301 1750 ἄφυκτον
1353 1677 1563 1745 ταύτην
1606 1692 1709 1728 κα-

154 1784 511 1848 τασκευάζουσι
537 1777 887 1851 περιφανῶς.
922 1776 986 1829 Ol.
1016 1773 1127 1843 γὰρ
1160 1770 1408 1840 πονηρᾶς
1438 1768 1704 1836 δημιουρ-

157 1880 271 1948 γίας,
302 1894 371 1931 ων
394 1875 616 1937 ἔκδικος
644 1874 786 1942 ἡμῖν
813 1872 841 1923 ὁ
862 1866 1073 1938 Σωτὴρ,
1103 1862 1331 1926 τούτους
1352 1862 1528 1929 δυσφη
1540 1857 1707 1929 μοῦν-

155 1989 227 2035 re;
276 1967 549 2038 προελθεῖν
572 2005 589 2030 ,
636 1963 819 2033 πολλῷ
879 1957 1264 2032 χαλεπώτερον
1321 1952 1563 2023 τολμῶσι
1602 1949 1713 2002 τῶν

157 2036 415 2115 ἀνελόντων
435 2054 663 2120 αὐτούς.
700 2053 766 2107 Oi
800 2052 901 2123 μὲν
936 2050 1043 2121 γὰρ
1076 2048 1219 2101 κατά
1262 2042 1535 2113 σωμάτων
1561 2036 1712 2101 ἅπαξ

159 2154 341 2223 ἀφῆκαν
360 2150 458 2221 τὴν
488 2146 733 2217 πληγὴν,
761 2146 813 2198 οἱ
840 2144 900 2196 δὲ
918 2144 1019 2214 τὴν
1044 2137 1314 2209 πονηρίαν
1341 2135 1526 2196 αὐτοῖς
1552 2130 1713 2201 φύσει

162 2237 735 2311 συγκατασκευάζοντες
757 2277 772 2300 ,
822 2234 995 2288 ἀΐδιον
1051 2230 1321 2299 ὲναφιεῖσι
1358 2226 1456 2297 τὴν
1493 2224 1713 2278 ἀνίατον

163 2337 237 2388 καὶ
267 2331 633 2387 ἀνυπόστατον
669 2325 907 2395 πληγὴν,
945 2322 1086 2393 μετὰ
1112 2320 1174 2374 τὸ
1209 2319 1306 2372 καὶ
1334 2318 1462 2380 τοὺς
1495 2313 1714 2367 ἀνελόν-

163 2445 241 2489 τας
264 2426 446 2487 αὐτοὺς
469 2421 602 2475 ἀντὶ
614 2418 718 2489 τῆς
757 2415 1036 2487 τιμωρίας
1066 2411 1326 2495 ἐπάθλοις
1351 2408 1605 2478 κοσμεῖν,
1646 2404 1715 2457 διῗ

163 2515 223 2571 ὧν
248 2519 333 2588 μὲν
358 2515 454 2585 τῆς
480 2508 813 2582 σωματικῆς
842 2507 1060 2577 ἐκείνης
1093 2504 1311 2573 σφαγῆς
1339 2500 1618 2572 ἀρχηγοὺς
1646 2498 1715 2568 τῇ

162 2608 320 2679 γνώμῃ
366 2602 716 2676 παριστῶσιν
747 2598 1002 2660 ἑαυτούς.
1054 2598 1167 2650 Καὶ
1210 2595 1273 2648 ού
1306 2592 1483 2646 ταῦτα
1531 2590 1716 2661 μόνον,

164 2703 236 2755 καί
254 2718 326 2753 τοι
359 2694 671 2769 τηλικαῦτα
699 2694 852 2754 ὄντα,
886 2690 1024 2745 ἀλλὰ
1051 2690 1148 2745 καὶ
1180 2686 1288 2743 ἀπὸ
1313 2686 1411 2756 τῆς
1439 2682 1585 2737 κατὰ
1611 2683 1719 2734 τῶν

166 2792 394 2863 σωμάτων
445 2779 747 2855 άσελῆιείας
792 2783 890 2837 ἐπὶ
940 2782 1032 2835 τὸν
1075 2779 1254 2834 κοινὸν
1290 2776 1573 2845 Δεσπότην
1626 2771 1721 2827 καὶ

163 2883 470 2954 Δημιουργδν
487 2880 795 2948 ἀναφέρειν
825 2876 890 2929 ού
919 2873 1233 2945 φρίττουσιν
1263 2872 1362 2939 τὴν
1401 2866 1719 2935 ἀσέλγειαν.

162 2969 239 3037 οἷς
279 2973 401 3042 γάρ,
435 2965 514 3024 ὧν
544 2972 701 3024 ἐστιν
750 2967 991 3029 ἔκδικος,
1045 2962 1247 3024 κακίας
1296 2958 1552 3028 λέγουσιν
1582 2954 1723 3027 ἔργα

166 3069 244 3119 καί
272 3061 639 3136 θεραπευτὰς,
698 3058 913 3121 τούτοις
964 3054 1064 3126 τὴν
1120 3053 1300 3123 ὓϐριν,
1337 3049 1454 3104 ἀλλ’
1511 3048 1612 3101 ούκ
1656 3047 1723 3101 ἂν

164 3160 479 3227 ὀνομάσαιμι,
516 3150 972 3223 συνεξυϐριςουσι
997 3148 1091 3200 καὶ
1124 3146 1215 3200 τὸν
1238 3143 1551 3214 ἐκδικητὴν.

220 3249 332 3306 KA'.
372 3251 497 3303 Ὀτι
531 3248 598 3301 δὲ
644 3246 756 3297 τῶν
809 3239 1106 3314 προφητῶν
1157 3239 1186 3291 ὁ
1234 3238 1429 3309 χορὸς,
1481 3236 1578 3290 καὶ
1634 3229 1723 3298 αἷς

168 3341 458 3413 ἱερολογίαις
481 3336 704 3407 Μωσῆς
734 3333 1147 3405 ύπηρετήσατο,
1179 3329 1333 3383 αὐτοί
1359 3345 1420 3381 τε
1459 3326 1595 3380 Θεοῦ
1625 3343 1724 3379 πε-

169 3440 339 3507 φήνασι
369 3434 464 3488 τοῦ
522 3430 740 3501 ἀγαθοῦ
769 3428 867 3481 καὶ¹
908 3426 1138 3496 πλάσμα
1185 3423 1279 3476 καὶ
1304 3418 1602 3491 λατρευταὶ
1631 3416 1726 3470 καὶ

164 3524 224 3580 ὧν
257 3528 522 3597 ὑποφῆται
566 3520 916 3595 χρηματίσαι
959 3518 1122 3589 χάριν
1170 3515 1383 3577 ἔλαϐον,
1436 3512 1727 3574 ἐπιπνοίας

165 3617 220 3691 ἢν
232 3621 384 3675 ταῦτα
401 3621 501 3673 καὶ
520 3616 788 3689 προνοίας
818 3608 1187 3683 ἀγαθουργοῦ,
1207 3610 1303 3662 καὶ
1318 3606 1472 3661 οὐδὲν
1491 3601 1559 3677 ἦν
1591 3605 1729 3676 πρός

168 3734 219 3784 τε
241 3718 328 3787 τὴν
356 3717 479 3768 τότε
510 3713 629 3767 τῶν
659 3709 968 3781 ἀνθρώπων
996 3707 1193 3776 ἀκοὴν,
1218 3701 1344 3757 οὗτε
1393 3700 1728 3770 σοφώτερον,

167 3808 267 3862 οὔτε
294 3805 725 3876 ἀσφαλέστερον,
777 3799 895 3853 ἀλλ’
938 3796 1065 3851 οὔτε
1098 3795 1376 3865 σωτηρίαν
1427 3791 1731 3862 παρασχεῖν

172 3895 653 3970 ἑτοιμότερον,οὐδὲ
681 3890 1099 3964 χειραγωγῆσαι
1127 3887 1357 3959 βέλτιον,
1379 3884 1541 3948 αὐτὸς
1569 3883 1733 3937 πάλιν

172 3996 279 4063 ἡμῖν
302 3996 331 4047 ὁ
376 3994 472 4046 καὶ
503 3992 616 4060 τῆς
648 3989 886 4050 παλαιᾶς
913 3985 1012 4041 καὶ
1052 3984 1155 4054 τῆς
1190 3982 1316 4045 νέας
1346 3981 1613 4050 διαθήκης
1638 3979 1734 4030 Δε-

174 4087 368 4156 σπότης,
414 4084 658 4155 παρέχει
697 4081 792 4135 καῖ⁸
841 4078 942 4150 τὴν
969 4074 1269 4141 ἀπόδειξιν.
1311 4070 1584 4143 Τοιαύτην
1626 4069 1734 4140 γὰρ

171 4183 263 4243 τοῖς
292 4181 610 4251 προφήταις
638 4177 755 4238 τοῖς
781 4171 948 4227 αὑτοῦ
975 4169 1250 4241 παρέσχεν
1276 4166 1461 4239 ἔργοις
1499 4164 1597 4236 τὴν
1636 4164 1736 4232 τῆς

170 4272 397 4341 ἀληθείας
430 4268 771 4339 ἀσφάλειαν,
802 4264 900 4318 καὶ
924 4264 1005 4325 είς
1032 4260 1304 4329 τοσαύτην
1329 4257 1555 4320 τούτους
1577 4254 1735 4319 δόξαν

170 4364 248 4417 καὶ
270 4362 633 4434 περιφάνειαν
670 4356 913 4427 ὕψωσεν,
950 4353 1094 4407 ὥστε
1124 4353 1188 4406 οὐ
1217 4352 1287 4405 τὰ
1319 4350 1599 4422 παράδοξα
1628 4348 1737 4401 τῶν

174 4458 325 4525 ἔργων
352 4458 540 4527 μόνον
600 4450 830 4514 τούτους
880 4446 1222 4502 ἐπιδείκνυσι
1267 4442 1737 4516 προκαταγγεῖλαι

1796 573 1947 617 ctare
1967 561 2125 630 jubet
2144 571 2333 629 poenas
2358 554 2703 625 promeritus,
2734 554 2883 624 quod
2921 568 3033 606 non
3064 552 3241 606 solum
3269 552 3386 607 dis-

1797 653 2112 725 persionem
2135 667 2164 705 a
2194 649 2350 706 vobis
2389 647 2629 702 invicem
2688 644 2972 715 irrogabit,
3007 643 3104 699 sed
3123 652 3179 697 et
3211 643 3387 712 ipsam

1798 747 1991 802 urbem
2046 744 2295 799 funditus
2332 748 2566 803 evertet,
2625 747 2681 794 et
2726 738 3000 792 desertam
3048 735 3260 789 reddet.
3329 733 3388 787 Si

1798 838 1967 910 igitur
2002 836 2197 891 .audax
2250 835 2306 888 in
2345 829 2743 903 prophetarum
2794 828 3120 899 sanguinem
3173 826 3390 890 facinus

1800 939 1856 987 et
1905 929 2204 985 missorum
2242 926 2422 981 caedes
2450 923 2675 978 Judaeos
2719 921 2777 975 in
2817 920 3098 975 miseriam
3143 916 3389 988 coiijicit,

1802 1033 1974 1094 atque
2024 1021 2245 1077 initium
2289 1018 2417 1073 facit
2471 1026 2731 1073 extrema:
2769 1017 3011 1084 ipsorum
3044 1011 3388 1075 calamitatis,

1802 1112 2079 1185 quomodo
2119 1127 2232 1165 non
2284 1111 2428 1166 idem
2467 1108 2762 1179 judicium,
2796 1122 2867 1160 ne
2922 1106 3100 1159 dicam
3146 1104 3388 1173 gravius,

1804 1204 2019 1259 strenui
2087 1201 2402 1256 Judzeorum
2470 1197 2803 1259 imitatores,
2877 1194 2990 1249 imo
3048 1192 3268 1246 eosdem
3331 1200 3393 1244 ut

1806 1302 2090 1364 superent,
2144 1292 2480 1355 adnitentes,
2542 1288 2645 1358 ipsi
2691 1287 2766 1341 illi
2815 1286 2871 1340 in
2913 1300 2974 1339 se
3025 1281 3393 1345 transferunt,

1808 1384 1978 1454 idque
2034 1382 2326 1438 manifeste
2370 1378 2703 1435 inevitabile.
2748 1374 3038 1431 reddunt?
3091 1372 3193 1438 Qui
3243 1372 3396 1426 enim

1808 1492 1928 1541 eos,
1983 1490 2216 1545 quorum
2268 1474 2503 1528 ultorem
2543 1470 2804 1524 Servator
2862 1482 2921 1522 se
2984 1466 3143 1521 nobis
3171 1465 3398 1525 sistit.a

1808 1569 1955 1625 malo
1995 1567 2265 1638 principio
2309 1563 2587 1635 proﬁcisci
2637 1561 3045 1617 calumniantur
3072 1600 3087 1621 ,
3144 1558 3223 1611 illi
3272 1572 3399 1627 gra-

1810 1661 1966 1716 viora
1998 1658 2207 1714 audent
2259 1657 2401 1720 istis,
2461 1655 2555 1724 qui
2612 1668 2710 1708 cos
2749 1667 2813 1707 ex
2867 1653 2974 1706 vita
3035 1649 3399 1705 sustulerunt.

1811 1752 1893 1808 llli
1934 1751 2081 1807 enim
2114 1749 2290 1805 semel
2333 1747 2660 1818 corporibus
2720 1760 2919 1799 manus
2954 1743 3281 1805 intulerunt,
3324 1750 3402 1806 at,

1814 1846 1908 1917 qui
1942 1844 2206 1900 malitiam
2238 1850 2435 1898 natura
2464 1839 2604 1910 ipsis
2642 1838 2865 1893 insitam
2917 1845 3218 1905 nugantur,
3276 1849 3402 1904 per-

1813 1944 1984 2008 petuo
2034 1935 2143 1989 illis
2178 1935 2366 2003 plagas
2395 1932 2643 1986 inierunt
2672 1926 3013 1985 insanabiles
3046 1937 3103 1983 et
3141 1927 3406 1981 intolera-

1813 2026 1978 2088 biles,
2038 2022 2313 2092 siquidem
2373 2030 2430 2075 et
2480 2020 2760 2074 occisores
2813 2031 3004 2076 eor,qu
3064 2029 3167 2085 pro
3224 2028 3408 2084 preme

1814 2116 2060 2190 praemiis
2091 2122 2315 2179 ornant,
2358 2120 2524 2182 atque
2546 2111 2627 2166 sic
2665 2110 2843 2180 quoad
2876 2117 3120 2163 mentem
3148 2115 3205 2160 et
3234 2104 3404 2159 animi

1815 2209 2149 2266 sententiam
2200 2206 2367 2261 caedis
2425 2203 2593 2274 hujus
2639 2214 2922 2271 corporeae
2969 2198 3139 2252 duces
3178 2211 3238 2251 se
3276 2210 3413 2265 pro-p

1816 2305 1973 2361 bant.
2032 2301 2167 2367 Quae
2223 2296 2476 2369 quamvis
2533 2293 2720 2367 gravia
2772 2294 2905 2357 sint,
2950 2306 3021 2345 ne
3055 2290 3138 2345 sic
3182 2288 3413 2358 quidem

1819 2394 1930 2448 illis
1982 2391 2284 2454 suiIiciunt,
2334 2388 2428 2459 qui
2512 2387 2698 2457 potius
2752 2382 3114 2455 petulantiam
3166 2394 3321 2435 suam
3377 2394 3409 2432 a

1818 2485 2147 2556 corporibus
2207 2483 2277 2538 ad
2337 2493 2692 2538 communem
2741 2476 3036 2530 Dominum
3089 2483 3145 2528 et
3199 2472 3409 2527 Condi»

1820 2590 1995 2635 torem
2018 2584 2345 2633 convertere
2375 2588 2485 2628 non
2511 2580 2794 2627 verentur.
2826 2566 3059 2634 Quando
3090 2565 3242 2619 enim
3282 2579 3407 2627 eos,

1821 2686 2058 2742 quorum
2092 2669 2239 2723 ultor
2269 2675 2374 2729 est,
2430 2663 2659 2720 malitiaa
2690 2676 2856 2733 opera
2884 2669 2940 2715 et
2971 2659 3253 2714 ministros
3292 2670 3415 2711 esse

1822 2765 2036 2827 dicunt,
2069 2769 2185 2815 tum
2219 2757 2443 2829 injuria,
2473 2756 2563 2811 vix
2588 2755 2767 2809 ausim
2813 2752 3021 2821 dicere,
3070 2750 3248 2823 ipsum
3272 2764 3413 2820 quo-

1823 2870 1933 2926 que
1965 2853 2239 2913 vindicem
2265 2866 2458 2908 eorum
2488 2848 2757 2907 alliciunt.

1905 3255 2050 3312 XXI.
2083 3254 2239 3322 Quod
2297 3270 2429 3310 vero
2480 3250 2876 3325 preplietarum
2904 3248 3112 3303 chorus
3153 3253 3211 3302 et
3246 3245 3425 3300 Moses

1834 3351 1891 3405 in
1925 3349 2097 3404 sacris
2121 3348 2379 3413 oraculis,
2426 3362 2547 3416 qua:
2578 3344 2992 3406 ediderunt,‘nt
3046 3354 3183 3409 opus
3231 3336 3326 3395 Dei
3370 3346 3421 3389 et

1834 3441 2073 3498 ministri
2126 3440 2263 3495 Boni
2324 3444 2774 3507 comparuerunt,
2828 3443 2993 3500 atque
3052 3446 3137 3493 ea,
3187 3440 3423 3498 quorum

1836 3533 2131 3606 praanuntii
2158 3529 2421 3600 appellari
2462 3528 2840 3588 merebantur,
2874 3524 2943 3577 ab
3006 3521 3190 3576 aillatu
3221 3530 3275 3573 et
3301 3533 3413 3588 pro-

1847 3625 2088 3680 videntia
2124 3623 2307 3678 divina
2339 3620 2577 3691 profecta
2611 3624 2855 3682 erant,et
2878 3614 3006 3669 talia
3025 3612 3275 3676 omnino,
3304 3608 3427 3679 quis

1837 3720 1942 3774 bus
1971 3734 2038 3772 eo
2063 3727 2312 3784 tempore
2352 3714 2405 3766 in
2435 3710 2661 3765 auribus
2702 3706 2986 3761 hominum
3027 3702 3167 3757 nihil
3203 3700 3424 3770 sapien—

1839 3810 1974 3876 tius,
2005 3808 2191 3864 verius
2206 3806 2501 3877 nihil,‘aut
2528 3802 2593 3858 ad
2627 3802 2866 3863 salutem
2895 3796 3195 3868 parandam
3218 3792 3424 3862 aptius,

1838 3905 1927 3959 vel
1953 3902 2020 3958 ad
2054 3901 2360 3957 docendum
2389 3897 2588 3953 melius
2619 3893 2806 3959 fuerit,
2837 3891 2955 3961 ipse
2982 3889 3179 3942 iterum
3210 3883 3433 3939 Veteris

1841 4008 1897 4051 et
1920 3995 2059 4051 Novi
2088 3990 2427 4049 Testamenti
2462 3989 2730 4045 Dominus
2763 3987 3126 4040 demonstrat.
3158 3978 3437 4049 Operibus

1840 4091 1990 4144 enim
2002 4088 2118 4144 suis
2142 4084 2429 4157 prophetis
2451 4098 2570 4139 eam
2591 4078 2839 4137 veritatis
2869 4075 3031 4130 fidem
3056 4072 3205 4135 fecit,
3231 4084 3437 4138 eosque

1843 4170 1899 4238 in
1923 4189 2132 4237 tantam
2152 4179 2377 4251 gloriam
2404 4186 2459 4231 et
2483 4175 2806 4246 dignitatem
2841 4168 3044 4231 evexit,
3081 4173 3142 4219 ut
3161 4163 3436 4227 ostendat,

1842 4284 1939 4339 ’eas
1979 4292 2091 4330 non
2114 4274 2291 4330 solum
2325 4269 2597 4326 mirabilia
2628 4281 2801 4336 opera
2820 4278 2918 4318 sua
2949 4258 3293 4331 pradixisse,
3320 4263 3435 4316 aut,

1844 4384 2069 4422 crucem
2097 4374 2153 4421 et
2186 4374 2449 4426 mortem,
2481 4374 2647 4430 quam
2701 4349 3093 4427 pe'rpessurus,
3154 4360 3437 4420 genusque

1846 4468 2095 4512 nostrum
2160 4457 2236 4509 ita
2304 4453 2690 4519 redempturus
2757 4447 2983 4510 sit;aut
3055 4440 3125 4494 [cl
3185 4446 3239 4493 et
3313 4450 3438 4489 ace-

172 4549 253 4601 iml
299 4525 566 4608 ἀνειπεῖν,
618 4543 730 4596 οὐδ’
784 4543 869 4595 ὅτι
914 4538 1149 4608 σταυρὸν
1200 4536 1294 4589 καὶ
1343 4535 1597 4598 θάνατον,
1650 4526 1722 4595 οἷς

1836 4559 1975 4611 ιυιιι,
2033 4548 2233 4619 quibus
2286 4544 2562 4616 potandus
2612 4542 2727 4605 sit,
2770 4546 2864 4592 aut
2912 4535 3070 4600 solis,
3125 4530 3435 4602 passionem

174 4642 521 4711 ὑποστήσεται
556 4637 674 4709 (l7)
713 4634 881 4689 σώσει
909 4633 973 4686 τὸ
1000 4632 1154 4699 γένος
1192 4628 1352 4700 ἡμῶν
1376 4644 1393 4659 ⁶
1426 4625 1551 4679 οὐδὲ
1577 4624 1740 4696 χολὴν

176 4732 256 4785 καὶ
278 4732 413 4798 ὅξος,
440 4731 521 4793 ὡς
556 4727 676 4799 (18)
706 4724 1099 4794 ποτισθὴσεται
1118 4737 1134 4752 ο
1167 4720 1279 4772 οὐδ’
1307 4718 1391 4772 ὅτι
1413 4716 1476 4769 τὸ
1517 4714 1690 4778 πάθος
1715 4715 1743 4766 ὁ

176 4824 299 4894 illam
322 4826 381 4878 ού
418 4824 613 4895 φέρων
645 4817 1090 4887 σκοτισθήσεται,
1108 4813 1229 4869 οὐδ’
1272 4813 1374 4866 ὅσα
1419 4809 1554 4864 ἄλλα
1609 4804 1746 4877 μετά

178 4915 254 4969 τοῦ
280 4906 605 4988 ὑπερφυοῦς
642 4910 984 4967 καθικαστον
1029 4906 1156 4977 ἔσχε
1191 4906 1289 4976 τὴν
1340 4902 1571 4956 ἔκϐασιν
1604 4902 1748 4954 ἀπαί-

182 5010 459 5083 ράτρεπτον
482 5026 495 5040 ·
534 5006 657 5061 ἀλλ’
689 5003 799 5059 οὐδ’
826 5005 909 5057 ὅτι
932 5001 1025 5055 ἐπὶ
1060 4999 1238 5053 πῶλον
1259 4998 1381 5051 δνου
1414 4995 1746 5059 καθεδεῖται,

180 5100 256 5150 καὶ
280 5098 380 5151 τῶν
430 5093 992 5165 δυσανασχετούντων
1020 5092 1147 5153 τοὺς
1178 5088 1375 5151 παῖδας
1398 5084 1737 5156 ὑμνολόγους

180 5186 291 5251 ἔξει.
333 5186 620 5256 Ούμενοῦν
674 5183 827 5237 οὐδὲν
856 5180 1064 5234 τούτων
1103 5178 1286 5248 ἀφῆκε
1329 5178 1404 5246 μὴ
1436 5175 1580 5231 κατὰ
1616 5174 1746 5236 τοὺς

184 5276 380 5330 ἐκείνων
407 5278 609 5345 λόγους
639 5275 739 5328 καὶ
774 5273 876 5337 τὰς
907 5269 1252 5342 προφητείας
1293 5267 1602 5339 προελθεῖν,
1651 5266 1747 5319 καὶ

186 5370 350 5422 δίωτον
381 5371 657 5436 ἐπιδεῖξαι
698 5366 1191 5438 διαπραττόμενον.
1233 5361 1408 5429 Καίγε
1452 5360 1506 5414 τί
1568 5376 1741 5430 προσ-

192 5458 394 5534 litavi-iv,
421 5463 514 5516 τὸν
534 5462 834 5529 ἁναιρέτην
852 5459 957 5528 τῆς
980 5455 1200 5521 κακίας,
1234 5454 1328 5508 καὶ
1354 5445 1415 5506 οὗ
1441 5452 1542 5523 τῆς
1563 5452 1751 5523 ἐπιδη-

1848 4644 1991 4698 hanc
2034 4656 2149 4709 non
2206 4638 2460 4702 ferentis,
2532 4630 3025 4693 obscurationem;
3079 4631 3175 4677 aut
3204 4633 3209 4639 '
3242 4630 3437 4675 caztera

1844 4724 2057 4800 omnia,
2118 4747 2241 4803 qua:
2291 4729 2513 4799 quidem
2581 4723 2818 4795 singula,
2876 4729 2937 4774 ut
2990 4712 3437 4786 supernaturalia

1840 4836 2031 4892 erant,
2064 4802 2321 4880 eventum
2384 4814 2829 4874 indeclinabilem
2882 4808 3297 4868 sortiebantur;
3342 4802 3440 4857 sed

1850 4930 1909 4976 et
1941 4919 2087 4990 quod
2128 4932 2295 4988 super
2327 4914 2534 4984 pullum
2566 4910 2733 4964 asina:
2758 4916 3034 4967 sessurus,
3067 4908 3124 4969 et
3147 4896 3445 4967 indignan-

1850 4986 1987 5065 tium
2020 5007 2162 5062 ﬁlios
2198 4986 2525 5059 laudatores
2583 4998 2875 5054 habiturus
2932 4992 3025 5047 sit.
3082 4989 3315 5053 Horum,
3357 4986 3447 5038 in-

1850 5117 2040 5173 quam,
2093 5099 2231 5154 nihil
2286 5097 2561 5165 reliquum
2607 5090 2759 5155 fecit,
2794 5085 2943 5158 quod
2973 5098 3086 5137 non
3141 5077 3446 5133 secundum

1845 5207 2133 5250 sermones
2158 5206 2350 5245 eorum
2388 5198 2444 5243 et
2501 5184 2757 5241 vaticinia
2778 5181 3163 5251 perﬁceretur,
3202 5183 3371 5239 seque
3396 5166 3449 5221 id

1845 5286 2069 5343 efﬁcere
2120 5293 2437 5340 testaretur.
2503 5279 2625 5334 Jam
2647 5292 2778 5332 vero
2827 5270 2963 5343 quid
3013 5266 3243 5323 decebat
3297 5275 3446 5323 eum,

1862 5380 1955 5448 qui
1989 5378 2195 5432 malum
2226 5376 2549 5431 sublaturus
2596 5376 2717 5427 erat
2747 5382 2778 5424 e
2834 5362 3041 5427 medio,
3072 5369 3127 5415 et
3160 5355 3318 5425 cujus
3345 5349 3446 5404 ad-

1860 5481 2061 5529 ventus
2115 5469 2461 5542 potissimum
2485 5466 2556 5523 ad
2610 5460 2912 5536 tyrannidis
2941 5453 3293 5515 abolitionem
3326 5458 3450 5514 spo-

1299 5588 1539 5644 ἾΑΒΙΑΕ
1588 5587 1981 5643 LECTIONES
2018 5584 2108 5640 ΕΤ
2135 5582 2369 5643 NOTAE.

252 5738 353 5805 (Π)
397 5738 860 5803 Ὑποστήσεται.
892 5732 1179 5805 Excidisse
1200 5732 1294 5805 hic
1327 5731 1544 5787 videtur
1577 5728 1843 5800 particula
1877 5728 1991 5783 καί.

249 5797 353 5881 illi)
399 5810 520 5877 Ὦς.
552 5797 714 5866 Forte
746 5807 954 5865 rectius
982 5803 1178 5876 legeris
1207 5797 1310 5867 οἷς.
