3886 6434
449 337 553 414 227

1501 343 1506 346 ’
1601 345 1866 408 ΡΗΟΤΙΙ
1907 346 2417 410 ΡΑΤΒΙΑΒΟΗΑΞ
2455 349 2566 410 CP.

3623 358 3737 423 ΞΒ

450 465 657 524 ctabat.
683 477 810 519 cum
859 469 1050 518 nosset
1099 469 1214 517 tum
1248 459 1535 534 praedicta,
1563 469 1679 517 tum
1712 478 1830 529 eos,
1850 462 2017 533 quiet

2141 463 2270 534 μίας
2299 465 2358 518 τὸ
2389 466 2653 536 μέγιστον
2673 467 2708 537 ή
2727 465 2830 537 τῆς
2847 468 3170 540 τυραννίδος
3191 468 3518 536 κατάλυσις,
3547 470 3739 525 εῑδότα

446 559 819 630 ριίκὰἰιοτειιι
841 556 867 610 ?
896 556 1096 611 Utrum
1140 554 1326 609 omnia
1365 553 1475 608 illis
1519 555 1798 610 contraria
1828 555 2032 621 facere,

453 651 502 706 si
530 666 562 704 a
593 648 872 704 contrario
901 645 1172 717 principio
1201 653 1386 701 essent
1415 647 1681 717 profecta,
1730 662 1800 702 an
1853 647 2037 717 potius

447 755 675 811 operam
715 740 845 794 dare
877 738 1058 808 ipsum
1097 738 1349 803 decebat,
1386 747 1448 794 ut
1494 739 1678 794 omnia
1735 739 2036 810 impleren-

450 842 560 900 tur,
625 832 874 902 nihilque
925 845 1141 895 eorum,
1174 846 1296 899 qua:
1326 831 1429 901 ipsi
1477 831 1866 901 praedixerant,
1915 831 2037 886 irri-

448 936 562 980 tum
593 924 946 994 relinquere?
975 923 1140 994 Atqui
1165 923 1420 979 Christus
1450 923 1586 979 adeo
1639 923 1778 978 nihil
1813 938 2031 990 eorum,

445 1033 569 1086 qua:
619 1016 658 1070 ii
709 1015 994 1070 vaticinati
1049 1023 1227 1082 erant,
1277 1015 1541 1086 neglexit,
1598 1023 1658 1069 ut
1690 1029 1858 1086 saepe,
1903 1030 2032 1070 cum

443 1112 652 1182 aliquid
694 1111 922 1178 faceret,
969 1111 1246 1174 innueret,
1296 1127 1357 1166 se
1385 1111 1486 1164 ista
1511 1109 1715 1175 facere,
1752 1119 1920 1181 prout
1954 1109 2030 1164 illi

442 1204 667 1275 quidem
697 1203 1076 1274 praaviderint,
1103 1212 1159 1258 et
1193 1202 1572 1273 praedixerint,
1615 1217 1897 1272 operaque
1919 1217 2020 1258 sua

443 1297 762 1351 nullatenus
821 1297 891 1351 ab
939 1295 1006 1350 iis
1047 1296 1221 1359 abire,
1279 1311 1404 1366 quae
1437 1295 1506 1350 ab
1537 1295 1658 1349 istis
1683 1305 1846 1349 erant
1887 1311 2031 1366 prae-

440 1385 609 1440 dicta.
656 1387 808 1440 Adeo
843 1400 1025 1456 opera:
1079 1387 1317 1456 pretium
1343 1386 1559 1455 putavit
1589 1387 1904 1452 ostendere,
1934 1401 2030 1441 eos

440 1496 563 1536 esse
595 1495 842 1543 veraces,
892 1495 1256 1551 magnamque
1302 1479 1356 1533 in
1397 1495 1463 1534 eo
1509 1495 1697 1533 curam
1731 1480 1933 1549 posuit,
1971 1486 2033 1533 ut

438 1571 865 1636 demonstraret,
921 1568 1043 1623 illos
1086 1569 1200 1624 veri
1247 1567 1343 1622 Dei
1369 1575 1425 1622 et
1474 1567 1653 1622 Patris
1705 1583 1867 1623 veros
1907 1583 2030 1623 esse

439 1661 744 1732 prophetas
783 1668 840 1714 et
883 1660 1193 1714 ministros.
1247 1659 1316 1713 Et
1348 1659 1596 1728 quicum
1632 1659 1845 1714 ratione
1889 1674 2027 1714 con-

437 1751 611 1806 ciliari
669 1760 878 1821 posset,
927 1751 1231 1820 prophetas
1277 1749 1531 1804 veritatis
1563 1749 1771 1805 fontem
1817 1749 2027 1805 consti-

437 1850 620 1908 tuere,
687 1849 783 1897 aut
822 1857 992 1912 opere
1036 1842 1156 1912 ipso
1201 1841 1474 1896 mirabilia
1521 1856 1714 1897 eorum
1766 1841 2022 1897 vaticinia

437 1934 765 1990 conﬁrmare
823 1943 879 1988 et
940 1934 1231 2005 perﬁcere,
1290 1949 1355 1989 ac
1417 1941 1595 1989 totum
1650 1935 1838 1990 orbem
1897 1934 2023 1989 ﬁdei

436 2039 629 2081 eorum
660 2034 831 2081 testes
852 2025 1101 2081 oculatos
1129 2025 1369 2080 sistere?
1398 2025 1547 2080 Idem
1581 2036 1731 2080 certe
1766 2026 1870 2081 hoc
1913 2034 2021 2090 est,

434 2133 502 2174 ac
535 2118 582 2172 si
637 2117 840 2173 veritas
878 2117 1002 2188 ipsa
1059 2117 1308 2184 doceret,
1366 2118 1624 2190 principii
1663 2118 1879 2173 hostilis
1916 2117 2024 2172 hoc

431 2224 557 2266 esse
615 2209 938 2281 negotium,
1000 2219 1064 2264 ut
1149 2210 1442 2265 veritatem
1515 2218 1793 2281 suggerat.
1874 2207 2020 2264 Nota

431 2318 585 2367 vero,
651 2301 1028 2366 Servatorem,
1093 2301 1246 2372 pullo
1320 2311 1563 2365 vectum,
1625 2301 1729 2355 alia
1798 2314 2021 2370 quoque

405 2392 764 2462 .subinnuere
789 2433 802 2444 .
825 2389 940 2444 Hoc
971 2389 1183 2444 scilicet
1219 2389 1465 2443 ornnium
1514 2387 1752 2443 maxime
1782 2386 2018 2441 manife-

431 2491 577 2538 stum
622 2491 740 2546 est,
788 2482 933 2550 quod
993 2481 1338 2550 prOphetiam
1391 2480 1719 2533 conﬁrmare
1761 2488 2020 2536 conetur.

432 2574 854 2630 Sanctisslmum
879 2573 1026 2626 enim
1058 2572 1163 2625 hoc
1193 2571 1480 2626 oraculum
1510 2569 1715 2625 edicit:
1748 2571 1866 2625 Hoc
1888 2585 2020 2625 vero

430 2683 594 2722 omne
626 2666 830 2720 factum
864 2673 980 2730 est,
1014 2674 1075 2719 ut
1106 2664 1452 2735 impleretur,
1507 2665 1653 2735 quod
1697 2667 2005 2722 enntiatum

428 2769 514 2816 est
538 2775 637 2830 per
676 2758 1008 2828 Pmphelam
1067 2757 1343 2813 dicentem
1391 2773 1404 2810 :
1453 2757 1624 2812 Dicite
1669 2759 1795 2828 lilia:
1841 2758 1969 2814 Sion
1997 2773 2018 2811 :

429 2852 566 2906 Ecce
594 2851 706 2906 Rea:
731 2860 850 2904 tuus
872 2852 1011 2904 venit
1063 2850 1156 2904 tibi
1181 2859 1510 2904 mansuetus:
1553 2861 1602 2905 et
1632 2852 1814 2905 sedens
1861 2867 2016 2920 super

429 2944 664 3008 asinam,
696 2950 744 2996 et
773 2941 979 3010 pullum
1006 2941 1300 3012 subjugalis
1324 2942 1389 2996 ιδ.
1423 2941 1692 3008 Videsne,
1741 2943 2017 3013 quomodo

429 3033 692 3089 Servator
741 3031 934 3088 mundi
983 3033 1134 3103 pullo
1178 3033 1416 3088 insideat
1461 3033 1527 3088 ad
1580 3034 1911 3104 implendam
1960 3042 2017 3089 et

427 3125 865 3182 conﬁrmandam
895 3123 1426 3196 prophetiam?Qu:e
1450 3125 1620 3191 enim,
1645 3141 1854 3194 quaeso,
1875 3125 1920 3180 si
1945 3127 2014 3181 ab

428 3217 538 3273 hoc
559 3217 874 3273 testimonio
911 3217 1094 3272 dando
1119 3217 1462 3281 discesseris,
1492 3218 1596 3272 alia
1628 3233 1793 3273 causa
1825 3219 2017 3274 adesse

427 3309 672 3374 videtur,
730 3324 874 3378 qum,
922 3309 1011 3363 via
1058 3308 1197 3363 adeo
1244 3308 1400 3363 brevi
1449 3309 1773 3376 exsistente,
1827 3308 2016 3364 .lesum

429 3401 583 3472 pullo
612 3399 851 3455 insidere
880 3399 1136 3466 suaserit,
1162 3400 1256 3468 qui
1299 3415 1444 3470 saepe
1465 3409 1523 3456 et
1557 3401 1734 3456 varias
1778 3401 1895 3456 vias
1919 3416 2017 3472 pe-

429 3493 592 3548 dibus
620 3491 970 3560 confecerat?
996 3493 1104 3546 Aut
1133 3507 1296 3561 quam
1333 3491 1558 3562 gloriam
1589 3491 1772 3562 pullus
1809 3493 2016 3556 attulit,

426 3583 560 3638 dum
612 3583 888 3654 portabat,
928 3582 1001 3648 ei,
1048 3582 1143 3652 qui
1183 3582 1354 3638 verbo
1398 3583 1620 3638 virtutis
1673 3599 1787 3639 sua:
1833 3591 2018 3654 portat

426 3676 652 3730 omnia?
701 3674 860 3741 Quod
887 3689 1018 3730 vero
1067 3690 1294 3746 regnum
1347 3675 1633 3746 subjugale
1672 3677 2012 3748 praedicavit,

426 3768 559 3823 dum
585 3767 890 3824 sustinebat
912 3774 1130 3822 vectum
1163 3783 1344 3840 regem
1367 3768 1617 3823 Israelis?
1641 3769 2014 3825 Humilitatem

425 3859 577 3920 enim
614 3868 673 3914 et
715 3859 1194 3914 mansuetudinem
1231 3859 1276 3913 si
1315 3875 1428 3914 non
1470 3860 1664 3931 magis,
1700 3871 1850 3917 certe
1901 3877 2014 3918 non

427 3948 612 4003 minus
661 3955 915 4002 testatam
952 3947 1194 4013 fecisset,
1240 3950 1287 4004 si
1334 3950 1438 4005 iter
1490 3951 1724 4017 pedibus
1765 3952 2011 4009 iecisset.

427 4039 580 4093 Adeo
609 4053 695 4102 ea,
727 4054 850 4108 quae
880 4040 1082 4095 veteris
1111 4050 1268 4096 erant
1311 4043 1648 4105 testamenti,
1697 4060 1821 4100 cum
1871 4061 2014 4102 novo

428 4127 762 4196 conjunxit:
795 4127 934 4184 adeo
981 4137 1037 4184 et
1083 4130 1267 4184 verbis
1295 4140 1352 4186 et
1401 4131 1562 4188 Iactis
1617 4134 1849 4190 edocere
1885 4151 2014 4206 per-

427 4217 603 4283 rexit,
645 4233 710 4272 ex
755 4218 945 4274 eadem
1005 4219 1253 4275 bonitate
1293 4231 1350 4276 et
1398 4238 1538 4278 nova
1593 4225 1683 4280 illa
1705 4226 2009 4296 proﬁcisci,

2141 559 2238 610 καὶ
2267 557 2337 610 τὰ
2368 558 2839 630 προφητευθέντα,
2871 562 2969 614 καὶ
2989 562 3041 614 οἱ
3078 561 3253 617 ταῦτα
3279 564 3735 634 προεφήτευσαν,

2137 649 2370 720 πότερον
2403 648 2737 714 άπεναντίας
2761 650 2989 705 ἐκείνων
3019 651 3238 707 ἅπαντα
3261 654 3546 723 πράττειν,
3570 653 3739 724 ειπερ

2136 734 2280 811 ἦσαν
2303 740 2364 806 ἐξ
2392 740 2783 812 ἀντικειμένης
2807 742 3062 814 ἀρχῆς,ή
3089 741 3275 814 ζητεῖν
3295 745 3474 798 πάντα
3501 743 3739 816 πληρῶ-

2139 849 2253 898 σαι,
2277 833 2376 888 καὶ
2407 833 2575 904 μηδὲν
2595 833 2758 888 ἐᾶσαι
2787 835 3094 897 διαπεσεῖν,
3130 828 3208 894 ὧν
3238 835 3471 900 ἐκείνοις
3494 835 3741 906 ἐπῆλθεν

2137 928 2339 981 εἰπεῖν.
2381 925 2543 979 ’Δλλά
2571 925 2646 998 μή
2673 925 2932 982 τοσοῦτον
2959 926 3144 998 ὤφθη,
3175 927 3345 997 μηδὲν
3365 928 3476 981 τῶν
3499 927 3743 991 ἐκείνοις

2134 1017 2586 1088 τεθεσπισμένων
2638 1017 2935 1089 ὑπεριδὼν,
2980 1018 3058 1083 ὡς
3108 1019 3202 1073 καὶ
3247 1018 3510 1081 πολλάκις
3557 1020 3620 1072 ἐν
3653 1016 3742 1089 τῷ

2135 1109 2406 1181 πράττειν
2457 1110 2959 1180 ἐπισημαίνεσθαι,
2982 1109 3168 1175 καθὼς
3201 1112 3450 1182 προεῖδον
3502 1113 3737 1176 ἐκεῖνοι,

2135 1202 2232 1256 καὶ
2280 1201 2725 1272 προαπήγγειλον
2765 1201 2912 1256 οὕτω
2961 1205 3162 1269 ποιεῖν,
3215 1203 3312 1258 καὶ
3359 1204 3502 1258 κατά
3555 1203 3739 1274 μηδὲν

2133 1294 2243 1348 τῶν
2273 1295 2504 1360 ἐκείνοις
2542 1294 3098 1366 κεχρησμῳδημένων
3129 1295 3628 1367 ἀπαλλοτριοῦσθαι
3658 1297 3736 1350 τὰ

2134 1384 2273 1456 ἔργα
2307 1385 2496 1440 αὐτοῦ.
2551 1384 2712 1440 Οῦτω
2741 1385 3025 1457 προύργου
3052 1387 3114 1442 τδ
3155 1388 3443 1459 ἀληθεύειν
3476 1390 3740 1454 ἐκείνους

2132 1476 2366 1542 ἐτίθετο,
2390 1478 2486 1530 καὶ
2502 1478 2580 1541 ὡς
2604 1477 2699 1530 τοῦ
2725 1477 2979 1549 ἀληθινοῦ
3010 1477 3150 1533 Θεοῦ
3174 1480 3270 1533 καὶ
3302 1481 3524 1552 Πατρδς
3583 1499 3738 1536 παν-

2131 1567 2354 1637 αληθείς
2387 1567 2635 1639 ὑπῆρχον
2673 1569 2952 1638 ὑποφῆται
2967 1568 3064 1623 καὶ
3101 1569 3362 1635 διάκονοι,
3391 1571 3597 1640 πολλὴν
3625 1571 3738 1644 τὴν

2131 1659 2392 1729 πρόνοιαν
2438 1659 2810 1714 ἐπεδείκνυτο.
2847 1662 2958 1715 Καὶ
2986 1661 3107 1726 πῶς
3145 1661 3211 1717 ἂν
3240 1663 3355 1734 ἔχοι
3399 1663 3580 1733 λόγον,
3616 1683 3738 1737 πη-

2131 1750 2326 1820 γάζειν
2353 1750 2482 1814 τοὺς
2507 1753 2817 1822 προφήτας,
2843 1753 3287 1824 παρασκευάζειν
3313 1754 3411 1826 τήν
3440 1755 3731 1826 ἀλήθειαν,

2061 1814 2104 1870 Β
2132 1814 2189 1909 ii,
2215 1839 2326 1893 τῶν
2355 1814 3128 1912 κεχρησμωδημενωνΙαύτοῖς
3162 1814 3486 1916 stapanva

2131 1931 2308 2002 πέρας
2334 1933 2403 1986 τά
2447 1932 2586 2004 ἔργα
2622 1933 2902 2005 παρέχειν,
2931 1937 3026 1989 καὶ
3051 1937 3152 2006 τῆς
3197 1937 3425 1992 ἐκείνων
3454 1937 3730 2008 ἀληθείας

2129 2025 2232 2093 τὴν
2285 2025 2615 2096 οίκουμένην
2655 2028 2840 2082 πᾶσαν
2887 2027 2976 2082 διά
3046 2029 3155 2084 τῶν
3213 2030 3480 2101 ὀμμάτων
3539 2033 3731 2085 ⁴ιιιοιεῖν

2133 2114 2466 2187 μάρτυρας;
2502 2117 2568 2171 '0
2621 2119 2820 2172 ταυτόν
2897 2120 3015 2174 ἐστι
3063 2117 3167 2190 τῆς
3223 2121 3492 2194 μισούσης
3536 2121 3730 2194 ἀρχῆς

2126 2204 2227 2275 τήν
2273 2204 2537 2275 ἀλήθειαν
2602 2206 2947 2278 ἐπιτήδευμα
2985 2206 3262 2262 διδάσκειν
3308 2203 3448 2261 εἶναι
3495 2207 3558 2260 τὺ
3587 2224 3728 2278 χορ.

2130 2299 2288 2366 ηγεῖν
2344 2297 2443 2369 τὴν
2471 2297 2734 2368 ἀλήθειαν
2757 2340 2771 2355 .
2809 2299 2950 2370 Ὅρα
2973 2299 3054 2364 δὲ,
3105 2299 3202 2354 καὶ
3244 2299 3381 2353 ἄλλα
3408 2299 3507 2370 μὲν
3538 2301 3725 2354 αίνιτ-

2126 2389 2356 2458 τόμενος
2382 2391 2410 2442 ὁ
2439 2390 2632 2461 Σωτὴρ
2648 2389 2727 2460 τῷ
2747 2390 2913 2462 πώλῳ
2941 2391 3137 2462 ἔποχος
3163 2387 3252 2465 ῆν.
3281 2391 3354 2446 Τὸ
3376 2393 3434 2446 δὲ
3468 2395 3724 2465 μάλιστα

2129 2479 2376 2549 ἐμφανὲς
2407 2480 2507 2550 τὴν
2549 2481 2892 2552 προφητείαν
2933 2481 3052 2536 ἐστι
3085 2483 3288 2549 λαόεἶν,
3325 2485 3409 2537 ὅτι
3450 2485 3718 2555 βεϐαιῶν.

2127 2570 2290 2639 Λέγει
2313 2571 2426 2642 γὰρ
2458 2571 2527 2624 τὰ
2555 2570 2713 2639 λόγια
2734 2571 2804 2626 τά
2837 2573 3034 2629 σεπτά.
3061 2573 3234 2626 Τοῦτο
3277 2573 3336 2628 δέ
3381 2573 3504 2628 ὅλον
3547 2576 3724 2645 γέγο-

2125 2678 2238 2728 νεν,
2275 2661 2363 2716 ἵνα
2396 2663 2661 2734 πληρωθῇ
2685 2664 2746 2717 τὸ
2763 2664 2932 2736 ῥηθὲν
2963 2665 3054 2718 διὰ
3089 2663 3187 2718 τοῦ
3207 2667 3496 2737 προφήτου
3525 2665 3726 2736 λέγον·-

2124 2770 2239 2818 τοςο
2275 2756 2500 2810 Electa
2527 2755 2602 2825 τῇ
2631 2758 2875 2827 θυγατρί
2907 2757 3062 2812 Σιών
3085 2774 3100 2789 ο
3144 2759 3292 2814 Ἰδοὺ
3332 2763 3368 2814 ὁ
3406 2762 3726 2829 ,βασιλεύς

2124 2861 2242 2903 σου
2270 2848 2506 2917 ἔρχεταί
2557 2866 2658 2904 σοι
2687 2850 2904 2919 πραῢς,
2936 2851 3034 2905 καὶ
3057 2852 3423 2920 ἐπιϐεϐηκὼς
3437 2853 3535 2907 ἐπὶ
3565 2855 3724 2909 ὄνον

2124 2940 2220 2993 καὶ
2260 2939 2470 2995 πῶλον
2496 2940 2633 2996 υἱὸν
2661 2941 3008 3012 ὑποζυγίου.
3043 2943 3208 3016 Ὁρᾷς
3239 2945 3388 3009 ὅπως
3423 2947 3512 2998 ἐπ’
3540 2945 3723 3000 ἐκϐά-

2126 3051 2210 3088 σει
2237 3051 2298 3087 τε
2337 3035 2433 3088 καὶ
2477 3034 2770 3105 βεϐαιώσει
2799 3037 2901 3107 τῆς
2936 3037 3324 3109 προφητείαςὸ
3364 3038 3460 3091 τοῦ
3496 3039 3720 3110 κόσμου

2126 3127 2315 3198 Σωτὴρ
2342 3128 2437 3182 ἐπὶ
2469 3129 2562 3182 τὸν
2593 3129 2774 3183 πῶλον
2815 3131 3144 3198 militaret;
3183 3130 3339 3184 Ἐπεὶ¹
3381 3131 3478 3186 καὶ
3534 3132 3720 3204 χωρὶς

2066 3211 2087 3234 ’⁸
2117 3221 2217 3290 τῆς
2248 3220 2503 3292 τοιαύτης
2531 3221 2862 3293 μαρτυρίας,
2888 3223 3033 3278 κατά
3059 3239 3122 3292 γε
3154 3222 3217 3276 τὸ
3250 3224 3600 3294 φαινόμενον,
3624 3225 3721 3290 τίς

2120 3315 2284 3386 ἐτέρα
2319 3315 2478 3386 χρεία
2509 3315 2692 3386 παρῆν
2726 3317 3149 3385 κατεπείγουσα,
3183 3316 3455 3387 συντόμου
3481 3335 3720 3389 προκει-

2121 3405 2291 3477 μένης
2321 3405 2466 3460 οὓτω
2485 3406 2585 3477 τῆς
2607 3402 2752 3472 ὁδοῦ,
2785 3407 3100 3478 ἐποχεῖσθαι
3134 3406 3302 3478 πώλῳ
3333 3408 3425 3462 τὸν
3469 3409 3715 3478 Ἰησοῦν,

2119 3499 2178 3562 ὃς
2211 3515 2274 3566 γε
2321 3487 2584 3562 πολλάκις
2617 3499 2715 3552 καὶ
2761 3501 3170 3564 πολυπλασίους
3204 3502 3333 3555 mal.
3375 3503 3490 3566 τοῖς
3534 3503 3717 3558 αὐτοῦ

2116 3589 2335 3661 διῆλθεν
2364 3589 2551 3658 ὀδούς;
2577 3591 2650 3645 Ἣ
2685 3591 2847 3645 ποίαν
2873 3592 3035 3659 δόξαν
3070 3591 3284 3662 ἀνῆπτε
3304 3591 3486 3662 φέρων
3509 3594 3538 3645 ὁ
3583 3592 3717 3645 πῶο

2115 3684 2208 3747 λος
2236 3683 2316 3756 τῷ
2337 3683 2632 3755 σύμπαντα
2663 3685 2885 3756 φέροντι
2911 3684 2989 3754 τῷ
3021 3685 3232 3756 ῥήματι
3265 3685 3362 3755 τῆς
3413 3685 3714 3756 δυνάμεως

2116 3776 2306 3831 αὐτοῦ.
2331 3775 2466 3830 Τίνα
2505 3776 2564 3830 δέ
2602 3776 2700 3831 καὶ
2731 3775 3014 3847 βασιλείαν
3049 3777 3352 3847 ἐκήρυττεν
3378 3775 3711 3845 ὑποζύγιον,

2114 3869 2305 3940 ἀνέχον
2334 3869 2628 3941 ὀχούμενον
2661 3870 2723 3922 τὸ
2762 3869 2990 3940 βασιλέα
3023 3870 3120 3923 τοῦ
3171 3869 3424 3941 Ἰσραήλς
3456 3869 3530 3924 Τδ
3591 3870 3714 3942 γὰρ

2112 3962 2370 4015 ταπεινὸν
2399 3962 2496 4016 καὶ
2527 3963 2722 4034 πρᾷον,
2745 3961 2845 4021 ἵνα,
2863 3963 2938 4034 μὴ
2955 3962 3098 4032 λέγω
3121 3963 3342 4033 μᾶλλον,
3359 3965 3411 4018 εί
3444 3963 3541 4036 τὴν
3559 3964 3712 4019 ὁδοι-

2113 4054 2314 4126 πορίαν
2352 4056 2478 4108 ποσὶ
2505 4053 2738 4124 βαδίζων
2763 4053 2999 4125 διήνυεν,
3039 4054 3156 4108 ἀλλ’
3191 4051 3284 4108 οὖν
3326 4055 3428 4108 οὑκ
3475 4054 3711 4110 ἔλαττον

2113 4149 2379 4217 παρεῖχεν
2407 4147 2630 4200 ἐννοεῖν.
2663 4144 2822 4200 υῦτω
2849 4146 2919 4198 τὰ
2938 4146 3038 4215 τῆς
3067 4146 3305 4209 παλαιᾶς
3327 4147 3440 4210 τοῖς
3465 4148 3566 4215 τῆς
3597 4147 3710 4218 χά·-

2115 4253 2264 4308 ριτος
2295 4237 2642 4304 συνεὸίϐαζε,
2677 4237 2775 4291 καὶ
2809 4236 2952 4291 οὕτω
2973 4238 3064 4291 διὸ.
3093 4239 3196 4310 τῆς
3222 4239 3397 4310 αὐτῆς
3418 4240 3706 4310 ἀγαθότη-

427 4308 682 4378 quamvis
707 4308 852 4362 inter
881 4319 1080 4366 (uetera
1118 4309 1371 4383 dogmata
1396 4315 1504 4372 hoc
1531 4315 1710 4388 ipsum
1748 4319 1920 4391 gratia
1951 4319 2008 4375 in

2123 4345 2204 4393 τος
2224 4328 2390 4383 καινά
2414 4330 2508 4382 καὶ
2561 4328 2735 4383 ταῦτα
2760 4329 3070 4401 προελθεῖν,
3112 4308 3164 4384 εί
3202 4331 3298 4387 καὶ
3327 4308 3390 4384 τὸ
3444 4308 3708 4403 μεῖζονῖή

428 4401 626 4471 primis
655 4409 896 4472 urgeret.

495 4668 687 4726 XXIII.
725 4670 866 4738 Quid
908 4673 1081 4742 enim,
1127 4691 1253 4732 cum
1302 4679 1359 4735 in
1397 4683 1662 4753 templum
1702 4686 1828 4752 iret,
1872 4705 2007 4747 num

423 4762 558 4817 illud
587 4765 655 4818 ad
681 4779 741 4820 se
765 4780 879 4820 non
920 4767 1201 4836 pertinere
1245 4771 1452 4841 edixit,
1484 4790 1586 4831 ceu
1633 4781 1899 4849 apostatis
1923 4783 2008 4838 vi-

424 4854 622 4944 detur?
671 4865 767 4911 aut
812 4873 948 4912 num
988 4860 1266 4930 profanari
1331 4864 1386 4920 id
1415 4869 1699 4936 permisit,
1747 4881 2010 4944 tanquam

425 4943 674 4998 futurum
703 4948 1009 5016 tyrannidis
1035 4967 1066 5006 a
1096 4967 1156 5008 se
1191 4954 1573 5027 destruendaa,
1623 4943 1913 5019 delubrum
1953 4976 2012 5022 et

423 5033 802 5126 domicilium?
836 5036 1001 5094 Certe
1029 5041 1076 5096 si
1108 5042 1184 5098 ita
1231 5049 1584 5104 statuendum
1617 5051 1830 5120 fuisset,
1861 5058 2008 5126 quod

425 5125 572 5180 absit
591 5125 815 5183 dicere!
851 5128 1066 5186 initium
1094 5135 1321 5192 omnino
1364 5139 1757 5199 destructionis
1798 5125 2008 5203 facien-

423 5218 555 5274 dum
572 5229 691 5275 erat
708 5235 775 5276 eo
800 5221 1014 5289 inloco,
1043 5227 1136 5282 ubi
1165 5227 1239 5282 ita
1266 5231 1410 5287 hosti
1433 5234 1612 5291 cultus
1628 5238 2002 5296 exhiberetur.

421 5310 494 5365 At
529 5311 812 5368 enimvero
843 5313 934 5368 ille
964 5318 1146 5373 omnia
1170 5319 1275 5374 alia
1302 5323 1518 5393 agebat,
1553 5341 1720 5397 opere
1751 5329 1870 5399 ipso
1899 5331 2002 5388 ho-

417 5453 426 5460 .
495 5403 540 5436 “
577 5403 773 5462 Matth.
815 5423 930 5474 xm,
969 5411 1024 5477 4,
1052 5411 1107 5467 5.

2107 4786 2310 4858 ἔφηνεν
2339 4787 2494 4853 αὐτὸ,
2521 4787 2580 4841 ὃν
2605 4789 2806 4860 τρόπον
2826 4789 2861 4861 ή
2891 4789 3204 4844 ἀποστασία
3249 4791 3518 4862 βούλεται,

2110 4422 2269 4494 χάρις
2295 4417 2410 4492 εἶχε
2445 4421 2589 4493 μετά
2614 4419 2724 4479 τῶν
2754 4421 2932 4478 ἄλλων
2966 4423 3254 4495 σωτηρίων
3281 4424 3574 4495 δογμάτων
3603 4428 3709 4480 καὶ

2034 4511 2088 4577 Ῑ)
2114 4511 2294 4578 τοῦτο,
2329 4512 2425 4567 καὶ
2452 4510 2636 4582 λόγοις
2684 4511 2782 4568 καὶ
2834 4511 3020 4584 ἔργοις
3062 4513 3405 4568 ἐκπαιδεύων
3443 4515 3545 4569 οὐκ
3593 4515 3710 4588 ἀφ-

2107 4603 2312 4659 ίστατο.

2178 4696 2310 4753 KI".
2347 4696 2458 4768 Τίμ
2485 4697 2598 4767 (l9)
2633 4697 2765 4769 ἱερῷ
2788 4697 3106 4768 προσελθὼν
3151 4699 3261 4771 ἄρα
3289 4699 3571 4772 ἀλλότριον
3598 4701 3709 4755 ἀπο

2110 4794 2310 4858 ἑφηνεν
2339 4794 2494 4853 αὐτὸ,
2521 4794 2580 4841 ὃν
2605 4794 2806 4860 τρόπον
2826 4794 2861 4861 ή
2891 4794 3204 4844 ἀποστασία
3249 4794 3518 4862 βούλεται,
3551 4794 3703 4903 ige-

2110 4879 2412 4951 δηλοῦσθαι
2463 4881 2738 4952 παρῆκεν,
2770 4879 2849 4946 ὡς
2897 4881 2999 4951 τῆς
3053 4881 3359 4955 μελλούσης
3388 4884 3482 4938 ὑπ’
3523 4885 3703 4940 αυτοῦ

2112 4973 2495 5045 καθαιρεῖσθαι
2519 4972 2836 5043 τυραννίδος
2878 4973 3184 5046 ἀνάκτορον
3216 4976 3330 5046 (20)
3359 4977 3456 5031 ml;
3505 4994 3704 5032 κατοι-

2114 5065 2382 5136 κητήριον
2409 5065 2492 5131 ὃν,
2521 5065 2720 5120 πολλοῦ
2747 5082 2813 5134 γε
2833 5067 2928 5120 καὶ
2946 5065 3048 5131 δεῖ,
3078 5067 3327 5137 καίτοιγε
3354 5068 3541 5140 ἐχρῆνο
3573 5069 3708 5125 ἀλλ’

2109 5155 2270 5220 ἵλεως
2303 5157 2392 5228 εἴη
2419 5157 2575 5222 Θεὸς,
2607 5159 2703 5227 ἀφ’
2736 5149 2800 5210 οὗ
2833 5157 3072 5229 μάλιστα
3103 5158 3206 5229 τήν
3261 5159 3560 5228 θεραπείαν
3590 5163 3701 5234 ήδη

2107 5248 2567 5319 προσφερομένην
2589 5248 2668 5320 τῷ
2692 5249 2897 5322 ἐχθρῷ,
2915 5249 3146 5304 αὐτόθεν
3173 5249 3342 5304 αὐτοῦ
3370 5268 3428 5306 τε
3455 5251 3555 5322 τῆς
3586 5270 3698 5306 κα-

2105 5337 2386 5403 ταλύσεως
2440 5339 2717 5395 ποιεῖσθαι
2762 5341 2862 5408 τὴν
2901 5341 3101 5413 ἀρχήν.
3145 5341 3203 5396 '0
3261 5342 3322 5396 δὲ
3377 5343 3700 5400 τούναντίον

1534 5503 1775 5565 νΑῐιιΑῑ
1815 5510 2201 5574 LECTIONES
2242 5518 2332 5576 ET
2357 5521 2593 5582 NOTAE.

487 5604 601 5684 (I9)
633 5607 754 5676 Τίμ.
790 5608 1049 5684 ΔΙιιιοιιιιιε
1075 5613 1386 5684 vestigium,
1423 5611 1487 5670 ἰιι
1508 5634 1614 5674 ms.
1653 5636 1974 5684 expressum

418 5671 656 5761 credere.
674 5671 966 5761 mejubet,
1000 5671 1353 5761 scribendum
1376 5671 1999 5761 inisse—ci115."wa

2093 5634 2235 5712 quis
2261 5637 2517 5712 omnibus
2536 5643 2800 5712 usurpari
2850 5659 2880 5699 a
2908 5641 3114 5700 Graecis
3149 5646 3311 5704 solet.
3367 5648 3506 5705 Vide
3545 5650 3687 5708 Eze-

2096 5704 2336 5784 chielgm
2379 5704 2800 5784 Spanhemium,
2839 5717 2908 5772 ad
2959 5714 3196 5784 hymnos
3243 5704 3566 5777 Callimachi
3595 5704 3689 5778 _in

491 5743 1342 5846 ﬁﬁzlrrﬁcqeﬂcnnvosuhmc
1382 5759 1604 5826 proprie
1641 5743 1879 5846 quid—lem
1936 5765 2005 5846 de

2123 5743 2639 5846 [ἕόἰῖᾶὲηῖνῖῖέῖἰὶἶ

422 5812 810 5874 Dioscurorum
846 5812 1074 5890 templo,
1105 5829 1222 5877 tum
1271 5812 1401 5883 ιἐιὸ
1430 5812 2009 5895 εὲιιειέοιῗιῖιῖίῖηιεῆί
