3886 6426
156 350 238 416 ἧς
1120 342 1419 405 CONTRA
1457 339 1920 403 MANICHAEOS
1961 344 2204 407 LIBER
2238 347 2337 409 IV.

3266 352 3376 417 230

157 466 272 518 ἄταν
295 458 495 513 ἐκτελεῖ
510 456 575 512 δι’
601 458 779 531 ἔργων
801 455 984 511 αὐτῶν
1014 456 1253 527 ἐλέγχων
1290 457 1420 521 τοὺς
1441 457 1681 522 ἀσεϐεῖς.

1799 461 1967 515 mines
1995 460 2197 532 impios
2226 463 2609 534 castigaturus.
2653 463 2771 519 Non
2816 466 2993 522 solum
3032 466 3179 522 enim
3223 468 3371 523 nulla

156 554 212 607 Ού
238 551 331 621 γὰρ
372 552 527 620 μόνον
557 550 708 604 ούδέν
750 551 851 604 οὐκ
889 549 1105 619 ἀφῆκεν
1165 548 1504 618 ὑϐριστικὸν,
1546 549 1685 604 ἀλλά

157 644 229 695 καὶ
250 643 358 706 toi»;
386 643 459 713 μὴ
486 642 604 694 λίαν
653 642 1020 712 τετιμηκότας
1076 640 1331 694 ἐκϐάλλει
1363 658 1425 694 τε
1456 642 1550 695 κοιλ⁴
1576 641 1684 693 ἀπο

165 735 335 789 ελαύνει
363 734 456 787 σὺν
481 733 699 805 ἀπειλῇ,
731 735 827 788 καὶ
847 733 949 803 τῆς
990 734 1183 805 όργῆς,
1211 735 1344 805 ὅσης
1368 728 1512 806 ἦσαν
1543 732 1685 798 ἀξιοι

158 827 456 899 βιϐηλοῦντες
479 827 570 880 τὸν
593 822 743 880 οἷκον
781 827 879 881 τοῦ
908 829 1117 898 πατρὸς
1143 828 1324 881 αὐτῶν
1371 827 1683 897 παριστῶν,

157 918 428 992 φραγέλλιόν
481 936 544 972 τε
578 918 690 991 (21)
758 919 1010 990 σχοινίων
1047 920 1356 985 διαπλέκει,
1389 920 1485 974 καὶ
1524 920 1689 973 τοῦτο

155 1011 322 1074 τούτοις
346 1009 774 1077 ἐπανατείνεται,
805 1011 902 1064 καὶ
928 1010 990 1064 ού
1014 1011 1175 1064 τοῦτο
1207 1010 1394 1081 μόνον,
1427 1010 1565 1064 ἀλλὰ
1591 1012 1688 1064 καὶ

157 1099 231 1161 τὰς
245 1098 494 1169 τραπέζας
519 1099 627 1153 τῶν
654 1099 1045 1167 κολλυϐιστῶν,
1081 1096 1242 1155 αὗται
1272 1102 1318 1154 δ’
1351 1101 1418 1155 ἀν
1452 1098 1561 1154 εἷεν
1587 1143 1601 1165 ,
1627 1100 1684 1157 αἲ

156 1192 203 1244 τὸ
228 1191 306 1259 τῆς
328 1190 557 1260 ἀλλαγῆς
606 1190 872 1262 ἀργύριον
917 1192 1014 1245 καὶ
1063 1195 1133 1245 τὰ
1165 1192 1421 1263 κέρματα
1462 1192 1683 1261 ἔφερον,

156 1277 301 1350 ἐφόἷς
325 1282 409 1334 καὶ
437 1281 536 1345 τὰς
569 1283 841 1355 καθέδρας
890 1282 998 1337 τῶν
1039 1282 1365 1336 πωλούντων
1398 1283 1498 1345 τὰς
1525 1300 1686 1354 περι-ι
1736 1280 1739 1281 ⁷

158 1373 315 1443 crepa;
342 1374 514 1444 ῆτοῦς
563 1373 692 1443 βοῦς
711 1390 728 1407 ο
779 1375 830 1428 εί
879 1375 1060 1445 βούλει
1093 1375 1152 1428 δέ
1196 1376 1291 1428 καὶ
1317 1374 1386 1428 τὰ
1415 1374 1685 1445 πρόϐατα,

158 1462 627 1535 καταπρὲφειβὲ).
661 1465 772 1518 Καὶ
814 1466 914 1519 οὐκ
946 1465 1152 1535 ἔπραξε
1187 1466 1287 1535 μὲν
1323 1464 1497 1519 ταῦτα
1522 1480 1536 1494 ⁸
1570 1466 1687 1518 ἐσί-

157 1572 263 1624 γησε
297 1554 367 1608 δέ.
410 1556 474 1609 Ἦ
508 1557 614 1609 οὐκ
666 1558 894 1627 ἐσίγησε
947 1558 1068 1628 μὲν,
1125 1558 1213 1611 διὰ
1259 1557 1574 1627 παραϐολῆς
1632 1557 1689 1611 δὲ

157 1645 437 1713 ἐφθέγξατο·
477 1647 509 1716 ἦ
542 1648 606 1699 ού
630 1648 794 1703 τοῦτο
834 1650 956 1719 μὲν,
1012 1650 1075 1703 ού
1133 1650 1231 1703 σὺν
1265 1651 1554 1722 παρρησία
1606 1649 1684 1704 δέ.

160 1739 243 1790 Καὶ
258 1737 329 1801 τίς
352 1738 414 1791 ἂν
438 1739 600 1803 ἀλλος
630 1740 716 1811 εἴη
742 1743 1077 1811 σαφέστερος
1109 1742 1289 1811 λόγος,
1313 1742 1346 1813 ἢ
1381 1745 1448 1813 τῇ
1473 1743 1689 1812 παρῥη-

160 1829 232 1901 σία
251 1831 465 1901 κρατῶν,
494 1830 591 1885 ἵνα
622 1834 696 1904 μή
722 1851 807 1897 τις
838 1834 935 1887 καὶ
967 1833 1077 1887 τῶν
1118 1835 1447 1905 κακουργεῖν
1496 1833 1690 1901 σοφίαν

162 1922 463 1989 ποιουμένων,
505 1924 768 1995 ἀφορμὴν
806 1925 969 1995 ἀλλην
1013 1925 1195 1995 ἐαυτῷ
1227 1923 1690 1992 διαπλαττόμενος

161 2014 221 2075 εἰς
248 2012 437 2083 ἐκείνην
482 2015 596 2067 τῶν
634 2017 1042 2087 πεπραγμένων
1071 2018 1289 2086 ἀνάπτῃ
1321 2016 1419 2087 τὴν
1472 2016 1655 2069 αἰτίαν
1676 2031 1691 2046 ⁸

162 2104 251 2155 ἀλλ’
274 2106 374 2173 ἅμα
397 2122 452 2158 τε
473 2107 768 2176 εἰργάζετο
792 2107 968 2162 ταῦτα
992 2110 1051 2161 τὸ
1100 2110 1371 2179 πατρικὸν
1414 2108 1558 2178 ἱερὸν
1592 2109 1695 2179 τῆς

162 2196 243 2249 τῶν
272 2197 518 2252 Ἰουδαίων
549 2200 848 2268 ὀλιγωρίας
887 2201 1279 2273 ἀποκαθαίρων
1318 2202 1413 2255 καὶ
1462 2203 1697 2271 ἀφαγνι-

164 2290 362 2359 ζόμενος.
401 2292 507 2345 Καὶ
541 2293 801 2363 χρησμὸν
856 2293 1115 2364 ἐπέφερε,
1164 2293 1438 2365 λαμπρῶς
1468 2295 1563 2347 καὶ
1598 2294 1697 2347 σὺν

166 2386 399 2457 suppl-,qu
428 2386 727 2453 διδάσκων,
764 2388 860 2441 καὶ
887 2389 985 2459 τῆς
1011 2390 1241 2459 ἀπειλῆς
1270 2389 1488 2459 καὶτῆς
1522 2407 1695 2443 κατα-

164 2478 357 2547 στροφῆς
386 2477 489 2532 τῶν
520 2482 624 2549 τῆς
653 2480 928 2550 ἐμπορίας
964 2481 1255 2551 τραπεζῶν
1288 2482 1383 2535 καῖ⁹
1414 2481 1697 2554 καθεδρῶν

164 2566 432 2635 τὴναίτίαν.
477 2567 541 2620 '0
579 2565 745 2635 οἶκός
766 2588 888 2639 μου
931 2571 1061 2643 γὰρ,
1094 2574 1282 2642 φησὶν,
1319 2567 1484 2637 οἶκος
1512 2586 1700 2640 προσ-

164 2655 315 2724 ευχῆς
368 2658 762 2726 κληθήσεται,
804 2659 975 2728 ὑμεῖς
1030 2659 1100 2711 δὲ
1148 2660 1335 2714 αὺτὸν
1370 2659 1700 2727 ἐποιήσατε

164 2748 421 2815 σπήλαιον
437 2750 691 2819 λῃστῶν
716 2769 729 2781 ·
764 2748 915 2806 οἷκον
935 2755 1246 2825 προσευχῆς
1273 2753 1367 2806 καὶ
1388 2752 1523 2806 Θεοῦ
1551 2748 1700 2805 οἷκον

162 2840 232 2893 τὸν
254 2843 451 2911 νομικὸν
488 2845 589 2895 καὶ
619 2842 774 2907 εἰδὼς
804 2846 898 2897 καὶ
925 2845 1210 2915 ὀνομάζων
1239 2845 1389 2899 ναόν.
1424 2845 1535 2899 Καὶ
1556 2844 1701 2898 ἐκδιοο

165 2932 250 2983 κῶν
282 2934 427 2987 αὐτὸν
469 2934 900 3006 βεϐηλούμενον,
946 2937 1082 2990 διότι
1114 2955 1173 2990 τε
1213 2937 1306 2991 τοῦ
1336 2936 1545 3006 ἀγαθοῦ
1593 2956 1705 2992 πα-

1788 555 1920 609 illud
1947 554 2148 625 injuria
2173 556 2383 624 all'ecit,
2416 558 2511 613 sed
2532 574 2651 625 eos,
2681 561 2776 629 qui
2806 577 2915 615 non
2948 562 3083 616 satis
3113 578 3373 617 reveren-

1789 656 1875 702 ter
1902 648 1957 702 id
1992 649 2337 716 habuerant,
2388 650 2538 720 ejicit
2583 660 2791 705 etcum
2826 654 3259 707 comminatione
3279 668 3380 707 ex-

1787 740 1960 809 pellit,
1991 742 2127 795 iram
2160 749 2419 811 quoque,
2453 758 2559 811 qua
2593 744 2743 811 digni
2796 752 2954 799 erant
2992 744 3378 813 profanatores

1788 834 1977 902 templi
2010 832 2190 888 Patris
2220 835 2343 899 sui,
2369 835 2768 896 declaraturus,
2819 834 3091 905 ﬂagellum
3127 851 3192 889 ex
3226 834 3380 888 funi-

1788 922 1927 978 culis
1973 923 2364 993 complicatum
2411 923 2545 993 ipsis
2580 923 2829 979 infert”.
2881 925 2993 978 Nec
3045 924 3101 978 in
3137 925 3245 979 hoc
3282 940 3379 979 ac-

1787 1013 2081 1084 quiescens
2126 1030 2346 1069 mensas
2371 1030 2592 1085 quoque
2627 1015 3144 1081 nummulariorum,
3191 1015 3242 1071 id
3266 1025 3377 1079 est,

1787 1121 1880 1160 eas
1903 1121 2025 1175 quae
2046 1116 2333 1177 argentum
2371 1106 2761 1176 permutationi
2793 1116 2982 1176 aptum
3010 1123 3379 1177 nummosque

1787 1197 2059 1261 ferebant,
2090 1198 2320 1266 insuper
2344 1211 2479 1250 vero
2505 1197 2671 1251 etiam
2696 1196 2858 1250 sellas
2894 1196 3250 1250 vendentium
3278 1212 3377 1251 co-

1788 1289 2001 1343 lumbas
2030 1298 2125 1343 aut
2146 1289 2336 1351 boves,
2368 1288 2480 1342 imo
2502 1296 2559 1342 et
2592 1302 2744 1350 oves,
2768 1287 2988 1342 evertit.
3046 1288 3225 1356 Atque
3262 1288 3381 1342 haec

1788 1380 2010 1450 quidem
2061 1396 2173 1435 non
2210 1388 2421 1435 tantum
2470 1379 2621 1443 fecit,
2646 1387 2702 1434 et
2736 1379 2918 1445 siluit;
2964 1378 3080 1448 ipsa
3118 1378 3206 1432 illa
3249 1394 3381 1448 par-

1788 1471 1972 1526 rhesia
2029 1472 2273 1541 quidem,
2333 1471 2431 1525 sed
2483 1486 2583 1540 per
2636 1468 2926 1539 parabolas
2980 1467 3134 1536 quasi
3197 1484 3379 1521 enun-

1789 1562 1967 1624 tiavit,
2004 1570 2101 1615 aut
2128 1570 2186 1615 et
2212 1561 2318 1615 hoc
2348 1559 2497 1622 fecit,
2534 1559 2629 1613 sed
2657 1559 2778 1612 sine
2800 1557 3065 1626 loquendi
3100 1557 3378 1613 libertate.

1790 1651 1905 1706 lmo
1930 1661 2023 1706 aut
2056 1666 2166 1705 non
2199 1650 2370 1726 siluit,
2422 1658 2747 1721 argumento
2791 1657 2877 1703 est
2922 1648 3380 1711 luculentissimo,

1791 1745 2073 1802 Christum
2107 1744 2375 1808 noluisse,
2413 1751 2474 1798 ut
2502 1743 2793 1812 quisquam
2842 1757 3055 1802 eorum,
3094 1742 3184 1811 qui
3220 1741 3383 1796 mali-

1798 1840 2062 1912 gnitatem
2090 1856 2194 1910 pro
2227 1838 2497 1909 sapientia
2524 1837 2761 1901 habent,
2792 1836 2955 1890 aliam
3002 1834 3103 1889 sibi
3136 1834 3381 1889 occasio-

1796 1948 1922 1987 nem
1956 1941 2283 2002 prartexens,
2316 1930 2373 1984 in
2406 1931 2554 1985 illam
2576 1929 2702 1984 iacti
2732 1943 2957 1983 causam
2984 1927 3221 1983 referat?
3255 1927 3385 1982 Ideo

1796 2036 1852 2081 et
1876 2025 2113 2081 faciebat
2141 2038 2237 2090 ea,
2277 2023 2458 2078 Patris
2506 2024 2591 2078 sui
2651 2022 2919 2091 templum
2965 2036 2996 2075 a
3051 2020 3383 2091 negligentia

1795 2115 2110 2170 Judazorum
2180 2115 2426 2169 immune
2498 2124 2554 2169 et
2606 2114 2876 2168 illibatum
2926 2112 3272 2176 redditurus;
3328 2120 3386 2166 et

1797 2207 2083 2261 oraculum
2142 2206 2495 2275 sulrjiciebat,
2537 2221 2663 2259 cum
2720 2204 3051 2260 auctoritate
3100 2212 3156 2257 et
3210 2203 3385 2258 libere

1800 2308 2023 2347 causam
2056 2292 2297 2347 reddens
2326 2300 2383 2347 et
2415 2292 2883 2359 comminationis,
2930 2301 2988 2346 et
3020 2293 3135 2357 irae,
3167 2301 3223 2346 et
3250 2291 3385 2346 sub-

1798 2383 2072 2439 versionis
2123 2399 2442 2439 mensarum
2497 2399 2562 2438 ac
2608 2384 2890 2449 sellarum,
2947 2399 3070 2452 quae
3119 2383 3186 2437 ad
3242 2397 3388 2437 nun—

1800 2475 2133 2529 dinationem
2165 2475 2509 2544 spectabant.
2553 2474 2755 2527 Domus
2798 2474 2946 2529 enim
3006 2491 3146 2537 mea,
3186 2473 3385 2542 inquit,

1800 2567 1985 2619 domus
2032 2566 2350 2635 precationis
2398 2565 2676 2618 vocabitur
2706 2580 2725 2618 :
2760 2581 2848 2618 vos
2886 2581 3008 2618 vero
3025 2581 3145 2618 eam
3192 2564 3387 2635 fecistis

1802 2659 2111 2728 speluncam
2166 2658 2539 2722 latronum”;
2586 2656 2679 2711 ubi
2712 2658 2933 2710 domum
2976 2656 3304 2725 precationis
3333 2663 3390 2711 et

1805 2750 1901 2804 Dei
1938 2750 2179 2805 domum'
2205 2749 2468 2818 templum
2502 2756 2557 2802 et
2624 2747 2873 2818 agnoscit
2892 2755 2948 2801 et
2966 2748 3203 2817 appellat
3230 2747 3389 2813 illud,

1803 2840 1949 2910 quod
1978 2840 2080 2894 sub
2099 2839 2215 2909 lege
2233 2847 2572 2892 exstructum
2594 2847 2737 2901 erat,
2765 2836 3017 2906 idemque
3044 2835 3392 2906 profanatum

1804 2931 2067 2995 vindicat,
2124 2946 2191 2984 eo
2222 2929 2370 2999 quod
2421 2937 2476 2984 et
2526 2929 2656 2984 boni
2708 2927 2889 2982 Patris
2935 2937 3075 2991 erat,
3122 2940 3179 2982 et
3229 2943 3392 2983 suum

164 3022 261 3095 τρὸς
283 3019 360 3094 ἦν,
388 3026 479 3079 καὶ
515 3026 655 3079 διότι
690 3028 787 3080 καὶ
816 3027 1007 3091 αὐτοῦ,
1055 3030 1218 3100 εἴπερ
1247 3030 1467 3085 ἅπαντα
1504 3031 1571 3083 τὰ
1606 3030 1697 3083 τοῦ

1805 3025 2001 3096 ipsius,
2032 3040 2156 3078 cum
2188 3022 2373 3076 omnia
2393 3062 2408 3087 ,
2440 3038 2561 3090 qua:
2591 3019 2771 3075 Patris
2812 3028 2981 3085 sunt,
3018 3028 3077 3075 et
3117 3035 3215 3073 sua
3260 3019 3393 3074 sint.

166 3116 338 3186 Πατρός
364 3118 475 3170 ἐστι
514 3119 615 3172 καὶ
639 3120 830 3173 αὑτοῦ.
862 3121 972 3175 Καί
999 3139 1082 3177 τοι
1108 3123 1252 3192 πόση
1282 3140 1367 3187 τις
1399 3126 1433 3192 ἡ
1464 3124 1697 3196 βεϐήλω-

1807 3118 1873 3172 Ει
1896 3133 2058 3188 quam
2113 3116 2345 3187 exigua,
2406 3130 2629 3186 quaeso,
2684 3123 2803 3169 erat
2834 3114 2937 3168 ista
2987 3113 3316 3183 profanatio,
3363 3129 3397 3168 a

168 3220 233 3267 σις
255 3201 310 3277 ἦν
333 3207 592 3277 ἀργυρίου
628 3208 786 3275 ξύλον
816 3211 911 3263 καὶ
934 3212 1229 3282 κερμάτων
1260 3213 1445 3281 πίναξ,
1478 3215 1536 3267 ἐν
1570 3209 1615 3282 ᾧ
1642 3215 1697 3268 τὸ

1807 3224 1995 3264 mensa
2021 3207 2330 3279 argentaria
2366 3215 2422 3261 et
2445 3206 2881 3260 numulariorum
2919 3206 3098 3260 tabula
3127 3205 3395 3274 profecta.

168 3295 252 3348 τῶν
271 3296 463 3365 ἀλόγων
510 3299 671 3362 ζώων
724 3301 1087 3372 ἀντάλλαγμα
1135 3304 1523 3359 κατεϐάλλετο.
1565 3305 1697 3357 Ἀλλ¹

1810 3302 1863 3356 in
1895 3316 2002 3371 qua
2051 3299 2335 3369 prtemium
2363 3313 2464 3368 pro
2500 3296 2804 3367 pecudibus
2835 3297 3243 3351 irrationalibus
3268 3313 3392 3365 per—

168 3386 305 3450 οὖτως
338 3389 447 3461 ᾔδει
472 3392 595 3444 τότε
626 3393 900 3463 τοσαύτης
930 3394 1059 3446 ὄντα
1095 3395 1262 3464 τιμῆς
1302 3396 1397 3448 καὶ
1421 3395 1697 3459 εὐλαϐείας

1811 3392 2149 3448 solvebatur.
2179 3389 2284 3444 Sed
2320 3389 2458 3443 adeo
2500 3389 2618 3458 ipse
2658 3396 2892 3442 noverat
2936 3388 3202 3456 templum
3243 3397 3399 3443 tanto

171 3480 287 3543 ἀξιον
307 3484 387 3536 τὸν
418 3484 565 3550 ναὸν,
620 3485 699 3550 ὡς
746 3486 883 3556 μηδὲ
922 3487 985 3539 τὸ
1026 3486 1367 3557 βραχύτατον
1417 3487 1697 3557 ἀνέχεσθαι

1812 3484 2025 3537 honore
2077 3490 2133 3536 et
2192 3480 2502 3536 reverentia
2546 3479 2809 3549 dignum,
2859 3488 2919 3533 ut
2979 3495 3050 3532 ne
3108 3479 3396 3534 minimum

170 3572 257 3628 τῶν
286 3574 379 3643 ἔξω
428 3580 747 3632 πιπτόντων
777 3580 877 3650 τῆς
930 3580 1289 3651 ὀφειλομένης
1336 3582 1485 3651 αὐτῷ
1540 3580 1712 3650 τιμῆς

173 3671 470 3739 παραχωρεῖν
501 3688 625 3724 τινα
658 3671 866 3741 τολμᾷν
896 3673 976 3734 είς
1020 3672 1203 3725 αὐτόν.
1243 3672 1308 3724 Τί
1354 3671 1565 3739 λέγεις;
1617 3672 1711 3724 τὸν

173 3754 284 3809 οὕτω
307 3758 602 3829 τιμηθέντα
642 3761 771 3813 ναὸν
791 3761 895 3814 ὑπὸ
923 3759 1019 3814 τοῦ
1055 3761 1307 3832 Σωτῆρος
1341 3761 1501 3832 ἡμῶν
1533 3762 1711 3832 Ἰησοῦ

174 3849 388 3919 Χριστοῦ,
423 3852 519 3904 καὶ
547 3854 681 3915 τοὺς
724 3853 1192 3924 ἐπιχειρήσαντας
1220 3855 1425 3925 τρόπον
1467 3856 1590 3907 τινὰ
1618 3854 1710 3924 βε-

173 3939 349 4008 εηλοῦν,
368 3942 706 4013 τηλικαύτης
734 3944 1094 4014 ἀποφήναντα
1120 3945 1309 4014 ὀργῆς,
1346 3946 1453 4014 ἀρα
1478 3946 1565 4013 εἴη
1586 3946 1715 4008 τοὺς

173 4032 250 4085 οὐκ
280 4034 355 4087 ἐπ’
386 4036 621 4106 ἐργασίᾳ
663 4036 803 4108 μόνῃ
865 4039 1019 4107 κοινῇ
1075 4036 1341 4107 βεϐηλοῦν
1372 4036 1714 4107 ἐπαρθέντας

174 4129 318 4192 αὐτὸν,
353 4131 463 4183 ἀλλ’
494 4132 622 4185 ὅλον
651 4131 826 4184 διόλου
863 4131 1072 4201 μύσους
1103 4133 1350 4204 ἀρρήτου
1393 4132 1490 4185 καὶ
1528 4132 1714 4201 βδελυ-

1814 3574 2038 3643 quidem
2068 3574 2212 3627 ferre
2260 3580 2450 3641 posset
2494 3586 2708 3635 eorum,
2754 3586 2877 3639 quae
2925 3568 3214 3639 quisquam
3257 3569 3400 3626 infra

1815 3668 2081 3721 honorem
2132 3663 2233 3734 ipsi
2283 3661 2525 3716 debitum
2597 3661 2843 3715 auderet.
2904 3660 3162 3731 Nunquid
3204 3670 3399 3730 putas,

1818 3757 2167 3811 Scrvatorem
2190 3762 2437 3807 nostrum
2469 3751 2657 3805 Jesum
2688 3750 2990 3815 Christum,
3013 3751 3106 3820 qui
3135 3751 3398 3820 templum

1816 3850 1957 3903 adeo
1994 3848 2049 3901 in
2079 3846 2258 3916 pretio
2298 3843 2525 3908 habuit,
2563 3851 2729 3911 atque
2768 3858 2897 3906 eos,
2925 3842 3016 3911 qui
3050 3841 3100 3896 id
3139 3841 3403 3911 quodam-

1817 3944 1983 3995 modo
2034 3938 2328 4009 profanare
2374 3934 2614 4006 aggressi
2667 3943 2845 3997 erant,
2900 3942 3051 3987 tanta
3092 3932 3170 3987 ira
3210 3933 3405 4004 dignos

1818 4048 2214 4122 pronuntiavit,
2249 4046 2384 4100 istos
2414 4043 2691 4109 homines,
2738 4043 2833 4112 qui
2862 4058 2972 4097 non
3018 4051 3231 4098 tantum
3273 4058 3406 4112 pro-

1819 4146 1943 4201 fana
1974 4143 2208 4213 quadam
2233 4138 2641 4193 nundinatione
2673 4137 2725 4190 id
2756 4136 3047 4204 profanare
3090 4135 3206 4190 ausi
3250 4144 3405 4201 sunt,

175 4220 269 4287 pia;
288 4223 693 4295 ἀνυπερϐλήτου
727 4223 1074 4295 πληροῦντας
1114 4225 1300 4288 αὑτὸν,
1333 4223 1506 4288 οὕτως
1548 4228 1697 4280 ἀνευ-

1819 4235 1916 4290 sed
1941 4242 2136 4297 totum,
2160 4238 2426 4301 quantum
2457 4235 2562 4292 est,
2597 4225 2824 4280 inl‘ando
2844 4225 3052 4296 ﬂagitio
3081 4234 3137 4280 et
3166 4225 3405 4279 incredi-

174 4310 328 4378 θύνους
356 4315 587 4387 ἀφήσειν
616 4314 818 4380 αὐτούς
843 4333 857 4382 ;
884 4316 995 4370 Καὶ
1033 4316 1137 4369 ποῦ
1164 4316 1232 4370 ἂν
1270 4318 1356 4387 εἰη
1378 4317 1538 4370 τοῦτο
1566 4318 1697 4384 λογι-

1822 4328 1915 4384 bili
1967 4325 2176 4381 scelere
2225 4321 2629 4392 inquinarunt,
2693 4318 2995 4389 impunitos
3049 4317 3405 4372 dimissurum

175 4406 299 4470 σμοῖς
325 4406 599 4477 νηφόντων
646 4407 831 4460 λαϐεῖν
888 4407 1150 4474 δυνατόν;
1206 4409 1491 4463 Ἐντεῦθεν
1547 4411 1602 4463 δὲ
1649 4409 1697 4463 an

1822 4416 1978 4472 esse?
2020 4412 2305 4480 Quomodo
2341 4410 2427 4465 vel
2466 4408 2748 4464 somnians
2789 4408 2906 4462 bmc
2941 4406 3045 4461 sibi
3074 4407 3408 4476 persuadere

177 4494 279 4559 ῐδοις
303 4470 637 4554 ούκνέλαττον
665 4500 807 4571 ἤδιά
842 4470 1279 4572 προειρημένων,
1308 4503 1440 4573 ὅσης
1472 4502 1595 4556 τότε
1626 4503 1697 4556 δό-

1822 4506 2040 4579 posset?
2063 4505 2168 4560 Sed
2197 4512 2252 4559 et
2282 4501 2410 4557 hinc
2444 4490 2554 4555 non
2585 4499 2791 4560 minus,
2832 4513 2997 4567 quam
3043 4512 3110 4551 ex
3132 4497 3409 4567 praedictis

178 4584 253 4655 ξης
274 4590 356 4642 καὶ
376 4591 539 4662 τιμῆς
560 4592 711 4658 ἄξιος
732 4594 762 4645 ό
794 4592 1001 4663 Μωσῆς
1031 4592 1125 4645 καὶ
1180 4593 1241 4647 τὸ
1267 4594 1377 4647 τῶν
1413 4595 1697 4666 προφητῶπ

1822 4600 2127 4670 intelligas,
2157 4611 2266 4666 quo
2293 4596 2504 4649 honore
2532 4592 2770 4653 ctpcultu
2804 4590 3013 4653 Moses,
3061 4598 3117 4643 et
3151 4588 3407 4643 beatissi-

182 4678 407 4750 μακάριον
444 4682 760 4753 σύνταγμα,
796 4685 891 4736 καὶ
928 4683 1011 4736 ὅτι
1065 4681 1357 4754 σύμφωνος
1401 4686 1430 4738 ό
1456 4685 1619 4755 νόμος
1645 4688 1697 4755 τῇ

1823 4706 1947 4744 mus
1990 4688 2386 4758 prophetarum
2432 4692 2609 4738 coetus
2658 4680 2877 4737 habitus
2923 4679 3108 4743 fuerit,
3153 4678 3410 4749 quodque

179 4772 346 4842 χάριτι.

1819 4782 1910 4836 lex
1941 4794 2064 4832 cum
2098 4777 2271 4849 gratia
2305 4774 2626 4830 concordet.

233 4866 336 4922 KA'.
366 4868 670 4942 Πληρώσας
698 4870 807 4940 γὰρ
844 4870 943 4941 τὴν
987 4868 1303 4941 οἰκονομίαν
1338 4868 1367 4922 ό
1415 4869 1695 4941 φιλάνθρω

1895 4869 2088 4927 XXIV.
2131 4869 2265 4924 Cum
2294 4867 2440 4923 enim
2476 4867 2621 4920 Deus
2659 4870 2851 4917 noster
2880 4859 3167 4916 hominum
3215 4876 3414 4917 aman-

180 4972 256 5019 πος
286 4960 427 5029 ἡμῶν
464 4962 562 5017 καὶ
596 4961 801 5031 ἀγαθὸς
833 4961 987 5025 Θεὸς,
1034 4962 1128 5016 καὶ
1163 4960 1261 5033 τὴν
1294 4961 1455 5032 νίκην
1500 4962 1598 5033 ἤδη
1626 4962 1692 5031 φέ

1824 4965 2069 5021 tissimus
2119 4969 2177 5016 et
2224 4960 2467 5029 Optimus
2512 4956 2690 5011 ollicio
2732 4969 2835 5009 suo
2884 4951 3207 5022 perfunctus
3246 4965 3413 5018 esset,

182 5067 265 5117 ρων
290 5056 420 5110 κατά
442 5073 509 5126 γε
557 5054 653 5110 τοῦ
684 5054 921 5109 θανάτου
966 5054 1060 5107 καὶ
1122 5052 1287 5106 αὐτοῦ
1321 5052 1416 5106 τοῦ
1455 5052 1693 5124 προξενή

1825 5055 2224 5122 victoriamque
2252 5051 2520 5105 illustrem
2553 5064 2585 5102 a
2610 5054 2808 5113 morte,
2847 5050 3017 5109 eteo,
3049 5043 3144 5114 qui
3182 5044 3418 5100 homini-

236 5192 430 5252 “Joan.
465 5211 530 5262 ιι,
574 5195 667 5259 15,
743 5193 1001 5250 “Matth.
1030 5208 1145 5261 nn,
1180 5192 1268 5250 l5.

1245 5366 1482 5424 VARIE
1514 5362 1899 5421 LECTIONES
1936 5361 2026 5417 ET
2062 5360 2295 5417 NOTAE}.

241 5509 786 5584 (2|)«ﬁparré11wr.
832 5511 910 5568 lta
961 5524 1308 5584 communem
1372 5505 1727 5584 scriptionem
1832 5572 1845 5584 _
1904 5501 2017 5584 (ξὲ)
2068 5499 2499 5584 Καιναοντρέςοεξἔ
2532 5500 2648 5584 με.
2688 5499 2908 5584 videtur
2955 5492 3413 5584 nosteruprpbare

187 5562 790 5659 ἓῃῂτὸῖιᾶιᾟὸἑιῖίζᾜῶ
814 5562 921 5652 qi};
955 5562 1340 5659 unijsalterve
1364 5562 1557 5659 codex,
1591 5584 1728 5629 teste
1832 5562 2128 5659 lectionem
2174 5562 2339 5626 unius
2372 5562 2576 5659 codicis
2624 5562 3415 5659 Peicestriensisldquinbﬂbft

190 5631 1337 5725 ιὶίῑιίὶιῗὲιὶὶῖιῖὲῖ’φὲὲὶίέᾶῐοῦζξὶζρέέἐιὶιεέ
1376 5631 1452 5725 :de
1500 5631 1693 5725 utraqu

1835 5641 2170 5725 κατέετρεσςε
2213 5657 2316 5725 ρητο
2363 5642 2593 5725 Ψ¹ε³ίίὶ
2612 5639 2953 5725 ἀνέστρεψελ
2976 5631 3416 5725 ἮῩΤῘῘῘἛἮΞῙΪ

1838 5724 1925 5767 tus
1971 5699 2081 5765 Bos
2117 5699 2179 5764 in
2218 5699 2508 5766 Exercitui.
2537 5699 2870 5781 philologi'cis:
2904 5699 2959 5760 in
2984 5699 3189 5759 Novum
3218 5699 3414 5757 Fmdus

187 5722 439 5789 scriptione
466 5725 646 5779 attulit
662 5716 985 5780 L'ltdololtus
1013 5716 1299 5787 Kustertis,
1324 5720 1391 5775 ad
1416 5716 1728 5786 Aristopha-
1838 5724 1925 5767 tus
1973 5716 2087 5790 Bos.
2125 5716 2179 5764 in
2207 5716 2508 5790 _E:cercitat.
2537 5716 2816 5790 philologic

1839 5796 1964 5838 cum
1994 5781 2260 5852 ἀνέτρεψε
2296 5777 2665 5853 permutatum
2695 5777 2969 5847 cupiebat.

190 5793 251 5843 nis
283 5795 583 5852 Aelianum.
614 5812 667 5852 ν.
693 5794 822 5851 720.
1082 5820 1085 5823 ‘
