3886 6448
458 375 587 456 ΕΒΓ

1549 359 1556 364 ’
1624 375 1893 438 PHOTII
1932 372 2440 433 mrmancum
2480 374 2588 433 ep.

3568 379 3728 458 .232

460 503 566 559 bus
637 506 872 555 mortem
917 494 1336 559 conciliaverat,
1389 490 1706 554 retulisset,
1760 487 2046 559 postquam

2157 501 2345 546 σαντος
2385 485 2467 555 τῷ
2491 485 2638 553 γένει
2658 485 2750 540 τὸν
2776 487 3008 542 θάνατον
3061 488 3324 560 λαμπρὰν
3373 487 3508 560 (23),
3541 491 3729 565 ἐπειδὴ

463 603 642 650 morte
684 592 915 662 spoliata
957 595 1376 651 resurrexerat,
1426 594 1486 639 et
1535 598 1735 652 corpus
1775 590 1932 635 antea
1981 579 2049 632 ab

461 686 644 740 anima
671 684 990 752 seiunctum
1030 688 1350 749 receperat,
1405 685 1573 746 atque
1619 688 1743 728 cum
1797 671 2050 740 Cleophae

463 777 782 839 comitibus,
813 773 906 844 qui
940 772 1231 826 Dominum
1277 785 1387 823 non
1424 766 1825 840 agnoscebant,
1861 778 2050 818 versa-

464 868 719 931 retur”;
754 867 903 936 ipsos
944 863 1166 932 quidem
1203 859 1560 931 ignorantiae,
1595 856 1681 912 vel
1716 854 1897 925 potius
1950 853 2051 907 im-

464 960 768 1030 prudentia:
815 967 872 1012 et
916 956 1064 1010 circa
1120 969 1211 1009 res
1259 952 1384 1007 ﬁdei
1434 947 1778 1020 negligentiae
1825 947 2051 1002 nomine

465 1051 842 1122 reprehendit.
871 1049 994 1102 Non
1025 1049 1135 1102 alio
1160 1061 1291 1102 vero
1320 1043 1560 1107 nomine,
1595 1059 1761 1113 quam
1799 1041 1944 1112 quod
1982 1040 2050 1095 ad

463 1143 751 1198 scientiam
817 1140 1160 1210 pertinebat,
1214 1135 1601 1207 reprehendit,
1681 1133 1930 1203 quamvis
1994 1130 2050 1185 in

464 1243 721 1304 promptu
764 1242 947 1295 esset,
999 1247 1200 1286 manus
1221 1229 1554 1290 "ostendere,
1603 1237 1660 1281 et
1710 1227 1955 1281 dextram
1997 1233 2054 1279 et

465 1325 654 1396 pedes,
681 1325 775 1394 qui
805 1334 860 1380 et
887 1325 1166 1379 clavorum
1197 1326 1269 1377 'et
1310 1322 1512 1375 lancea:
1539 1318 1767 1390 vestigia
1798 1329 1853 1374 et
1896 1318 2051 1389 signa

466 1415 800 1480 referebant,
827 1429 1085 1482 eumque,
1115 1413 1210 1482 qui
1247 1427 1446 1482 passus
1478 1419 1618 1472 erat,
1650 1409 1768 1479 ipsa
1802 1410 1893 1463 illa
1929 1424 2054 1480 per—

467 1506 722 1576 pessione
768 1507 1184 1560 demonstrabat
1227 1527 1240 1560 :
1291 1505 1433 1559 sicut
1484 1511 1540 1558 et
1592 1513 1782 1573 postea
1835 1517 1934 1572 per
1990 1517 2051 1556 ea

466 1596 905 1652 incredulitatem
959 1613 987 1650 a
1047 1595 1334 1666 discipulis
1388 1595 1773 1650 dubitantibus
1823 1594 2051 1648 amolieo

465 1687 646 1742 batur.
688 1689 873 1758 Neque
913 1689 1082 1742 etiam
1129 1689 1186 1742 in
1224 1687 1545 1744 memoriam
1599 1686 1702 1740 illis
1739 1687 2051 1750 revocabat,

463 1779 612 1850 quod
641 1789 769 1834 ante
795 1780 1110 1849 passionem
1150 1779 1332 1834 adhuc
1377 1795 1501 1833 cum
1539 1779 1676 1848 ipsis
1713 1788 1960 1833 versatus
1991 1795 2051 1833 ea

463 1869 816 1940 praedixerit;
855 1885 958 1926 nec
998 1869 1340 1925 memorabat
1381 1870 1582 1939 quibus
1617 1868 1895 1925 miraculis
1932 1881 2051 1924 ser-

465 1966 690 2015 monum
711 1976 938 2016 suorum
963 1961 1252 2015 veritatem
1274 1960 1706 2030 comprobasset,
1725 1961 1972 2030 quamvis
1998 1967 2054 2015 et

466 2051 573 2106 hoc
597 2052 724 2116 illis,
739 2051 939 2122 quibus
954 2051 1158 2107 deinde
1181 2052 1454 2122 apparuit,
1477 2063 1812 2106 recenseret.
1835 2051 1940 2107 Sed
1965 2054 2053 2106 ni-

465 2143 542 2198 hil
574 2144 768 2198 horum
790 2143 924 2212 ipsis
951 2143 1316 2212 proponebat,
1341 2157 1444 2198 nec
1466 2143 1635 2197 ullum
1659 2143 1915 2198 salutaris
1941 2159 2054 2198 sua:

464 2233 736 2302 passionis
778 2241 1123 2287 momentum
1171 2232 1304 2302 ipsis
1329 2233 1642 2302 objiciebat,
1688 2244 1783 2289 aut
1815 2250 2056 2303 expone-

463 2328 575 2393 bat,
605 2327 699 2382 sed
731 2335 1056 2382 ostensurus
1081 2327 1259 2398 quasi,
1292 2337 1347 2382 et
1374 2343 1503 2383 suos
1529 2344 1814 2383 sermones
1842 2337 1898 2384 et
1929 2346 2050 2400 pas-

461 2419 672 2473 sionem
696 2459 711 2484 ,
753 2427 808 2472 et
840 2417 1079 2473 Mosaica
1113 2433 1179 2473 ac
1209 2418 1533 2489 prophetica
1571 2421 1790 2474 oracula
1843 2421 1908 2475 ad
1958 2421 2056 2476 de-

463 2512 873 2569 monstrandam
921 2511 1214 2567 veritatem
1267 2521 1324 2566 et
1377 2512 1728 2566 illustrandas
1768 2512 2054 2567 hominum

465 2613 679 2660 mentes
708 2602 958 2658 sutiicere
992 2620 1009 2660 :
1043 2602 1164 2657 aliis
1199 2602 1441 2672 quidem,
1470 2603 1706 2658 ostensis
1737 2604 1794 2657 in
1825 2619 2056 2674 corpore

466 2695 737 2766 passionis
760 2709 874 2750 suae
901 2694 1168 2767 vestigiis,
1200 2710 1322 2764 quae
1349 2695 1468 2764 ipse
1489 2696 1840 2765 prmdixerat,
1876 2713 2060 2752 resur-

468 2783 772 2838 rectionem
806 2797 961 2838 suam
996 2783 1374 2851 conﬁrmavit;
1408 2783 1529 2838 aliis
1561 2769 1724 2849 vero',
1757 2785 1849 2854 qui
1889 2785 2056 2841 visio-

468 2889 594 2928 nem
636 2875 758 2945 ejus
787 2874 973 2930 animo
1012 2883 1429 2946 praeceperant,
1480 2875 1632 2930 nullo
1663 2892 1888 2944 eorum,
1935 2894 2058 2948 quae

467 2967 613 3021 dicta
641 2978 790 3029 sunt,
817 2967 1060 3037 seipsum
1090 2967 1174 3022 vel
1211 2968 1481 3033 revelans,
1515 2969 1603 3023 vel
1631 2968 1684 3022 in
1717 2971 2058 3040 objurgatio-

469 3073 596 3112 nem
623 3073 816 3113 eorum
847 3068 1028 3123 utens,
1061 3074 1127 3113 ex
1151 3058 1434 3129 pr0phetis
1464 3069 1519 3114 et
1543 3057 1691 3116 Mose
1719 3061 2055 3131 objurgatio-

2150 577 2240 630 τὸν
2273 577 2505 632 θάνατον
2555 579 2860 643 σκυλεύσας
2909 581 3132 652 ἀνέστη,
3169 582 3263 634 καὶ
3291 581 3354 634 τὸ
3392 581 3574 653 σῶμα,
3595 584 3733 655 ὅπερ

2150 673 2250 741 τῆς
2278 672 2460 742 ψυχῆς
2491 671 2700 742 διέστη,
2740 672 2906 727 πάλιν
2945 674 3306 746 προσείληφε,
3361 676 3459 728 καὶ
3501 676 3612 739 τοῖς
3635 676 3734 746 μέν

2151 763 2282 833 περὶ
2305 762 2562 818 Κλεόπαν
2607 763 2918 818 ὀδοποιοῦσι
2981 765 3404 836 συνεπορεύετο,
3445 766 3496 819 oi
3543 766 3601 820 δέ
3643 767 3736 821 τὸν

2151 856 2431 928 Δεσπότην
2455 855 2557 909 οὐκ
2591 856 2928 924 ἐγίνωσκον·
2980 858 3212 928 ἐπιτιμᾷ
3255 858 3358 928 μὲν
3403 858 3606 922 αὐτοὺς
3633 858 3739 929 τῆς

2153 947 2396 1016 ἀγνοίας,
2435 947 2639 1018 μᾶλλον
2657 947 2713 1001 δὲ
2737 948 2836 1018 τῆς
2858 948 3067 1014 ἀνοίας,
3093 953 3189 1003 καὶ
3219 949 3323 1019 τῆς
3361 950 3492 1020 περὶ
3517 950 3620 1021 τὴν
3653 951 3739 1003 πί-

2154 1059 2272 1095 στιν
2301 1042 2655 1114 βραδύτητος.
2693 1043 2808 1096 Οὐκ
2830 1042 3056 1096 ἄλλοθεν
3095 1043 3152 1097 δέ
3190 1044 3535 1114 ἐπιτίμησιν,
3578 1045 3613 1116 ἦ
3644 1045 3740 1112 τὴν

2152 1135 2247 1188 ἐπὶ
2266 1135 2470 1203 γνῶσιν
2499 1136 2677 1205 φέρει,
2715 1139 2895 1192 καίτοι
2952 1139 3083 1209 ῥᾷον
3111 1136 3171 1190 ὃν
3223 1137 3409 1208 χεῖράς
3458 1153 3520 1190 τε
3567 1135 3739 1203 δεῖξαι

2155 1230 2250 1280 καὶ
2281 1229 2474 1294 πὸδαςς
2502 1228 2538 1282 ἀ
2569 1229 2681 1283 τῶν
2723 1230 2872 1300 ἥλων
2914 1232 3007 1283 καὶ
3033 1230 3134 1300 τῆς
3164 1229 3368 1300 λόγχης
3416 1229 3584 1300 ἔφερε
3614 1229 3741 1291 τοὺς

2153 1315 2377 1383 τύπους,
2413 1321 2508 1373 κα)⁵
2553 1320 2623 1375 τὰ
2661 1319 2929 1391 σύμϐολα,
2957 1322 3055 1376 καὶ
3084 1320 3162 1394 τῷ
3202 1322 3364 1376 πάθει
3395 1322 3586 1390 σαφῶς
3616 1323 3740 1374 ἀνε-

2152 1409 2372 1463 δίδασκε
2403 1409 2493 1462 τδν
2522 1410 2852 1474 πεπονθότα,
2886 1410 3077 1482 ῶσπερ
3100 1411 3328 1482 ὓστερον
3350 1413 3461 1475 τοῖς
3489 1411 3601 1465 τῶν
3638 1428 3740 1482 μα-

2157 1497 2338 1569 θητῶν
2360 1497 2761 1567 ἀμφιδάλλουσι
2781 1499 2851 1552 δι’
2872 1499 3055 1552 αὐτῶν
3075 1499 3175 1569 τὴν
3195 1499 3456 1554 ἀπιστίαν
3472 1499 3738 1553 διέλυσεν.

2157 1591 2233 1642 Οὐ
2271 1590 2370 1659 μέν
2399 1590 2508 1644 οὐδ’
2539 1591 2869 1662 ἀνέμνησεν,
2923 1592 3007 1643 ὅτι
3048 1591 3158 1661 πρὸ
3193 1591 3289 1644 τοῦ
3327 1591 3533 1654 πάθους
3564 1591 3742 1645 συνὼν

2156 1684 2341 1746 αὐτοῖς
2373 1683 2545 1737 ταῦτα
2578 1687 2860 1753 προεῖπεν,
2903 1683 3014 1736 οὐδ’
3040 1677 3122 1747 οἷς
3161 1683 3605 1755 θαυματουργῶν
3633 1684 3740 1736 τῶν

2156 1776 2330 1844 λόγων
2360 1775 2524 1828 αὐτοῦ
2553 1777 2654 1847 τὴν
2681 1775 2945 1846 ἀλήθειαν
2979 1778 3193 1845 συνεῖχε
3213 1792 3228 1808 ο
3260 1777 3439 1829 καίτοι
3467 1775 3563 1828 καὶ¹
3583 1775 3743 1828 τοῦτο

2159 1867 2626 1938 προσανέμνησεν,
2658 1861 2740 1931 οἷς
2791 1867 2952 1938 ὤφθη
2997 1867 3136 1938 μετά
3167 1866 3364 1922 ταῦτα.
3409 1865 3555 1920 Ἀλλ’
3584 1867 3739 1920 οὐδὲν

2155 1958 2363 2012 τούτων
2392 1959 2576 2022 αὐτοῖς
2617 1957 2862 2029 προθεὶς,
2889 1959 2997 2013 οὐδ’
3024 1958 3120 2029 ἀφ’
3154 1960 3274 2024 ἐνὸς
3302 1959 3411 2014 τῶν
3443 1958 3743 2031 σωτηρίων

2157 2049 2381 2115 παθῶν,
2414 2050 2536 2103 οὔτε
2563 2051 2895 2122 ἐπιπλήξας,
2941 2050 3068 2105 οὔτε
3119 2051 3359 2116 διδάξας,
3400 2051 3516 2105 ἀλλ’
3547 2051 3742 2122 ῶσπερ

2159 2145 2445 2215 μονονουχὶ
2456 2143 2671 2207 δεικνὺς
2691 2144 3024 2214 ἐφαμίλλους
3049 2141 3344 2217 εἶναιπρὸς
3364 2144 3626 2216 ἀληθείας
3642 2161 3744 2197 πα-

2159 2240 2446 2309 ράστασιν,
2481 2239 2578 2292 καὶ
2602 2237 2860 2306 φωτίζειν
2887 2236 3197 2309 ἀνθρώπων
3226 2237 3489 2302 διάνοιαν,
3520 2239 3652 2301 τούς
3684 2254 3744 2289 τε

2156 2331 2388 2392 οἰκείους
2420 2329 2610 2397 λόγους
2643 2330 2737 2382 καὶ
2764 2328 2834 2382 τὰ
2859 2328 3007 2397 πάθη
3039 2329 3134 2381 καὶ
3162 2329 3227 2398 δὴ
3258 2330 3354 2381 καὶ
3385 2328 3481 2389 τὰς
3513 2328 3744 2381 Μωσαῖ-

2157 2423 2260 2485 κάς
2291 2423 2386 2476 καὶ
2409 2421 2754 2492 προφητικάς
2781 2422 2988 2491 φωνάς’
3016 2424 3130 2484 τοῖς
3164 2420 3265 2490 μὲν
3288 2420 3356 2473 δι’
3383 2413 3457 2474 ὧν
3487 2419 3662 2483 ἐδειξέ
3687 2436 3744 2472 τε

2157 2514 2226 2566 τά
2259 2513 2355 2565 ἐπὶ
2397 2511 2491 2566 τοῦ
2543 2511 2798 2582 σώματος
2840 2511 2952 2565 τῶν
2983 2513 3177 2567 παθῶν
3231 2512 3389 2583 ίχνη,
3438 2514 3533 2566 καὶ
3581 2513 3746 2576 αὐτὸς

2157 2603 2575 2674 προεθέσπιζεν,
2607 2603 2861 2658 ἐϐεϐαίου
2889 2605 2988 2675 τὴν
3020 2604 3338 2658 ἀνάστασιν*
3369 2605 3494 2667 τοὺς
3526 2604 3585 2657 δέ
3615 2621 3750 2676 προ-

2156 2695 2425 2758 λαϐόντας
2471 2696 2552 2758 είς
2594 2694 2725 2748 θέαν
2762 2694 2929 2748 αὐτοῦ
2974 2694 3343 2764 καταστῆναι,
3397 2695 3494 2748 ἀπ’
3528 2694 3748 2759 οὐδενὸς

2156 2787 2266 2839 τῶν
2298 2787 2608 2856 εἰρημένων
2643 2785 2836 2840 ἐαυτὸν
2868 2786 3270 2842 ἀνακαλύπτων
3296 2828 3310 2854 ,
3348 2786 3458 2840 οὐδ’
3506 2786 3749 2841 ὑποϐάλ-

2157 2876 2266 2930 λων
2296 2881 2376 2940 είς
2415 2877 2736 2948 ἐπιτίμησιν
2755 2919 2770 2944 ,
2796 2879 2906 2933 ἀπό
2943 2895 3009 2948 γε
3041 2879 3152 2932 τῶν
3189 2879 3485 2951 προφητῶν
3527 2881 3628 2935 καὶ
3652 2881 3748 2934 τοῦ

2158 2969 2405 3033 Μωσέως
2449 2969 2510 3022 τό
2553 2987 2613 3023 τε
2655 2969 2909 3041 ἔγκλημα
2961 2969 3173 3035 τούτοις
3227 2972 3469 3041 ὑφαίνει,
3504 2971 3605 3025 καὶ
3651 2970 3750 3041 τὴν

2159 3060 2385 3130 ἄγνοιαν
2418 3063 2600 3116 αὐτῶν
2644 3063 2743 3133 τῆς
2770 3061 2973 3134 ψυχῆς,
3025 3062 3142 3133 ἅμα
3186 3064 3282 3116 καὶ
3321 3063 3431 3116 τῶν
3478 3063 3750 3133 ὀμμάτων

469 3165 597 3204 nem
619 3150 814 3212 nectit,
851 3150 1152 3219 eademque
1182 3165 1348 3220 opera
1381 3150 1746 3221 ignorantiam
1769 3161 1825 3207 et
1854 3154 2055 3209 mentis

2158 3154 2622 3218 ἀποσκευάζεται.
2667 3156 2780 3208 Καὶ
2827 3156 2954 3224 τόγε
2998 3154 3278 3226 ἐξαίρετον
3327 3156 3406 3217 είς
3457 3155 3618 3223 ίσχὺν
3657 3153 3749 3207 καὶ

467 3251 526 3296 et
562 3244 849 3297 Oculorum
878 3242 946 3296 ab
977 3241 1043 3296 iis
1078 3242 1357 3298 amolitur.
1393 3243 1548 3309 Quod
1590 3259 1720 3299 vero
1752 3246 1818 3299 ad
1851 3247 1958 3300 vim
1991 3263 2055 3302 ac

463 3331 784 3402 dignitatem
832 3332 964 3402 legis
1010 3333 1406 3388 ostendendam
1445 3335 1678 3390 multum
1723 3336 1887 3401 facit,
1925 3339 2055 3393 hinc

463 3420 682 3489 Quidem
719 3418 789 3474 ad
827 3419 1136 3475 doctrinam
1161 3427 1217 3476 et
1244 3421 1679 3479 confutationem
1705 3427 2054 3481 sermonibus

464 3512 582 3567 suis
613 3520 668 3567 et
700 3512 957 3582 passione
991 3528 1127 3569 usus
1166 3524 1271 3582 est,
1305 3527 1588 3588 assumpto
1622 3518 1678 3573 in
1710 3521 2053 3575 consortium

465 3603 704 3660 Mosaico
743 3614 800 3659 et
831 3606 1154 3677 prophetico
1198 3610 1549 3678 testimonio;
1593 3612 1724 3668 hinc
1755 3629 1886 3669 vero
1922 3631 2053 3686 pro-

465 3695 702 3768 pheticis
735 3706 791 3752 et
819 3697 1073 3756 Mosaicis
1105 3703 1291 3758 verbis
1319 3704 1634 3774 passionem
1663 3720 1818 3760 suam
1855 3716 1910 3761 et
1939 3709 2056 3779 glo-

466 3787 603 3841 riam
641 3795 697 3841 et
737 3791 1194 3848 resurrectionem
1248 3796 1499 3852 revelans
1523 3836 1539 3861 ,
1576 3797 1633 3852 in
1683 3798 1791 3852 illis
1833 3801 2056 3869 penitus

466 3879 776 3948 acquievit,
812 3882 1017 3953 quippe
1050 3884 1140 3954 qui
1175 3886 1595 3944 conﬁrmatione
1624 3889 1847 3946 aliunde
1887 3892 2052 3963 petita

468 3981 577 4021 non
609 3969 826 4037 egebat.
859 3970 1013 4026 Adeo
1043 3971 1090 4027 is
1122 3985 1464 4045 perspectam
1506 3977 1740 4034 habebat
1764 3981 1874 4035 vim
1916 3984 2058 4037 veri-

470 4059 597 4113 tatis
624 4060 914 4116 verborum
952 4066 1397 4134 propheticorum
1438 4079 1497 4124 et
1523 4070 1906 4138 Mosaicorum,
1935 4091 2058 4130 ma-

470 4165 742 4221 gnamque
765 4167 955 4208 eorum
987 4156 1301 4225 utilitatem,
1330 4176 1440 4215 non
1468 4163 1614 4232 quod
1641 4165 1757 4220 haec
1779 4165 1887 4221 illis
1911 4183 2056 4238 prae-

472 4239 679 4304 tulerit,
715 4242 811 4295 sed
837 4243 988 4310 quod
1023 4260 1120 4313 pro
1152 4249 1445 4316 prudentia
1487 4267 1584 4308 sua
1613 4254 1828 4312 ellicere
1870 4259 2054 4325 vellet,

471 4340 536 4384 ut
563 4331 782 4385 oracula
826 4331 1149 4390 fruerentur
1191 4343 1503 4397 reverentia
1543 4354 1600 4399 et
1631 4346 1836 4404 virtute
1867 4364 2058 4407 earum

471 4435 680 4486 rerum,
727 4438 850 4492 quae
894 4434 1024 4481 ante
1077 4431 1342 4487 nuntiatae
1388 4448 1536 4490 nunc
1581 4449 1898 4495 evenerant.
1946 4443 2058 4499 Illis

469 4511 618 4566 enim
659 4513 958 4571 domestica
993 4531 1256 4576 venustas
1295 4523 1619 4590 sufﬁciebat.
1663 4529 1746 4585 his
1773 4541 1958 4588 autem
1989 4535 2055 4590 ad
2082 4505 2136 4566 D

469 4603 819 4660 nobilitatem
854 4606 1073 4664 insitam
1105 4610 1323 4668 decoris
1353 4616 1561 4686 aliquid
1597 4621 1723 4676 addi
1751 4627 2058 4694 oportebat.

473 4695 581 4752 Sed
621 4699 757 4754 nihil
802 4709 975 4764 vetat,
1031 4705 1326 4773 quominus
1367 4709 1482 4778 ipsa
1517 4712 1733 4769 Domini
1771 4718 1935 4773 verba
1965 4736 2063 4774 au-

473 4787 707 4842 diamus.
737 4790 878 4845 Dicit
900 4793 1048 4848 enim
1080 4813 1094 4850 :
1118 4795 1163 4851 0
1182 4798 1542 4869 imprudentes
1571 4815 1619 4857 et
1643 4807 1782 4876 pigri
1814 4811 1967 4864 corde
1994 4813 2065 4866 ad

475 4879 790 4934 credendum
820 4883 908 4950 iis,
937 4901 1054 4954 qua:
1075 4886 1236 4942 locuti
1267 4901 1390 4945 sunt
1412 4896 1680 4962 propheta
1707 4899 1771 4957 ⁸⁸.
1796 4900 2062 4967 Audisne,

475 4972 752 5036 quomodo
781 4975 1219 5048 objurgationem
1265 4999 1363 5054 per
1402 4988 1697 5058 praphetas
1727 4991 1968 5049 inferat?
2001 4995 2068 5051 Et

475 5068 664 5153 postea
702 5080 716 5115 :
758 5063 944 5120 Nonne
972 5070 1086 5124 luce
1125 5077 1398 5144 oportebat
1423 5081 1537 5147 pati
1565 5080 1834 5140 Christum
1855 5128 1871 5153 ,
1913 5098 1962 5142 et
1991 5093 2065 5145 sic

476 5151 681 5249 ingredi
723 5154 778 5249 in
811 5156 1038 5225 gloriam
1083 5180 1237 5218 suam
1269 5167 1347 5220 "?
1391 5169 1467 5224 Ita
1519 5175 1803 5244 propheta:
1836 5151 2062 5249 gloriam

480 5241 793 5301 Servatoris
835 5252 1210 5310 annuntiant:
1250 5266 1309 5313 tu
1349 5276 1482 5316 vero
1521 5241 1716 5320 eos—ad
1761 5241 2062 5327 extremam

478 5331 835 5404 ignominiam
861 5337 1142 5397 deturbas.
1167 5343 1232 5399 Et
1262 5347 1310 5400 is
1335 5349 1580 5417 quidem,
1610 5351 1754 5410 facto
1779 5370 1810 5410 a
1837 5355 1985 5414 Mose
2009 5370 2066 5416 et

477 5531 482 5540 ι
551 5453 600 5516 ³⁷,
645 5453 780 5511 Luc.
824 5459 1100 5536 xxtvtis.
1156 5463 1224 5532 .‘I'
1256 5463 1390 5521 Luc.
1419 5483 1578 5537 χχιιι,
1617 5471 1706 5528 15.

2158 3245 2399 3317 ἀξίωμα,
2442 3248 2503 3300 ἐν
2534 3242 2618 3310 οἷς
2660 3247 2759 3317 μέν
2792 3248 3066 3316 ἐχρήσατο
3100 3247 3238 3317 πρὸς
3269 3240 3628 3301 διδασκαλίαν
3659 3246 3750 3299 καὶ

2158 3338 2382 3409 ἔλεγχον
2407 3340 2520 3402 τοῖς
2545 3338 2714 3392 αὐτοῦ
2736 3338 2919 3408 λόγοις
2943 3338 3038 3392 καὶ
3061 3336 3353 3409 παθήμασι
3378 3339 3474 3391 καὶ
3495 3337 3594 3408 τὴν
3624 3339 3750 3392 Μω-

2161 3431 2358 3501 σαῖκὴν
2383 3433 2476 3486 καὶ
2503 3431 2852 3502 προφητικὴν
2881 3431 3188 3503 μαρτυρίαν
3214 3431 3663 3503 συνεφήρμοσενο
3693 3432 3750 3485 ἐν

2157 3519 2240 3589 οἷς
2279 3524 2334 3578 δὲ
2362 3525 2451 3578 διὰ
2477 3524 2585 3578 τῶν
2623 3525 2982 3596 προφητικῶν
3014 3526 3108 3580 καὶ
3135 3525 3448 3580 Μωσαῖκῶν
3482 3523 3750 3595 ῥημάτων

2158 3617 2228 3670 τὰ.
2277 3617 2424 3687 πάθη
2469 3619 2566 3670 καὶ
2620 3619 2720 3688 τὴν
2765 3619 2924 3686 δόξαν
2960 3617 3129 3673 αὐτοῦ
3165 3620 3261 3672 καὶ
3305 3617 3407 3689 τὴν
3446 3617 3750 3672 ἀνάστασιν

2162 3708 2572 3776 ἀπεκάλυπτεν,
2600 3709 2846 3782 ἠρκέσθη
2867 3710 3105 3777 τούτοις,
3131 3709 3284 3764 οὐδὲν
3313 3708 3625 3780 ἐπιδεηθεὶς
3651 3708 3749 3776 τῆς

2159 3799 2268 3854 ἀπὸ
2293 3801 2402 3856 τῶν
2428 3802 2605 3857 ἄλλων
2633 3801 3001 3874 βεϐαιώσεως.
3033 3802 3300 3857 Τοσοῦτον
3330 3801 3448 3873 ᾔδει
3473 3799 3585 3853 τῶν
3615 3816 3749 3870 προ-

2161 3891 2408 3960 φητικῶν
2430 3891 2627 3960 λογίων
2656 3893 2752 3946 καὶ
2773 3893 3086 3948 Μωσαῖκῶν
3111 3892 3172 3948 τὸ
3195 3892 3295 3964 τῆς
3317 3889 3576 3962 ἀληθείας
3609 3891 3748 3960 κρά-

2158 3998 2251 4046 τος
2293 3983 2386 4036 καὶ
2431 3983 2534 4054 τῆς
2569 3982 2843 4053 ὠφελείας
2885 3985 2948 4038 τὸ
2993 3983 3257 4055 μέγεθος,
3308 3984 3408 4055 οὐχ
3452 3985 3536 4038 ὅτι
3573 3984 3751 4038 ταῦτα

2161 4074 2389 4129 ἐκείνων
2435 4079 2707 4148 προῆγεν,
2753 4077 2870 4133 ἀλλ’
2909 4079 3104 4149 ὅτιπερ
3150 4077 3242 4132 ἐπὶ¹
3277 4076 3535 4132 τοσοῦτον
3579 4077 3751 4147 ἐμεθ-

2160 4167 2313 4220 όδευε
2345 4169 2474 4232 τοὺς
2499 4169 2557 4222 ἐν
2589 4168 2668 4237 τῷ
2697 4171 2850 4240 νόμῳ
2891 4171 3178 4241 χρησμοὺς
3208 4169 3609 4224 συναπολαύειν
3653 4171 3752 4235 τῆς

2160 4259 2272 4313 τῶν
2316 4259 2700 4332 ἐκδεδηκότων
2746 4262 3178 4334 σεδασμιότητύς
3214 4279 3274 4315 τε
3305 4263 3400 4316 καὶ
3433 4262 3750 4332 δυνάμεωςο

2161 4351 2274 4412 τοῖς
2299 4350 2400 4422 μὲν
2429 4351 2539 4421 γὰρ
2571 4353 2730 4424 ἢρκει
2760 4353 2923 4426 χάρις
2948 4355 2982 4425 η
3014 4353 3245 4420 οἴκοθεν,
3269 4356 3382 4418 τοῖς
3407 4353 3465 4408 δὲ
3493 4354 3751 4425 προσέδει

2162 4443 2368 4514 κόσμον
2399 4445 2622 4514 ἀνάγειν
2653 4447 2732 4508 είς
2760 4445 2860 4517 τὴν
2889 4447 3117 4500 ἐκείνων
3145 4447 3446 4516 εὐγένειαν.
3493 4447 3638 4502 Ἀλλ’
3663 4447 3752 4499 οὐ·

2160 4537 2250 4590 δέν
2280 4539 2429 4591 ἐστιν
2445 4536 2558 4592 οἷον
2580 4539 2759 4593 αὐτῶν
2787 4540 2894 4593 τῶν
2920 4540 3266 4594 Δεσποτικῶν
3292 4541 3554 4612 ῥημάτων
3578 4540 3755 4592 ἀκού-

2161 4647 2263 4684 ειν·
2299 4631 2464 4700 Λέγει
2495 4633 2624 4705 γὰρ·
2647 4628 2722 4686 Ὦ
2752 4633 2999 4703 ἀνόητοι
3029 4635 3126 4688 καί
3153 4633 3402 4702 βραδεῖς
3432 4633 3506 4703 τῇ
3536 4629 3752 4702 καρδίῃ

2160 4725 2268 4779 τοῦ
2295 4725 2606 4780 πιστεύειν
2623 4726 2722 4780 ἐπὶ
2748 4725 2958 4793 πᾶσιν,
2987 4723 3077 4792 οἷς
3098 4728 3420 4796 ἐλάλησαν
3441 4732 3492 4781 ol
3517 4727 3753 4796 προφῆ-

2161 4831 2278 4869 ται.
2321 4816 2584 4880 Ἀκούεις,
2614 4818 2732 4880 πῶς
2746 4819 2848 4889 τὴν
2876 4818 3192 4890 ἐπιτίμησιν
3213 4819 3300 4872 διὰ
3323 4819 3432 4874 τῶν
3456 4818 3753 4888 προφητῶν

2163 4907 2392 4975 ἐπάγει;
2415 4902 2569 4962 Εἴτα·
2589 4909 2738 4978 Οὐχὶ
2754 4909 2942 4963 ταῦτα
2963 4909 3085 4964 ἔδει
3106 4909 3320 4965 παθεῖν
3339 4909 3446 4962 τὸν
3470 4909 3749 4977 Χριστὸν,

2165 4998 2266 5051 καὶ
2295 4999 2596 5056 εἰσελθεῖν
2622 5001 2712 5064 είς
2744 5000 2861 5067 τὴν
2891 4999 3081 5064 δόξαν
3118 5001 3344 5064 autat“);
3374 5001 3484 5071 Τὴν
3513 4999 3673 5065 δόξαν
3702 5001 3751 5052 οί

2165 5090 2446 5161 προφῆται
2473 5091 2567 5144 τοῦ
2596 5093 2847 5163 Σωτῆρος
2877 5092 3232 5164 κηρύττουσι·
3271 5093 3366 5146 καὶ
3395 5093 3460 5147 σὺ
3490 5092 3626 5161 πρὸς
3654 5091 3754 5162 τὴν

2163 5183 2402 5254 ἐσχάτην
2445 5185 2679 5251 αὐτοὺς,
2716 5186 2916 5257 μᾶλλον
2960 5187 3020 5242 δὲ
3062 5185 3375 5252 κάκείνων,
3422 5185 3753 5246 ἀπελαύνεις

2163 5275 2411 5345 ἀτιμίαν.
2448 5277 2560 5330 Καὶ
2604 5278 2913 5348 ἀρξάμενος
2951 5277 3060 5332 ἀπὸ
3102 5278 3350 5340 Μωσέως
3392 5277 3488 5331 καὶ
3534 5276 3754 5330 πάντων

2161 5363 2276 5420 τῶν
2311 5369 2607 5439 προφητῶν
2629 5411 2643 5436 ,
2679 5368 3037 5441 διερμήνευεν
3074 5370 3260 5432 αὐτοῖς
3291 5369 3352 5422 ἐν
3401 5368 3605 5432 πάσαις
3635 5369 3753 5430 ταῖς

1809 5475 1850 5508 ³³
1893 5476 2023 5533 ibid.
2051 5480 2163 5547 _16.

1584 5630 1820 5687 VARIA'J
1851 5626 2240 5695 LECTIONES
2271 5638 2360 5694 ET
2395 5637 2624 5698 ΝΟΤᾸΞ.

557 5752 1019 5852 ςξχριέιέιρ-ἀκ.
1048 5757 1141 5816 Sic
1173 5763 1294 5836 lego
1323 5779 1423 5836 pro
1453 5766 1726 5842 λαμπρὸν,
1763 5776 1907 5844 quod
1950 5787 2055 5834 erat

2157 5798 2161 5832 ι
2195 5797 2297 5837 ms.
2330 5781 2561 5848 Praestat
2591 5782 2761 5850 enim,
2795 5797 2986 5839 vocem
3052 5784 3194 5841 hanc
3224 5782 3427 5841 referre
3488 5783 3554 5839 ad
3595 5781 3751 5852 νίκην

479 5836 640 5886 quam
671 5828 736 5882 ad
767 5827 1014 5884 θάνατον.
