3886 6422
506 404 611 467 235

1664 403 1928 463 ΡΙΙΟΤῙΙ
1969 404 2478 465 PATRIARCIHE
2515 405 2623 463 (ΣΡ.

3672 407 3767 468 236

511 531 724 573 tuorum
753 514 913 581 Deus,
939 515 1027 569 sed
1050 517 1331 571 viventium
1358 517 1426 569 ὀ.
1466 513 1606 581 Quid
1627 519 1775 571 enim
1803 519 2086 588 quisquam

2193 514 2306 574 οὖν
2335 522 2367 572 ό
2402 518 2554 582 Θεὸς
2581 512 2810 582 νεκρῶν
2843 513 3022 580 Θεὸς,
3059 513 3220 567 ἀλλὰ
3261 510 3509 574 ζώντων.
3559 516 3623 570 Τί
3664 519 3764 591 γὰρ

500 609 616 664 'hoc
661 607 880 664 oraculo
920 607 1193 662 invenerit.
1225 607 1531 672 cllicacius,
1566 619 1660 664 aut
1705 609 1772 664 ad
1804 610 2088 665 audaciam

508 703 754 758 hostium
791 701 886 755 Dei
928 701 1316 755 destruendam
1344 701 1562 772 aptius?
1599 701 1742 757 Deus
1765 703 2089 768 Abrahami,

511 796 681 851 lsaaci
703 805 758 850 et
785 793 994 859 Jacobi,
1023 793 1324 848 viventium
1349 792 1492 847 Dcus
1513 801 1616 848 est.
1649 791 1715 846 Et
1740 795 2091 850 manifestum

511 905 644 944 sane
670 899 784 952 est,
817 887 961 957 quod
1001 902 1234 955 quorum
1273 894 1357 940 est
1401 883 1542 940 Deus
1566 925 1581 950 ,
1619 885 1694 940 illi
1726 896 1781 941 et
1818 902 1967 940 nunc
1991 925 2005 950 ,
2039 895 2092 941 et

510 989 632 1051 post
655 977 1113 1034 resurrectionem
1145 977 1198 1030 in
1231 976 1348 1046 ipso
1375 975 1578 1030 vivant.
1616 977 2091 1032 llesurrectionem

508 1089 641 1128 vero
670 1080 930 1140 operatur
975 1069 1139 1134 Deus,
1173 1068 1417 1138 adeoque
1455 1084 1592 1138 quos
1629 1083 1914 1138 resurgere
1961 1068 2092 1124 facit

507 1165 678 1219 Filius
707 1164 726 1234 (
752 1162 1040 1217 resuscitat
1060 1176 1190 1215 vero
1219 1161 1466 1215 homines
1503 1177 1715 1226 omnes,
1751 1162 1948 1231 quibus
1973 1176 2092 1215 om-

511 1259 644 1312 nino
692 1255 1044 1312 continentur
1074 1261 1126 1306 et
1176 1253 1414 1322 majores
1461 1253 1986 1324 patriarcharum),
2023 1253 2091 1308 iis

510 1346 734 1401 omnino
763 1344 1074 1400 dominatur
1115 1352 1171 1397 et
1199 1358 1347 1397 nunc
1384 1351 1439 1396 et
1469 1351 1591 1413 post
1628 1342 2089 1398 resurrectionem

513 1444 676 1505 Deus,
718 1437 939 1508 quando
974 1435 1133 1490 (ictus
1168 1435 1258 1489 ille
1290 1437 1537 1505 corporis
1571 1436 1650 1490 tui
1680 1436 1931 1490 conditor
1969 1434 2092 1505 igne

507 1542 563 1587 et
593 1531 763 1587 vermi
794 1540 1000 1585 aeterno
1031 1529 1264 1583 traditus
1293 1528 1418 1591 erit,
1449 1543 1559 1583 non
1590 1529 1767 1582 solum
1814 1528 1952 1599 ipse,
1993 1527 2090 1581 sed

507 1623 663 1678 etilli
693 1623 895 1692 quibus
943 1621 1144 1690 volupe
1194 1618 1298 1673 fuit
1345 1618 1572 1673 obedire
1615 1627 1670 1672 et
1707 1619 2090 1688 obtemperare

507 1715 776 1770 voluntati
831 1714 970 1784 ejus.
1022 1712 1100 1767 Ac
1154 1712 1230 1766 illi
1284 1712 1506 1782 quidem
1560 1727 1685 1766 cum
1743 1711 1861 1780 ipso
1902 1723 2094 1780 pmnas

507 1805 891 1869 sustinebunt,
943 1801 1290 1857 Abrahamus
1347 1815 1475 1854 vero
1519 1808 1573 1853 et
1611 1799 1862 1860 lsaacus,
1909 1807 1964 1850 et
2003 1794 2086 1850 Ja-

2195 610 2261 664 ἄν
2282 627 2365 673 τις
2392 610 2546 679 εὖροι
2568 606 2771 676 ταύτης
2794 605 2894 674 τῆς
2922 606 3174 676 χρήσεως
3203 604 3623 678 βεϐαιότερον,ή
3647 612 3768 664 καθ.

2195 703 2337 754 ελεῖν
2380 702 2479 771 τὴν
2513 699 2622 753 τῶν
2663 698 2948 768 θεομάχων
2984 698 3192 768 τόλμαν
3248 699 3668 772 κραταιότερον;
3715 702 3767 755 ’0

2194 798 2286 848 τοῦ
2333 792 2589 864 Ἀϐραὰμ
2624 793 2720 844 καὶ
2766 791 2795 844 6
2836 790 2932 843 τοῦ
2995 790 3183 843 Ἰσαὰκ
3225 791 3324 843 καὶ
3368 792 3398 844 6
3434 791 3528 844 τοῦ
3587 792 3767 846 ’ἰακὼῦ

2193 884 2346 949 Θεὸς,
2370 885 2532 947 αὑτός
2548 885 2696 936 ἐστιν
2719 883 2748 936 6
2777 882 2885 936 τῶν
2911 880 3130 946 ζώντων
3151 881 3308 944 Θεός.
3334 883 3446 936 Kal
3476 882 3657 953 δῆλον,
3678 885 3767 949 ώς,

2194 971 2270 1032 ὧν
2290 980 2408 1032 ἐστι
2427 977 2580 1042 Θεὸς,
2607 969 2754 1028 οὗτοι
2768 973 2904 1040 ζῶσι
2925 975 3018 1027 καὶ
3041 974 3136 1027 νῦν
3159 975 3256 1027 καὶ
3281 975 3418 1046 μετά
3429 975 3528 1046 τὴν
3550 977 3772 1030 ἀνάστα-

2197 1088 2284 1124 σιν
2317 1071 2374 1122 ἐν
2405 1070 2575 1140 αύτῷ.
2611 1068 2722 1139 Τὴν
2759 1067 2818 1120 δὲ
2866 1067 3167 1121 ἀνάστασιν
3211 1067 3520 1137 ἐνήργησεν
3552 1067 3582 1119 6
3628 1066 3769 1131 Θεὸς,

2194 1166 2336 1218 ὥστε
2374 1163 2468 1226 οὒς
2513 1163 2798 1231 ἀνίστησιν
2845 1163 2874 1213 6
2918 1161 3041 1223 Υἱὸς
3079 1160 3313 1229 (ἀνιστᾷ
3353 1161 3412 1212 δέ
3461 1159 3682 1228 σύμπαν
3721 1160 3774 1212 τὸ

2196 1255 2408 1327 ποίημα
2431 1254 2567 1325 (27),
2595 1257 2652 1307 ἐν
2673 1249 2754 1316 οἷς
2771 1253 2865 1305 καὶ
2891 1253 2939 1305 oi
2967 1253 3222 1324 πρόγονοι
3243 1252 3352 1305 τῶν
3376 1268 3582 1320 πατρια
3594 1250 3771 1320 ρχῶν),

2194 1346 2402 1401 τούτων
2427 1345 2534 1416 ἄρα
2564 1341 2839 1415 βασιλεύει
2865 1343 2960 1396 καὶ
2988 1341 3087 1395 νῦν
3119 1344 3213 1395 καὶ
3240 1342 3380 1412 μετά
3410 1340 3508 1410 τὴν
3542 1341 3774 1393 ἀνάστα-

2197 1457 2281 1493 σιν
2309 1441 2337 1493 6
2362 1437 2492 1501 Θεὸς
2515 1479 2530 1502 ,
2556 1437 2647 1489 ὅτε
2679 1435 2772 1488 καί
2799 1435 2894 1488 τοῦ
2926 1433 3018 1486 σοῦ
3052 1433 3372 1503 πλάσματος
3404 1433 3432 1484 6
3456 1431 3772 1500 πεπλασμέ-

2195 1549 2285 1594 νος
2317 1531 2546 1600 ποιητὴς
2584 1527 2661 1598 τῷ
2706 1526 3054 1596 ἀτελευτήτῳ
3097 1525 3232 1595 πυρὶ
3279 1523 3375 1578 καὶ
3417 1521 3496 1586 τῷ
3539 1523 3774 1592 σκώληκι

2197 1619 2582 1690 παραδέδοται,
2611 1618 2774 1681 αὑτός
2804 1635 2862 1670 τε
2889 1617 2984 1670 καὶ
3008 1611 3090 1680 οἷς
3113 1615 3412 1669 ὑπακούειν
3445 1615 3541 1667 καὶ
3571 1613 3772 1685 ὑπηρε-

2195 1714 2307 1766 τεῖν
2333 1711 2497 1764 αύτοῦ
2532 1708 2728 1780 γνώμη
2749 1709 2944 1779 γέγονε
2970 1707 3047 1778 τῷ
3080 1707 3368 1778 θελήματι.
3411 1706 3554 1759 Ἀλλ’
3586 1707 3774 1760 ἐκεῖνοι

2199 1803 2298 1873 μὲν
2323 1805 2420 1856 σὺν
2443 1804 2637 1872 ἐκείνῳ
2665 1803 2764 1872 τὴν
2791 1801 2947 1872 δίκην
2973 1799 3286 1871 ὑπέχουσιν,
3325 1797 3586 1868 Ἀϐραὰμ
3613 1797 3669 1851 δὲ
3690 1799 3775 1851 καὶ

506 1899 716 1958 cobus,
770 1909 1073 1964 onmesque
1128 1894 1220 1963 qui
1271 1893 1384 1948 Deo
1453 1908 1551 1962 per
1607 1891 1781 1962 legem
1841 1890 2086 1959 placent1

2199 1863 2415 1962 “Ἰσαάκ,
2450 1897 2547 1950 καὶ
2593 1863 2810 1960 ’ίακώᾷ
2835 1863 2929 1949 κα).
2950 1863 3152 1956 πάντες
3175 1863 3311 1963 οἷςή
3338 1863 3622 1962 διὰ-νόμου
3647 1891 3774 1945 Θεοῦ

465 2038 471 2046 ,
500 1989 706 2060 gaudio
746 2001 1029 2056 nunquam
1076 1985 1319 2040 ﬁniendo
1367 1999 1471 2038 nec
1510 1981 1871 2037 edisserendo
1905 1980 2094 2035 fruen-

500 2095 619 2138 tur.
667 2082 806 2148 Quid
856 2081 960 2145 ais,
1014 2080 1182 2135 miser
1243 2080 1430 2144 homo,
1485 2087 1633 2142 tuus,
1687 2091 1851 2146 quem
1907 2090 2090 2140 vocas,

501 2175 758 2229 conditor
798 2173 939 2243 ignis
969 2171 1029 2226 ﬁt
1064 2186 1212 2233 esca,
1239 2170 1315 2224 illi
1341 2184 1494 2233 vero,
1539 2168 1632 2238 qui
1664 2169 1807 2222 circa
1839 2166 2092 2221 Abraha-

504 2281 654 2319 mum
685 2272 832 2328 sunt,
861 2278 890 2316 a
916 2276 1046 2316 vero
1073 2259 1186 2314 Deo
1215 2257 1460 2314 coelestia
1492 2256 1800 2311 sortiuntur
1834 2254 2092 2309 taberna-

495 2355 648 2412 cula.
690 2354 755 2408 Et
788 2362 844 2407 tu
877 2353 957 2406 ais
986 2351 1264 2420 imperare
1296 2349 1364 2404 iis
1395 2363 1520 2403 eum
1542 2386 1557 2412 ,
1599 2362 1761 2416 quem
1790 2346 2093 2400 exteriores

503 2446 747 2502 ιοιιρὺισω
789 2451 1066 2498 coercent.
1106 2439 1367 2496 Servator
1407 2438 1600 2494 mundi
1655 2439 1870 2492 Patrem
1928 2452 2090 2491 suum

501 2547 666 2594 vocat
697 2539 867 2591 Deum
920 2532 1218 2589 Abrahami
1263 2542 1322 2586 et
1375 2542 1701 2586 cmterorum
1742 2529 2090 2601 patriarcha-

501 2646 651 2685 rum.
682 2627 766 2682 Tu
804 2642 938 2682 vero
961 2641 1089 2681 eum
1125 2625 1197 2680 de
1246 2622 1476 2694 imperio
1503 2623 1788 2687 deturbas,
1823 2621 1944 2691 ejus
1959 2636 2091 2676 vero

501 2720 630 2777 loco
653 2718 961 2774 introducis
989 2731 1138 2780 eum,
1169 2715 1265 2787 qui
1282 2715 1676 2786 ignetabescit,
1712 2729 1776 2769 ac
1802 2723 1856 2769 te
1887 2714 2088 2783 ipsum,

502 2811 614 2868 nisi
649 2810 760 2866 cito
804 2808 1138 2879 resipiscens
1189 2821 1432 2861 errorem
1475 2805 1729 2876 etl‘ugias,
1777 2805 1834 2858 in
1865 2805 2089 2859 easdem

501 2918 697 2974 pcenas
729 2901 972 2971 abripit?
1020 2901 1085 2954 Et
1129 2898 1305 2954 Judaei
1345 2898 1602 2968 quidem,
1633 2897 1926 2952 Servawre
1972 2897 2090 2951 haec

499 2995 745 3059 dicente,
811 2991 1253 3063 percellebantur
1304 3007 1318 3043 :
1377 2989 1488 3044 imo
1549 2999 1606 3044 et
1659 2987 2086 3044 Sadducazorum

501 3085 794 3156 impudens
825 3081 993 3138 factio
1023 3081 1404 3137 coercebatur.
1445 3081 1526 3135 Tu
1568 3095 1699 3136 vero
1732 3094 1801 3134 ne
1847 3079 1925 3134 sic
1957 3077 2088 3148 qui-

2195 1988 2578 2060 εύαρέστησις,
2611 1987 2713 2058 τῆς
2736 1986 3096 2056 ἀτελευτήτου
3124 1986 3220 2038 καὶ
3242 1984 3615 2053 ἀνεκλαλήτου
3651 2001 3774 2052 τρυ-

2194 2079 2302 2148 φῆς
2338 2077 2694 2132 ἀπολαύουσι.
2723 2077 2788 2130 Τί
2819 2076 2999 2144 λέγεις
3020 2116 3034 2141 ,
3069 2074 3242 2140 ἀθλιε,
3269 2075 3298 2126 6
3329 2073 3422 2136 σὸς
3452 2075 3520 2142 τῇ
3565 2071 3773 2142 γλώττῃ

2191 2168 2524 2240 δημιουργὸς
2583 2167 2755 2238 πυρὸς
2795 2167 3004 2234 γίνεται
3057 2165 3264 2235 τροφὴ,
3323 2165 3375 2216 οἱ
3412 2163 3470 2216 δὲ
3524 2163 3655 2234 περὶ
3689 2163 3773 2216 τὸν

2205 2259 2458 2332 Ἀϐραὰμ
2487 2258 2638 2328 παρὰ
2660 2258 2752 2312 τοῦ
2777 2256 3031 2328 ἀληθινοῦ
3062 2256 3196 2309 Θεοῦ
3221 2255 3318 2318 τὰς
3343 2256 3631 2327 οὐρανίους
3653 2255 3773 2325 κλη-

2193 2352 2416 2422 ροῦνται
2453 2351 2683 2422 σκηνάς.
2718 2351 2826 2404 Καὶ
2865 2349 2928 2403 σὺ
2965 2349 3144 2418 λέγεις
3179 2350 3368 2420 ἄρχειν
3395 2346 3600 2412 αὐτῶν,
3637 2347 3694 2400 ὃν
3717 2347 3773 2399 τὸ

2191 2443 2457 2513 ἐξώτερον
2489 2444 2706 2512 συνέχει
2736 2440 2960 2506 σκότος;
3004 2439 3064 2492 'U
3093 2439 3285 2510 Σωτήρ
3316 2437 3409 2490 τοῦ
3443 2437 3656 2507 κόσμου
3688 2435 3773 2488 ¹ιὸν

2191 2537 2386 2590 ἑαυτοῦ
2416 2535 2637 2606 Πατέρα
2659 2535 2792 2588 Θεὸν
2819 2533 2967 2601 λέγει
2996 2531 3090 2584 τοῦ
3134 2530 3388 2601 Ἀϐραὰμ
3419 2532 3516 2583 καὶ
3546 2529 3657 2584 τῶν
3686 2529 3773 2582 ἀλ-

2193 2625 2302 2679 λων
2333 2625 2710 2695 πατριαρχῶν.
2745 2624 2817 2676 Σὺ
2853 2622 2953 2693 μὲν
2985 2621 3175 2674 τοῦτον
3221 2619 3510 2681 ἐκϐάλλεις
3541 2618 3644 2688 τῆς
3679 2619 3774 2688 ἀρ-

2189 2715 2314 2787 χῆς,
2369 2717 2715 2782 ἀντεισάγεις
2767 2713 2826 2767 δὲ
2875 2713 2965 2766 τὸν
3005 2711 3453 2782 κατατηκόμενον
3488 2711 3567 2782 τῷ
3604 2711 3772 2782 πυρὶ,

2190 2812 2286 2862 καὶ
2319 2809 2400 2874 σέ,
2437 2806 2532 2860 ἐὰν
2564 2805 2640 2877 μὴ
2662 2806 2854 2859 θᾶττον
2887 2804 3172 2874 ἀνανήψας
3201 2803 3380 2874 φύγῃς
3412 2802 3512 2873 τὴν
3543 2803 3774 2871 πλάνην,

2188 2901 2312 2962 ταῖς
2361 2899 2553 2963 αὐταῖς
2595 2896 2981 2965 συναπάγοντα
3006 2895 3118 2964 (28)
3164 2896 3401 2957 ποιναῖς.
3443 2894 3559 2948 Kal.
3597 2895 3645 2946 ol
3683 2894 3776 2962 μὲν

2204 2991 2468 3058 Ἰουδαῖοι,
2517 2988 2693 3043 ταῦτα
2731 2989 2984 3058 λέγοντος
3032 2985 3128 3040 τοῦ
3187 2987 3464 3058 Σωτῆρος,
3515 2987 3777 3055 ἐξεπλήτ-

2189 3101 2366 3150 τοντο,
2390 3083 2476 3136 να)
2501 3081 2566 3153 δὴ
2593 3083 2687 3135 καὶ
2703 3081 2766 3134 τὸ
2797 3081 2908 3134 τῶν
2929 3079 3300 3133 Σαδδουκαίων
3334 3080 3553 3142 ἀναιδὲς
3583 3080 3772 3148 ἐπεφί-

501 3179 628 3235 dem
665 3177 906 3248 linguam
955 3174 1291 3244 compescis,
1320 3189 1426 3228 nec
1475 3173 1672 3244 impias
1725 3171 2086 3243 cogitationes

2194 3191 2362 3244 μωτο.
2405 3173 2476 3227 Σὺ
2527 3172 2572 3224 δ’
2607 3171 2714 3224 οὐδ’
2759 3169 2901 3224 οὕτω
2938 3167 3175 3240 χαλινοῖς
3209 3168 3308 3239 τήν
3333 3167 3612 3236 γλῶτταν,
3661 3169 3776 3222 οὐδὲ

501 3269 731 3326 deseris.
756 3266 1043 3335 Quomodo
1066 3266 1270 3336 itaque,
1290 3273 1386 3319 aut
1411 3265 1576 3332 unde,
1596 3271 1691 3321 aut
1707 3280 1814 3335 quo
1840 3271 2086 3334 tempore

2193 3267 2299 3320 τῶν
2327 3263 2605 3335 λογισμῶν
2649 3262 3011 3334 ἀπορρίπτεις
3056 3260 3117 3312 τὸ
3144 3259 3486 3332 δυσσέϐημα.
3518 3261 3635 3314 Καὶ
3664 3261 3777 3324 πῶς

497 3363 588 3418 vel
618 3370 770 3434 gutta
803 3359 975 3416 veniae
1011 3358 1108 3414 tibi
1141 3356 1411 3413 stillabit?

572 3540 763 3597 XXVI.
809 3540 917 3596 Sed
944 3555 1047 3596 nec
1092 3541 1200 3596 hoc
1235 3540 1659 3610 prmtermittere
1690 3541 1772 3598 fas
1805 3552 1912 3599 est.
1949 3542 2088 3611 Qui-

501 3635 629 3691 dam
665 3633 1089 3696 Phariszeorum,
1125 3631 1220 3702 qui
1246 3631 1366 3686 aliis
1393 3631 1528 3703 legis
1559 3633 1791 3688 scientia
1823 3647 2086 3704 praeSIare

499 3724 851 3789 videbantur,
883 3719 1250 3776 tentationem
1283 3718 1411 3774 Jesu
1449 3719 1796 3789 aggreditur,
1826 3728 1884 3774 et
1916 3721 2087 3776 inter-

497 3823 676 3884 rogat,
711 3812 924 3876 dicens,
948 3810 1222 3881 Magister,
1249 3810 1514 3880 quodnam
1542 3819 1860 3878 praeceptum
1898 3811 1954 3863 in
1977 3810 2085 3880 lege

496 3905 677 3972 majus
708 3913 782 3956 est
812 3900 1038 3956 “.Vide
1070 3915 1203 3954 vero
1225 3915 1290 3954 ex
1323 3899 1410 3965 iis,
1441 3898 2082 3970 qua:_respondet.lesus,

497 3993 778 4063 quomodo
800 3990 1093 4061 praeceptis
1115 3988 1367 4045 Mosaicis
1383 3998 1438 4044 et
1469 3989 1812 4059 dignitatem,
1848 3998 1903 4044 et
1932 4005 2083 4044 amo-

497 4101 616 4141 rem
658 4083 755 4138 Dei
794 4083 901 4138 illis
945 4091 1306 4153 praeceptum,
1348 4081 1612 4137 vindicet.
1665 4081 1865 4154 Diliges
1911 4083 2080 4151 enim,

498 4177 704 4247 inquit,
757 4174 1041 4228 Dominum
1070 4174 1241 4228 Deum
1288 4183 1434 4227 tuum
1470 4190 1533 4227 ex
1565 4183 1670 4227 toto
1699 4181 1852 4228 corde
1885 4183 1996 4238 tuo,
2034 4185 2083 4229 et

494 4270 555 4321 in
583 4277 691 4320 tota
715 4267 898 4320 anima
925 4275 1037 4330 tua,
1060 4274 1109 4319 et
1136 4267 1191 4318 in
1214 4274 1323 4318 tota
1349 4275 1519 4320 mente
1549 4275 1640 4320 tua
1664 4268 1731 4320 ²².
1759 4268 1940 4337 Atque
1963 4268 2082 4324 haec

496 4357 718 4427 quidem
752 4356 892 4425 legis
941 4371 1099 4410 mens
1128 4365 1212 4410 est
1247 4375 1260 4410 :
1295 4357 1516 4411 attende
1563 4373 1695 4411 vero
1728 4367 1779 4412 et
1823 4359 1890 4412 ad
1931 4359 2082 4426 judi-

494 4449 642 4502 cium
670 4447 911 4501 Domini.
950 4445 1244 4516 Subjungit
1287 4447 1434 4500 enim
1464 4465 1478 4501 :
1530 4447 1641 4501 Hoc
1669 4458 1740 4502 est
1775 4450 2007 4518 primum
2032 4458 2080 4502 et

2189 3358 2254 3413 ἂν
2275 3357 2453 3421 ἄλλως
2497 3357 2530 3428 ἢ
2585 3355 2748 3409 πόθεν
2802 3353 3135 3424 συγγνώμης
3168 3370 3249 3406 σοι
3285 3352 3528 3422 σταγὼν,
3570 3354 3605 3426 ἢ
3639 3353 3776 3409 κατὰ

2188 3451 2344 3502 ποῖον
2371 3447 2563 3519 καιρὸν
2599 3445 3093 3518 ἐπισταχθήσεταις

2259 3538 2404 3607 KCT'.
2448 3539 2570 3592 Οὐδ’
2623 3541 2801 3592 ἐκεῖνο
2853 3522 2912 3591 δὲ
2941 3538 3140 3607 δεήσει
3187 3537 3598 3609 παραδραμεῖν.
3660 3537 3776 3590 Τῶν

2186 3631 2495 3702 Φαρισαίων
2525 3647 2633 3696 τις,
2658 3629 2831 3684 δοκῶν
2861 3628 2970 3681 τῶν
3003 3627 3179 3680 ἄλλων
3207 3631 3274 3698 τῇ
3309 3627 3404 3680 τοῦ
3436 3629 3608 3697 νόμου
3641 3624 3777 3694 γνώ-

2188 3741 2272 3778 σει
2303 3722 2579 3793 προέχειν,
2615 3724 2696 3784 είς
2725 3723 2920 3793 πεῖραν
2938 3721 3100 3774 αὑτὸν
3125 3719 3418 3788 καθίστησι
3439 3717 3538 3772 τοῦ
3577 3718 3774 3788 Ἰησοῦ,

2187 3817 2281 3869 κα)⁵
2317 3813 2591 3885 ἐπερωτᾷ,
2620 3810 2982 3878 Διδάσκαλε,
3013 3810 3210 3877 λέγων,
3247 3809 3392 3863 ποία
3421 3808 3654 3874 ἐντολὴ
3675 3825 3778 3877 με·

2185 3903 2341 3976 ’γά-1η
2391 3905 2462 3958 ἐν
2509 3903 2590 3968 τῷ
2645 3904 2841 3972 νόμφ;
2904 3903 3013 3954 Καὶ
3045 3901 3182 3971 ὅρα,
3222 3899 3289 3953 δι’
3320 3892 3396 3953 ὧν
3429 3898 3723 3968 ἀμείϐεται
3751 3900 3779 3950 6

2199 3992 2432 4065 Ἰησοῦς,
2471 3994 2620 4057 ὅπως
2649 3994 2768 4055 ταῖς
2807 3992 3130 4052 Μωσαῖκαῖς
3171 3990 3414 4051 ἐντολαῖς
3460 3989 3557 4042 καὶ
3586 3988 3650 4040 τὸ
3682 4003 3777 4058 με-

2185 4085 2402 4155 γαλεῖον
2435 4083 2870 4154 ἐπιμαρτύρεται
2897 4082 2992 4135 καὶ
3022 4081 3083 4134 τὸ
3109 4079 3378 4149 θεοφιλές.
3421 4079 3779 4148 Ἀγαπήσεις

2185 4176 2316 4246 γὰρ.
2349 4175 2512 4244 φησὶ,
2557 4175 2778 4241 Κύριον
2807 4173 2914 4225 τὸν
2957 4172 3107 4226 Θεόν
3145 4185 3263 4224 σου
3293 4169 3406 4238 ὅλῃ
3452 4167 3529 4236 τῇ
3559 4167 3780 4238 καρδίᾳ

2185 4281 2324 4329 σου,
2361 4270 2460 4318 καὶ
2506 4263 2577 4318 ὲν
2613 4265 2730 4331 ὅλῃ
2775 4262 2853 4331 τῇ
2900 4260 3072 4330 ψυχῇ
3120 4277 3270 4322 σου,
3304 4259 3402 4314 καὶ
3449 4260 3521 4313 ἐν
3553 4261 3672 4329 ὅλῃ
3706 4259 3777 4328 τῇ

2183 4359 2415 4425 διανοίᾳ
2466 4373 2604 4413 σου.
2658 4357 2768 4409 Kal.
2800 4355 2962 4408 τοῦτο
2999 4355 3097 4421 μὲν
3131 4356 3164 4424 ή
3217 4353 3312 4407 τοῦ
3360 4353 3529 4423 νόμου
3585 4356 3774 4424 φωνή·

2185 4449 2424 4521 πρόσχες
2453 4448 2508 4500 δὲ
2553 4448 2648 4501 καὶ
2691 4447 2968 4517 ἐπικρίσει
3015 4449 3082 4516 τῇ
3109 4449 3436 4516 Δεσποτικῇ.
3489 4447 3778 4516 Ἐπιφέρει

494 4541 828 4612 praecipuum
875 4549 1195 4610 praceptum
1219 4540 1304 4606 ²³;
1345 4555 1603 4612 magnum
1660 4551 1994 4612 praeceptum
2027 4552 2082 4597 et

2193 4541 2511 4612 γάρἈῦτη
2556 4539 2688 4595 ἐστὶ
2736 4540 2936 4609 πρώτη
2981 4543 3078 4594 καὶ
3105 4542 3340 4612 μεγάλη
3383 4540 3647 4610 ἐντολὴ,
3685 4558 3774 4611 με·

493 4633 838 4704 praecipuum
871 4648 1020 4698 eum,
1050 4631 1145 4702 qui
1175 4631 1280 4703 legi
1303 4631 1605 4687 conformis
1624 4643 1728 4700 est,
1756 4633 1846 4688 Dei
1873 4634 2080 4688 cultum

492 4742 721 4782 vocans.
754 4726 1018 4792 Quaenam
1049 4734 1233 4780 autem
1262 4724 1492 4794 jubebat
1523 4726 1826 4780 necessitas
1859 4726 1965 4782 hoc
1989 4727 2078 4796 ju-

2189 4631 2362 4702 γάλην
2404 4631 2624 4701 ἐντολὴν
2677 4632 2765 4685 κα)
2806 4629 3030 4702 πρώτην
3060 4632 3160 4702 τὴν
3201 4632 3347 4686 κατὰ
3404 4633 3557 4702 νόμον
3589 4633 3779 4687 θεοσέ-

2191 4724 2343 4776 ϐειαν
2385 4722 2586 4776 καλῶν.
2615 4722 2810 4776 Καίτοι
2837 4723 2921 4787 τίς
2950 4724 3200 4777 ἐπέκειτο
3230 4724 3391 4796 χρεία
3419 4725 3500 4789 είς
3532 4725 3638 4795 τὴν
3669 4725 3779 4796 ψῆ-

496 4817 699 4872 dicium
725 4815 891 4882 ferre,
915 4825 969 4870 et
991 4815 1134 4870 hanc
1163 4815 1578 4885 praerogativam
1605 4816 1884 4872 vindicare
1910 4819 2082 4873 cultui

2193 4831 2282 4884 ρον
2326 4813 2532 4884 ταύτην
2559 4814 2758 4880 ἐλθεῖν,
2792 4815 2888 4867 καὶ
2910 4815 2973 4867 τὸ
3011 4815 3302 4886 μεγαλεῖον
3331 4817 3512 4871 δοῦναι
3551 4821 3622 4890 τῇ
3659 4817 3780 4871 θεο-

497 4906 685 4962 divino
741 4905 1000 4973 Mosaico,
1063 4907 1171 4961 nisi
1205 4921 1306 4977 pro
1353 4916 1582 4976 paterno
1635 4907 1884 4962 instituto
1931 4908 2080 4963 illum

495 4997 824 5052 habuisset?
862 4997 970 5052 Sed
1016 4998 1193 5067 ipsum
1229 5013 1448 5068 quoque
1478 5009 1813 5068 preceptum
1867 5015 1966 5069 per
1999 5014 2078 5064 se,

2182 4907 2369 4980 σεϐείᾳ
2409 4912 2475 4980 τῇ
2507 4910 2816 4981 Μωσαῖκῇ,
2858 4911 2907 4963 εἰ
2939 4909 3014 4982 μὴ
3045 4911 3307 4984 πατρῴας
3336 4912 3542 4984 ταύτην
3581 4913 3780 4982 ἐπεγί-

2178 5018 2357 5054 νωσκε
2400 5001 2744 5072 νομοθεσίας.
2790 5003 2938 5074 Πλὴν
2967 5005 3062 5058 καὶ
3095 5005 3233 5075 αὐτή
3256 5021 3319 5074 γε
3353 5005 3476 5058 καθ’
3503 5006 3713 5076 ἑαυτὴν
3743 5009 3775 5077 ἠ

495 5087 542 5144 si
567 5089 692 5158 quis
719 5087 1175 5155 eonsideraverit,
1217 5104 1403 5144 nonne
1442 5088 1671 5160 plenum
1703 5099 1788 5144 est
1819 5090 2082 5146 beneﬁca:

2193 5092 2395 5164 ἐντολὴ,
2453 5093 2503 5146 el
2532 5111 2618 5158 τις
2653 5093 2829 5149 ἐθέλοι
2862 5096 3110 5167 θεωρεῖν,
3158 5095 3277 5161 πῶς
3322 5097 3382 5150 οὐ
3441 5097 3618 5168 μεστὴ
3677 5097 3781 5167 μὲν

569 5201 614 5233 ²⁰
631 5199 824 5255 Matth.
866 5215 1001 5266 xm,
1029 5202 1118 5256 51.
1195 5203 1236 5232 ²¹
1271 5201 1463 5256 Matth.
1495 5217 1633 5266 χχιι,
1659 5201 1748 5257 56.
1827 5203 1873 5234 ¹²
1900 5204 2036 5260 ibid.
2071 5208 2086 5262 Ξ

2237 5209 2282 5241 ’⁸
2309 5208 2442 5264 ibid.

1580 5357 1812 5415 VARLE
1848 5360 2235 5419 LECTIONES
2264 5363 2354 5420 ET
2393 5364 2632 5424 ΝΟΤΔΕ.

563 5475 675 5546 (27)
706 5475 956 5545 Ποίημα.
982 5473 1058 5547 De
1076 5473 1390 5530 hominibus
1411 5474 1691 5547 speciatim
1720 5477 2074 5547 interpretor,

491 5547 561 5600 de
587 5547 787 5616 quibus
809 5561 940 5600 sane
965 5546 1052 5599 hic
1075 5559 1260 5617 sermo
1282 5551 1385 5617 est,
1406 5561 1514 5598 non
1536 5546 1792 5616 ignorans
1812 5546 2074 5617 alioquin,

493 5618 562 5669 de
593 5615 704 5670 tota
736 5625 1112 5670 creaturarum
1141 5615 1500 5669 universitate
1535 5615 1675 5670 hanc
1705 5634 1890 5672 vocem
1918 5615 2079 5673 usui-4-

493 5687 613 5753 pari
644 5702 826 5756 posse,
853 5687 997 5740 sicut.
1021 5695 1076 5738 ct
1099 5685 1242 5756 Deus
1274 5685 1388 5756 ipse
1415 5686 1483 5756 ab
1505 5701 1690 5739 earum
1717 5689 2081 5756 productione

495 5754 723 5829 ποιητὴς
768 5757 1096 5829 appellatur.
1149 5754 1387 5829 "lustris
1437 5754 1732 5829 Theophili
1785 5768 1870 5814 est
1927 5760 2081 5815 locus

496 5821 593 5879 lib.
614 5821 770 5890 ⁷ι,Ἀιί
800 5821 1109 5894 Άὶιιοιιίεαηι
1146 5841 1164 5879 :
1195 5825 1328 5889 Θεὸς
1365 5821 1697 5899 δημιουργὸς
1728 5829 1824 5882 καὶ
1851 5831 2083 5904 ποιητὴς

2180 5481 2399 5604 λέγεται
2421 5524 2436 5549 ,
2485 5483 2575 5538 διὰ
2605 5482 2666 5538 τὸ
2699 5486 2864 5540 αὐτὸν
2913 5489 3055 5543 εἶναι
3091 5490 3319 5562 κτίστην
3343 5530 3358 5556 ,
3397 5492 3492 5546 καὶ
3535 5493 3779 5565 ποιητὴν

2180 5569 2290 5604 των
2316 5569 2343 5604 ο
2378 5572 2475 5604 ων.

2179 5569 2290 5604 των
2316 5569 2475 5607 οΑων.

2254 5622 2366 5706 (28)
2407 5625 2866 5706 Συναπάγοντα,
2901 5629 2982 5683 lla
3029 5631 3388 5706 scribendum
3408 5641 3492 5687 est
3515 5648 3631 5706 pro
3647 5650 3781 5687 συν-

2181 5700 2482 5774 υπᾰγοντα,
2526 5700 2672 5764 quod
2714 5707 2808 5774 _est
2853 5702 2906 5751 in
2950 5716 3052 5774 ms.
3089 5700 3278 5774 Neque
3303 5703 3447 5774 enim
3484 5700 3635 5774 aliud
3682 5721 3780 5774 pa-

2182 5767 2316 5816 titur
2345 5780 2644 5848 prononren
2681 5767 2740 5848 σέ
2776 5769 3126 5848 antecedens,
3161 5767 3230 5828 ad
3264 5772 3409 5844 quod
3439 5767 3695 5829 refertur'
3716 5775 3780 5828 τὸ

2187 5837 2543 5907 συναπάγειν,
2571 5837 2624 5892 id
2651 5847 2734 5896 est
2755 5877 2771 5904 ,
2813 5839 3090 5896 abducere.
