3886 6424
486 418 592 481 239

485 543 565 581 ria
597 534 727 581 sunt
754 540 819 581 ac
840 538 1082 578 amorem
1116 522 1209 577 Dci
1245 530 1461 594 urgent,
1519 523 1570 577 in
1615 532 1825 579 tantum
1869 533 1926 578 et
1971 524 2057 578 lex

2180 526 2271 579 καὶ
2312 526 2339 577 6
2368 527 2531 596 νόμος
2565 526 2684 591 ὅλος
2715 527 2810 580 καὶ
2847 529 2896 579 οἱ
2930 526 3211 598 προφῆται
3251 526 3361 585 τῶν
3395 527 3574 582 αὐτῶν
3609 530 3732 584 εἰσιν

484 626 599 673 tota
651 625 707 670 et
750 614 1034 686 propheta:
1063 613 1256 668 eodem
1314 614 1526 669 honore
1578 614 1728 686 digni
1778 614 2062 685 judicandi

2180 618 2382 685 ἐπάξιοι
2407 618 2611 690 γερῶν.
2640 619 2986 689 Συνήρτηται
3025 617 3134 688 γὰρ
3171 619 3424 691 ἀλλήλοις
3452 622 3623 675 ταῦτα
3647 626 3733 677 καὶ

486 721 638 764 sunt.
664 707 850 761 Mutuo
886 706 1034 760 enim
1063 721 1207 760 nexu
1242 721 1307 760 ea
1338 707 1439 760 sibi
1494 706 1730 760 invicem
1774 708 2065 776 conjuncta

2180 709 2491 780 συνέχεται,
2525 711 2621 763 xai.
2648 709 2748 780 τῆς
2773 709 2944 779 αὐτῆς
2986 710 3315 780 νομοθεσίας
3360 710 3607 781 ἐξῆπται.
3634 714 3733 768 Καὶ

1615 416 1847 477 ΡΗΟΤΙ
1856 418 1882 476 Ι
1921 416 2072 478 ΡΑΤ.

2180 417 2428 479 tRCH/E
2467 418 2578 479 CP.
3633 419 3727 483 Ξᾶῐι

489 808 639 865 sunt,
671 800 811 854 etab
838 798 1029 852 eodem
1064 797 1373 868 legislatore
1401 797 1670 867 profecta,
1703 806 1758 853 et
1787 797 2067 869 lcgislator

489 908 554 947 ac
587 892 778 947 doctor
831 905 1023 944 eorum
1071 889 1317 943 omnium
1346 890 1539 944 eodem
1592 890 1937 959 undiquaque
1966 889 2067 943 ho-

488 998 623 1037 nore
650 981 1068 1052 prosequendus
1097 989 1197 1034 est.
1231 979 1322 1035 Sic
1342 990 1390 1035 cl
1429 980 1687 1035 Davidem
1720 981 1848 1035 alibi
1872 990 2065 1035 testem

488 1074 678 1147 affert,
698 1074 792 1142 qui
826 1073 1004 1143 ipsum
1036 1081 1094 1127 ut
1142 1072 1430 1127 Dominum
1462 1081 1518 1128 et
1554 1074 1817 1129 victorem
1864 1090 2069 1129 renun-

488 1164 664 1230 tiavit,
691 1180 803 1219 non
834 1164 980 1219 nude
1005 1174 1061 1219 et
1108 1180 1208 1235 per
1242 1180 1323 1231 se,
1355 1165 1448 1219 scd
1483 1166 1539 1219 in
1590 1165 1799 1235 Spiritu
1848 1174 2066 1229 sancto,

492 1256 653 1309 talem
689 1256 820 1309 item
844 1255 938 1325 qui
977 1270 1007 1309 a
1037 1254 1291 1319 Domino,
1323 1256 1589 1311 Dominus
1630 1258 1901 1311 exsistens
1929 1257 2065 1326 ipse,

488 1348 792 1402 sessionem
839 1362 868 1400 a
918 1347 1122 1403 dextris
1174 1348 1469 1418 acceperit,
1525 1348 1833 1418 videritque
1883 1349 2070 1404 hostes

490 1454 619 1494 suos
640 1439 879 1494 scabello
907 1440 1107 1510 pedum
1151 1456 1375 1496 suorum
1412 1442 1693 1512 subjectos
1733 1452 1790 1499 et
1822 1454 2070 1514 prostra-

490 1542 597 1587 tos.
629 1530 736 1598 Qui
762 1547 895 1588 vero
929 1535 1287 1604 pronuntiare
1312 1534 1429 1590 haec
1460 1544 1515 1590 et
1536 1535 1835 1605 praedicare
1857 1536 2071 1608 potuis‘

491 1633 601 1689 set,
642 1624 901 1679 contrarii
932 1625 1188 1696 principii
1216 1625 1396 1681 aﬂlatu
1422 1634 1599 1694 actus,
1631 1626 1686 1681 in
1716 1628 1927 1698 primis,
1947 1644 2071 1683 cum

493 1724 604 1772 tam
632 1714 780 1769 clare
798 1725 852 1769 et
868 1716 1046 1786 palam
1068 1716 1255 1771 Jesum
1283 1716 1452 1773 Deum
1470 1721 1810 1789 pronuntiet,
1839 1735 2074 1790 eumque

489 1806 784 1862 Dominum
817 1822 977 1863 suum
1015 1808 1361 1878 profiteatur,
1396 1809 1683 1881 Patrisque
1730 1811 2070 1882 dignitatem,

2167 800 2330 864 αὐτὸς
2370 800 2632 872 ὁμότιμός
2669 802 2817 854 ἐστιν
2862 803 2891 855 6
2929 800 3137 857 τούτων
3168 803 3430 859 ἁπάντων
3466 805 3560 858 καὶ
3586 823 3734 875 νομοο

2169 890 2332 960 θέτης
2370 892 2464 944 καὶ
2510 893 2831 964 εἰσηγητής.
2887 893 3107 964 Ἀμέλει
3149 895 3364 949 καὶτὸν
3403 895 3568 949 Δαυῒδ
3591 898 3735 952 πάλιν

2168 983 2380 1050 εἰσάγει
2408 984 2681 1055 μάρτυρα,
2714 985 2918 1056 Κύριον
2945 985 3111 1039 αὐτὸν
3137 986 3231 1039 καὶ
3254 988 3491 1059 νικητὴν
3519 1005 3737 1059 προανα-

2168 1074 2534 1147 κηρύττοντα,
2567 1076 2665 1130 καὶ
2684 1077 2784 1146 οὐχ
2812 1076 3005 1141 ἁπλῶς
3029 1116 3046 1142 ,
3071 1077 3184 1131 ἀλλ’
3217 1078 3275 1130 ὲν
3304 1078 3587 1149 Πνεύματι
3610 1080 3739 1150 ἁγίῳ

2170 1168 2266 1222 καὶ
2293 1167 2446 1238 παρὰ
2478 1167 2687 1239 Κυρίου
2725 1169 2825 1242 τὴν
2866 1170 2932 1224 ὲκ
2981 1168 3173 1237 δεξιῶν
3203 1169 3500 1242 καθέδραν,
3546 1171 3739 1243 Κύριον

2171 1259 2269 1313 καὶ
2307 1260 2470 1313 αὐτὸν
2493 1258 2646 1325 ὄντα,
2682 1260 3056 1333 λαμϐάνοντα,
3088 1264 3183 1316 καὶ
3210 1263 3338 1325 τοὺς
3365 1262 3594 1335 ἐχθροὺς
3617 1266 3739 1317 ὑπο-

2172 1350 2358 1404 πόδιον
2404 1351 2513 1405 τῶν
2556 1351 2735 1407 ποδῶν
2772 1352 2937 1408 αὑτοῦ
2991 1353 3333 1423 τιθεμένους,
3377 1356 3476 1408 καὶ
3519 1357 3739 1409 καταπί-

2173 1459 2430 1507 πτοντας.
2475 1445 2589 1499 Καὶ⁵
2631 1444 2734 1499 ποῦ
2767 1443 2943 1499 ταῦτα
2992 1446 3392 1517 προαγορεύειν
3422 1448 3630 1501 ἐκεῖνον
3658 1449 3741 1501 καὶ

2172 1531 2447 1603 θεολογείν
2476 1536 2681 1607 παρῆν,
2725 1539 2775 1590 εἰ
2805 1538 2907 1608 τῆς
2933 1538 3184 1602 ἐναντίας
3217 1532 3369 1591 εἷλκε
3404 1538 3627 1609 μερίδος
3653 1540 3743 1608 τὴν

2172 1625 2483 1689 ἐπίπνοιαν,
2533 1626 2773 1698 μάλιστά
2818 1645 2884 1697 γε
2935 1628 3209 1697 θεολογεῖν
3254 1628 3400 1683 οὕτω
3442 1630 3633 1699 σαφῶς
3659 1631 3744 1684 καὶ

2173 1714 2636 1785 ἁπερικαλύπτως
2684 1715 2776 1770 τὸν
2815 1717 3048 1788 Ἰησοῦν,
3088 1717 3297 1788 Κύριόν
3342 1735 3404 1771 τε
3433 1719 3571 1771 ἴδιον
3595 1719 3744 1772 αὐτὸν

2176 1806 2552 1876 άνομολογεϊν,
2577 1807 2675 1861 καλ⁵
2703 1809 2764 1862 τὸ
2788 1809 3057 1879 πατρικὸν
3089 1809 3310 1878 ἀξίωμα
3334 1808 3424 1863 διὰ
3446 1810 3552 1880 τῆς
3577 1810 3747 1882 κυριό-

491 1909 921 1954 commemorato
953 1899 1221 1966 dominio,
1262 1899 1363 1970 ipsi
1395 1901 1658 1969 vindicet,
1685 1912 1922 1973 etquam
1950 1904 2069 1957 illu-

2180 1913 2338 1967 τητος
2386 1899 2811 1971 ἐπιμαρτυρεῖν,
2846 1900 2941 1953 καὶ
2975 1900 3052 1964 ώς
3095 1901 3364 1971 λαμπρῶς
3402 1903 3502 1956 καὶ
3529 1903 3748 1971 ἀναφαί-

490 2000 658 2046 strcm
715 1991 1199 2063 invincihilcmque
1235 1994 1537 2065 potentiam
1584 1996 1848 2050 adversus
1886 1995 2073 2051 hostes

489 2086 819 2153 probaturus
876 2084 982 2149 sit,
1029 2092 1281 2142 testetur.
1341 2086 1464 2142 Haec
1511 2088 1694 2143 omnia
1750 2088 1907 2156 cujus
1951 2088 2073 2143 fue-

490 2174 563 2229 rit
615 2183 671 2229 et
721 2175 1123 2244 prtenuntiare,
1172 2183 1230 2232 et
1288 2176 1346 2230 in
1399 2176 1658 2231 effectum
1716 2177 2021 2247 perducere

487 2278 651 2333 quam
702 2263 922 2332 quidem
957 2264 1216 2319 benefica:
1250 2264 1343 2319 Dei
1403 2263 1717 2335 sapientiae,
1768 2280 1866 2334 per
1908 2280 2073 2334 quam

486 2363 544 2411 et
572 2355 755 2410 omnia
782 2354 1111 2420 consistunt,
1134 2364 1189 2410 et
1219 2371 1305 2421 ea,
1332 2371 1453 2425 quae
1478 2357 1544 2411 ad
1577 2356 1809 2410 salutem
1828 2366 2074 2410 nostram

484 2447 801 2517 pertinent,
842 2448 910 2502 ab
940 2448 1151 2519 origine
1200 2448 1390 2503 mundi
1430 2449 1677 2512 definita,
1705 2458 2075 2519 eventumque

490 2537 707 2602 sortita,
745 2545 875 2592 sunt
906 2552 994 2601 eo,
1027 2538 1119 2607 qui
1150 2536 1499 2601 definivcrat,
1529 2554 1640 2592 non
1682 2539 2005 2609 indignum?

557 2626 773 2683 XXVII.
826 2628 1236 2699 l’erpendamus
1278 2644 1411 2684 vero
1459 2629 1624 2683 etiam
1671 2630 1774 2684 hoc
1806 2630 1942 2695 loco,
1974 2646 2078 2684 an-

487 2734 599 2774 non
630 2718 807 2774 Moses
836 2728 891 2774 et
922 2718 1087 2785 Elias,
1143 2719 1444 2775 secundum
1475 2720 1649 2792 legem
1676 2722 1940 2787 viventes,
1980 2722 2078 2777 mi-

486 2810 646 2866 nistri
674 2811 877 2866 fuerint
905 2811 1033 2865 boni
1084 2819 1140 2867 et
1174 2811 1289 2866 veri
1334 2811 1453 2875 Dei,
1491 2813 1703 2884 ipsique
1736 2814 2077 2885 placuerint?

485 2901 775 2967 Quomodo
812 2902 962 2957 enim
991 2904 1046 2956 in
1078 2911 1283 2968 monte,
1331 2904 1387 2958 in
1426 2919 1535 2975 quo
1568 2906 1826 2961 Servator
1855 2907 2076 2962 transfl-

487 3002 713 3065 guratus
731 3002 832 3057 est,
857 2993 1194 3065 gloriamque
1216 2995 1519 3052 divinitatis
1548 3012 1662 3051 sua:
1679 2997 2074 3064 manifestavit,

489 3092 547 3138 et
568 3084 853 3153 praecipuis
870 3085 985 3139 suis
1009 3085 1290 3156 discipulis
1314 3085 1543 3159 fulguris
1581 3089 1756 3143 instar
1783 3089 2076 3144 videndam

489 3174 660 3241 dedit,
683 3175 911 3230 aderant
937 3176 1048 3241 illi,
1080 3178 1377 3247 divinaque
1406 3179 1700 3249 splendore
1731 3179 2073 3244 fruebantur,

490 3266 597 3321 nisi
623 3266 691 3321 ad
719 3267 961 3322 cultores
990 3268 1110 3337 ejus
1156 3277 1212 3324 et
1233 3269 1516 3324 ministros
1544 3270 1944 3341 pertinuissent
1978 3273 2023 3305 ³²
2054 3273 2077 3326 τ

489 3357 608 3413 lmo
641 3358 916 3427 quomodo
941 3374 1051 3412 non
1089 3360 1265 3414 solum
1299 3361 1546 3425 aderant,
1599 3362 1774 3416 instar
1802 3363 2078 3418 nudorum

493 3457 890 3519 spectatorum,
928 3449 1021 3504 sed
1054 3458 1113 3504 ut
1139 3451 1293 3516 tales,
1323 3452 1415 3522 qui
1449 3468 1559 3522 prae
1583 3453 1805 3523 reliquis
1832 3454 2079 3525 discipu-

491 3539 562 3594 lis
586 3538 842 3609 primitiis
873 3539 958 3593 his
988 3540 1216 3596 visionis
1244 3540 1339 3596 Dei
1384 3541 1732 3610 fruebantur,
1774 3554 1831 3599 et
1858 3559 1924 3599 ex
1953 3560 2079 3615 gra-

430 3682 443 3693 κ
499 3630 571 3685 tia
597 3630 954 3702 praerogativa
1017 3631 1251 3702 quadam
1300 3647 1415 3703 pne
1442 3632 1567 3698 illis,
1596 3633 1653 3688 in
1677 3650 1913 3704 quorum
1941 3635 2079 3690 alio-

492 3720 631 3790 quin
664 3720 928 3774 societate
962 3729 1140 3786 erant,
1164 3722 1550 3777 ornabantur?
1602 3722 1905 3795 Splendore
1931 3726 2077 3781 enim

490 3810 813 3866 circumfusi
870 3826 995 3865 cum
1034 3811 1167 3868 Jesu
1218 3813 1609 3885 loquebantur,
1653 3832 2080 3891 sermonumque

491 3902 712 3957 illorum
738 3918 952 3957 summa
993 3912 1111 3958 erat
1171 3920 1326 3969 crux,
1389 3915 1446 3961 et
1472 3906 1698 3961 victoria
1730 3916 1785 3963 et
1817 3917 2017 3979 tropaea
2048 3926 2078 3965 a

495 4000 677 4047 morte
709 3994 1063 4063 reportanda.
1090 3994 1247 4061 Quod
1274 3997 1438 4068 igitur
1464 4006 1719 4069 respectu
1746 4008 2076 4055 czcterorum

492 4084 894 4154 discipulorum
940 4086 1174 4152 Petrus,
1232 4086 1467 4144 Iacobus
1507 4099 1563 4145 et
1606 4089 1848 4146 Joannes
1881 4101 2076 4159 erant,

493 4174 550 4229 id
589 4184 845 4246 respectu
876 4176 1094 4232 illorum
1126 4179 1420 4252 (veterum)
1448 4179 1635 4236 Mosen
1669 4191 1726 4238 et
1756 4183 1931 4238 Eliam
1956 4198 2081 4240 esse

490 4260 601 4322 hoc
646 4268 768 4338 ipso
825 4268 1087 4325 Servator
1138 4270 1473 4339 declarabat,
1536 4289 1741 4344 eosque
1785 4276 2078 4333 evellebat.

485 4361 646 4428 Quod
678 4378 810 4418 vero
829 4362 1084 4425 collocuti
1108 4381 1232 4421 cum
1261 4382 1327 4421 eo
1353 4367 1482 4432 sint,
1522 4368 1872 4440 primumque
1897 4370 2078 4425 locum

486 4451 839 4517 occuparint,
909 4450 983 4505 ita
1048 4449 1333 4523 Scriptura
1389 4469 1541 4509 sacra
1566 4455 1781 4510 effert:
1842 4458 2080 4527 Cumque

2177 2005 2334 2060 ρετον
2377 1988 2437 2043 τὸ
2487 1992 2690 2061 κράτος
2739 1992 3076 2062 ἀναδήσεται
3107 1993 3168 2047 τὸ
3211 1994 3356 2049 κατὰ
3384 1994 3497 2048 τῶν
3528 1993 3744 2065 ἐχθρῶν.

2177 2079 2247 2133 Ἀ
2274 2079 2418 2143 τίνος
2449 2076 2517 2153 ἦν
2551 2081 2714 2136 άλλου
2751 2084 2846 2137 καὶ
2893 2082 3283 2155 προθεσπίζειν
3327 2084 3424 2138 καὶ
3451 2085 3536 2148 είς
3577 2085 3739 2153 πέρας

2172 2173 2349 2241 ἄγειν,
2380 2174 2427 2226 εί
2460 2174 2535 2244 μὴ
2574 2174 2675 2244 τῆς
2716 2173 3095 2243 άγαθοδότιδος
3121 2176 3232 2247 (50)
3265 2175 3403 2230 Θεοῦ
3434 2175 3659 2245 σοφίας,
3685 2176 3746 2229 δι’

2172 2259 2241 2337 ἧς
2263 2264 2324 2318 τό
2348 2282 2407 2317 τε
2440 2266 2660 2336 σύμπαν
2687 2266 2917 2337 ὑπέστη,
2946 2268 3039 2321 καὶ
3067 2270 3137 2321 τά
3164 2267 3266 2337 τῆς
3291 2268 3572 2337 σωτηρίας
3598 2267 3746 2337 ἡμῶν

2172 2357 2282 2410 ἀπδ
2303 2356 2608 2427 καταϐολῆς
2631 2357 2948 2429 προωρίσθη
2988 2360 3219 2431 κόσμου,
3252 2360 3345 2414 καὶ
3389 2360 3567 2431 πέρας
3598 2358 3745 2413 ἔλαϐε

2173 2444 2269 2498 τοῦ
2300 2445 2692 2517 προορίσαντος
2723 2447 2823 2501 οὐκ
2851 2449 3093 2515 ἀνάξιον.

2246 2623 2381 2678 KH’.
2417 2623 2720 2695 Σκοπῶμεν
2766 2625 2825 2679 δὲ
2855 2624 3189 2693 κάντεῦθεν,
3227 2630 3278 2680 εί
3306 2626 3380 2698 μὴ
3414 2628 3624 2699 Μωσῆς
3666 2631 3751 2683 καὶ

2188 2715 2376 2780 Ἠλίας
2403 2715 2553 2788 νόμῳ
2585 2715 2909 2786 βεδιωκότες
2939 2716 3274 2788 θεράποντες
3298 2714 3461 2789 ἦσαν,
3501 2721 3598 2774 καὶ
3625 2721 3752 2790 πρὸς

2175 2807 2471 2879 ἀρέσκειαν
2532 2808 2869 2881 πράττοντες
2918 2808 3014 2863 τοῦ
3073 2809 3284 2878 ἀγαθοῦ
3342 2811 3440 2865 καὶ
3506 2810 3749 2883 ἀληθινοῦ

2174 2895 2335 2951 Θεου.
2364 2897 2491 2959 Πῶς
2518 2900 2576 2951 ὲν
2599 2897 2677 2969 τῷ
2709 2897 2848 2969 ὄρει,
2881 2900 2939 2951 ὲν
2971 2893 3016 2967 ᾧ
3052 2899 3457 2972 μετεμορφώθη
3492 2903 3524 2954 6
3553 2903 3749 2973 Σωτὴρ,

2176 2985 2274 3039 καὶ
2321 2986 2422 3057 τὴν
2461 2986 2619 3054 δόξαν
2657 2986 2823 3041 αὑτοῦ
2874 2988 2972 3057 τῆς
3010 2986 3267 3059 θεότητος
3316 2990 3750 3060 παρεγύμνωσε,

2176 3078 2273 3132 καὶ
2312 3078 2618 3149 ὲνήστραψε
2652 3081 2769 3143 τοῖς
2803 3078 3131 3150 προκρίταις
3165 3078 3273 3134 τῶν
3303 3081 3592 3151 μαθητῶν,
3626 3099 3754 3151 cup.-

2179 3170 2435 3241 παρῆσαν
2475 3164 2622 3223 οῦτοι
2657 3172 2751 3224 καὶ⁵
2799 3170 3183 3243 συναπήλαυον
3213 3170 3315 3242 τῆς
3367 3170 3524 3236 θείας
3561 3173 3755 3244 ἀστρα-

2181 3261 2311 3332 πῆς,
2346 3260 2421 3333 μὴ
2450 3261 2551 3333 τῆς
2584 3260 2753 3316 αὐτοῦ
2782 3261 3041 3335 λατρείας
3082 3262 3217 3333 μηδὲ
3250 3262 3553 3335 θεραπείας
3580 3265 3754 3332 ὅντεςς

2179 3353 2290 3407 Καὶ
2317 3354 2380 3407 ού
2428 3353 2794 3426 συμπαρῆσαν
2831 3354 2993 3424 μόνον
3030 3348 3122 3408 οἷα
3149 3354 3215 3425 δὴ
3245 3356 3505 3425 τυχόντες
3539 3358 3753 3423 θεαταὶ,

2179 3444 2316 3499 ἀλλὰ
2342 3444 2605 3515 μαθητῶν
2638 3444 2736 3515 μὲν
2762 3445 2873 3498 τῶν
2904 3444 3170 3500 πλειόνων
3198 3447 3528 3511 οίκειώσεώς
3550 3467 3610 3502 τε
3636 3467 3758 3518 πρ)-

2180 3538 2386 3608 νομίοις
2409 3538 2506 3592 καὶ
2537 3537 2813 3600 θεοπτίαις
2842 3537 3256 3610 ἐξαιρούμενον
3290 3542 3383 3593 καὶ
3415 3537 3501 3606 οἷς
3554 3541 3612 3594 δὲ
3643 3559 3758 3595 συν-

2179 3629 2467 3682 ετάττοντο
2504 3628 2771 3683 κάκείνων
2794 3645 2846 3682 τι
2890 3628 3053 3683 πλέον
3085 3630 3229 3701 ἔχειν
3260 3631 3409 3701 παρὰ
3438 3632 3543 3702 τῆς
3571 3631 3760 3701 ἀγαθό-

2179 3737 2339 3790 τητος
2356 3719 2528 3790 δῶρον
2551 3720 2830 3789 φέροντες.
2859 3721 2968 3774 Καὶ
2984 3722 3094 3793 γὰρ
3113 3720 3242 3795 δόξῃ
3267 3723 3760 3795 περιαυγαζόμενοι

2182 3811 2506 3865 συνελάλουν
2548 3811 2627 3883 τῷ
2681 3811 2858 3884 Ἰησοῦ
2907 3815 3001 3868 καὶ
3037 3814 3149 3867 τῶν
3177 3814 3349 3884 λόγων
3380 3810 3450 3886 ἦν
3497 3815 3561 3869 τὸ
3598 3815 3760 3884 κεφά-

2179 3903 2331 3957 λαιον
2359 3906 2386 3957 6
2414 3902 2649 3974 σταυρὸς
2688 3904 2783 3958 καὶ
2809 3904 2844 3975 ἡ
2875 3904 3017 3957 κατὰ
3044 3901 3140 3957 τοῦ
3168 3903 3400 3959 θανάτου
3425 3905 3556 3977 νίκη
3591 3908 3683 3959 καὶ
3708 3905 3762 3957 τὸ

2180 3997 2462 4065 τρόπαιον.
2516 3994 2682 4048 Ὥστε
2717 3994 2856 4066 ὅπερ
2885 3988 3026 4066 ἦσαν
3055 3996 3170 4060 τοῖς
3215 3994 3397 4060 ἄλλοις
3429 3998 3641 4068 Πέτρος
3676 3997 3763 4051 καὶ

2193 4087 2450 4151 Ἰάκωϐος
2505 4087 2601 4142 καὶ
2646 4085 2929 4159 Ἰωάννης,
2992 4087 3151 4141 τοῦτο
3210 4088 3383 4159 Μωσῆ
3432 4090 3532 4143 καὶ
3586 4090 3762 4144 Ἠλίαν

2178 4178 2391 4243 τούτοις
2418 4174 2559 4233 εῖναι
2584 4178 2867 4250 διεκόσμει
2893 4179 3036 4235 κατά
3052 4196 3117 4247 γε
3136 4178 3297 4233 τοῦτο
3324 4181 3762 4251 καὶὲμεγάλυνεν

2180 4272 2210 4324 6
2243 4271 2456 4343 Σωτήρ.
2492 4270 2614 4325 Ὀτι
2645 4270 2703 4324 δὲ
2736 4271 3073 4341 συνωμίλουν
3108 4270 3260 4342 αύτῷ
3286 4272 3380 4325 atat
3412 4272 3514 4343 τὴν
3544 4272 3763 4344 πρώτην

2179 4362 2332 4430 τάξιν
2379 4362 2652 4433 ἐπλήρουν
2677 4402 2692 4424 ,
2723 4361 2823 4415 ώδὶ
2868 4362 2929 4416 τὸ
2973 4362 3072 4434 τῆς
3105 4362 3409 4433 ίερολογίας
3452 4364 3622 4432 φησί·
3659 4364 3761 4417 Καί

2180 4453 2419 4523 ἐγένετο
2456 4454 2528 4507 ἐν
2551 4452 2633 4519 τῷ
2664 4454 3107 4524 προσεύχεσθαι
3132 4454 3343 4518 αὐτὸν,
3377 4454 3445 4508 τὸ
3474 4452 3639 4521 εἶδος
3664 4454 3763 4508 τοῦ

485 4552 817 4612 precaretur,
862 4544 1074 4599 habitus
1106 4545 1280 4599 vultus
1338 4546 1455 4615 ejus
1491 4548 1664 4617 factus
1707 4558 1783 4603 cst
1820 4549 1982 4615 alius,
2028 4561 2072 4604 et

2184 4544 2509 4613 προσώπου
2540 4543 2729 4599 αὐτοῦ
2767 4543 2992 4612 ἕτερον,
3035 4543 3137 4597 καὶ
3168 4546 3202 4597 d
3231 4544 3550 4614 ἱματισμὸς
3582 4540 3764 4597 αὐτοῦ

487 4637 795 4690 vestimenta
829 4637 944 4705 ejus
972 4637 1096 4691 alba
1130 4654 1193 4692 ac
1224 4638 1564 4709 refulgentia.
1622 4640 1687 4695 Et
1712 4658 1826 4697 ecce
1847 4644 1950 4697 duo
1976 4645 2077 4697 viri

488 4726 917 4798 colloquebantur
937 4746 1053 4784 cum
1089 4747 1169 4799 eo,
1220 4732 1312 4801 qui
1360 4742 1511 4785 erant
1542 4732 1707 4788 Moses
1737 4743 1785 4788 et
1820 4733 1971 4789 Elius
2009 4735 2076 4791 ³⁸.

487 4816 780 4873 Audisne?
829 4817 1028 4886 Moses,
1076 4820 1279 4892 inquit,
1321 4834 1510 4889 erant,
1562 4833 1617 4878 et
1646 4824 1831 4892 Elias,
1884 4826 1977 4896 qui
2024 4826 2078 4881 in

492 4906 663 4975 gloria
712 4923 1037 4981 apparentes
1081 4913 1185 4985 ipsi
1214 4915 1429 4969 exitum
1494 4916 1886 4986 praedicebant,
1916 4933 2081 4989 quem

491 4998 786 5055 sortiturus
834 5013 951 5058 erat
992 5005 1403 5079 Hierosolymis.
1434 5005 1535 5063 Vel
1572 5008 1616 5064 si
1653 5009 1827 5064 mavis
1876 5009 2080 5065 intelli-

492 5101 622 5158 gere
651 5089 878 5160 gloriam
900 5093 970 5149 de
1002 5109 1106 5164 qua
1131 5096 1237 5151 alia
1275 5093 1559 5167 Scriptura
1605 5106 1858 5161 testatur,
1892 5098 2080 5155 Mosen

490 5190 547 5234 et
577 5181 750 5236 Eliam
772 5184 1071 5242 divinitatis
1109 5203 1244 5250 suae,
1299 5190 1481 5258 quoad
1509 5189 1601 5243 illa
1643 5190 1713 5244 ab
1738 5190 1964 5245 homine
1989 5192 2073 5246 vi-

491 5273 609 5328 deri
632 5284 831 5344 potest,
864 5288 1199 5348 spectatores
1226 5278 1485 5337 Servator
1504 5280 1930 5354 transfiguratus
1958 5300 2079 5341 esse

568 5386 614 5417 ³⁸
636 5386 830 5444 Matth.
859 5404 992 5454 xvu,
1020 5389 1074 5453 2,
1100 5390 1156 5442 5.

2182 4630 2405 4706 λευκὸς
2440 4631 2893 4700 ἐξαστράπτων,
2920 4630 3019 4686 καί
3068 4631 3199 4686 ἰδοὺ
3228 4631 3448 4701 ἄνδρες
3478 4631 3594 4686 δύο
3623 4647 3765 4685 συν-

2182 4724 2453 4779 ελάλουν
2488 4722 2672 4790 αὐτῷ,
2707 4726 2926 4793 οἵτινες
2962 4722 3129 4797 ἦσαν
3154 4725 3383 4794 Μωσῆς
3413 4729 3515 4782 καί
3550 4726 3763 4791 Ἠλίας.

2193 4818 2477 4884 Ἀκούεις;
2509 4818 2715 4889 Μωσῆς
2737 4857 2753 4882 ,
2796 4819 3001 4890 φησὶν,
3036 4816 3178 4892 ἦσαν
3204 4819 3299 4873 καὶ
3342 4819 3555 4885 Ἠλίας,
3580 4819 3633 4871 oi
3671 4818 3766 4885 όφο

2182 4912 2370 4975 θέντες
2394 4913 2453 4965 ἐν
2482 4910 2611 4983 δόξῃ
2634 4950 2650 4974 ,
2681 4910 2867 4979 ἔλεγον
2894 4911 2995 4983 τὴν
3025 4910 3206 4976 ἐξοδον
3232 4909 3403 4966 αὐτοῦ
3426 4953 3442 4978 ,
3478 4911 3548 4981 ἢν
3578 4908 3767 4981 ἔμελλε

2183 5002 2428 5076 πληροῦν
2461 5006 2519 5056 έν
2566 5002 2946 5075 Ἰερουσαλήμ.
3003 5005 3074 5057 Ἢ
3125 5004 3173 5055 εί
3219 5002 3398 5073 βούλει
3436 5004 3539 5073 τὴν
3573 5002 3768 5067 δόξαν,

2181 5096 2369 5166 ὥσπερ
2400 5095 2537 5166 άλλη
2569 5094 2812 5150 διδάσκει
2838 5095 3031 5167 Γραφὴ
3065 5096 3176 5166 (51)
3210 5095 3416 5166 Μωσῆν
3444 5096 3544 5149 καὶ
3584 5095 3767 5148 Ἠλίαν

2181 5188 2281 5258 τῆς
2334 5186 2502 5243 αὐτοῦ
2553 5185 2845 5258 θεότητος,
2900 5186 2976 5252 ῶς
3024 5189 3173 5242 ἐστιν
3222 5186 3496 5258 ἀνθρώπῳ
3546 5177 3768 5241 bovast

2187 5282 2335 5346 ίδείν,
2389 5280 2704 5352 παρέστησε
2751 5280 2952 5345 θεατὰς
2996 5278 3311 5350 μορφωθεὶς
3355 5279 3384 5331 6
3431 5278 3648 5350 Σωτὴρ,
3681 5277 3767 5330 καὶ

1593 5505 1825 5569 νΑΒιΑι
1857 5508 2240 5567 LECTIONES
2268 5508 2356 5565 ET
2397 5507 2634 5564 ΝΟΤᾸΞ.

565 5614 680 5685 ('50)
734 5610 1197 5685 Ἀγαθοδᾴτιδος.
1247 5613 1363 5685 Με.Δ
1401 5614 1739 5684 ἀγαθότιδος.
1791 5617 2067 5685 Rcscripsi

496 5681 669 5803 prius,
689 5699 766 5766 .ex
797 5681 1133 5766 ἆγαθοδότης
1166 5692 1221 5737 et
1252 5684 1307 5738 in
1343 5681 1607 5739 feminino
1633 5681 1832 5767 genere
1864 5681 2070 5758 ἀγαθο-

526 5754 659 5803 ότις.
689 5753 739 5803 id
770 5763 874 5803 est-
901 5769 991 5803 aut
1020 5755 1103 5803 vel
1132 5770 1249 5803 mra:
1280 5758 1415 5803 bona
1438 5757 1762 5803 sunneduat-
1789 5759 1945 5803 .Ileue
1976 5762 2070 5803 tum

526 5754 659 5816 ότις,
689 5753 739 5807 id
770 5763 875 5825 est,
901 5754 992 5825 qui
1020 5755 1103 5809 vel
1132 5770 1249 5825 quas
1280 5758 1415 5808 bona
1438 5757 1763 5825 suppeditat.
1789 5753 1945 5816 Usus
1976 5762 2077 5818 hac

502 5836 634 5877 voce
663 5831 747 5877 est
773 5821 1065 5894 Dionysius
1102 5821 1447 5896 A'reOpagita.

2252 5622 2365 5749 fil)
2396 5623 2635 5707 Γροςφή.
2655 5622 2865 5679 Alludit
2883 5624 3079 5680 Noster
3109 5626 3492 5715 procul'du-bio
3517 5625 3594 5723 ad
3610 5627 3770 5715 Joan.

2290 5697 2344 5749 4.
2376 5695 2468 5749 ubi
2510 5703 2585 5749 tta
2621 5711 2635 5748 :
2667 5693 2897 5749 Εἰδομεν
2931 5694 3030 5749 τὴν
3061 5695 3221 5749 δόξαν
3252 5715 3418 5749 aureo
3441 5738 3458 5749 .
3497 5698 3669 5749 δόξαν
3699 5715 3770 5749 ως

2185 5693 2485 5767 1.7M,Vubi
2510 5694 2585 5749 ita
2621 5711 2635 5748 :
2667 5693 2897 5767 Εἰδομεν
2920 5694 3030 5767 τὴν
3061 5695 3221 5763 δόξαν
3252 5698 3418 5753 αὐτοῦ
3441 5738 3458 5763 ,
3497 5698 3669 5766 δόξαν
3699 5698 3773 5762 ώς

2188 5766 2534 5833 Μονογενοῦς
2562 5764 2715 5836 παρὰ
2746 5765 2982 5836 Πατρός.
