3886 6420
181 386 254 452 ιιι

1141 343 1437 460 coNTRA
1475 386 1934 468 MANICII/EOS
1964 411 2195 472 LIBER
2249 414 2347 474 Iv.

3272 397 3384 488 om

180 501 264 562 τοῖς
296 494 538 566 μαθηταῖς
565 497 882 568 συντάττει,
919 503 1123 571 μᾶλλον
1155 506 1232 569 δὲ,
1265 510 1341 572 ὡς
1380 511 1679 576 δέδεικται,

1794 519 1986 582 voluit,
2009 536 2214 591 eosque
2237 537 2360 577 cum
2395 523 2682 595 discipulis
2705 525 3009 596 conjUngit,
3058 531 3140 585 vel
3171 537 3377 601 potius,

180 592 376 659 προάγει,
405 593 494 658 οὐχ
527 591 604 642 ὅτι
629 590 806 645 διόλου
842 594 904 646 τὸ
941 594 1160 651 ἔλαττον
1195 598 1427 667 ἕξουσιν,
1465 604 1581 656 ἀλλ’
1608 607 1690 660 ὅτι

178 683 262 745 τοῖς
285 683 370 751 μὲν
388 681 457 750 τῷ
484 680 556 751 νῷ
579 683 825 738 διαπλεῖν
852 684 932 738 ἔτι
961 688 1054 743 τὸν
1084 689 1220 758 βίον,
1245 693 1339 746 καὶ
1359 697 1480 757 ταῖς
1502 714 1691 766 τρικυ-

180 774 323 843 μίαις,
357 768 434 824 οἷα
465 772 527 841 δὴ
569 773 636 826 τὰ
677 775 1036 847 ἀνθρώπινα,
1081 781 1378 837 ὑπελίπετο
1427 786 1688 840 κλυδωνί-

177 863 352 927 {scitur
380 865 422 917 oi
454 864 508 916 δὲ
535 864 622 918 τὸν
643 866 814 936 ὅρμον
845 865 990 940 εἶχον
1016 872 1349 944 ἀκύμαντον-
1406 875 1464 930 Ὁ
1505 879 1560 932 δὲ
1588 879 1689 950 τῆς

175 956 419 1024 ἀσφαλείας
445 956 537 1009 καὶ
565 957 660 1011 τοῦ
700 958 918 1030 λιμένος
954 963 1121 1033 μήπω
1149 965 1355 1036 τυχὼν,
1391 969 1486 1022 τοῦ
1519 987 1687 1025 κατα-

175 1046 372 1107 inﬁtiare;
399 1045 516 1115 ἤδη,
555 1047 650 1100 καὶ
679 1050 815 1102 πολὺ
842 1051 1172 1124 τιμιώτερον
1199 1055 1258 1108 τὸ
1292 1059 1510 1128 φορτίον
1545 1061 1687 1134 φέρῃ

253 1137 416 1209 ἀδηλίᾳ
447 1140 542 1208 τῆς
579 1141 877 1212 σωτηρίας,
913 1143 1008 1198 τοῦ
1038 1145 1264 1215 βεὸαίαν
1296 1149 1503 1220 ταύτην
1532 1154 1688 1222 adpo-

173 1231 298 1298 μένου
323 1229 483 1300 πολλῷ
515 1231 764 1286 λείπεται
798 1235 936 1306 (52).
985 1237 1132 1308 Πλὴν
1159 1239 1275 1292 ἀλλ’
1307 1240 1401 1305 οὒς
1426 1245 1688 1315 τηλικαύ-

170 1339 242 1390 της
278 1320 413 1389 δόξης
459 1322 599 1387 ἀξιοῖ
631 1324 866 1394 Χριστὸς
900 1329 932 1397 ἡ
965 1328 1216 1399 ἀλήθεια,
1250 1332 1327 1396 ὼς
1357 1337 1450 1386 καὶ
1494 1337 1688 1390 συλλα-

170 1413 252 1466 λείν
285 1413 456 1476 αὐτοὺς
487 1415 637 1484 αὐτῷ
669 1417 765 1470 καὶ
808 1419 998 1489 ὑμνεῖν
1040 1423 1205 1476 αὑτοῦ
1236 1424 1335 1495 τὴν
1380 1427 1540 1493 δόξαν
1592 1431 1686 1484 καὶ

169 1505 434 1576 τὴνὲξῢδον,
463 1507 571 1577 ἄρα
597 1509 824 1574 τούτους
852 1513 913 1565 οὐ
955 1514 1200 1585 φρίττεις
1231 1521 1536 1589 κωμῳδεῖν,
1569 1523 1684 1576 ἀλλ’

167 1599 225 1660 εἰς
243 1600 450 1668 πονηρὰν
478 1600 722 1666 ἐλαύνεις
751 1605 958 1676 ἀρχήν;
994 1608 1088 1672 Τίς
1113 1607 1159 1662 δ’
1188 1610 1350 1664 αὑτὸν
1374 1614 1557 1667 ἐκάλει
1587 1615 1684 1668 καὶ

165 1689 284 1760 χρείᾳ
310 1689 494 1756 ἀγαθὸν
519 1691 652 1745 ὄντα
685 1695 780 1747 καὶ
811 1696 1146 1768 ἁγαθότητος
1178 1703 1362 1773 πηγὴν
1381 1743 1394 1767 ,
1423 1703 1552 1767 τοὺς
1585 1707 1685 1760 οὐκ

165 1786 283 1846 ὂντας
309 1786 394 1854 μὲν
419 1786 603 1850 αὐτοῦ,
638 1789 813 1861 κακίᾳ
838 1790 893 1843 δὲ
925 1797 1214 1860 συμφυεῖς,
1242 1798 1355 1858 τοῖς
1383 1813 1441 1849 τε
1475 1797 1676 1865 ἄλλοις,

165 1876 190 1930 ἆ
227 1877 539 1946 προείρηται,
581 1882 786 1950 τιμᾷν,
833 1883 929 1934 καὶ
978 1885 1115 1956 πρὸς
1158 1887 1352 1940 ἑαυτὸν
1406 1863 1681 1962 μετακλήέ
1711 1863 1753 1918 Β

162 1986 254 2032 τους
279 1973 446 2024 ποιεῖν.
482 1972 619 2025 Οὐδὲ
666 1973 775 2044 γὰρ
818 1975 1018 2029 ἐκεῖνοι
1054 1977 1247 2050 γνώμῃ
1287 1982 1544 2053 παρῆσαν
1577 2002 1677 2038 πο-

164 2062 257 2125 θὲν,
278 2061 507 2134 οὐδὲγὰρ
557 2063 770 2134 ἴσχυον,
805 2067 940 2121 ἀλλὰ
986 2069 1078 2124 τὸν
1126 2072 1226 2141 μὲν
1268 2073 1432 2138 αὐτὸς
1460 2075 1519 2138 ἐξ
1548 2075 1678 2148 ᾅδου

164 2153 392 2218 ἀνασπῶν,
420 2155 507 2207 τὸν
533 2153 590 2208 δὲ
621 2157 690 2209 ὲκ
726 2157 1036 2227 μεταρσίων
1067 2177 1125 2212 τε
1152 2162 1248 2216 καὶ
1282 2163 1490 2236 φθορᾶς
1522 2167 1680 2220 ἐλευ-

165 2243 292 2312 θέρων
337 2246 572 2314 μετάγων
631 2249 1049 2319 σκηνωμάτων,
1111 2253 1437 2322 ὲξῳκειοῦτό
1481 2275 1543 2310 τε
1582 2259 1676 2313 καὶ

166 2337 373 2403 συνῆπτεν
421 2338 617 2402 αὐτοὺς
659 2341 860 2410 ἑαυτῷ.
895 2343 1004 2395 Καὶ
1043 2343 1106 2396 οὑ
1139 2345 1313 2400 ταῦτα
1345 2348 1538 2417 μόνον,
1577 2350 1674 2404 ἀλ-

225 2443 273 2494 τε
293 2428 372 2480 καὶ
393 2428 419 2480 ὁ
440 2428 631 2500 Πατὴρ
659 2429 886 2500 ἄνωθεν,
912 2434 1196 2503 παρόντων
1225 2437 1334 2490 τῶν
1352 2438 1671 2510 ἀλλοτρίων,

160 2518 213 2578 ὡς
231 2519 268 2570 οἱ
292 2521 368 2572 τοῦ
387 2521 667 2592 ἀλλοτρίου
698 2526 855 2593 φασὶ,
883 2526 1114 2598 νεφέλην
1137 2523 1315 2597 φωτὸς
1343 2529 1672 2600 διετάννυεν,

161 2609 509 2674 ἐπισκιάζουσιν
558 2615 780 2681 αὐτούς.
816 2618 928 2670 Καὶ
960 2619 1146 2688 φωνὴν
1193 2621 1259 2673 ὲκ
1298 2623 1397 2692 τῆς
1443 2623 1674 2696 νεφέλης

161 2697 266 2764 ἀφίει
285 2698 538 2766 λέγουσαν·
571 2698 768 2770 Οὗτός
790 2705 968 2760 ἐστιν
995 2709 1029 2760 ὁ
1063 2709 1198 2776 Υἱός
1218 2728 1337 2779 μου
1371 2712 1405 2764 ὀ
1441 2712 1675 2783 ἀγαπη-

162 2787 246 2853 τὸς.
275 2789 332 2842 ἐν
366 2785 411 2858 ᾧ
447 2793 760 2862 εὐδόκησα
845 2799 1036 2854 αὐτοῦ
1086 2802 1354 2858 ἀκούετε.
1396 2804 1538 2868 Τοὺς
1577 2801 1672 2860 οὖν

158 2881 407 2950 τηλικούτου
455 2885 735 2957 Θεάματος
774 2890 1020 2956 ἐπόπτας
1059 2895 1154 2948 καὶ
1187 2895 1396 2965 μύστας
1427 2898 1522 2952 καὶ
1565 2917 1670 2970 μιν·

161 2977 408 3077 σξαῖωγοίις
435 2979 539 3050 ἄρα
568 2981 632 3033 οὐ
664 2982 754 3036 διὰ
784 2983 964 3054 πάσης
995 2988 1272 3056 προσῆκεν
1300 2975 1454 3058 ἄγειν
1479 2995 1668 3063 τιμῆς,

157 3067 213 3126 οἷς
235 3067 364 3135 λόγος
394 3071 536 3124 ἐστὶν
580 3073 838 3129 ὁπωσοῦν
886 3077 980 3129 καὶ
1013 3079 1268 3147 πράξεων
1302 3082 1396 3134 καὶ
1435 3082 1670 3154 κρίσεων

157 3154 617 3255 τῶν-Δεσποτικῶη
679 3164 839 3218 Ἀλλὰ
886 3166 995 3238 γὰρ
1042 3170 1070 3222 ὁ
1113 3169 1304 3241 Σωτὴρ
1349 3174 1440 3226 καὶ
1491 3175 1672 3228 πάντα
1700 3196 1743 3255 C

158 3250 299 3316 σοφίας
328 3253 528 3325 πλούτῳ
559 3257 662 3310 καὶ
691 3258 1107 3333 φιλανθρωπίας
1151 3266 1247 3318 καὶ
1287 3267 1543 3336 πράττων
1574 3271 1668 3323 καὶ

157 3344 512 3414 προσδεχόμενος
565 3347 682 3400 τῶν
741 3349 950 3405 παίδων
998 3355 1110 3416 τοῖς
1169 3352 1394 3425 ὕμνοις,
1447 3357 1539 3422 οὓς
1604 3359 1675 3414 τὰ

156 3433 369 3501 παράδοξα
390 3437 492 3492 τῶν
522 3439 707 3510 ἔργων
736 3443 816 3504 εἰς
842 3443 1122 3515 εὐφημίαν
1143 3447 1313 3502 ἐκίνει
1336 3449 1670 3523 δορυφορού-

157 3537 289 3586 μενος,
315 3528 424 3604 ἐπεὶ
466 3531 575 3583 τῶν
619 3531 958 3605 ἰουδαίωνή
997 3536 1255 3608 πώρωσις
1299 3543 1392 3594 καὶ
1437 3544 1674 3615 σκληρο..

155 3617 302 3685 καρδία
340 3623 412 3685 εἰς
436 3623 886 3697 διαγογγυσμοὺς
915 3628 1325 3702 ἐξερριπίζετο,
1369 3636 1470 3689 οὐκ
1505 3637 1672 3690 ἀλλα-

156 3707 266 3776 χόθεν
299 3714 476 3779 αὐτοὺς
513 3718 871 3791 ἐπιπλήττων
918 3723 1226 3794 στηλιτεύει
1247 3766 1262 3790 ,
1296 3727 1460 3781 πάλιν
1493 3728 1548 3781 δὲ
1581 3729 1674 3781 τὸν

155 3801 372 3859 humanos
396 3810 646 3880 χρησμὸν
675 3813 917 3880 ἄφυκτον
950 3815 1191 3886 ἐλέγχων
1224 3818 1336 3889 (55)
1369 3821 1671 3875 ἀνατείνει⁶

156 3891 219 3942 καὶ
257 3893 310 3946 δι’
342 3897 543 3953 ἐκείνου
598 3902 734 3966 τοὺς
791 3904 893 3973 μὲν
942 3908 1338 3978 καταισχύνει,
1394 3911 1577 3982 ἑαυτῷ
1615 3912 1674 3964 δὲ

154 3984 243 4046 τρε
279 3984 460 4056 ὕμνους
509 3993 836 4048 ἐπιϐάλλειν
889 3997 1153 4053 διδάσκει.
1200 4001 1310 4054 Καὶ
1366 4001 1472 4057 ποῦ
1513 4004 1676 4058 τοῦτο

155 4075 298 4142 ulti-1;
325 4083 418 4135 ποῦ
441 4084 496 4137 δὲ
527 4086 861 4155 ἁκόλουθον;
893 4090 1104 4146 δίκαιον
1132 4092 1191 4146 δὲ
1221 4093 1339 4158 πῶς
1373 4095 1441 4149 ἂν
1471 4095 1556 4166 εἴη
1584 4097 1674 4150 τὸν

156 4175 501 4240 παραγεγονότα
530 4178 842 4233 καταλῦσαι
876 4181 938 4234 τὸ
958 4182 1053 4235 τοῦ
1075 4182 1326 4238 διαϐόλου
1357 4187 1580 4257 κράτος,
1606 4189 1673 4242 δι’

154 4259 310 4314 εκείνου
342 4266 406 4319 ’τὸ
447 4269 547 4339 τῆς
595 4270 765 4341 δόξης
816 4274 1060 4342 πρέπον,
1107 4276 1202 4329 καὶ
1251 4275 1351 4348 τὴν
1412 4278 1674 4333 σύστασιν

153 4348 282 4422 ἑαυτῷ
321 4357 554 4428 πορίζειν
588 4362 745 4434 (54);
794 4365 952 4419 τοῦτο
995 4366 1108 4438 γὰρ
1153 4367 1254 4438 τῆς
1296 4371 1671 4443 ἀποστατικῆς

156 4448 358 4513 σπορᾶςό
396 4456 631 4524 καρπός.
681 4458 789 4510 Καὶ
821 4458 937 4528 ἄμα
969 4460 1071 4530 μὲν
1112 4461 1451 4533 ἐπιδημῆσαι
1490 4465 1673 4537 πάσης

1793 625 1893 664 ceu
1923 619 2205 666 ostensum
2241 621 2344 676 est,
2381 614 2448 669 iis
2476 617 2716 685 pmiert,
2745 633 2856 671 non
2883 621 3027 688 quod
3062 636 3158 690 per
3195 628 3378 680 omnia

1793 703 2060 757 secundas
2093 715 2277 774 partes
2305 706 2468 760 laturi
2497 718 2705 773 essent,
2761 709 2854 764 sed
2882 711 3026 779 quod
3069 713 3123 766 hi
3160 715 3380 782 quidem

1791 793 1974 846 animo
2023 793 2202 848 adhuc
2237 810 2337 864 per
2408 796 2576 869 vitam
2620 798 2778 866 quasi
2827 798 2882 852 in
2917 801 3055 854 mari
3091 803 3278 874 vagari
3325 813 3381 857 et

1790 883 2067 949 ﬂuctibus,
2119 902 2257 956 quos
2301 888 2556 944 humana:
2601 905 2692 944 res
2720 906 2906 945 secum
2943 890 3151 960 ferunt,
3179 894 3378 964 jactari

1791 975 1972 1030 adhuc
2003 976 2290 1044 deberent,
2317 977 2426 1032 illis
2466 978 2819 1048 tranquillum
2873 989 3092 1048 portum
3137 983 3379 1036 tenenti-

1790 1068 1912 1122 bus.
1951 1067 2055 1134 Qui
2081 1084 2214 1124 vero
2257 1070 2606 1125 securitatem
2669 1080 2726 1126 et
2758 1081 2976 1141 portum
3009 1074 3254 1128 nondum
3287 1090 3375 1127 as-

1791 1169 2012 1215 secutus
2038 1168 2144 1226 est,
2179 1162 2473 1218 deterioris
2517 1172 2600 1219 est
2624 1164 2958 1219 conditionis
2997 1180 3083 1228 eo,
3124 1165 3216 1235 qui
3261 1166 3379 1234 jum-

1787 1261 2082 1322 utrumque
2109 1261 2294 1320 tenet;
2348 1265 2404 1308 et
2443 1255 2602 1325 cujus
2629 1256 2778 1309 salus
2814 1256 2996 1310 adhuc
3027 1257 3236 1310 incerta
3267 1266 3370 1318 est,

1785 1343 1878 1398 illo
1911 1353 1995 1399 est
2024 1347 2198 1402 multo
2231 1347 2481 1413 inferior,
2528 1349 2619 1417 qui
2653 1363 2772 1402 eam
2802 1348 2916 1418 jam
2947 1349 3174 1404 invenit.
3227 1347 3376 1414 Quos

1765 1456 1918 1496 vero
1963 1450 2112 1496 tanta
2143 1443 2315 1513 gloria
2368 1444 2624 1514 dignatur
2667 1444 2947 1508 Christus,
2991 1443 3106 1513 ipsa
3148 1443 3372 1502 veritas.

1785 1531 1860 1586 ita
1892 1541 1950 1587 ut
1992 1542 2048 1588 et
2089 1535 2320 1604 colloqui
2365 1550 2461 1589 eos
2513 1551 2721 1599 secum,
2767 1545 2822 1589 et
2854 1535 3080 1605 gloriam
3126 1549 3282 1589 suam
3311 1550 3376 1588 ac

1785 1622 1990 1676 exitum
2030 1624 2328 1692 pnedicare
2359 1623 2541 1689 faciat,
2573 1624 2724 1677 cisne
2767 1631 2825 1678 tu
2874 1622 3132 1688 illudere,
3165 1621 3275 1674 imo
3305 1621 3374 1674 ad

1785 1715 1990 1768 malum
2034 1714 2368 1784 principium
2411 1729 2506 1768 eos
2545 1713 2752 1768 referre
2792 1704 3187 1767 non‘vereris?
3237 1710 3377 1776 Quis

1783 1820 1916 1860 vero
1950 1821 2074 1861 eum
2103 1812 2159 1862 et
2199 1806 2509 1860 necessario
2538 1806 2745 1860 bonum
2777 1814 2832 1858 et
2861 1803 3122 1859 bonitatis
3161 1802 3372 1857 fontem

1781 1896 2078 1966 appellabit
2109 1897 2200 1966 qui
2241 1911 2353 1952 non
2382 1897 2494 1951 sint
2521 1897 2627 1961 sui,
2661 1896 2754 1950 sed
2785 1896 2969 1966 potius
2990 1895 3117 1950 mali
3151 1904 3370 1956 natura,

1781 1995 1900 2041 tum
1943 1988 2084 2052 aliis,
2127 2003 2266 2059 quos
2309 1988 2584 2051 diximus,
2633 1987 2809 2041 modis
2851 1987 3016 2052 colat,
3061 1995 3176 2039 tum
3206 1986 3276 2039 ad
3311 2001 3373 2039 se

1780 2078 2066 2134 advocet?
2114 2079 2308 2148 Neque
2355 2079 2500 2132 enim
2535 2078 2610 2131 illi
2654 2087 2853 2147 sponte
2883 2092 2984 2130 sua
3027 2076 3130 2146 ipsi
3167 2082 3373 2145 praesto

1779 2171 2027 2236 fuerunt,
2068 2187 2172 2228 nec
2207 2188 2329 2227 esse
2362 2180 2656 2242 poterant:
2705 2171 2801 2225 sed
2831 2171 2998 2224 alium
3041 2169 3266 2237 quidem
3303 2182 3368 2220 ex

1780 2265 2035 2334 sepulcro
2087 2273 2426 2328 retractum,
2487 2262 2655 2316 alium
2705 2277 2842 2316 vero
2904 2276 2973 2315 ex
3037 2258 3370 2314 habitaculis

1779 2355 2032 2425 superuis
2049 2363 2103 2409 et
2123 2369 2154 2409 a
2181 2355 2536 2425 corruptione
2568 2353 2906 2408 immunibus
2933 2352 3228 2407 deductum
3260 2352 3367 2406 sibi

1776 2447 2074 2502 asciscebat
2101 2448 2219 2516 ipse
2261 2457 2316 2501 et
2356 2447 2638 2516 jungebat.
2670 2445 2857 2514 Neque
2884 2445 2990 2498 hoc
3025 2444 3228 2507 solum,
3268 2444 3367 2497 sed

1777 2545 1832 2592 et
1865 2538 2026 2591 Pater
2059 2539 2178 2606 ipse
2204 2552 2468 2606 superne,
2514 2535 2879 2605 praesentibus
2910 2533 3126 2595 alienis,
3162 2541 3224 2587 ut
3264 2533 3366 2598 illi,

1777 2630 1870 2700 qui
1903 2630 1972 2683 ad
2001 2628 2242 2682 alienum
2290 2628 2588 2697 pertinent,
2642 2628 2818 2691 aiunt,
2866 2625 3004 2679 lucis
3034 2627 3238 2679 nubem
3267 2641 3367 2678 ex-

1774 2721 1968 2792 pandit
1990 2735 2086 2775 eos
2117 2720 2562 2784 obumbrantem,
2596 2728 2652 2774 et
2681 2733 2873 2772 vocem
2911 2733 2977 2772 ex
3000 2717 3146 2771 nube
3177 2715 3368 2769 emisit

1774 2813 2048 2868 dicentem
2076 2831 2089 2865 :
2129 2810 2226 2865 Hic
2251 2819 2327 2864 est
2365 2811 2532 2864 Filius
2560 2827 2705 2864 meus
2734 2809 2976 2872 dilectus,
3000 2810 3055 2862 in
3077 2824 3178 2878 quo
3221 2824 3370 2860 com-

1773 2901 1956 2969 ρίασαὶ
1998 2917 2016 2954 :
2067 2915 2188 2954 eum
2222 2899 2404 2953 audite
2427 2900 2494 2952 ³⁸.
2549 2897 2660 2952 Hos
2700 2898 2863 2968 igitur
2896 2897 3033 2951 tanti
3062 2894 3369 2965 spectaculi

1773 2992 2239 3062 contemplatores
2279 3000 2334 3045 et
2375 2997 2578 3062 mystas
2616 3001 2672 3045 et
2711 2991 2966 3044 doctores
2997 3002 3178 3061 nonne
3209 2987 3364 3040 omni

1773 3084 2000 3139 honoris
2031 3098 2232 3154 genere
2297 3081 2553 3152 prosequi
2589 3081 2746 3136 decet
2769 3081 2913 3141 illos,
2941 3081 3034 3149 qui
3065 3079 3150 3132 vel
3193 3077 3370 3131 actio-

1777 3192 1912 3230 num
1930 3177 2014 3230 vel
2037 3176 2370 3246 judiciorum
2392 3173 2601 3228 Domini
2632 3173 2798 3227 ullam
2829 3173 3034 3226 habent
3054 3169 3368 3224 rationem?

1781 3275 1894 3329 lmo
1957 3283 2013 3328 et
2061 3272 2344 3337 Servator,
2405 3271 2497 3340 qui
2541 3271 2726 3325 omnia
2783 3283 2883 3338 pro
2923 3265 3208 3336 sapientiae
3253 3280 3369 3317 sua:

1780 3365 2093 3432 amorisque
2123 3363 2178 3416 in
2215 3362 2470 3417 homines
2501 3362 2711 3417 divitiis
2743 3360 2871 3430 agit,
2909 3366 2962 3412 et
2987 3357 3204 3425 recipit,
3239 3369 3375 3408 cum.

1780 3458 2051 3512 infantum
2072 3455 2310 3526 hymnis,
2357 3469 2497 3524 quos
2525 3453 2773 3508 miranda
2806 3467 2905 3507 sua
2938 3465 3102 3520 opera
3150 3448 3220 3502 ad
3248 3447 3368 3500 lau-

1780 3548 1902 3603 dem
1934 3546 2843 3618 permoverant,ellerretur,atque
2874 3541 2980 3594 hoc
3012 3541 3132 3610 ipso
3156 3537 3374 3592 Judaeis.

1782 3639 2019 3693 indurati
2048 3637 2406 3707 diﬂicilesque
2449 3635 2616 3692 corde
2651 3635 2720 3689 ad
2749 3648 3033 3689 murmura
3067 3631 3368 3701 compelle-

1781 3740 1995 3793 rentur,
2037 3745 2150 3784 non
2179 3729 2401 3783 aliunde
2435 3743 2530 3782 eos
2565 3726 2884 3796 objurgatos
2917 3722 3236 3792 compescit.
3269 3721 3367 3775 sed

1783 3822 1982 3878 iterum
2014 3821 2297 3875 oraculum
2344 3818 2662 3873 Davidicum
2703 3817 2874 3869 instar
2911 3812 3216 3884 argumenti
3253 3827 3366 3864 non

1781 3911 2039 3968 eludendi
2093 3910 2373 3974 immittit,
2421 3921 2596 3977 eoque
2625 3907 2746 3960 illos
2791 3903 3011 3974 quidem
3055 3900 3365 3961 confundit,

1783 4005 2023 4074 seipsum
2059 4015 2191 4058 vero
2230 4001 2484 4056 laudibus
2513 3999 2771 4070 prosequi
2811 3997 2990 4052 docet.
3047 3993 3206 4048 Unde
3233 4008 3368 4046 vero

1782 4095 1888 4150 hoc
1917 4094 2122 4148 bonum
2145 4090 2428 4145 nascitur?
2473 4090 2568 4160 qui
2595 4090 2725 4143 item
2756 4085 3095 4143 conveniens
3125 4093 3226 4148 est,
3258 4084 3368 4136 imo

1781 4184 2056 4256 quomodo
2078 4183 2286 4252 justum
2307 4196 2640 4251 aequumque
2666 4188 2806 4244 erat,
2836 4185 2898 4231 ut
2927 4177 2974 4231 is
2994 4175 3088 4245 qui
3122 4173 3272 4228 venit
3313 4180 3370 4226 ut

1782 4275 2020 4330 solveret
2043 4279 2369 4344 potestatem
2396 4271 2621 4335 diaboli,
2650 4285 2748 4340 per
2776 4269 2955 4338 ipsum
2991 4266 3144 4320 illum
3183 4262 3369 4336 gloria:

1783 4376 1992 4440 partem
2040 4376 2097 4422 et
2127 4366 2416 4422 materiam
2458 4364 2562 4419 sibi
2601 4370 2820 4434 pararet
2869 4360 2984 4432 (hic
3023 4359 3172 4414 enim
3204 4373 3368 4427 apos-

1784 4461 1959 4516 taticae
2008 4460 2236 4514 sationis
2266 4459 2480 4513 fructus
2511 4457 2640 4527 est),
2686 4463 2743 4509 et
2771 4453 2962 4509 eadem
2995 4467 3158 4521 opera
3187 4451 3366 4505 cllicc-

155 4541 332 4630 nimo);
370 4546 569 4617 ἄπορον
615 4549 710 4602 τὸν
742 4551 937 4621 ἐχθρὸν
964 4556 1140 4607 ποιεῖν
1163 4594 1177 4620 ,
1213 4556 1331 4626 ἅμα
1359 4557 1416 4610 δὲ
1441 4558 1541 4622 τὰς
1574 4577 1672 4630 μεο

1784 4561 1883 4618 ret,
1916 4561 1976 4607 ut
2011 4559 2066 4607 et
2113 4552 2309 4616 hostis,
2356 4550 2536 4605 omnis
2574 4548 2700 4602 ﬁdei
2743 4563 2967 4611 vacuus,
3009 4543 3284 4606 adveniat,
3312 4550 3369 4596 et

154 4628 294 4694 τίετας
319 4637 452 4708 αὐτῷ
479 4641 771 4710 προξενεῖν
798 4645 892 4696 καὶ
911 4644 1197 4699 λανθάνειν
1213 4648 1406 4701 ἑαυτὸν
1428 4649 1680 4704 ἀντισυν·

157 4722 332 4811 ιῖιῶντα
352 4731 441 4782 καὶ
463 4733 827 4802 κρατύνοντα,
852 4729 913 4788 οὗ
948 4738 1010 4790 τὸ
1037 4738 1240 4806 κράτος
1267 4735 1404 4810 ἧκεν
1432 4742 1674 4811 ἀφελεῖν.

155 4806 220 4904 lli:
245 4815 335 4884 γὰρ
352 4819 412 4872 ἄν
445 4838 529 4886 τις
574 4823 667 4877 διὰ
705 4824 816 4878 τῶν
850 4827 944 4881 τοῦ
991 4827 1230 4898 ψεύστου
1271 4806 1535 4900 ῥημάτῶν
1577 4833 1677 4904 τὴν

156 4902 351 4975 ἀλήθειαν
391 4915 686 4982 σπουδάζει
719 4916 891 4982 δεῖξαι
951 4921 1234 4992 παροῦσαν
1265 4922 1446 4994 ἐαυτῷ
1491 4902 1678 4978 καὶτὸ.

202 5046 419 5107 "Matth.
447 5072 584 5118 xm,
617 5057 672 5110 5.

1779 4649 2022 4719 potiores
2052 4647 2154 4717 ipsi
2178 4655 2361 4717 partes
2389 4647 2684 4714 relinquat,
2716 4643 3056 4712 nesciatque,
3121 4639 3363 4708 seipsum

1776 4755 1904 4796 eum
1933 4740 2128 4809 juvare
2167 4748 2224 4794 et
2258 4738 2640 4800 corroborare,
2691 4735 2779 4791 cui
2812 4735 2976 4790 robur
3002 4734 3366 4800 adempturus

1775 4832 2044 4887 venerat?
2082 4830 2345 4900 Quisquis
2386 4830 2534 4884 enim
2575 4844 2674 4899 per
2698 4828 2868 4884 verba
2902 4827 3189 4883 mendacis
3219 4823 3368 4878 veri-

1778 4933 1943 4981 tatem
1968 4924 2346 4978 demonsuare
2376 4929 2624 4985 conatur,
2659 4935 2821 4990 quam
2853 4919 2970 4991 ipse
3001 4919 3188 4984 habet,
3227 4926 3284 4972 et
3313 4915 3372 4972 id

1183 5211 1418 5268 VARIIE
1461 5213 1852 5270 LECTIONES
1883 5215 1969 5269 ET
2008 5213 2242 5269 ΝΟΤᾸΞ.

205 5343 288 5412 (δὲ)
340 5350 629 5422 Αείπεται.
664 5351 880 5422 Deesse
912 5351 1004 5422 hic
1041 5354 1290 5422 quaedam
1324 5368 1432 5406 non
1476 5360 1675 5422 praeter

159 5419 504 5494 rSinin-suspicari
537 5421 675 5494 mihi
716 5421 925 5494 videor.
957 5419 1200 5494 Duobus,
1247 5421 1291 5476 si
1320 5423 1450 5492 quid
1479 5419 1667 5494 video,

159 5484 372 5564 similibus
391 5505 517 5544 usus
555 5492 648 5545 hic
697 5500 782 5564 est
811 5491 1042 5564 Photius
1076 5510 1089 5545 :
1117 5484 1295 5564 altero
1339 5484 1370 5546 Ξι
1411 5484 1672 5564 naviganl

160 5550 292 5621 ῑίδυδ,
333 5559 492 5613 altero
529 5576 559 5614 a
610 5561 966 5631 portitoribus
1019 5562 1210 5631 petito.
1251 5561 1493 5632 Utraque
1541 5550 1672 5616 vero

161 5635 376 5702 comparat
415 5645 535 5684 cum
589 5633 658 5687 iis
701 5633 878 5702 quiet
938 5632 1286 5702 navigatione
1337 5634 1581 5687 defuncti
1619 5642 1672 5686 ct

161 5706 280 5777 onere
302 5697 492 5777 liberati
520 5713 671 5777 sunt.
701 5697 771 5777 at
796 5697 1277 5777 posteriusjsimile
1298 5703 1464 5758 dictio
1492 5704 1673 5757 hiulca

166 5775 238 5842 nou
267 5773 382 5821 satis
408 5773 683 5839 exprimit.
716 5774 942 5828 Interim
991 5773 1273 5842 scriptoris
1311 5785 1550 5832 mentem
1589 5789 1674 5827 mc

167 5841 256 5892 tum
278 5851 578 5898 assecutum.

1859 5354 1968 5421 (55)
2005 5354 2314 5422 Ἃςρυκτον
2362 5355 2646 5424 ἐλέγχων.
2685 5353 2998 5424 chcndum
3026 5362 3180 5421 puto,
3223 5353 3382 5424 quod"

1783 5431 1839 5476 ct
1865 5425 1920 5476 in
1949 5425 2198 5494 versione
2229 5426 2492 5494 expressi,
2533 5423 2783 5492 ἄφυκτον
2806 5424 3056 5494 ἔλεγχον,
3079 5423 3369 5494 ιιιεεὶιίευι

1782 5493 2032 5564 χρησμὸς
2086 5494 2176 5548 ille
2209 5493 2498 5549 Davidicus
2537 5510 2634 5564 pro
2669 5503 2992 5564 argumento
3046 5493 3252 5545 invicto
3300 5493 3368 5545 ad

1782 5573 2029 5617 errantes
2063 5565 2470 5620 convincendos
2499 5567 2782 5620 habeatur.

1857 5633 1968 5702 (5i)
1999 5634 2288 5701 Ηὸρίζειν.
2337 5635 2447 5690 Hoc
2481 5635 2736 5690 substitui
2778 5649 2875 5704 pro
2911 5631 3126 5702 πορίζει
3161 5629 3366 5683 codicis

1785 5720 1947 5777 manu
1980 5707 2209 5777 exarati.
2247 5704 2434 5777 Neque
2465 5707 2611 5764 enim
2660 5707 2713 5761 id
2737 5704 2890 5775 jungi
2920 5710 3099 5772 potest
3143 5708 3366 5757 autccc-

1783 5773 1933 5828 denti
1965 5776 2286 5831 καταλῦσαι.
