3886 6424
443 374 550 438 2ί3
1585 375 1849 438 PHOTII
1888 365 2400 434 PATRIARCH/E
2436 372 2548 436 cr.
2653 342 2669 358 '
3622 370 3723 435 att

447 487 590 558 qubd
619 484 906 541 deﬁnitum
927 494 1064 548 erat,
1089 485 1218 541 inde
1241 486 1563 556 producere,
1600 487 1648 541 is
1675 501 1825 551 eum,
1863 499 2029 555 quem

2167 480 2349 550 ρισθὲν
2381 481 2664 553 προελθεῖν
2685 499 2699 514 ·
2731 476 2908 549 οὗτος,
2945 483 3006 539 δν
3040 483 3101 539 τὸ
3141 484 3335 556 ψεῦδος
3369 486 3529 558 ἔσχεν
3559 488 3729 561 ἀρχη-

448 577 791 632 mendacium
843 576 1040 631 ducem
1100 576 1358 640 habebat,
1439 575 1684 632 veritatis
1750 585 2034 630 auctorem

2165 575 2260 641 τὸν,
2299 575 2560 646 ἀληθείας
2586 575 2800 640 δεικνὺς
2849 577 3087 648 χορηγὸν
3131 578 3235 646 τῆς
3273 579 3505 649 ἐνούσης
3553 579 3730 643 αίτίας

449 670 657 726 faciens
706 685 737 724 a
792 670 1025 725 crimine
1077 669 1228 724 omni
1281 670 1536 725 absolvit.
1593 669 1782 738 Neque
1841 667 2034 738 magis,

2165 664 2392 720 ιπολύει.
2449 668 2561 722 Καὶ
2607 667 2762 722 οὐδὲν
2817 667 3042 739 μᾶλλον,
3087 668 3204 723 ἀλλ’
3237 668 3397 732 ἵλεως
3438 669 3525 741 είη
3567 670 3729 733 Θεόςί

449 762 595 830 quod
637 773 820 817 tamen
857 762 999 816 Deus
1022 763 1344 832 prohibeat!
1372 779 1431 818 se
1459 763 1635 834 ipsum
1663 762 1962 816 immunem
2005 775 2037 814 a

2165 758 2439 812 ινεύθυνον
2477 759 2850 814 ἐπιδείκνυσιν
2879 759 3072 814 ἑαυτὸν
3101 759 3212 814 τῶν
3248 761 3596 831 αἱτιαμάτων
3628 761 3734 814 τῶν

451 855 932 910 criminationibus
986 854 1301 911 Judmorum
1356 871 1480 912 esse
1540 855 1802 922 ostendit,
1869 870 2036 926 quam

2165 852 2488 920 Ἰουδαϊκῶν,
2517 853 2550 924 ἦ
2581 852 2697 919 τὸν,
2735 853 2802 906 δι’
2840 845 2903 906 οὗ
2933 851 3109 908 ταῦτα
3142 853 3611 918 ἀποσκευάζεται,
3643 853 3737 923 τῆς

451 945 627 1009 illum,
673 945 830 1017 cujus
875 961 980 1016 ope
1021 948 1122 1002 ista
1151 947 1434 1012 amolitur,
1480 962 1512 1002 a
1542 945 1839 1010 mendacii,
1873 944 2038 1014 cujus

2165 945 2241 1000 ποῦ
2269 946 2522 1018 ψεύδους,
2548 941 2610 1002 οὗ
2641 947 2877 1019 χορηγός
2903 949 3074 1013 ἐστιν,
3102 947 3314 1018 ὲνοχῆς.
3345 947 3491 1017 ’Δρα
3524 947 3632 1000 οὐκ
3663 947 3735 1011 είς

454 1047 650 1092 auctor
689 1047 795 1104 est,
827 1039 986 1108 culpa
1027 1039 1246 1094 liberat.
1295 1039 1483 1110 Itaque
1521 1037 1849 1093 defectionis
1884 1053 2042 1092 amor

454 1128 615 1183 vobis
635 1138 787 1184 certe
817 1144 930 1183 non
957 1129 1135 1200 vergit
1165 1129 1220 1182 in
1247 1129 1620 1194 commodum,
1646 1129 1865 1198 quando
1896 1129 2044 1182 veri-

454 1219 586 1275 tatis
637 1221 852 1275 Patrem
906 1219 1214 1290 pratdicatis
1254 1236 1377 1276 esse
1416 1220 1686 1276 mendacii
1733 1228 2040 1286 auctorem,

455 1311 528 1365 ab
599 1309 706 1365 hoc
773 1320 959 1366 autem
1015 1313 1308 1367 veritatem
1379 1311 1795 1368 substantialem
1848 1327 2043 1366 verum

456 1409 651 1456 mutuo
698 1403 1022 1472 sumpsisse.
1074 1412 1130 1459 et
1162 1404 1379 1474 aequali,
1403 1420 1474 1460 ne
1497 1405 1675 1460 dicam
1703 1403 1924 1474 majori,
1955 1419 2042 1469 ea,

457 1508 580 1562 qua:
614 1503 896 1550 mutuatus
929 1505 1041 1562 est,
1066 1497 1247 1552 studio
1278 1497 1598 1568 excipienda
1626 1497 1834 1553 dicitis.

532 1587 774 1646 XXVIII.
809 1591 922 1661 Age
951 1605 1104 1657 vero,
1156 1591 1323 1646 etiam
1355 1607 1454 1663 per
1476 1592 1765 1662 parabolas
1797 1606 1911 1646 non
1938 1605 2049 1659 pa-

459 1681 723 1748 rabolice,
784 1685 881 1738 sed
911 1682 1099 1750 clare,
1147 1683 1347 1756 dogma
1402 1685 1696 1756 impiorum
1753 1683 2048 1754 disjectum

459 1774 768 1831 videamus.
827 1776 984 1842 Quod
1038 1776 1184 1831 enim
1248 1776 1511 1832 Servatur
1574 1776 1903 1842 advenerit,

2147 1039 2313 1093 καλὸν
2342 1039 2470 1109 ὑμῖν
2491 1041 2520 1093 6
2542 1039 2642 1108 τῆς
2667 1039 3008 1103 ἀποστασίας
3035 1038 3178 1110 ἔρως
3196 1037 3449 1110 τελευτᾷ,
3477 1037 3741 1109 ἀληθείας

2153 1133 2251 1204 μὲν
2283 1131 2578 1200 κηρύττειν
2601 1132 2694 1184 τὸν
2731 1129 2951 1201 Πατέρα
2977 1130 3073 1183 τοῦ
3111 1129 3346 1199 ψεύδους
3375 1130 3742 1201 δημιουργὸν,

2149 1222 2209 1288 ἐξ
2228 1222 2394 1276 αὐτοῦ
2415 1222 2472 1276 δὲ
2497 1222 2932 1287 κατασκευάζειν
2956 1224 3056 1292 τὴν
3080 1222 3448 1276 ὲνυπόστατον
3476 1222 3743 1294 ἀλήθειαν

2149 1313 2492 1378 δανείζεσθαι
2541 1313 2602 1367 τὸ
2633 1313 2864 1384 ἀληθὲς,
2916 1314 3011 1367 καὶ
3043 1307 3125 1377 οἷς
3159 1311 3503 1378 δανείζεται,
3540 1314 3636 1366 ἵνα
3670 1313 3746 1384 μὴ

2093 1453 2100 1460 .
2151 1406 2295 1476 λέγω
2366 1406 2611 1478 μείζοσι,
2667 1408 2789 1471 ταῖς
2829 1407 2974 1472 ίσαις
3011 1406 3255 1476 ὀφείλειν
3310 1404 3748 1470 ἀντιδεξιοῦσθαι

2151 1499 2359 1553 τιμαῖς.

2253 1515 2359 1553 αι’.

2210 1515 2356 1648 εἶςθτ.
2386 1591 2525 1663 Φέρε
2558 1589 2624 1663 δὴ
2656 1589 2751 1644 καὶ
2783 1589 2874 1644 διὰ
2900 1589 3010 1644 τῶν
3040 1589 3371 1663 παραϐολῶν
3399 1591 3503 1644 οὐκ
3535 1591 3601 1644 ὲν
3636 1605 3744 1642 πα-

2159 1683 2435 1757 ραϐολαῖς,
2471 1683 2588 1737 ἀλλ’
2627 1683 2887 1753 ἐμφανῶς
2918 1683 3119 1752 ίδωμεν
3151 1682 3212 1736 τὸ
3250 1682 3429 1752 δόγμα
3477 1681 3749 1737 καταλυό-

1989 1783 2050 1830 ut
2161 1794 2322 1848 μενον
2364 1777 2473 1831 τῶν
2519 1775 2754 1832 ἀσεϐῶν.
2809 1777 2934 1830 Ὀτι
2981 1775 3082 1847 μὲν
3137 1775 3244 1847 γὰρ
3303 1775 3682 1844 καταγέγονεν
3722 1775 3753 1828 6

420 1934 426 1938 _
461 1875 673 1937 quaerat
693 1876 751 1924 et
770 1877 952 1924 servet
983 1869 1036 1924 id
1061 1868 1204 1939 quod
1239 1869 1516 1939 perditum
1542 1869 1748 1934 erat",
1771 1884 1802 1923 a
1825 1867 2048 1923 nemine

2165 1870 2350 1941 Σωτὴρ
2407 1869 2640 1941 ζητῆσαι
2705 1870 2802 1924 καὶ
2855 1868 3029 1922 σῶσαι
3081 1869 3144 1922 τὸ
3196 1868 3508 1935 ἀπολωλὸς,
3571 1866 3752 1920 οὐδενὶ

464 1961 576 2016 huc
609 1961 740 2016 dum
785 1959 840 2016 in
889 1961 1117 2016 dubium
1151 1970 1410 2019 vocatum
1460 1970 1566 2017 est.
1608 1959 1665 2015 Si
1713 1977 1845 2018 vero
1888 1975 2050 2016 ovem

461 2067 592 2110 vere
625 2053 894 2124 perditam
923 2054 992 2109 ab
1023 2054 1248 2109 interitu
1295 2053 1469 2108 voluit
1514 2053 1767 2117 liberare.
1803 2063 1858 2108 et
1897 2053 1964 2108 ad
1994 2069 2054 2110 se

462 2145 752 2212 reducere,
781 2155 837 2204 et
869 2147 934 2202 ad
964 2147 1193 2202 salutem
1235 2162 1512 2212 revocare,
1541 2163 1652 2202 non
1686 2147 1901 2204 dimcile
1931 2148 2055 2204 fue-

463 2237 538 2293 rit
565 2239 876 2308 perspicere
917 2240 1064 2309 quod
1093 2239 1349 2310 parabola
1381 2240 1542 2295 docet
1584 2240 1880 2294 humanam
1919 2239 2055 2294 sub-

463 2332 720 2387 stantiam
771 2348 970 2386 manus
1009 2333 1271 2388 benefica:
1314 2349 1455 2404 opus
1501 2333 1788 2389 exsistere.
1816 2332 2056 2389 Omnino

463 2425 613 2480 enim
661 2426 780 2480 ovis
829 2425 1112 2496 deperdita
1161 2425 1400 2496 primum
1435 2426 1647 2482 ecaula
1693 2440 1883 2481 earum
1930 2425 2054 2492 fuit,

464 2530 588 2586 (tua!
619 2525 852 2571 servatae
881 2524 1028 2580 sunt,
1068 2515 1268 2571 deinde
1298 2531 1430 2572 vero
1461 2531 1492 2572 a
1523 2531 1686 2589 grege
1720 2516 1973 2572 resiliens
2001 2516 2058 2571 in

464 2609 611 2665 viam
641 2609 708 2664 ad
738 2609 966 2664 exitium
992 2610 1307 2666 declinavit.
1337 2609 1496 2676 Quod
1532 2609 1680 2665 enim
1711 2609 1780 2665 ab
1816 2609 1974 2664 initio
2001 2609 2060 2664 in

463 2702 713 2774 pernicie
746 2711 936 2756 natum
971 2702 1092 2768 fuit,
1137 2718 1208 2757 ne
1244 2710 1499 2757 naturam
1547 2702 1768 2772 quidem
1812 2702 1881 2757 ad
1911 2701 2061 2755 salu-

465 2797 579 2844 tem
613 2790 920 2845 revertendi
949 2791 1132 2856 habet,
1158 2792 1244 2846 vel
1275 2792 1458 2862 potius
1486 2791 1686 2848 reverti
1716 2808 1825 2847 non
1856 2800 2056 2861 potest,

467 2891 565 2938 aut
592 2883 820 2939 servari.
855 2881 968 2939 lmo
1012 2899 1116 2939 nec
1144 2900 1243 2939 usu
1279 2885 1385 2956 ipsi
1420 2886 1612 2942 venire
1641 2887 1820 2956 potuit
1851 2885 2058 2956 perire,

467 2974 738 3045 siquidem
779 2989 906 3029 cum
956 2976 1078 3046 ipso
1127 2984 1252 3031 ortu
1280 2992 1348 3032 ex
1388 2978 1532 3032 malo
1565 2979 1816 3048 provenit
1850 2977 2060 3048 princi-

464 3064 583 3134 pio,
612 3079 715 3118 nec
747 3081 988 3135 unquam
1015 3065 1146 3120 boni
1167 3075 1223 3121 et
1244 3067 1434 3122 salutis
1455 3068 1728 3140 particeps
1746 3069 1925 3125 visum
1953 3077 2059 3125 est.

467 3152 641 3256 (iujus
686 3155 1068 3256 enim-a_liquis
1109 3158 1564 3256 nunqua-mfuit,
1610 3162 1885 3230 quomodo
1927 3161 2056 3217 inde
2086 3195 2130 3256 ε

467 3243 578 3299 dici
614 3255 793 3315 potest
823 3247 1102 3318 delapsus,
1135 3258 1191 3304 et
1216 3250 1308 3320 qui
1349 3248 1540 3306 salutis
1569 3252 1621 3306 in
1650 3263 1778 3308 ortu
1802 3254 1921 3323 ipso
1947 3270 2058 3310 non

467 3333 578 3390 fuit
617 3337 909 3408 particeps,
962 3340 1238 3408 quomodo
1271 3341 1339 3396 ad
1375 3343 1604 3397 exitium
1645 3345 1932 3414 pervenire
1965 3355 2063 3401 aut

467 3428 702 3500 periisse
727 3430 834 3485 dici
863 3433 1084 3501 potest?
1118 3431 1227 3488 Sed
1265 3442 1322 3488 et
1355 3434 1620 3491 Dominus
1657 3446 1848 3492 noster
1881 3439 2062 3494 homi-

467 3538 604 3578 num
637 3524 1066 3590 amantissimus,
1097 3527 1345 3584 veritatis
1379 3528 1571 3584 doctor
1601 3539 1656 3585 et
1687 3541 1899 3596 auctor,
1935 3549 2060 3588 cum

468 3616 741 3686 deperditi
782 3619 1121 3674 mentionem
1161 3621 1462 3690 saepissime
1509 3623 1736 3688 faceret,
1779 3640 2061 3696 nunquam

468 3717 655 3763 tamen
698 3710 1025 3779 pravitatem
1080 3722 1338 3784 tanquam
1367 3730 1491 3769 eum
1525 3717 1718 3772 eodem
1760 3720 2059 3785 conditam.

469 3812 566 3859 aut
615 3805 913 3874 perniciem
968 3807 1057 3862 vel
1105 3808 1320 3863 eminus
1370 3822 1764 3868 commemorat
1798 3834 1812 3869 :
1845 3829 2064 3884 semper

469 3909 604 3949 vero
641 3895 988 3950 occasionem
1036 3897 1168 3953 facit
1196 3899 1496 3970 cogitandi,
1524 3903 1670 3971 quod
1706 3903 1837 3958 illud
1867 3906 2061 3975 postli-

472 3983 646 4037 minio
675 3985 743 4038 ab
766 3985 960 4040 ordine
1006 3988 1238 4056 pristino
1277 4005 1534 4060 nexuque
1580 4001 1636 4046 et
1672 3996 2063 4053 communione

473 4091 600 4130 eum
653 4078 868 4132 caeteris
911 4078 1248 4148 disiunctum
1300 4081 1357 4136 in
1399 4085 1700 4153 perniciem
1755 4087 2060 4145 devenerit.

473 4169 566 4224 Ait
610 4171 756 4225 enim
794 4190 806 4226 :
835 4172 975 4237 Quid
1002 4174 1144 4228 vobis
1175 4177 1400 4242 videtur,
1434 4180 1480 4232 si
1512 4181 1600 4233 cui
1631 4181 1833 4235 homini
1862 4183 2062 4252 fuerint

471 4271 683 4316 centum
730 4280 846 4318 oves
875 4265 942 4318 ³⁸.
979 4266 1120 4322 Ecce
1149 4283 1280 4323 oves
1320 4269 1424 4324 illa;
1462 4280 1683 4327 centum
1735 4283 1864 4330 sunt
1915 4287 2062 4332 totus

473 4370 606 4426 grex
633 4358 874 4411 nondum
905 4373 1098 4414 errans
1125 4379 1136 4414 :
1162 4361 1311 4414 nulla
1341 4376 1528 4418 earum
1558 4373 1689 4420 tunc
1714 4368 1798 4421 vel
1817 4369 2058 4434 errabat,

469 4448 558 4503 vel
596 4449 808 4518 perdita
853 4459 991 4504 erat.
1025 4449 1082 4505 Si
1114 4462 1302 4521 postea
1331 4454 1416 4508 vel
1464 4471 1573 4510 una
1605 4471 1672 4511 ex
1701 4457 1808 4513 illis
1837 4475 1866 4514 a
1897 4475 2064 4531 grege

2157 1961 2324 2034 μέχρι
2370 1961 2466 2016 νῦν
2504 1963 2586 2025 είς
2620 1961 2919 2032 δισταγμὸν
2952 1963 3348 2034 περιέστηκεν·
3379 1965 3428 2016 εί
3461 1962 3521 2016 δὲ
3560 1963 3625 2014 τὸ
3675 1961 3751 2024 ὡς

2153 2053 2372 2126 ἀληθῶς
2404 2054 2684 2117 ἀπολωλὸς
2716 2054 2989 2126 πρόϐατον
3027 2055 3126 2126 τῆς
3159 2054 3438 2118 ἀπωλείας
3475 2053 3754 2124 ἠθέλησεν

2156 2147 2566 2211 ἀνασώσασθαι,
2599 2147 2692 2201 καὶ
2741 2147 2823 2212 είς
2874 2147 3069 2202 ἑαυτὸν
3095 2147 3442 2218 ἐπιστρέψαι,
3480 2147 3576 2199 καὶ
3610 2146 3752 2214 πρὸς

2158 2242 2434 2315 σωτηρίαν
2481 2240 2947 2306 ἀνακαλέσασθαι,
2987 2241 3140 2294 οὐδὲν
3187 2240 3427 2313 ἐργῶδες
3485 2239 3746 2302 συνιδεῖν,

2154 2335 2231 2398 ὡς
2272 2335 2447 2406 ἀρχῆς
2472 2334 2532 2389 τὸ
2570 2335 2915 2406 ἀνθρώπινον
2943 2333 3228 2405 σύγκριμα
3266 2334 3366 2402 τῆς
3393 2329 3751 2401 ἀγαθουργοῦ

2158 2423 2420 2493 παλάμης
2463 2422 2628 2493 ἔργον
2679 2423 2986 2478 ἐκδιδάσκει
3043 2425 3078 2494 ἡ
3138 2422 3451 2494 παραϐολή.
3516 2421 3751 2482 Παντως

2157 2516 2266 2587 γάρ
2287 2515 2350 2569 τὸ
2372 2515 2652 2580 ἀπολωλὸς
2672 2515 2944 2587 πρόϐατον
2955 2516 3055 2586 τῆς
3079 2514 3323 2588 μάνδρας
3340 2514 3609 2586 πρότερον
3634 2511 3755 2565 τῶν

2161 2606 2523 2676 σεσωσμένων
2551 2607 2795 2676 γεγονὸς,
2844 2605 3071 2675 ὕστερον
3104 2604 3163 2658 δὲ
3212 2605 3312 2674 τῆς
3351 2604 3558 2675 ἀγέλης
3610 2603 3755 2657 ἀπο-

2162 2701 2466 2770 σκιρτῆσαν
2521 2699 2635 2769 ('55)
2670 2700 2752 2763 εἰς
2795 2698 2894 2770 τὴν
2923 2699 3025 2770 τῆς
3053 2697 3332 2762 ἀπωλείας
3380 2695 3754 2767 ἀπεπλανήθη

2159 2791 2298 2846 ὀδόν.
2330 2792 2406 2844 Τὸ
2435 2790 2539 2862 μὲν
2573 2791 2683 2862 γὰρ
2717 2791 2813 2846 ἀπ’
2851 2792 3030 2862 ἀρχῆς
3057 2791 3126 2844 δι’
3152 2789 3427 2854 ἀπωλείας
3451 2789 3586 2859 φυὲν
3634 2787 3756 2841 οὐδ’

2159 2884 2273 2955 ἔχει
2323 2887 2489 2954 φύσιν
2528 2885 2666 2954 πρὸς
2704 2884 2800 2956 τὴν
2833 2884 3110 2955 σωτηρίαν
3154 2883 3494 2949 ἐπανελθεῖν,
3540 2881 3757 2953 μᾶλλον

2159 2975 2215 3029 δὲ
2241 2975 2352 3030 οὐδ’
2380 2965 2518 3039 ὅλως
2549 2977 2660 3046 (56)
2698 2975 2848 3029 ἐστὶν
2890 2975 3043 3045 αὐτῷ
3077 2975 3142 3030 τὸ
3168 2975 3506 3040 ἐπανελθεῖν,
3529 2975 3660 3029 οὐδὲ
3697 2974 3758 3028 τὸ

2159 3069 2535 3140 ἀνασωθῆναι.
2584 3067 2726 3121 Ἀλλ’
2761 3067 2872 3122 οὐδ’
2900 3068 3138 3137 ἐπῆλθεν
3168 3067 3322 3137 αὒτῷ
3357 3069 3418 3122 τὸ
3464 3067 3760 3122 ἀπολωλέ-

2160 3177 2272 3223 ναι,
2304 3162 2463 3231 εἰπερ
2507 3161 2574 3212 ἐκ
2619 3159 2864 3230 χείρονος
2902 3158 3000 3229 μὲν
3018 3158 3135 3229 ἃμα
3163 3157 3242 3228 τῷ
3271 3157 3434 3228 φῦναι
3475 3158 3761 3228 προῆλθεν

2166 3250 2363 3321 ἀρχῆς,
2392 3251 2650 3305 οὐδέποτε
2689 3251 2748 3304 δὲ
2783 3251 2883 3322 τῆς
2931 3249 3265 3321 ἀγαθότητος
3316 3251 3412 3304 καὶ
3471 3249 3763 3320 σωτηρίας

2165 3343 2323 3413 ὤφθη
2371 3341 2681 3413 μετασχών.
2713 3343 2788 3396 Οὐ
2831 3341 2944 3414 γάρ
2973 3360 3056 3406 τις
3113 3343 3335 3411 γέγονεν
3391 3341 3675 3414 οὐδαμῶς,
3723 3342 3761 3412 ἢ

2165 3437 2286 3500 πῶς
2311 3438 2376 3491 ἂν
2407 3437 2617 3490 ἐκεῖθεν
2646 3435 2840 3508 ῥηθείη
2898 3435 3253 3500 καταπεσὼν,
3284 3437 3380 3490 καὶ
3413 3438 3441 3489 6
3473 3437 3760 3507 σωτηρίας

2165 3529 2434 3600 ἀμέτοχος
2487 3527 2788 3597 προελθὼν,
2849 3526 2969 3590 πῶς
3026 3527 3095 3581 ἂν
3141 3529 3222 3592 είς
3264 3527 3547 3582 ἀπώλειαν
3626 3545 3765 3582 κατ-

2165 3623 2441 3693 ενεχθείη,
2482 3622 2516 3694 ἢ
2547 3621 2748 3690 λέγοιτ’
2806 3623 2872 3675 ἂν
2899 3621 3219 3684 ἀπολωλώς.
3259 3619 3422 3674 Ἀλλά
3457 3619 3566 3690 μὴν
3605 3620 3708 3674 καὶ
3735 3621 3767 3673 6

2166 3715 2554 3787 φιλάνθρωπος
2585 3714 2746 3786 ἡμῶν
2772 3715 3070 3782 Δεσπότης,
3101 3716 3129 3768 6
3158 3714 3261 3782 τῆς
3311 3711 3577 3781 ἀληθείας
3620 3713 3767 3766 διδά-

2167 3809 2367 3872 σκαλος
2404 3808 2498 3861 καὶ
2533 3807 2792 3879 χορηγὸς,
2819 3807 2912 3861 τοῦ
2943 3806 3288 3869 ἀπολωλότος
3316 3806 3537 3877 μνήμην
3565 3802 3764 3857 ποιού-

2168 3919 2329 3973 μενος
2353 3901 2646 3972 πολλαχοῦ,
2675 3899 2912 3971 οὐδαμοῦ
2939 3899 3574 3968 συγκατεσκευασμένην
3606 3897 3770 3967 αὐτῷ

2163 3993 2264 4064 τὴν
2295 3992 2554 4062 κακίανῆ
2601 3990 2700 4062 τὴν
2743 3989 3022 4044 ἀπώλειαν
3068 3991 3340 4060 οὐμενοῦν
3400 3988 3520 4042 οὐδὲ
3590 3988 3766 4059 μέχρι

2163 4084 2326 4156 ψιλῆς
2363 4083 2605 4147 ἐπινοίας
2651 4083 2955 4154 παραδηλοῖ
2983 4100 2998 4115 δ
3039 4084 3130 4136 ἀεὶ
3161 4082 3219 4136 δὲ
3257 4082 3335 4145 ὼς
3387 4081 3623 4152 ὕστερον
3662 4081 3770 4151 τῆς

2163 4180 2372 4246 τάξεως
2404 4179 2499 4232 καὶ
2540 4177 2640 4246 τῆς
2669 4177 2776 4230 τῶν
2807 4177 2984 4231 ἄλλων
3025 4174 3323 4245 συναφείας
3369 4191 3430 4226 τε
3477 4173 3575 4226 καὶ
3629 4189 3770 4226 συν-

2163 4268 2447 4340 διατριϐἧς
2502 4265 2820 4339 ἀπορραγὲν
2849 4264 3024 4328 οὕτως
3057 4262 3427 4333 ἀπενεχθῆναι
3461 4261 3606 4332 πρὸς
3662 4263 3773 4330 τὴν

2164 4363 2443 4416 ἀπώλειαν
2491 4361 2723 4431 παρέχει
2776 4360 2940 4413 νοεῖν.
2971 4359 3081 4411 Καὶ
3113 4358 3223 4428 γάρ
3260 4373 3448 4426 φησιν,
3492 4355 3554 4410 Τί
3612 4353 3771 4425 ὑμῖν

2165 4454 2350 4521 δοκεῖ,
2386 4455 2495 4507 ἐὰν
2552 4452 2798 4522 γένηταί
2835 4467 2952 4504 τινι
2995 4449 3287 4518 ἀνθρώπῳ
3333 4446 3554 4501 ἑκατὸν
3609 4448 3769 4515 πρό-

468 4541 826 4610 aberraverit,
859 4557 889 4596 a
921 4543 1087 4598 salvis
1121 4545 1210 4599 illa
1239 4559 1300 4600 se
1342 4557 1580 4617 separat,
1613 4565 1642 4603 a
1670 4565 1779 4604 non
1820 4553 2056 4606 erranti-

2165 4552 2332 4603 ϐατα.
2373 4546 2505 4600 Ἰδοὺ
2532 4545 2602 4599 τὰ
2635 4543 2828 4598 ἑκατὸν
2851 4541 3101 4613 πρόϐατα
3136 4543 3288 4593 πᾶσα
3319 4542 3353 4610 η
3382 4539 3553 4609 ἀγέλη
3578 4539 3771 4594 ἀπλα-

467 4633 574 4689 hus
603 4635 842 4702 aberrat,
874 4651 939 4690 ex
968 4635 1094 4690 ovili
1129 4640 1355 4694 recedit.
1381 4639 1673 4710 Propterea
1697 4653 1751 4697 et
1774 4644 2056 4699 hominum

2165 4642 2294 4713 νής·
2349 4639 2503 4693 οὐδὲν
2553 4637 2732 4690 αὐτῶν
2771 4636 2912 4699 τέως
2960 4633 3086 4688 οὔτε
3141 4632 3588 4702 πεπλανημένον,
3633 4629 3772 4683 οὔτε

470 4727 878 4782 amantissimus
915 4727 1058 4782 illam
1093 4729 1256 4784 citius
1285 4732 1500 4801 quaerit,
1534 4741 1588 4787 et
1627 4744 1900 4804 repertam
1934 4737 2056 4792 reli-

2165 4733 2443 4795 ἀπολωλός
2490 4731 2628 4803 (57).
2656 4725 2791 4783 Εἶτα
2830 4728 2933 4783 κᾶν
2960 4727 3211 4798 πλανηθῇ
3242 4727 3301 4780 ἒν
3327 4725 3388 4791 ἐξ
3415 4724 3625 4791 αὐτῶν,
3665 4723 3775 4794 τῆς

473 4817 596 4884 quis
631 4834 740 4872 non
772 4820 950 4875 deviis
983 4831 1337 4885 annumerat,
1371 4833 1428 4878 et
1459 4824 1528 4879 de
1562 4836 1812 4895 reparata
1849 4829 2056 4897 jactura

2165 4827 2368 4898 ἀγέλης
2409 4824 2519 4878 τῶν
2575 4825 2900 4894 σωζομένων
2958 4821 3167 4890 διέστη,
3195 4819 3305 4873 τῶν
3347 4817 3422 4889 μὴ
3464 4816 3772 4886 πεπλανηο-

475 4906 694 4975 gaudet,
721 4916 780 4962 et
805 4909 1011 4964 amicos
1043 4911 1145 4966 sibi
1182 4911 1408 4983 angelos
1442 4913 1493 4966 in
1531 4915 1851 4970 societatem
1881 4919 2056 4990 gaudii

2169 4922 2348 4993 μένων
2391 4915 2780 4987 ἀπεπλανήθη,
2824 4915 2922 4984 τῆς
2979 4913 3226 4983 μάνδρας
3276 4911 3460 4979 ἐξέϐη.
3497 4911 3592 4962 Διὸ
3669 4909 3778 4962 καὶ

477 4997 679 5051 excitat
704 5000 770 5063 ’°,
802 4999 928 5068 quia
974 5015 1131 5056 ovem
1171 5004 1240 5059 ab
1284 5005 1476 5059 ordine
1507 5016 1563 5061 et
1592 5008 1758 5078 gloria
1812 5009 2056 5080 ipsarum

2169 5016 2364 5070 θᾶττον
2397 5011 2532 5066 αὐτὸ
2559 5009 2672 5080 (58)
2703 5009 2732 5061 ὁ
2773 5005 3158 5078 φιλάνθρωπος
3191 5003 3461 5076 ἐπιζητεῖ,
3493 5003 3594 5056 καὶ
3646 5005 3774 5069 τοῖς

479 5097 605 5143 ante
644 5101 952 5158 separatam
979 5093 1046 5147 ad
1078 5110 1254 5162 suam,
1291 5113 1398 5167 qua
1433 5099 1536 5170 ipsi
1563 5101 1897 5172 gaudebant,
1940 5105 2056 5160 I‘eli-

2181 5106 2258 5179 μὴ
2301 5101 2741 5174 πεπλανημένοις
2790 5099 3037 5171 ἀνευρὼν
3083 5095 3647 5167 συγκαταλέγειβθ),
3671 5097 3777 5150 καὶ

551 5203 597 5234 ³⁷
620 5201 810 5258 Matth.
853 5219 1008 5273 xvm,
1047 5207 1132 5263 Μ.
1209 5209 1255 5242 ⁸⁸
1283 5209 1476 5267 Matth.
1517 5229 1676 5279 xvtu,
1712 5214 1800 5268 12.
1879 5216 1924 5249 ’³
1956 5217 2071 5275 Luc
2100 5221 2262 5288 “,4.

1572 5370 1804 5427 VARUE
1842 5372 2227 5467 LEC'I‘IONES
2257 5377 2346 5432 ET
2377 5377 2608 5434 NOTAE.

549 5481 662 5562 (5:5)
695 5479 1192 5562 ‘Anoq‘ypgﬁqay.
1209 5485 1284 5539 ita
1299 5485 1491 5562 scripsi
1509 5503 1609 5562 pro
1631 5488 2068 5562 ἀποσκιρτήσας,

475 5550 620 5623 quos]
642 5550 747 5624 ius.
775 5550 1092 5624 exhibebat.
1123 5550 1466 5612 Antecedcns
1495 5550 1644 5613 enim
1679 5550 1957 5624 ἀπολωλὸς
2013 5550 2070 5616 éi

480 5620 704 5694 γεγονρς
739 5623 883 5694 hanc
907 5620 1148 5694 formam,
1171 5627 1422 5694 requirit.

551 5692 664 5768 (56)
690 5693 826 5768 Οὐδ’
845 5691 1021 5758 ὅλως.
1098 5692 1188 5747 Sic
1247 5691 1596 5752 scribendum
1639 5714 1740 5768 pro
1767 5700 1827 5753 οὐ
1873 5700 2062 5766 δόλως,

477 5765 638 5835 quod,
655 5772 772 5835 erat
793 5765 847 5816 in
881 5779 982 5817 ms.

549 5834 663 5905 (ει-ι)
697 5834 1182 5902 Ἀπο.ιω.ιός.ιιοο
1215 5837 1453 5895 rationes
1475 5841 1837 5912 grammaticx
1869 5851 2056 5914 postu-

2171 5496 2284 5552 lant
2308 5511 2407 5566 pro
2437 5493 2757 5566 ἀπολωλὼς,
2794 5491 2939 5566 quod
2979 5493 3036 5548 in
3067 5490 3267 5566 codice
3309 5490 3694 5566 inveniebam.

2241 5561 2354 5637 (58)
2395 5566 2572 5621 Α-ὺτό.
2605 5565 2699 5637 Ita_
2731 5561 3022 5637 legendum
3077 5561 3357 5637 prognti-rip
3388 5561 3600 5617 codicis
3654 5578 3775 5618 ms.

2167 5632 2425 5692 Refertur
2455 5637 2602 5690 enim
2637 5635 2704 5689 ad
2741 5632 3384 5706 antecedens'rrp66arov.

2239 5709 2348 5776 (39)
2407 5705 2864 5775 Συγκαταλέγει.
2908 5704 3022 5761 Hoc
3063 5701 3292 5762 verbum
3344 5701 3577 5774 requirit
3634 5716 3774 5758 sen-

2163 5796 2256 5834 sus
2287 5795 2386 5850 pt'o
2427 5776 2832 5846 συγκαταλήγει
2857 5791 2960 5831 ms.
