  <div class='ocr_page' id='page_1' title='image "/cluster/home/n/w/nwhite01/storage/ocr_20150623/102:no.2/coo.31924054870062/136.png"; bbox 0 0 3886 6418; ppageno 0'>
   <div class='ocr_carea' id='block_1_1' title="bbox 215 365 310 429">
    <p class='ocr_par' dir='ltr' id='par_1_1' title="bbox 215 365 310 429">
     <span class='ocr_line' id='line_1_1' title="bbox 215 365 310 429; baseline 0.021 -2"><span class='ocrx_word' id='word_1_1' title='bbox 215 365 310 429; x_wconf 63' lang='grc'><strong>245</strong></span> 
     </span>
    </p>
   </div>
   <div class='ocr_carea' id='block_1_2' title="bbox 1216 372 2429 441">
    <p class='ocr_par' dir='ltr' id='par_1_2' title="bbox 1216 372 2429 441">
     <span class='ocr_line' id='line_1_2' title="bbox 1216 372 2429 441; baseline 0.007 -9"><span class='ocrx_word' id='word_1_2' title='bbox 1216 372 1520 434; x_wconf 73' lang='lat' dir='ltr'><strong>CONTRA</strong></span> <span class='ocrx_word' id='word_1_3' title='bbox 1562 373 2022 435; x_wconf 73' lang='lat' dir='ltr'><strong>MANICH/EOS</strong></span> <span class='ocrx_word' id='word_1_4' title='bbox 2062 377 2296 439; x_wconf 84' lang='lat' dir='ltr'><strong>LIBER</strong></span> <span class='ocrx_word' id='word_1_5' title='bbox 2330 379 2429 441; x_wconf 88' lang='lat' dir='ltr'><strong>IV.</strong></span> 
     </span>
    </p>
   </div>
   <div class='ocr_carea' id='block_1_3' title="bbox 3364 383 3470 449">
    <p class='ocr_par' dir='ltr' id='par_1_3' title="bbox 3364 383 3470 449">
     <span class='ocr_line' id='line_1_3' title="bbox 3364 383 3470 449; baseline 0.038 -4"><span class='ocrx_word' id='word_1_6' title='bbox 3364 383 3470 449; x_wconf 63' lang='lat'><strong>2-16</strong></span> 
     </span>
    </p>
   </div>
   <div class='ocr_carea' id='block_1_4' title="bbox 212 474 1784 566">
    <p class='ocr_par' dir='ltr' id='par_1_4' title="bbox 212 474 1784 551">
     <span class='ocr_line' id='line_1_4' title="bbox 212 474 1784 551; baseline 0.005 -24"><span class='ocrx_word' id='word_1_7' title='bbox 212 475 376 545; x_wconf 78' lang='grc' dir='ltr'>χαίρει</span> <span class='ocrx_word' id='word_1_8' title='bbox 412 474 508 527; x_wconf 71' lang='grc' dir='ltr'>ἐπὶ</span> <span class='ocrx_word' id='word_1_9' title='bbox 528 476 595 545; x_wconf 86' lang='grc' dir='ltr'>τῇ</span> <span class='ocrx_word' id='word_1_10' title='bbox 617 474 929 546; x_wconf 81' lang='grc' dir='ltr'>ἀνευρέσει,</span> <span class='ocrx_word' id='word_1_11' title='bbox 957 476 1050 530; x_wconf 73' lang='grc' dir='ltr'><strong>καὶ</strong></span> <span class='ocrx_word' id='word_1_12' title='bbox 1076 476 1175 541; x_wconf 85' lang='grc' dir='ltr'><strong>τὰς</strong></span> <span class='ocrx_word' id='word_1_13' title='bbox 1197 478 1360 546; x_wconf 84' lang='grc' dir='ltr'>φίλας</span> <span class='ocrx_word' id='word_1_14' title='bbox 1385 481 1645 551; x_wconf 87' lang='grc' dir='ltr'>δυνάμεις</span> <span class='ocrx_word' id='word_1_15' title='bbox 1674 481 1784 551; x_wconf 73' lang='grc'><strong>(40)</strong></span> 
     </span>
    </p>
   </div>
   <div class='ocr_carea' id='block_1_5' title="bbox 1891 474 3473 566">
    <p class='ocr_par' dir='ltr' id='par_1_5' title="bbox 1891 483 3473 566">
     <span class='ocr_line' id='line_1_5' title="bbox 1891 483 3473 566; baseline 0.01 -30"><span class='ocrx_word' id='word_1_16' title='bbox 1891 483 2110 540; x_wconf 88' lang='lat' dir='ltr'><strong>citatem</strong></span> <span class='ocrx_word' id='word_1_17' title='bbox 2144 495 2195 542; x_wconf 89' lang='lat' dir='ltr'><strong>et</strong></span> <span class='ocrx_word' id='word_1_18' title='bbox 2233 486 2462 542; x_wconf 81' lang='lat' dir='ltr'><strong>salutem</strong></span> <span class='ocrx_word' id='word_1_19' title='bbox 2502 489 2701 544; x_wconf 88' lang='lat' dir='ltr'><strong>reverti</strong></span> <span class='ocrx_word' id='word_1_20' title='bbox 2734 489 3010 544; x_wconf 87' lang='lat' dir='ltr'><strong>viderunt.</strong></span> <span class='ocrx_word' id='word_1_21' title='bbox 3041 488 3109 546; x_wconf 86' lang='lat' dir='ltr'><strong>Et</strong></span> <span class='ocrx_word' id='word_1_22' title='bbox 3136 489 3225 546; x_wconf 89' lang='lat' dir='ltr'><strong>illa</strong></span> <span class='ocrx_word' id='word_1_23' title='bbox 3252 509 3473 566; x_wconf 76' lang='lat' dir='ltr'><strong>quoque</strong></span> 
     </span>
    </p>
   </div>
   <div class='ocr_carea' id='block_1_6' title="bbox 209 566 1783 644">
    <p class='ocr_par' dir='ltr' id='par_1_6' title="bbox 209 566 1783 644">
     <span class='ocr_line' id='line_1_6' title="bbox 209 566 1783 644; baseline 0.004 -25"><span class='ocrx_word' id='word_1_24' title='bbox 209 568 520 636; x_wconf 78' lang='grc' dir='ltr'><strong>συγχαίρειν</strong></span> <span class='ocrx_word' id='word_1_25' title='bbox 565 566 1002 638; x_wconf 76' lang='grc' dir='ltr'>παρασκευάζει,</span> <span class='ocrx_word' id='word_1_26' title='bbox 1023 570 1106 622; x_wconf 84' lang='grc' dir='ltr'>ὅτι</span> <span class='ocrx_word' id='word_1_27' title='bbox 1160 571 1221 623; x_wconf 85' lang='grc' dir='ltr'>τὸ</span> <span class='ocrx_word' id='word_1_28' title='bbox 1265 571 1654 644; x_wconf 82' lang='grc' dir='ltr'>ἀποπλανηθὲν</span> <span class='ocrx_word' id='word_1_29' title='bbox 1683 573 1783 643; x_wconf 83' lang='grc' dir='ltr'>τῆς</span> 
     </span>
    </p>
   </div>
   <div class='ocr_carea' id='block_1_7' title="bbox 203 657 1784 733">
    <p class='ocr_par' dir='ltr' id='par_1_7' title="bbox 203 657 1784 733">
     <span class='ocr_line' id='line_1_7' title="bbox 203 657 1784 733; baseline 0.006 -24"><span class='ocrx_word' id='word_1_30' title='bbox 203 658 400 722; x_wconf 78' lang='grc' dir='ltr'>τάξεως</span> <span class='ocrx_word' id='word_1_31' title='bbox 428 657 525 710; x_wconf 77' lang='grc' dir='ltr'>καὶ</span> <span class='ocrx_word' id='word_1_32' title='bbox 550 657 710 728; x_wconf 81' lang='grc' dir='ltr'><strong>δόξης</strong></span> <span class='ocrx_word' id='word_1_33' title='bbox 733 658 934 724; x_wconf 81' lang='grc' dir='ltr'>αὐτῶν,</span> <span class='ocrx_word' id='word_1_34' title='bbox 969 660 1132 716; x_wconf 84' lang='grc' dir='ltr'>πάλιν</span> <span class='ocrx_word' id='word_1_35' title='bbox 1157 663 1236 726; x_wconf 83' lang='grc' dir='ltr'><strong>είς</strong></span> <span class='ocrx_word' id='word_1_36' title='bbox 1264 664 1366 733; x_wconf 87' lang='grc' dir='ltr'>τὴν</span> <span class='ocrx_word' id='word_1_37' title='bbox 1399 664 1580 718; x_wconf 81' lang='grc' dir='ltr'>αὐτῶν</span> <span class='ocrx_word' id='word_1_38' title='bbox 1627 664 1784 719; x_wconf 73' lang='grc' dir='ltr'>ἐθεά-</span> 
     </span>
    </p>
   </div>
   <div class='ocr_carea' id='block_1_8' title="bbox 205 751 1784 828">
    <p class='ocr_par' dir='ltr' id='par_1_8' title="bbox 205 751 1784 828">
     <span class='ocr_line' id='line_1_8' title="bbox 205 751 1784 828; baseline 0.006 -25"><span class='ocrx_word' id='word_1_39' title='bbox 205 751 772 823; x_wconf 67' lang='grc' dir='ltr'>σαντοιὲπαναδραμὸν</span> <span class='ocrx_word' id='word_1_40' title='bbox 797 753 1095 825; x_wconf 84' lang='grc' dir='ltr'>εὐκληρίαν</span> <span class='ocrx_word' id='word_1_41' title='bbox 1130 772 1190 808; x_wconf 88' lang='grc' dir='ltr'><strong>τε</strong></span> <span class='ocrx_word' id='word_1_42' title='bbox 1213 756 1309 810; x_wconf 72' lang='grc' dir='ltr'><strong>καὶ</strong></span> <span class='ocrx_word' id='word_1_43' title='bbox 1339 758 1637 828; x_wconf 78' lang='grc' dir='ltr'><strong>σωτηρίαν.</strong></span> <span class='ocrx_word' id='word_1_44' title='bbox 1671 758 1784 812; x_wconf 72' lang='grc' dir='ltr'><strong>Καὶ</strong></span> 
     </span>
    </p>
   </div>
   <div class='ocr_carea' id='block_1_9' title="bbox 200 843 1784 924">
    <p class='ocr_par' dir='ltr' id='par_1_9' title="bbox 200 843 1784 924">
     <span class='ocr_line' id='line_1_9' title="bbox 200 843 1784 924; baseline 0.008 -30"><span class='ocrx_word' id='word_1_45' title='bbox 200 843 298 895; x_wconf 79' lang='grc' dir='ltr'><strong>τῶν</strong></span> <span class='ocrx_word' id='word_1_46' title='bbox 346 843 484 897; x_wconf 86' lang='grc' dir='ltr'>δέκα</span> <span class='ocrx_word' id='word_1_47' title='bbox 529 843 587 896; x_wconf 78' lang='grc' dir='ltr'>δὲ</span> <span class='ocrx_word' id='word_1_48' title='bbox 644 845 977 918; x_wconf 84' lang='grc' dir='ltr'>δραχμῶνή</span> <span class='ocrx_word' id='word_1_49' title='bbox 1022 848 1331 922; x_wconf 83' lang='grc' dir='ltr'>παραϐολὴ,</span> <span class='ocrx_word' id='word_1_50' title='bbox 1363 851 1423 916; x_wconf 75' lang='grc' dir='ltr'><strong>ἐξ</strong></span> <span class='ocrx_word' id='word_1_51' title='bbox 1463 843 1540 905; x_wconf 83' lang='grc' dir='ltr'>ὧν</span> <span class='ocrx_word' id='word_1_52' title='bbox 1593 853 1628 924; x_wconf 78' lang='grc' dir='ltr'><strong>ἡ</strong></span> <span class='ocrx_word' id='word_1_53' title='bbox 1682 853 1784 924; x_wconf 86' lang='grc' dir='ltr'><strong>μία</strong></span> 
     </span>
    </p>
   </div>
   <div class='ocr_carea' id='block_1_10' title="bbox 199 933 1785 1016">
    <p class='ocr_par' dir='ltr' id='par_1_10' title="bbox 199 933 1785 1016">
     <span class='ocr_line' id='line_1_10' title="bbox 199 933 1785 1016; baseline 0.005 -28"><span class='ocrx_word' id='word_1_54' title='bbox 199 933 458 1000; x_wconf 75' lang='grc' dir='ltr'><strong>ἀπώλετο,</strong></span> <span class='ocrx_word' id='word_1_55' title='bbox 498 936 602 1006; x_wconf 82' lang='grc' dir='ltr'><strong>τὴν</strong></span> <span class='ocrx_word' id='word_1_56' title='bbox 641 936 812 1007; x_wconf 76' lang='grc' dir='ltr'>αὐτὴν</span> <span class='ocrx_word' id='word_1_57' title='bbox 871 939 1266 1008; x_wconf 81' lang='grc' dir='ltr'>ἀναμφιϐόλως</span> <span class='ocrx_word' id='word_1_58' title='bbox 1311 943 1646 1016; x_wconf 84' lang='grc' dir='ltr'>παρίστησιν</span> <span class='ocrx_word' id='word_1_59' title='bbox 1698 944 1785 997; x_wconf 76' lang='grc' dir='ltr'><strong>ἔν-</strong></span> 
     </span>
    </p>
   </div>
   <div class='ocr_carea' id='block_1_11' title="bbox 201 1027 1782 1103">
    <p class='ocr_par' dir='ltr' id='par_1_11' title="bbox 201 1027 1782 1103">
     <span class='ocr_line' id='line_1_11' title="bbox 201 1027 1782 1103; baseline 0.009 -25"><span class='ocrx_word' id='word_1_60' title='bbox 201 1044 352 1080; x_wconf 80' lang='grc' dir='ltr'>νοιαν.</span> <span class='ocrx_word' id='word_1_61' title='bbox 386 1027 528 1081; x_wconf 83' lang='grc' dir='ltr'>Τότε</span> <span class='ocrx_word' id='word_1_62' title='bbox 560 1029 673 1100; x_wconf 81' lang='grc' dir='ltr'>γὰρ</span> <span class='ocrx_word' id='word_1_63' title='bbox 696 1030 797 1094; x_wconf 85' lang='grc' dir='ltr'>τὰς</span> <span class='ocrx_word' id='word_1_64' title='bbox 827 1030 964 1086; x_wconf 76' lang='grc' dir='ltr'>δέκα</span> <span class='ocrx_word' id='word_1_65' title='bbox 1005 1031 1256 1103; x_wconf 81' lang='grc' dir='ltr'>δραχμὰς</span> <span class='ocrx_word' id='word_1_66' title='bbox 1285 1035 1375 1088; x_wconf 84' lang='grc' dir='ltr'><strong>τὸν</strong></span> <span class='ocrx_word' id='word_1_67' title='bbox 1416 1036 1580 1091; x_wconf 85' lang='grc' dir='ltr'>αὑτὸν</span> <span class='ocrx_word' id='word_1_68' title='bbox 1630 1039 1782 1092; x_wconf 83' lang='grc' dir='ltr'>ἐντε-</span> 
     </span>
    </p>
   </div>
   <div class='ocr_carea' id='block_1_12' title="bbox 197 1124 1784 1204">
    <p class='ocr_par' dir='ltr' id='par_1_12' title="bbox 197 1124 1784 1204">
     <span class='ocr_line' id='line_1_12' title="bbox 197 1124 1784 1204; baseline 0.008 -28"><span class='ocrx_word' id='word_1_69' title='bbox 197 1124 510 1193; x_wconf 80' lang='grc' dir='ltr'>τυπωμένον</span> <span class='ocrx_word' id='word_1_70' title='bbox 540 1126 734 1198; x_wconf 79' lang='grc' dir='ltr'>φέρειν</span> <span class='ocrx_word' id='word_1_71' title='bbox 755 1128 1083 1200; x_wconf 85' lang='grc' dir='ltr'>χαρακτῆρα</span> <span class='ocrx_word' id='word_1_72' title='bbox 1111 1133 1206 1184; x_wconf 72' lang='grc' dir='ltr'>καὶ</span> <span class='ocrx_word' id='word_1_73' title='bbox 1232 1131 1333 1203; x_wconf 86' lang='grc' dir='ltr'><strong>τὴν</strong></span> <span class='ocrx_word' id='word_1_74' title='bbox 1348 1131 1470 1202; x_wconf 85' lang='grc' dir='ltr'>τσην</span> <span class='ocrx_word' id='word_1_75' title='bbox 1493 1131 1664 1204; x_wconf 80' lang='grc' dir='ltr'>ῥοπὴν</span> <span class='ocrx_word' id='word_1_76' title='bbox 1695 1133 1784 1187; x_wconf 76' lang='grc' dir='ltr'>ἕλ-</span> 
     </span>
    </p>
   </div>
   <div class='ocr_carea' id='block_1_13' title="bbox 199 1215 1783 1294">
    <p class='ocr_par' dir='ltr' id='par_1_13' title="bbox 199 1215 1783 1294">
     <span class='ocr_line' id='line_1_13' title="bbox 199 1215 1783 1294; baseline 0.007 -26"><span class='ocrx_word' id='word_1_77' title='bbox 199 1233 303 1268; x_wconf 76' lang='grc' dir='ltr'>κειν</span> <span class='ocrx_word' id='word_1_78' title='bbox 323 1259 338 1276; x_wconf 86' lang='grc'><strong>,</strong></span> <span class='ocrx_word' id='word_1_79' title='bbox 376 1217 426 1268; x_wconf 83' lang='grc' dir='ltr'>εἰ</span> <span class='ocrx_word' id='word_1_80' title='bbox 459 1215 649 1285; x_wconf 83' lang='grc' dir='ltr'>βούλει</span> <span class='ocrx_word' id='word_1_81' title='bbox 681 1219 740 1272; x_wconf 86' lang='grc' dir='ltr'>δὲ</span> <span class='ocrx_word' id='word_1_82' title='bbox 770 1220 864 1272; x_wconf 73' lang='grc' dir='ltr'><strong>καὶ</strong></span> <span class='ocrx_word' id='word_1_83' title='bbox 894 1220 993 1292; x_wconf 81' lang='grc' dir='ltr'>τὴν</span> <span class='ocrx_word' id='word_1_84' title='bbox 1020 1219 1153 1294; x_wconf 78' lang='grc' dir='ltr'>ὓλην</span> <span class='ocrx_word' id='word_1_85' title='bbox 1209 1222 1339 1294; x_wconf 89' lang='grc' dir='ltr'>μίαν</span> <span class='ocrx_word' id='word_1_86' title='bbox 1368 1225 1534 1278; x_wconf 83' lang='grc' dir='ltr'>πᾶσιν</span> <span class='ocrx_word' id='word_1_87' title='bbox 1564 1225 1783 1279; x_wconf 82' lang='grc' dir='ltr'>ὐποκεῖ-</span> 
     </span>
    </p>
   </div>
   <div class='ocr_carea' id='block_1_14' title="bbox 196 1305 1784 1391">
    <p class='ocr_par' dir='ltr' id='par_1_14' title="bbox 196 1305 1784 1391">
     <span class='ocr_line' id='line_1_14' title="bbox 196 1305 1784 1391; baseline 0.01 -35"><span class='ocrx_word' id='word_1_88' title='bbox 196 1305 306 1357; x_wconf 66' lang='lat' dir='ltr'><strong>alia:</strong></span> <span class='ocrx_word' id='word_1_89' title='bbox 329 1306 430 1376; x_wconf 82' lang='grc' dir='ltr'>τῆς</span> <span class='ocrx_word' id='word_1_90' title='bbox 459 1309 712 1377; x_wconf 76' lang='grc' dir='ltr'>ἐμφύτου</span> <span class='ocrx_word' id='word_1_91' title='bbox 727 1310 1068 1381; x_wconf 87' lang='grc' dir='ltr'>ἁγαθότητος</span> <span class='ocrx_word' id='word_1_92' title='bbox 1092 1313 1189 1368; x_wconf 77' lang='grc' dir='ltr'><strong>καὶ</strong></span> <span class='ocrx_word' id='word_1_93' title='bbox 1212 1315 1488 1386; x_wconf 79' lang='grc' dir='ltr'>σωτηρίας</span> <span class='ocrx_word' id='word_1_94' title='bbox 1516 1316 1576 1370; x_wconf 76' lang='grc' dir='ltr'><strong>τὸ</strong></span> <span class='ocrx_word' id='word_1_95' title='bbox 1605 1320 1784 1391; x_wconf 86' lang='grc' dir='ltr'>ἀπαρ-</span> 
     </span>
    </p>
   </div>
   <div class='ocr_carea' id='block_1_15' title="bbox 197 1395 1779 1477">
    <p class='ocr_par' dir='ltr' id='par_1_15' title="bbox 197 1395 1779 1477">
     <span class='ocr_line' id='line_1_15' title="bbox 197 1395 1779 1477; baseline 0.01 -30"><span class='ocrx_word' id='word_1_96' title='bbox 197 1395 455 1448; x_wconf 80' lang='grc' dir='ltr'>άλλακτον</span> <span class='ocrx_word' id='word_1_97' title='bbox 523 1399 798 1452; x_wconf 82' lang='grc' dir='ltr'><strong>πάντοθεν</strong></span> <span class='ocrx_word' id='word_1_98' title='bbox 844 1401 1170 1459; x_wconf 74' lang='grc' dir='ltr'>ἐκδιδάσκει.</span> <span class='ocrx_word' id='word_1_99' title='bbox 1204 1404 1316 1458; x_wconf 72' lang='grc' dir='ltr'><strong>Καὶ</strong></span> <span class='ocrx_word' id='word_1_100' title='bbox 1348 1407 1396 1459; x_wconf 85' lang='grc' dir='ltr'>εἰ</span> <span class='ocrx_word' id='word_1_101' title='bbox 1458 1406 1626 1477; x_wconf 84' lang='grc' dir='ltr'>μηδὲν</span> <span class='ocrx_word' id='word_1_102' title='bbox 1651 1409 1779 1462; x_wconf 87' lang='grc' dir='ltr'>τού-</span> 
     </span>
    </p>
   </div>
   <div class='ocr_carea' id='block_1_16' title="bbox 193 1487 1782 1573">
    <p class='ocr_par' dir='ltr' id='par_1_16' title="bbox 193 1487 1782 1573">
     <span class='ocr_line' id='line_1_16' title="bbox 193 1487 1782 1573; baseline 0.01 -34"><span class='ocrx_word' id='word_1_103' title='bbox 193 1504 287 1539; x_wconf 84' lang='grc' dir='ltr'><strong>των</strong></span> <span class='ocrx_word' id='word_1_104' title='bbox 309 1487 683 1560; x_wconf 83' lang='grc' dir='ltr'>παρείληπτο,</span> <span class='ocrx_word' id='word_1_105' title='bbox 704 1492 843 1546; x_wconf 81' lang='grc' dir='ltr'>ἀλλὰ</span> <span class='ocrx_word' id='word_1_106' title='bbox 869 1494 928 1546; x_wconf 89' lang='grc' dir='ltr'>τό</span> <span class='ocrx_word' id='word_1_107' title='bbox 947 1510 1010 1561; x_wconf 85' lang='grc' dir='ltr'><strong>γε</strong></span> <span class='ocrx_word' id='word_1_108' title='bbox 1035 1494 1138 1548; x_wconf 84' lang='grc' dir='ltr'>ὑπὸ</span> <span class='ocrx_word' id='word_1_109' title='bbox 1159 1496 1258 1566; x_wconf 81' lang='grc' dir='ltr'><strong>τὴν</strong></span> <span class='ocrx_word' id='word_1_110' title='bbox 1285 1497 1457 1568; x_wconf 79' lang='grc' dir='ltr'>αὐτὴν</span> <span class='ocrx_word' id='word_1_111' title='bbox 1481 1500 1782 1573; x_wconf 80' lang='grc' dir='ltr'>κυριότητα</span> 
     </span>
    </p>
   </div>
   <div class='ocr_carea' id='block_1_17' title="bbox 193 1580 1782 1666">
    <p class='ocr_par' dir='ltr' id='par_1_17' title="bbox 193 1580 1782 1666">
     <span class='ocr_line' id='line_1_17' title="bbox 193 1580 1782 1666; baseline 0.012 -36"><span class='ocrx_word' id='word_1_112' title='bbox 193 1580 366 1632; x_wconf 78' lang='grc' dir='ltr'>πᾶσαν</span> <span class='ocrx_word' id='word_1_113' title='bbox 393 1580 578 1635; x_wconf 78' lang='grc' dir='ltr'>τελεῖν</span> <span class='ocrx_word' id='word_1_114' title='bbox 599 1583 662 1636; x_wconf 75' lang='grc' dir='ltr'><strong>τὸ</strong></span> <span class='ocrx_word' id='word_1_115' title='bbox 681 1584 781 1654; x_wconf 82' lang='grc' dir='ltr'>τῆς</span> <span class='ocrx_word' id='word_1_116' title='bbox 798 1583 1048 1650; x_wconf 74' lang='grc' dir='ltr'>ἐξουσίας</span> <span class='ocrx_word' id='word_1_117' title='bbox 1077 1587 1323 1659; x_wconf 82' lang='grc' dir='ltr'>ἄτμητον</span> <span class='ocrx_word' id='word_1_118' title='bbox 1351 1592 1446 1645; x_wconf 80' lang='grc' dir='ltr'><strong>καὶ</strong></span> <span class='ocrx_word' id='word_1_119' title='bbox 1476 1592 1782 1666; x_wconf 81' lang='grc' dir='ltr'>ἀδιαίρετον</span> 
     </span>
    </p>
   </div>
   <div class='ocr_carea' id='block_1_18' title="bbox 194 1671 1782 1758">
    <p class='ocr_par' dir='ltr' id='par_1_18' title="bbox 194 1671 1782 1758">
     <span class='ocr_line' id='line_1_18' title="bbox 194 1671 1782 1758; baseline 0.01 -34"><span class='ocrx_word' id='word_1_120' title='bbox 194 1671 584 1742; x_wconf 81' lang='grc' dir='ltr'>ἀνακηρύττει.</span> <span class='ocrx_word' id='word_1_121' title='bbox 621 1676 718 1727; x_wconf 75' lang='grc' dir='ltr'>καὶ</span> <span class='ocrx_word' id='word_1_122' title='bbox 758 1676 819 1742; x_wconf 79' lang='grc' dir='ltr'>ἐξ</span> <span class='ocrx_word' id='word_1_123' title='bbox 861 1671 937 1730; x_wconf 85' lang='grc' dir='ltr'>ὧν</span> <span class='ocrx_word' id='word_1_124' title='bbox 986 1678 1256 1743; x_wconf 76' lang='grc' dir='ltr'>ἐσώζοντο</span> <span class='ocrx_word' id='word_1_125' title='bbox 1312 1684 1508 1749; x_wconf 84' lang='grc' dir='ltr'>πᾶσαι,</span> <span class='ocrx_word' id='word_1_126' title='bbox 1555 1687 1638 1739; x_wconf 82' lang='grc' dir='ltr'><strong>ὅτι</strong></span> <span class='ocrx_word' id='word_1_127' title='bbox 1685 1688 1782 1758; x_wconf 83' lang='grc' dir='ltr'>τῆς</span> 
     </span>
    </p>
   </div>
   <div class='ocr_carea' id='block_1_19' title="bbox 194 1763 1780 1850">
    <p class='ocr_par' dir='ltr' id='par_1_19' title="bbox 194 1763 1780 1850">
     <span class='ocr_line' id='line_1_19' title="bbox 194 1763 1780 1850; baseline 0.012 -35"><span class='ocrx_word' id='word_1_128' title='bbox 194 1763 536 1833; x_wconf 73' lang='grc' dir='ltr'>ἀγαθουργοῦ</span> <span class='ocrx_word' id='word_1_129' title='bbox 571 1767 673 1836; x_wconf 87' lang='grc' dir='ltr'><strong>μὲν</strong></span> <span class='ocrx_word' id='word_1_130' title='bbox 728 1767 1009 1840; x_wconf 76' lang='grc' dir='ltr'>δυνάμεως</span> <span class='ocrx_word' id='word_1_131' title='bbox 1054 1773 1352 1844; x_wconf 80' lang='grc' dir='ltr'>ἐτύγχανεν</span> <span class='ocrx_word' id='word_1_132' title='bbox 1382 1776 1540 1846; x_wconf 83' lang='grc' dir='ltr'>ἔργα.</span> <span class='ocrx_word' id='word_1_133' title='bbox 1577 1779 1668 1850; x_wconf 87' lang='grc' dir='ltr'>Τῷ</span> <span class='ocrx_word' id='word_1_134' title='bbox 1722 1781 1780 1834; x_wconf 88' lang='grc' dir='ltr'>δὲ</span> 
     </span>
    </p>
   </div>
   <div class='ocr_carea' id='block_1_20' title="bbox 193 1839 1862 1942">
    <p class='ocr_par' dir='ltr' id='par_1_20' title="bbox 193 1839 1862 1942">
     <span class='ocr_line' id='line_1_20' title="bbox 193 1839 1862 1942; baseline 0.014 -38"><span class='ocrx_word' id='word_1_135' title='bbox 193 1853 282 1920; x_wconf 77' lang='grc' dir='ltr'>τῆς</span> <span class='ocrx_word' id='word_1_136' title='bbox 311 1854 801 1928; x_wconf 77' lang='grc' dir='ltr'>αὑτεξουσιότητος</span> <span class='ocrx_word' id='word_1_137' title='bbox 827 1839 1096 1932; x_wconf 75' lang='grc' dir='ltr'>ἀξιώματι</span> <span class='ocrx_word' id='word_1_138' title='bbox 1123 1839 1174 1917; x_wconf 72' lang='lat' dir='ltr'><strong>oi</strong></span> <span class='ocrx_word' id='word_1_139' title='bbox 1191 1839 1316 1935; x_wconf 53' lang='lat' dir='ltr'><strong>&quot;pév</strong></span> <span class='ocrx_word' id='word_1_140' title='bbox 1338 1839 1427 1937; x_wconf 59' lang='lat' dir='ltr'><strong>sep;</strong></span> <span class='ocrx_word' id='word_1_141' title='bbox 1459 1839 1581 1941; x_wconf 42' lang='grc' dir='ltr'>’ἦτε</span> <span class='ocrx_word' id='word_1_142' title='bbox 1639 1839 1780 1942; x_wconf 69' lang='grc' dir='ltr'>προ-</span> <span class='ocrx_word' id='word_1_143' title='bbox 1807 1839 1862 1899; x_wconf 79' lang='grc' dir='ltr'><strong>Β</strong></span> 
     </span>
    </p>
   </div>
   <div class='ocr_carea' id='block_1_21' title="bbox 197 1942 1782 2030">
    <p class='ocr_par' dir='ltr' id='par_1_21' title="bbox 197 1942 1782 2030">
     <span class='ocr_line' id='line_1_21' title="bbox 197 1942 1782 2030; baseline 0.016 -36"><span class='ocrx_word' id='word_1_144' title='bbox 197 1942 442 2014; x_wconf 80' lang='grc' dir='ltr'>ήχθησαν</span> <span class='ocrx_word' id='word_1_145' title='bbox 491 1945 796 2019; x_wconf 79' lang='grc' dir='ltr'>ἀγαθότητι</span> <span class='ocrx_word' id='word_1_146' title='bbox 826 1951 922 2004; x_wconf 70' lang='grc' dir='ltr'><strong>καὶ</strong></span> <span class='ocrx_word' id='word_1_147' title='bbox 971 1955 1217 2027; x_wconf 81' lang='grc' dir='ltr'>σωτηρίᾳ</span> <span class='ocrx_word' id='word_1_148' title='bbox 1276 1957 1554 2030; x_wconf 76' lang='grc' dir='ltr'>διέμειναν</span> <span class='ocrx_word' id='word_1_149' title='bbox 1581 1979 1595 1994; x_wconf 90' lang='grc'><strong>·</strong></span> <span class='ocrx_word' id='word_1_150' title='bbox 1631 1964 1660 2016; x_wconf 88' lang='grc' dir='ltr'>ὁ</span> <span class='ocrx_word' id='word_1_151' title='bbox 1721 1965 1782 2020; x_wconf 77' lang='grc' dir='ltr'>δὲ</span> 
     </span>
    </p>
   </div>
   <div class='ocr_carea' id='block_1_22' title="bbox 197 2037 1782 2119">
    <p class='ocr_par' dir='ltr' id='par_1_22' title="bbox 197 2037 1782 2119">
     <span class='ocr_line' id='line_1_22' title="bbox 197 2037 1782 2119; baseline 0.015 -32"><span class='ocrx_word' id='word_1_152' title='bbox 197 2037 593 2107; x_wconf 73' lang='grc' dir='ltr'>παρακινηθεὶς</span> <span class='ocrx_word' id='word_1_153' title='bbox 632 2041 842 2095; x_wconf 76' lang='grc' dir='ltr'>ἐκεῖθεν</span> <span class='ocrx_word' id='word_1_154' title='bbox 862 2043 1134 2117; x_wconf 78' lang='grc' dir='ltr'>ἐξετράπη</span> <span class='ocrx_word' id='word_1_155' title='bbox 1176 2048 1314 2119; x_wconf 86' lang='grc' dir='ltr'>πρὸς</span> <span class='ocrx_word' id='word_1_156' title='bbox 1345 2051 1640 2108; x_wconf 81' lang='grc' dir='ltr'>ἀπώλειαν.</span> <span class='ocrx_word' id='word_1_157' title='bbox 1671 2056 1782 2110; x_wconf 74' lang='grc' dir='ltr'>Καὶ</span> 
     </span>
    </p>
   </div>
   <div class='ocr_carea' id='block_1_23' title="bbox 197 2131 1778 2218">
    <p class='ocr_par' dir='ltr' id='par_1_23' title="bbox 197 2131 1778 2218">
     <span class='ocr_line' id='line_1_23' title="bbox 197 2131 1778 2218; baseline 0.014 -39"><span class='ocrx_word' id='word_1_158' title='bbox 197 2131 375 2196; x_wconf 80' lang='grc' dir='ltr'>γέγονε</span> <span class='ocrx_word' id='word_1_159' title='bbox 407 2131 472 2183; x_wconf 82' lang='grc' dir='ltr'>τὸ</span> <span class='ocrx_word' id='word_1_160' title='bbox 521 2131 629 2202; x_wconf 79' lang='grc' dir='ltr'>τῆς</span> <span class='ocrx_word' id='word_1_161' title='bbox 683 2134 909 2206; x_wconf 84' lang='grc' dir='ltr'>γνώμης</span> <span class='ocrx_word' id='word_1_162' title='bbox 947 2138 1360 2208; x_wconf 83' lang='grc' dir='ltr'>αύτοδὲσποτον,</span> <span class='ocrx_word' id='word_1_163' title='bbox 1403 2143 1602 2218; x_wconf 84' lang='grc' dir='ltr'>ὥσπερ</span> <span class='ocrx_word' id='word_1_164' title='bbox 1641 2151 1778 2216; x_wconf 85' lang='grc' dir='ltr'>τοῖς,</span> 
     </span>
    </p>
   </div>
   <div class='ocr_carea' id='block_1_24' title="bbox 202 2219 1781 2307">
    <p class='ocr_par' dir='ltr' id='par_1_24' title="bbox 202 2219 1781 2307">
     <span class='ocr_line' id='line_1_24' title="bbox 202 2219 1781 2307; baseline 0.015 -37"><span class='ocrx_word' id='word_1_165' title='bbox 202 2219 298 2272; x_wconf 88' lang='grc' dir='ltr'><strong>καθ</strong></span> <span class='ocrx_word' id='word_1_166' title='bbox 336 2221 397 2272; x_wconf 86' lang='grc' dir='ltr'><strong>δν</strong></span> <span class='ocrx_word' id='word_1_167' title='bbox 435 2222 552 2274; x_wconf 79' lang='grc' dir='ltr'>ἔδει</span> <span class='ocrx_word' id='word_1_168' title='bbox 576 2225 806 2295; x_wconf 81' lang='grc' dir='ltr'>τρόπον,</span> <span class='ocrx_word' id='word_1_169' title='bbox 831 2229 1201 2300; x_wconf 79' lang='grc' dir='ltr'>χρησαμένοις</span> <span class='ocrx_word' id='word_1_170' title='bbox 1228 2234 1401 2306; x_wconf 80' lang='grc' dir='ltr'>αὐτῷ,</span> <span class='ocrx_word' id='word_1_171' title='bbox 1423 2237 1520 2307; x_wconf 82' lang='grc' dir='ltr'><strong>τῆς</strong></span> <span class='ocrx_word' id='word_1_172' title='bbox 1543 2255 1602 2291; x_wconf 87' lang='grc' dir='ltr'><strong>τε</strong></span> <span class='ocrx_word' id='word_1_173' title='bbox 1627 2239 1781 2294; x_wconf 76' lang='grc' dir='ltr'>ἐνού-</span> 
     </span>
    </p>
   </div>
   <div class='ocr_carea' id='block_1_25' title="bbox 203 2315 1782 2402">
    <p class='ocr_par' dir='ltr' id='par_1_25' title="bbox 203 2315 1782 2402">
     <span class='ocr_line' id='line_1_25' title="bbox 203 2315 1782 2402; baseline 0.015 -39"><span class='ocrx_word' id='word_1_174' title='bbox 203 2328 296 2380; x_wconf 74' lang='grc' dir='ltr'><strong>σης</strong></span> <span class='ocrx_word' id='word_1_175' title='bbox 336 2315 622 2384; x_wconf 73' lang='grc' dir='ltr'>σωτηρίας</span> <span class='ocrx_word' id='word_1_176' title='bbox 679 2318 774 2372; x_wconf 77' lang='grc' dir='ltr'>καὶ</span> <span class='ocrx_word' id='word_1_177' title='bbox 834 2320 1176 2392; x_wconf 82' lang='grc' dir='ltr'>ἀγαθότητος</span> <span class='ocrx_word' id='word_1_178' title='bbox 1235 2327 1627 2402; x_wconf 81' lang='grc' dir='ltr'>φυλακτήριον,</span> <span class='ocrx_word' id='word_1_179' title='bbox 1685 2333 1782 2386; x_wconf 80' lang='grc' dir='ltr'><strong>καὶ</strong></span> 
     </span>
    </p>
   </div>
   <div class='ocr_carea' id='block_1_26' title="bbox 198 2403 1784 2493">
    <p class='ocr_par' dir='ltr' id='par_1_26' title="bbox 198 2403 1784 2493">
     <span class='ocr_line' id='line_1_26' title="bbox 198 2403 1784 2493; baseline 0.017 -40"><span class='ocrx_word' id='word_1_180' title='bbox 198 2403 473 2476; x_wconf 76' lang='grc' dir='ltr'>προσθήκη</span> <span class='ocrx_word' id='word_1_181' title='bbox 516 2406 770 2476; x_wconf 80' lang='grc' dir='ltr'>μείζονος</span> <span class='ocrx_word' id='word_1_182' title='bbox 831 2411 1167 2482; x_wconf 85' lang='grc' dir='ltr'>τελείοτητος</span> <span class='ocrx_word' id='word_1_183' title='bbox 1219 2418 1314 2486; x_wconf 85' lang='grc' dir='ltr'><strong>(Τὸ</strong></span> <span class='ocrx_word' id='word_1_184' title='bbox 1340 2419 1448 2490; x_wconf 84' lang='grc' dir='ltr'>γὰρ</span> <span class='ocrx_word' id='word_1_185' title='bbox 1479 2423 1649 2493; x_wconf 74' lang='grc' dir='ltr'>χωρὶς</span> <span class='ocrx_word' id='word_1_186' title='bbox 1674 2424 1784 2480; x_wconf 86' lang='grc' dir='ltr'>τῶν</span> 
     </span>
    </p>
   </div>
   <div class='ocr_carea' id='block_1_27' title="bbox 199 2494 1782 2582">
    <p class='ocr_par' dir='ltr' id='par_1_27' title="bbox 199 2494 1782 2582">
     <span class='ocr_line' id='line_1_27' title="bbox 199 2494 1782 2582; baseline 0.015 -36"><span class='ocrx_word' id='word_1_187' title='bbox 199 2494 440 2564; x_wconf 72' lang='grc' dir='ltr'>πράξεων</span> <span class='ocrx_word' id='word_1_188' title='bbox 469 2495 916 2570; x_wconf 76' lang='grc' dir='ltr'>Θαυμαζόμενον,</span> <span class='ocrx_word' id='word_1_189' title='bbox 937 2503 1031 2556; x_wconf 76' lang='grc' dir='ltr'>καὶ</span> <span class='ocrx_word' id='word_1_190' title='bbox 1057 2504 1158 2576; x_wconf 80' lang='grc' dir='ltr'><strong>τὴν</strong></span> <span class='ocrx_word' id='word_1_191' title='bbox 1188 2507 1297 2561; x_wconf 77' lang='grc' dir='ltr'><strong>ἀπὸ</strong></span> <span class='ocrx_word' id='word_1_192' title='bbox 1326 2509 1437 2564; x_wconf 75' lang='grc' dir='ltr'>τῶν</span> <span class='ocrx_word' id='word_1_193' title='bbox 1477 2511 1656 2582; x_wconf 74' lang='grc' dir='ltr'>ἔργων</span> <span class='ocrx_word' id='word_1_194' title='bbox 1696 2514 1782 2569; x_wconf 82' lang='grc' dir='ltr'><strong>δό-</strong></span> 
     </span>
    </p>
   </div>
   <div class='ocr_carea' id='block_1_28' title="bbox 201 2584 1782 2675">
    <p class='ocr_par' dir='ltr' id='par_1_28' title="bbox 201 2584 1782 2675">
     <span class='ocr_line' id='line_1_28' title="bbox 201 2584 1782 2675; baseline 0.014 -38"><span class='ocrx_word' id='word_1_195' title='bbox 201 2584 288 2649; x_wconf 85' lang='grc' dir='ltr'>ξαν</span> <span class='ocrx_word' id='word_1_196' title='bbox 317 2587 655 2655; x_wconf 81' lang='grc' dir='ltr'>προσλαϐὸν,</span> <span class='ocrx_word' id='word_1_197' title='bbox 689 2590 826 2644; x_wconf 78' lang='grc' dir='ltr'>πολὺ</span> <span class='ocrx_word' id='word_1_198' title='bbox 858 2591 1309 2668; x_wconf 79' lang='grc' dir='ltr'>θαυμασιώτερόν</span> <span class='ocrx_word' id='word_1_199' title='bbox 1352 2617 1410 2652; x_wconf 90' lang='grc' dir='ltr'><strong>τε</strong></span> <span class='ocrx_word' id='word_1_200' title='bbox 1452 2602 1547 2656; x_wconf 76' lang='grc' dir='ltr'>καὶ</span> <span class='ocrx_word' id='word_1_201' title='bbox 1582 2604 1782 2675; x_wconf 89' lang='grc' dir='ltr'>τιμιώ-</span> 
     </span>
    </p>
   </div>
   <div class='ocr_carea' id='block_1_29' title="bbox 202 2677 1784 2767">
    <p class='ocr_par' dir='ltr' id='par_1_29' title="bbox 202 2677 1784 2767">
     <span class='ocr_line' id='line_1_29' title="bbox 202 2677 1784 2767; baseline 0.015 -39"><span class='ocrx_word' id='word_1_202' title='bbox 202 2679 390 2746; x_wconf 89' lang='grc' dir='ltr'>τερον),</span> <span class='ocrx_word' id='word_1_203' title='bbox 432 2677 585 2732; x_wconf 78' lang='grc' dir='ltr'>οὕτω</span> <span class='ocrx_word' id='word_1_204' title='bbox 615 2683 728 2745; x_wconf 85' lang='grc' dir='ltr'>τοῖς</span> <span class='ocrx_word' id='word_1_205' title='bbox 777 2689 1299 2758; x_wconf 85' lang='grc' dir='ltr'>παραχρησαμένοις</span> <span class='ocrx_word' id='word_1_206' title='bbox 1347 2691 1423 2762; x_wconf 83' lang='grc' dir='ltr'>τῷ</span> <span class='ocrx_word' id='word_1_207' title='bbox 1483 2677 1784 2767; x_wconf 78' lang='grc' dir='ltr'>χαρίσματι</span> 
     </span>
    </p>
   </div>
   <div class='ocr_carea' id='block_1_30' title="bbox 200 2767 1785 2859">
    <p class='ocr_par' dir='ltr' id='par_1_30' title="bbox 200 2767 1785 2859">
     <span class='ocr_line' id='line_1_30' title="bbox 200 2767 1785 2859; baseline 0.015 -40"><span class='ocrx_word' id='word_1_208' title='bbox 200 2769 275 2832; x_wconf 73' lang='grc' dir='ltr'>εἰς</span> <span class='ocrx_word' id='word_1_209' title='bbox 294 2767 581 2824; x_wconf 82' lang='grc' dir='ltr'>ἀπώλειάν</span> <span class='ocrx_word' id='word_1_210' title='bbox 610 2789 671 2824; x_wconf 84' lang='grc' dir='ltr'><strong>τε</strong></span> <span class='ocrx_word' id='word_1_211' title='bbox 697 2778 1028 2830; x_wconf 86' lang='grc' dir='ltr'>καταπεσεῖν</span> <span class='ocrx_word' id='word_1_212' title='bbox 1053 2794 1067 2808; x_wconf 82' lang='lat'>&#39;</span> <span class='ocrx_word' id='word_1_213' title='bbox 1099 2779 1196 2849; x_wconf 83' lang='grc' dir='ltr'>τῆς</span> <span class='ocrx_word' id='word_1_214' title='bbox 1224 2781 1499 2851; x_wconf 80' lang='grc' dir='ltr'>ὁμοφυοῦς</span> <span class='ocrx_word' id='word_1_215' title='bbox 1523 2786 1785 2859; x_wconf 79' lang='grc' dir='ltr'>καλλονῆς</span> 
     </span>
    </p>
   </div>
   <div class='ocr_carea' id='block_1_31' title="bbox 197 2861 1784 2942">
    <p class='ocr_par' dir='ltr' id='par_1_31' title="bbox 197 2861 1784 2942">
     <span class='ocr_line' id='line_1_31' title="bbox 197 2861 1784 2942; baseline 0.015 -32"><span class='ocrx_word' id='word_1_216' title='bbox 197 2861 559 2932; x_wconf 79' lang='grc' dir='ltr'>προελήλυθε,</span> <span class='ocrx_word' id='word_1_217' title='bbox 591 2864 691 2916; x_wconf 81' lang='grc' dir='ltr'><strong>καὶ</strong></span> <span class='ocrx_word' id='word_1_218' title='bbox 724 2865 826 2935; x_wconf 76' lang='grc' dir='ltr'>τὴν</span> <span class='ocrx_word' id='word_1_219' title='bbox 850 2867 943 2920; x_wconf 72' lang='grc' dir='ltr'>ἐπὶ</span> <span class='ocrx_word' id='word_1_220' title='bbox 969 2869 1040 2922; x_wconf 77' lang='grc' dir='ltr'>τὰ</span> <span class='ocrx_word' id='word_1_221' title='bbox 1068 2870 1236 2942; x_wconf 86' lang='grc' dir='ltr'>χείρω</span> <span class='ocrx_word' id='word_1_222' title='bbox 1265 2872 1448 2930; x_wconf 85' lang='grc' dir='ltr'>λαϐεῖν</span> <span class='ocrx_word' id='word_1_223' title='bbox 1495 2876 1784 2934; x_wconf 81' lang='grc' dir='ltr'>ἀλλοίωσιν</span> 
     </span>
    </p>
   </div>
   <div class='ocr_carea' id='block_1_32' title="bbox 195 2955 1787 3045">
    <p class='ocr_par' dir='ltr' id='par_1_32' title="bbox 195 2955 1787 3045">
     <span class='ocr_line' id='line_1_32' title="bbox 195 2955 1787 3045; baseline 0.014 -38"><span class='ocrx_word' id='word_1_224' title='bbox 195 2955 296 3009; x_wconf 76' lang='grc' dir='ltr'>τῶν</span> <span class='ocrx_word' id='word_1_225' title='bbox 316 2958 658 3026; x_wconf 79' lang='grc' dir='ltr'>κρειττόνων</span> <span class='ocrx_word' id='word_1_226' title='bbox 685 2959 1073 3032; x_wconf 80' lang='grc' dir='ltr'>ἀλλαξάμενοι,</span> <span class='ocrx_word' id='word_1_227' title='bbox 1105 2966 1154 3018; x_wconf 78' lang='grc' dir='ltr'>εἰ</span> <span class='ocrx_word' id='word_1_228' title='bbox 1187 2965 1264 3038; x_wconf 89' lang='grc' dir='ltr'><strong>μή</strong></span> <span class='ocrx_word' id='word_1_229' title='bbox 1297 2985 1382 3032; x_wconf 89' lang='grc' dir='ltr'><strong>τις</strong></span> <span class='ocrx_word' id='word_1_230' title='bbox 1411 2970 1513 3042; x_wconf 84' lang='grc' dir='ltr'>τῆς</span> <span class='ocrx_word' id='word_1_231' title='bbox 1533 2973 1630 3028; x_wconf 76' lang='grc' dir='ltr'><strong>ἐπὶ</strong></span> <span class='ocrx_word' id='word_1_232' title='bbox 1657 2975 1787 3045; x_wconf 80' lang='grc' dir='ltr'>φθό-</span> 
     </span>
    </p>
   </div>
   <div class='ocr_carea' id='block_1_33' title="bbox 196 3048 1786 3137">
    <p class='ocr_par' dir='ltr' id='par_1_33' title="bbox 196 3048 1786 3137">
     <span class='ocr_line' id='line_1_33' title="bbox 196 3048 1786 3137; baseline 0.015 -38"><span class='ocrx_word' id='word_1_233' title='bbox 196 3065 286 3118; x_wconf 85' lang='grc' dir='ltr'><strong>ρον</strong></span> <span class='ocrx_word' id='word_1_234' title='bbox 306 3048 556 3121; x_wconf 79' lang='grc' dir='ltr'>ἀγούσης</span> <span class='ocrx_word' id='word_1_235' title='bbox 605 3051 907 3124; x_wconf 79' lang='grc' dir='ltr'>μεταϐολῆς</span> <span class='ocrx_word' id='word_1_236' title='bbox 943 3057 1083 3124; x_wconf 80' lang='grc' dir='ltr'>μετὰ</span> <span class='ocrx_word' id='word_1_237' title='bbox 1129 3061 1333 3132; x_wconf 81' lang='grc' dir='ltr'>πολλῆς</span> <span class='ocrx_word' id='word_1_238' title='bbox 1362 3065 1599 3137; x_wconf 83' lang='grc' dir='ltr'>σπουδῆς</span> <span class='ocrx_word' id='word_1_239' title='bbox 1653 3069 1786 3123; x_wconf 84' lang='grc' dir='ltr'>ἁνα-</span> 
     </span>
    </p>
   </div>
   <div class='ocr_carea' id='block_1_34' title="bbox 197 3141 1860 3243">
    <p class='ocr_par' dir='ltr' id='par_1_34' title="bbox 197 3141 1860 3243">
     <span class='ocr_line' id='line_1_34' title="bbox 197 3141 1860 3243; baseline 0.014 -51"><span class='ocrx_word' id='word_1_240' title='bbox 197 3141 409 3206; x_wconf 85' lang='grc' dir='ltr'>σώσειε,</span> <span class='ocrx_word' id='word_1_241' title='bbox 443 3143 832 3214; x_wconf 81' lang='grc' dir='ltr'>προδεδώκασι</span> <span class='ocrx_word' id='word_1_242' title='bbox 879 3147 987 3219; x_wconf 71' lang='grc' dir='ltr'>τὴνε</span> <span class='ocrx_word' id='word_1_243' title='bbox 1021 3150 1184 3219; x_wconf 84' lang='grc' dir='ltr'>φύσιν</span> <span class='ocrx_word' id='word_1_244' title='bbox 1216 3158 1649 3215; x_wconf 86' lang='grc' dir='ltr'>καταπεπῶσθαι</span> <span class='ocrx_word' id='word_1_245' title='bbox 1702 3161 1780 3235; x_wconf 84' lang='grc' dir='ltr'><strong>τῷ</strong></span> <span class='ocrx_word' id='word_1_246' title='bbox 1812 3177 1860 3243; x_wconf 79' lang='lat' dir='ltr'>c</span> 
     </span>
    </p>
   </div>
   <div class='ocr_carea' id='block_1_35' title="bbox 194 3236 634 3306">
    <p class='ocr_par' dir='ltr' id='par_1_35' title="bbox 194 3236 634 3306">
     <span class='ocr_line' id='line_1_35' title="bbox 194 3236 634 3306; baseline 0.025 -23"><span class='ocrx_word' id='word_1_247' title='bbox 194 3236 634 3306; x_wconf 80' lang='grc' dir='ltr'>παραπτώματι.</span> 
     </span>
    </p>
   </div>
   <div class='ocr_carea' id='block_1_36' title="bbox 262 3329 1783 3416">
    <p class='ocr_par' dir='ltr' id='par_1_36' title="bbox 262 3329 1783 3416">
     <span class='ocr_line' id='line_1_36' title="bbox 262 3329 1783 3416; baseline 0.015 -35"><span class='ocrx_word' id='word_1_248' title='bbox 262 3329 395 3384; x_wconf 85' lang='grc' dir='ltr'><strong>ΚΘ’.</strong></span> <span class='ocrx_word' id='word_1_249' title='bbox 431 3333 844 3408; x_wconf 82' lang='grc' dir='ltr'>Ἐπιστράφηθι</span> <span class='ocrx_word' id='word_1_250' title='bbox 875 3340 940 3412; x_wconf 82' lang='grc' dir='ltr'>δὴ</span> <span class='ocrx_word' id='word_1_251' title='bbox 969 3343 1066 3397; x_wconf 75' lang='grc' dir='ltr'>καὶ</span> <span class='ocrx_word' id='word_1_252' title='bbox 1089 3345 1227 3416; x_wconf 79' lang='grc' dir='ltr'>πρὸς</span> <span class='ocrx_word' id='word_1_253' title='bbox 1254 3347 1382 3412; x_wconf 83' lang='grc' dir='ltr'>τοὺς</span> <span class='ocrx_word' id='word_1_254' title='bbox 1411 3349 1477 3402; x_wconf 81' lang='grc' dir='ltr'>ὲκ</span> <span class='ocrx_word' id='word_1_255' title='bbox 1498 3348 1594 3402; x_wconf 83' lang='grc' dir='ltr'>τοῦ</span> <span class='ocrx_word' id='word_1_256' title='bbox 1618 3350 1783 3403; x_wconf 83' lang='grc' dir='ltr'>αὐτοῦ</span> 
     </span>
    </p>
   </div>
   <div class='ocr_carea' id='block_1_37' title="bbox 192 3421 1830 3511">
    <p class='ocr_par' dir='ltr' id='par_1_37' title="bbox 192 3421 1830 3511">
     <span class='ocr_line' id='line_1_37' title="bbox 192 3421 1830 3511; baseline 0.017 -43"><span class='ocrx_word' id='word_1_257' title='bbox 192 3421 398 3490; x_wconf 62' lang='grc' dir='ltr'>πατρὸς</span> <span class='ocrx_word' id='word_1_258' title='bbox 425 3422 523 3476; x_wconf 82' lang='grc' dir='ltr'><strong>δύο</strong></span> <span class='ocrx_word' id='word_1_259' title='bbox 567 3430 888 3498; x_wconf 81' lang='grc' dir='ltr'>πεφυκότας</span> <span class='ocrx_word' id='word_1_260' title='bbox 947 3436 1163 3504; x_wconf 87' lang='grc' dir='ltr'>παῖδας,</span> <span class='ocrx_word' id='word_1_261' title='bbox 1181 3431 1256 3492; x_wconf 82' lang='grc' dir='ltr'>ὧν</span> <span class='ocrx_word' id='word_1_262' title='bbox 1305 3441 1333 3492; x_wconf 86' lang='grc' dir='ltr'><strong>ὁ</strong></span> <span class='ocrx_word' id='word_1_263' title='bbox 1373 3439 1637 3511; x_wconf 86' lang='grc' dir='ltr'>νεώτερος</span> <span class='ocrx_word' id='word_1_264' title='bbox 1695 3442 1788 3495; x_wconf 86' lang='grc' dir='ltr'><strong>τὸν</strong></span> <span class='ocrx_word' id='word_1_265' title='bbox 1826 3446 1830 3452; x_wconf 90' lang='grc'><em>’</em></span> 
     </span>
    </p>
   </div>
   <div class='ocr_carea' id='block_1_38' title="bbox 188 3516 1787 3605">
    <p class='ocr_par' dir='ltr' id='par_1_38' title="bbox 188 3516 1787 3605">
     <span class='ocr_line' id='line_1_38' title="bbox 188 3516 1787 3605; baseline 0.017 -42"><span class='ocrx_word' id='word_1_266' title='bbox 188 3516 465 3584; x_wconf 79' lang='grc' dir='ltr'>πατρικὸν</span> <span class='ocrx_word' id='word_1_267' title='bbox 491 3519 596 3572; x_wconf 78' lang='grc' dir='ltr'><strong>οὐκ</strong></span> <span class='ocrx_word' id='word_1_268' title='bbox 625 3522 837 3578; x_wconf 77' lang='grc' dir='ltr'>ἐλάττω</span> <span class='ocrx_word' id='word_1_269' title='bbox 865 3527 962 3580; x_wconf 83' lang='grc' dir='ltr'>τοῦ</span> <span class='ocrx_word' id='word_1_270' title='bbox 1012 3530 1392 3603; x_wconf 81' lang='grc' dir='ltr'>πρεσϐυτέρου</span> <span class='ocrx_word' id='word_1_271' title='bbox 1437 3531 1617 3588; x_wconf 85' lang='grc' dir='ltr'>λαϐὼν</span> <span class='ocrx_word' id='word_1_272' title='bbox 1650 3534 1787 3605; x_wconf 84' lang='grc' dir='ltr'><strong>κλῆ·</strong></span> 
     </span>
    </p>
   </div>
   <div class='ocr_carea' id='block_1_39' title="bbox 193 3611 1790 3696">
    <p class='ocr_par' dir='ltr' id='par_1_39' title="bbox 193 3611 1790 3696">
     <span class='ocr_line' id='line_1_39' title="bbox 193 3611 1790 3696; baseline 0.006 -25"><span class='ocrx_word' id='word_1_273' title='bbox 193 3623 306 3675; x_wconf 61' lang='grc' dir='ltr'>ρίαν,</span> <span class='ocrx_word' id='word_1_274' title='bbox 337 3611 421 3672; x_wconf 75' lang='grc' dir='ltr'><strong>εἰς</strong></span> <span class='ocrx_word' id='word_1_275' title='bbox 449 3611 640 3684; x_wconf 80' lang='grc' dir='ltr'>χώραν</span> <span class='ocrx_word' id='word_1_276' title='bbox 677 3616 781 3687; x_wconf 85' lang='grc' dir='ltr'><strong>μὲν</strong></span> <span class='ocrx_word' id='word_1_277' title='bbox 801 3619 987 3674; x_wconf 78' lang='grc' dir='ltr'>ἄπεισι</span> <span class='ocrx_word' id='word_1_278' title='bbox 1021 3623 1261 3693; x_wconf 67' lang='grc' dir='ltr'>μακρὰν,</span> <span class='ocrx_word' id='word_1_279' title='bbox 1280 3625 1375 3677; x_wconf 73' lang='grc' dir='ltr'>καλ.</span> <span class='ocrx_word' id='word_1_280' title='bbox 1392 3622 1490 3694; x_wconf 79' lang='grc' dir='ltr'><strong>τὴν</strong></span> <span class='ocrx_word' id='word_1_281' title='bbox 1519 3624 1790 3696; x_wconf 87' lang='grc' dir='ltr'>τοσαύτην</span> 
     </span>
    </p>
   </div>
   <div class='ocr_carea' id='block_1_40' title="bbox 190 3700 1786 3790">
    <p class='ocr_par' dir='ltr' id='par_1_40' title="bbox 190 3700 1786 3790">
     <span class='ocr_line' id='line_1_40' title="bbox 190 3700 1786 3790; baseline 0.013 -39"><span class='ocrx_word' id='word_1_282' title='bbox 190 3700 384 3754; x_wconf 56' lang='grc' dir='ltr'>αὐτὴν</span> <span class='ocrx_word' id='word_1_283' title='bbox 433 3709 801 3774; x_wconf 80' lang='grc' dir='ltr'>κατασπάσας</span> <span class='ocrx_word' id='word_1_284' title='bbox 834 3711 949 3782; x_wconf 74' lang='grc'><strong>(41)</strong></span> <span class='ocrx_word' id='word_1_285' title='bbox 981 3731 1039 3766; x_wconf 93' lang='grc' dir='ltr'><strong>τε</strong></span> <span class='ocrx_word' id='word_1_286' title='bbox 1068 3715 1162 3767; x_wconf 78' lang='grc' dir='ltr'><strong>καὶ</strong></span> <span class='ocrx_word' id='word_1_287' title='bbox 1197 3716 1702 3788; x_wconf 86' lang='grc' dir='ltr'>κατασπαταλήσας</span> <span class='ocrx_word' id='word_1_288' title='bbox 1721 3721 1786 3790; x_wconf 82' lang='grc' dir='ltr'>τῇ</span> 
     </span>
    </p>
   </div>
   <div class='ocr_carea' id='block_1_41' title="bbox 190 3793 1788 3880">
    <p class='ocr_par' dir='ltr' id='par_1_41' title="bbox 190 3793 1788 3880">
     <span class='ocr_line' id='line_1_41' title="bbox 190 3793 1788 3880; baseline 0.013 -37"><span class='ocrx_word' id='word_1_289' title='bbox 190 3793 501 3866; x_wconf 47' lang='lat' dir='ltr'><strong>damma,</strong></span> <span class='ocrx_word' id='word_1_290' title='bbox 553 3798 641 3851; x_wconf 75' lang='grc' dir='ltr'>ἐπ’</span> <span class='ocrx_word' id='word_1_291' title='bbox 677 3801 862 3871; x_wconf 70' lang='grc' dir='ltr'>ἐνδείᾳ</span> <span class='ocrx_word' id='word_1_292' title='bbox 916 3805 984 3874; x_wconf 79' lang='grc' dir='ltr'>τῇ</span> <span class='ocrx_word' id='word_1_293' title='bbox 1013 3804 1410 3877; x_wconf 84' lang='grc' dir='ltr'>ἀνυπερϐλήτῳ</span> <span class='ocrx_word' id='word_1_294' title='bbox 1439 3807 1633 3879; x_wconf 59' lang='grc' dir='ltr'>χοίρων</span> <span class='ocrx_word' id='word_1_295' title='bbox 1665 3826 1788 3880; x_wconf 77' lang='grc' dir='ltr'>τρο-</span> 
     </span>
    </p>
   </div>
   <div class='ocr_carea' id='block_1_42' title="bbox 190 3883 1786 3972">
    <p class='ocr_par' dir='ltr' id='par_1_42' title="bbox 190 3883 1786 3972">
     <span class='ocr_line' id='line_1_42' title="bbox 190 3883 1786 3972; baseline 0.012 -38"><span class='ocrx_word' id='word_1_296' title='bbox 190 3883 296 3954; x_wconf 52' lang='grc' dir='ltr'><strong>⁹«τὴν</strong></span> <span class='ocrx_word' id='word_1_297' title='bbox 332 3889 714 3958; x_wconf 71' lang='grc' dir='ltr'>προσεφέρετο</span> <span class='ocrx_word' id='word_1_298' title='bbox 760 3892 828 3944; x_wconf 84' lang='grc' dir='ltr'>τὰ</span> <span class='ocrx_word' id='word_1_299' title='bbox 870 3895 1118 3963; x_wconf 74' lang='grc' dir='ltr'>κεράτια.</span> <span class='ocrx_word' id='word_1_300' title='bbox 1156 3895 1252 3959; x_wconf 88' lang='grc' dir='ltr'>Τίς</span> <span class='ocrx_word' id='word_1_301' title='bbox 1283 3897 1344 3949; x_wconf 84' lang='grc' dir='ltr'><strong>οὐ</strong></span> <span class='ocrx_word' id='word_1_302' title='bbox 1396 3901 1464 3969; x_wconf 83' lang='grc' dir='ltr'>τῇ</span> <span class='ocrx_word' id='word_1_303' title='bbox 1508 3900 1687 3972; x_wconf 81' lang='grc' dir='ltr'>πλάνῃ</span> <span class='ocrx_word' id='word_1_304' title='bbox 1717 3903 1786 3972; x_wconf 85' lang='grc' dir='ltr'>τῇ</span> 
     </span>
    </p>
   </div>
   <div class='ocr_carea' id='block_1_43' title="bbox 186 3974 1791 4060">
    <p class='ocr_par' dir='ltr' id='par_1_43' title="bbox 186 3974 1791 4060">
     <span class='ocr_line' id='line_1_43' title="bbox 186 3974 1791 4060; baseline 0.013 -36"><span class='ocrx_word' id='word_1_305' title='bbox 186 3974 436 4046; x_wconf 75' lang='grc' dir='ltr'>τοσαύτῃ</span> <span class='ocrx_word' id='word_1_306' title='bbox 462 3978 751 4044; x_wconf 76' lang='grc' dir='ltr'>παλάξειε</span> <span class='ocrx_word' id='word_1_307' title='bbox 772 3981 1009 4053; x_wconf 77' lang='grc' dir='ltr'>δάκρυον</span> <span class='ocrx_word' id='word_1_308' title='bbox 1035 3987 1146 4056; x_wconf 63' lang='grc'>(42)</span> <span class='ocrx_word' id='word_1_309' title='bbox 1169 4002 1183 4052; x_wconf 88' lang='grc'>;</span> <span class='ocrx_word' id='word_1_310' title='bbox 1235 3987 1292 4040; x_wconf 91' lang='grc' dir='ltr'>Ὁ</span> <span class='ocrx_word' id='word_1_311' title='bbox 1318 3988 1657 4060; x_wconf 83' lang='grc' dir='ltr'>τηλικαύτης</span> <span class='ocrx_word' id='word_1_312' title='bbox 1691 3992 1791 4044; x_wconf 87' lang='grc' dir='ltr'>κύ-</span> 
     </span>
    </p>
   </div>
   <div class='ocr_carea' id='block_1_44' title="bbox 189 4071 1793 4154">
    <p class='ocr_par' dir='ltr' id='par_1_44' title="bbox 189 4071 1793 4154">
     <span class='ocr_line' id='line_1_44' title="bbox 189 4071 1793 4154; baseline 0.014 -38"><span class='ocrx_word' id='word_1_313' title='bbox 189 4082 310 4134; x_wconf 78' lang='grc' dir='ltr'>ριος</span> <span class='ocrx_word' id='word_1_314' title='bbox 373 4071 704 4139; x_wconf 81' lang='grc' dir='ltr'>περιουσίας</span> <span class='ocrx_word' id='word_1_315' title='bbox 734 4115 748 4137; x_wconf 91' lang='grc'><strong>,</strong></span> <span class='ocrx_word' id='word_1_316' title='bbox 807 4077 1135 4146; x_wconf 77' lang='grc' dir='ltr'>μισθαρνίας</span> <span class='ocrx_word' id='word_1_317' title='bbox 1187 4078 1424 4149; x_wconf 78' lang='grc' dir='ltr'>ἔκδοτος,</span> <span class='ocrx_word' id='word_1_318' title='bbox 1459 4083 1550 4136; x_wconf 68' lang='grc' dir='ltr'><strong>καὶ</strong></span> <span class='ocrx_word' id='word_1_319' title='bbox 1593 4085 1793 4154; x_wconf 85' lang='grc' dir='ltr'>χοίρων</span> 
     </span>
    </p>
   </div>
   <div class='ocr_carea' id='block_1_45' title="bbox 183 4159 1794 4242">
    <p class='ocr_par' dir='ltr' id='par_1_45' title="bbox 183 4159 1794 4242">
     <span class='ocr_line' id='line_1_45' title="bbox 183 4159 1794 4242; baseline 0.015 -35"><span class='ocrx_word' id='word_1_320' title='bbox 183 4160 369 4229; x_wconf 64' lang='grc' dir='ltr'>τροφῇ</span> <span class='ocrx_word' id='word_1_321' title='bbox 403 4159 505 4231; x_wconf 80' lang='grc' dir='ltr'>τὴν</span> <span class='ocrx_word' id='word_1_322' title='bbox 546 4163 794 4235; x_wconf 74' lang='grc' dir='ltr'>ἀνάγκην</span> <span class='ocrx_word' id='word_1_323' title='bbox 823 4168 1075 4222; x_wconf 74' lang='grc' dir='ltr'>κλέπτων</span> <span class='ocrx_word' id='word_1_324' title='bbox 1101 4175 1202 4242; x_wconf 76' lang='grc' dir='ltr'>τῆς</span> <span class='ocrx_word' id='word_1_325' title='bbox 1240 4173 1474 4242; x_wconf 86' lang='grc' dir='ltr'>φύσεως,</span> <span class='ocrx_word' id='word_1_326' title='bbox 1509 4171 1630 4230; x_wconf 84' lang='grc' dir='ltr'>εἷτα</span> <span class='ocrx_word' id='word_1_327' title='bbox 1678 4180 1794 4241; x_wconf 83' lang='grc' dir='ltr'>τοῖς</span> 
     </span>
    </p>
   </div>
   <div class='ocr_carea' id='block_1_46' title="bbox 183 4250 1790 4340">
    <p class='ocr_par' dir='ltr' id='par_1_46' title="bbox 183 4250 1790 4340">
     <span class='ocr_line' id='line_1_46' title="bbox 183 4250 1790 4340; baseline 0.014 -40"><span class='ocrx_word' id='word_1_328' title='bbox 183 4250 402 4303; x_wconf 66' lang='grc' dir='ltr'>πάθεσι</span> <span class='ocrx_word' id='word_1_329' title='bbox 445 4252 543 4305; x_wconf 68' lang='grc' dir='ltr'><strong>καὶ</strong></span> <span class='ocrx_word' id='word_1_330' title='bbox 593 4256 670 4326; x_wconf 76' lang='grc' dir='ltr'>τῷ</span> <span class='ocrx_word' id='word_1_331' title='bbox 727 4257 872 4329; x_wconf 84' lang='grc' dir='ltr'>λιμῷ</span> <span class='ocrx_word' id='word_1_332' title='bbox 924 4263 1335 4334; x_wconf 68' lang='grc' dir='ltr'>μεταδιδαχθεὶς</span> <span class='ocrx_word' id='word_1_333' title='bbox 1386 4266 1446 4319; x_wconf 80' lang='grc' dir='ltr'><strong>τὸ</strong></span> <span class='ocrx_word' id='word_1_334' title='bbox 1500 4268 1790 4340; x_wconf 80' lang='grc' dir='ltr'>ὀλίσθημα,</span> 
     </span>
    </p>
   </div>
   <div class='ocr_carea' id='block_1_47' title="bbox 181 4341 1793 4433">
    <p class='ocr_par' dir='ltr' id='par_1_47' title="bbox 181 4341 1793 4433">
     <span class='ocr_line' id='line_1_47' title="bbox 181 4341 1793 4433; baseline 0.016 -42"><span class='ocrx_word' id='word_1_335' title='bbox 181 4341 571 4412; x_wconf 79' lang='grc' dir='ltr'>ἐπανέρχεται</span> <span class='ocrx_word' id='word_1_336' title='bbox 604 4350 741 4418; x_wconf 78' lang='grc' dir='ltr'>πρὸς</span> <span class='ocrx_word' id='word_1_337' title='bbox 764 4350 856 4402; x_wconf 81' lang='grc' dir='ltr'><strong>τὸν</strong></span> <span class='ocrx_word' id='word_1_338' title='bbox 904 4354 1137 4425; x_wconf 82' lang='grc' dir='ltr'>πατέρα,</span> <span class='ocrx_word' id='word_1_339' title='bbox 1177 4357 1272 4409; x_wconf 80' lang='grc' dir='ltr'><strong>καὶ</strong></span> <span class='ocrx_word' id='word_1_340' title='bbox 1303 4361 1629 4430; x_wconf 77' lang='grc' dir='ltr'>συντριμμῷ</span> <span class='ocrx_word' id='word_1_341' title='bbox 1655 4379 1793 4433; x_wconf 86' lang='grc' dir='ltr'>καρ-</span> 
     </span>
    </p>
   </div>
   <div class='ocr_carea' id='block_1_48' title="bbox 178 4433 1791 4526">
    <p class='ocr_par' dir='ltr' id='par_1_48' title="bbox 178 4433 1791 4526">
     <span class='ocr_line' id='line_1_48' title="bbox 178 4433 1791 4526; baseline 0.015 -41"><span class='ocrx_word' id='word_1_342' title='bbox 345 4436 458 4506; x_wconf 80' lang='grc' dir='ltr'>τὴν</span> <span class='ocrx_word' id='word_1_343' title='bbox 500 4442 793 4509; x_wconf 83' lang='grc' dir='ltr'>μετάνοιαν</span> <span class='ocrx_word' id='word_1_344' title='bbox 837 4446 1233 4517; x_wconf 86' lang='grc' dir='ltr'>προχεάμενος,</span> <span class='ocrx_word' id='word_1_345' title='bbox 1264 4449 1309 4502; x_wconf 87' lang='grc' dir='ltr'>ὢ</span> <span class='ocrx_word' id='word_1_346' title='bbox 1359 4451 1460 4521; x_wconf 80' lang='grc' dir='ltr'><strong>τῆς</strong></span> <span class='ocrx_word' id='word_1_347' title='bbox 1515 4456 1644 4526; x_wconf 72' lang='grc' dir='ltr'>περὶ</span> <span class='ocrx_word' id='word_1_348' title='bbox 1689 4457 1791 4526; x_wconf 77' lang='grc' dir='ltr'>ἐμὲ</span> 
     </span>
    </p>
   </div>
   <div class='ocr_carea' id='block_1_49' title="bbox 1885 577 3472 656">
    <p class='ocr_par' dir='ltr' id='par_1_49' title="bbox 1885 577 3472 656">
     <span class='ocr_line' id='line_1_49' title="bbox 1885 577 3472 656; baseline 0.007 -25"><span class='ocrx_word' id='word_1_349' title='bbox 1885 577 1952 632; x_wconf 91' lang='lat' dir='ltr'><strong>de</strong></span> <span class='ocrx_word' id='word_1_350' title='bbox 1977 577 2168 633; x_wconf 86' lang='lat' dir='ltr'><strong>decem</strong></span> <span class='ocrx_word' id='word_1_351' title='bbox 2197 579 2474 634; x_wconf 84' lang='lat' dir='ltr'><strong>drachmis</strong></span> <span class='ocrx_word' id='word_1_352' title='bbox 2497 581 2776 651; x_wconf 85' lang='lat' dir='ltr'><strong>parabola,</strong></span> <span class='ocrx_word' id='word_1_353' title='bbox 2803 597 2870 636; x_wconf 81' lang='lat' dir='ltr'><strong>ex</strong></span> <span class='ocrx_word' id='word_1_354' title='bbox 2901 582 3100 652; x_wconf 88' lang='lat' dir='ltr'><strong>quibus</strong></span> <span class='ocrx_word' id='word_1_355' title='bbox 3122 599 3229 638; x_wconf 92' lang='lat' dir='ltr'><strong>una</strong></span> <span class='ocrx_word' id='word_1_356' title='bbox 3260 589 3472 656; x_wconf 83' lang='lat' dir='ltr'><strong>perdita</strong></span> 
     </span>
    </p>
   </div>
   <div class='ocr_carea' id='block_1_50' title="bbox 1887 670 3474 744">
    <p class='ocr_par' dir='ltr' id='par_1_50' title="bbox 1887 670 3474 744">
     <span class='ocr_line' id='line_1_50' title="bbox 1887 670 3474 744; baseline 0.006 -20"><span class='ocrx_word' id='word_1_357' title='bbox 1887 679 2026 733; x_wconf 90' lang='lat' dir='ltr'><strong>erat,</strong></span> <span class='ocrx_word' id='word_1_358' title='bbox 2079 670 2329 726; x_wconf 86' lang='lat' dir='ltr'><strong>eamdem</strong></span> <span class='ocrx_word' id='word_1_359' title='bbox 2386 672 2506 727; x_wconf 85' lang='lat' dir='ltr'><strong>sine</strong></span> <span class='ocrx_word' id='word_1_360' title='bbox 2554 674 2875 744; x_wconf 74' lang='lat' dir='ltr'><strong>exceptione</strong></span> <span class='ocrx_word' id='word_1_361' title='bbox 2924 675 3253 730; x_wconf 81' lang='lat' dir='ltr'><strong>sententiam</strong></span> <span class='ocrx_word' id='word_1_362' title='bbox 3312 680 3474 735; x_wconf 86' lang='lat' dir='ltr'><strong>nobis</strong></span> 
     </span>
    </p>
   </div>
   <div class='ocr_carea' id='block_1_51' title="bbox 1885 762 3478 829">
    <p class='ocr_par' dir='ltr' id='par_1_51' title="bbox 1885 762 3478 829">
     <span class='ocr_line' id='line_1_51' title="bbox 1885 762 3478 829; baseline 0.006 -13"><span class='ocrx_word' id='word_1_363' title='bbox 1885 763 2233 818; x_wconf 79' lang='lat' dir='ltr'><strong>commendat</strong></span> <span class='ocrx_word' id='word_1_364' title='bbox 2264 762 2331 816; x_wconf 78' lang='grc' dir='ltr'><strong>³ο.</strong></span> <span class='ocrx_word' id='word_1_365' title='bbox 2377 762 2535 829; x_wconf 83' lang='lat' dir='ltr'><strong>Quod</strong></span> <span class='ocrx_word' id='word_1_366' title='bbox 2584 766 2730 819; x_wconf 92' lang='lat' dir='ltr'><strong>enim</strong></span> <span class='ocrx_word' id='word_1_367' title='bbox 2787 765 2978 821; x_wconf 88' lang='lat' dir='ltr'><strong>decem</strong></span> <span class='ocrx_word' id='word_1_368' title='bbox 3037 767 3143 822; x_wconf 69' lang='lat' dir='ltr'><strong>illa:</strong></span> <span class='ocrx_word' id='word_1_369' title='bbox 3197 769 3478 826; x_wconf 63' lang='lat' dir='ltr'><strong>drachma}</strong></span> 
     </span>
    </p>
   </div>
   <div class='ocr_carea' id='block_1_52' title="bbox 1883 854 3472 932">
    <p class='ocr_par' dir='ltr' id='par_1_52' title="bbox 1883 854 3472 932">
     <span class='ocr_line' id='line_1_52' title="bbox 1883 854 3472 932; baseline 0.005 -24"><span class='ocrx_word' id='word_1_370' title='bbox 1883 854 2134 910; x_wconf 87' lang='lat' dir='ltr'><strong>eamdem</strong></span> <span class='ocrx_word' id='word_1_371' title='bbox 2173 855 2278 910; x_wconf 87' lang='lat' dir='ltr'><strong>sibi</strong></span> <span class='ocrx_word' id='word_1_372' title='bbox 2309 864 2492 910; x_wconf 88' lang='lat' dir='ltr'><strong>notam</strong></span> <span class='ocrx_word' id='word_1_373' title='bbox 2525 857 2848 927; x_wconf 85' lang='lat' dir='ltr'><strong>impressam</strong></span> <span class='ocrx_word' id='word_1_374' title='bbox 2875 859 3098 926; x_wconf 87' lang='lat' dir='ltr'><strong>habent,</strong></span> <span class='ocrx_word' id='word_1_375' title='bbox 3135 870 3190 916; x_wconf 92' lang='lat' dir='ltr'><strong>et</strong></span> <span class='ocrx_word' id='word_1_376' title='bbox 3222 861 3472 932; x_wconf 86' lang='lat' dir='ltr'><strong>ejusdem</strong></span> 
     </span>
    </p>
   </div>
   <div class='ocr_carea' id='block_1_53' title="bbox 1883 948 3475 1022">
    <p class='ocr_par' dir='ltr' id='par_1_53' title="bbox 1883 948 3475 1022">
     <span class='ocr_line' id='line_1_53' title="bbox 1883 948 3475 1022; baseline 0.006 -20"><span class='ocrx_word' id='word_1_377' title='bbox 1883 955 2012 1002; x_wconf 91' lang='lat' dir='ltr'><strong>sunt</strong></span> <span class='ocrx_word' id='word_1_378' title='bbox 2042 948 2262 1016; x_wconf 91' lang='lat' dir='ltr'><strong>valoris,</strong></span> <span class='ocrx_word' id='word_1_379' title='bbox 2296 949 2407 1005; x_wconf 91' lang='lat' dir='ltr'><strong>imo</strong></span> <span class='ocrx_word' id='word_1_380' title='bbox 2450 950 2637 1017; x_wconf 89' lang='lat' dir='ltr'><strong>etiam,</strong></span> <span class='ocrx_word' id='word_1_381' title='bbox 2668 951 2712 1007; x_wconf 92' lang='lat' dir='ltr'><strong>si</strong></span> <span class='ocrx_word' id='word_1_382' title='bbox 2749 952 2940 1022; x_wconf 88' lang='lat' dir='ltr'><strong>placet,</strong></span> <span class='ocrx_word' id='word_1_383' title='bbox 2974 970 3041 1009; x_wconf 83' lang='lat' dir='ltr'><strong>ex</strong></span> <span class='ocrx_word' id='word_1_384' title='bbox 3065 955 3258 1010; x_wconf 88' lang='lat' dir='ltr'><strong>eadem</strong></span> <span class='ocrx_word' id='word_1_385' title='bbox 3294 966 3475 1011; x_wconf 89' lang='lat' dir='ltr'><strong>mate-</strong></span> 
     </span>
    </p>
   </div>
   <div class='ocr_carea' id='block_1_54' title="bbox 1885 1036 3473 1118">
    <p class='ocr_par' dir='ltr' id='par_1_54' title="bbox 1885 1036 3473 1118">
     <span class='ocr_line' id='line_1_54' title="bbox 1885 1036 3473 1118; baseline 0.008 -28"><span class='ocrx_word' id='word_1_386' title='bbox 1885 1036 1964 1091; x_wconf 87' lang='lat' dir='ltr'><strong>ria</strong></span> <span class='ocrx_word' id='word_1_387' title='bbox 2013 1048 2143 1093; x_wconf 90' lang='lat' dir='ltr'><strong>sunt</strong></span> <span class='ocrx_word' id='word_1_388' title='bbox 2196 1049 2515 1110; x_wconf 56' lang='lat' dir='ltr'><strong>compactae,</strong></span> <span class='ocrx_word' id='word_1_389' title='bbox 2570 1041 2707 1098; x_wconf 82' lang='lat' dir='ltr'><strong>boni</strong></span> <span class='ocrx_word' id='word_1_390' title='bbox 2755 1043 2904 1098; x_wconf 84' lang='lat' dir='ltr'><strong>insi‘ti</strong></span> <span class='ocrx_word' id='word_1_391' title='bbox 2971 1045 3473 1118; x_wconf 89' lang='lat' dir='ltr'><strong>incolumitatisque</strong></span> 
     </span>
    </p>
   </div>
   <div class='ocr_carea' id='block_1_55' title="bbox 1882 1132 3472 1204">
    <p class='ocr_par' dir='ltr' id='par_1_55' title="bbox 1882 1132 3472 1204">
     <span class='ocr_line' id='line_1_55' title="bbox 1882 1132 3472 1204; baseline 0.007 -21"><span class='ocrx_word' id='word_1_392' title='bbox 1882 1132 2304 1200; x_wconf 88' lang='lat' dir='ltr'><strong>perpetuitatem</strong></span> <span class='ocrx_word' id='word_1_393' title='bbox 2353 1133 2705 1204; x_wconf 86' lang='lat' dir='ltr'><strong>undiquaque</strong></span> <span class='ocrx_word' id='word_1_394' title='bbox 2753 1135 2940 1190; x_wconf 83' lang='lat' dir='ltr'><strong>infert.</strong></span> <span class='ocrx_word' id='word_1_395' title='bbox 2997 1135 3137 1202; x_wconf 87' lang='lat' dir='ltr'><strong>lmo,</strong></span> <span class='ocrx_word' id='word_1_396' title='bbox 3190 1139 3235 1192; x_wconf 91' lang='lat' dir='ltr'><strong>si</strong></span> <span class='ocrx_word' id='word_1_397' title='bbox 3272 1139 3472 1195; x_wconf 86' lang='lat' dir='ltr'><strong>horum</strong></span> 
     </span>
    </p>
   </div>
   <div class='ocr_carea' id='block_1_56' title="bbox 1882 1222 3473 1300">
    <p class='ocr_par' dir='ltr' id='par_1_56' title="bbox 1882 1222 3473 1300">
     <span class='ocr_line' id='line_1_56' title="bbox 1882 1222 3473 1300; baseline 0.006 -24"><span class='ocrx_word' id='word_1_398' title='bbox 1882 1222 2020 1277; x_wconf 83' lang='lat' dir='ltr'><strong>nihil</strong></span> <span class='ocrx_word' id='word_1_399' title='bbox 2073 1224 2200 1278; x_wconf 90' lang='lat' dir='ltr'><strong>inde</strong></span> <span class='ocrx_word' id='word_1_400' title='bbox 2247 1224 2671 1296; x_wconf 86' lang='lat' dir='ltr'><strong>relinqueretur,</strong></span> <span class='ocrx_word' id='word_1_401' title='bbox 2702 1226 2754 1281; x_wconf 88' lang='lat' dir='ltr'><strong>id</strong></span> <span class='ocrx_word' id='word_1_402' title='bbox 2787 1237 2935 1282; x_wconf 88' lang='lat' dir='ltr'><strong>certe</strong></span> <span class='ocrx_word' id='word_1_403' title='bbox 2979 1229 3276 1297; x_wconf 83' lang='lat' dir='ltr'><strong>evincitur,</strong></span> <span class='ocrx_word' id='word_1_404' title='bbox 3324 1231 3473 1300; x_wconf 87' lang='lat' dir='ltr'><strong>quod</strong></span> 
     </span>
    </p>
   </div>
   <div class='ocr_carea' id='block_1_57' title="bbox 1884 1316 3474 1390">
    <p class='ocr_par' dir='ltr' id='par_1_57' title="bbox 1884 1316 3474 1390">
     <span class='ocr_line' id='line_1_57' title="bbox 1884 1316 3474 1390; baseline 0.004 -21"><span class='ocrx_word' id='word_1_405' title='bbox 1884 1316 1987 1370; x_wconf 90' lang='lat' dir='ltr'><strong>sub</strong></span> <span class='ocrx_word' id='word_1_406' title='bbox 2017 1317 2209 1370; x_wconf 87' lang='lat' dir='ltr'><strong>eodem</strong></span> <span class='ocrx_word' id='word_1_407' title='bbox 2247 1317 2472 1374; x_wconf 91' lang='lat' dir='ltr'><strong>Domino</strong></span> <span class='ocrx_word' id='word_1_408' title='bbox 2501 1318 2679 1375; x_wconf 90' lang='lat' dir='ltr'><strong>omnis</strong></span> <span class='ocrx_word' id='word_1_409' title='bbox 2705 1328 2950 1390; x_wconf 77' lang='lat' dir='ltr'><strong>potesms</strong></span> <span class='ocrx_word' id='word_1_410' title='bbox 2982 1321 3216 1377; x_wconf 86' lang='lat' dir='ltr'><strong>indivisa</strong></span> <span class='ocrx_word' id='word_1_411' title='bbox 3243 1331 3299 1377; x_wconf 93' lang='lat' dir='ltr'><strong>et</strong></span> <span class='ocrx_word' id='word_1_412' title='bbox 3330 1323 3474 1377; x_wconf 87' lang='lat' dir='ltr'><strong>indi-</strong></span> 
     </span>
    </p>
   </div>
   <div class='ocr_carea' id='block_1_58' title="bbox 1882 1407 3473 1480">
    <p class='ocr_par' dir='ltr' id='par_1_58' title="bbox 1882 1407 3473 1480">
     <span class='ocr_line' id='line_1_58' title="bbox 1882 1407 3473 1480; baseline 0.006 -21"><span class='ocrx_word' id='word_1_413' title='bbox 1882 1407 2034 1461; x_wconf 89' lang='lat' dir='ltr'><strong>vulsa</strong></span> <span class='ocrx_word' id='word_1_414' title='bbox 2095 1409 2442 1464; x_wconf 87' lang='lat' dir='ltr'><strong>contineatur</strong></span> <span class='ocrx_word' id='word_1_415' title='bbox 2485 1428 2500 1466; x_wconf 88' lang='lat'>:</span> <span class='ocrx_word' id='word_1_416' title='bbox 2542 1411 2801 1480; x_wconf 91' lang='lat' dir='ltr'><strong>quoniam</strong></span> <span class='ocrx_word' id='word_1_417' title='bbox 2855 1426 2987 1467; x_wconf 79' lang='lat' dir='ltr'><strong>vero</strong></span> <span class='ocrx_word' id='word_1_418' title='bbox 3055 1413 3220 1467; x_wconf 91' lang='lat' dir='ltr'><strong>etiam</strong></span> <span class='ocrx_word' id='word_1_419' title='bbox 3279 1430 3473 1470; x_wconf 89' lang='lat' dir='ltr'><strong>omnes</strong></span> 
     </span>
    </p>
   </div>
   <div class='ocr_carea' id='block_1_59' title="bbox 1884 1502 3473 1574">
    <p class='ocr_par' dir='ltr' id='par_1_59' title="bbox 1884 1502 3473 1574">
     <span class='ocr_line' id='line_1_59' title="bbox 1884 1502 3473 1574; baseline 0.004 -21"><span class='ocrx_word' id='word_1_420' title='bbox 1884 1508 2116 1554; x_wconf 63' lang='lat' dir='ltr'><strong>servatae</strong></span> <span class='ocrx_word' id='word_1_421' title='bbox 2161 1508 2310 1567; x_wconf 91' lang='lat' dir='ltr'><strong>sunt,</strong></span> <span class='ocrx_word' id='word_1_422' title='bbox 2361 1502 2412 1557; x_wconf 89' lang='lat' dir='ltr'><strong>id</strong></span> <span class='ocrx_word' id='word_1_423' title='bbox 2465 1503 2668 1559; x_wconf 89' lang='lat' dir='ltr'><strong>indicio</strong></span> <span class='ocrx_word' id='word_1_424' title='bbox 2718 1504 2940 1574; x_wconf 89' lang='lat' dir='ltr'><strong>quidem</strong></span> <span class='ocrx_word' id='word_1_425' title='bbox 2974 1513 3079 1570; x_wconf 92' lang='lat' dir='ltr'><strong>est,</strong></span> <span class='ocrx_word' id='word_1_426' title='bbox 3119 1521 3313 1561; x_wconf 89' lang='lat' dir='ltr'><strong>omnes</strong></span> <span class='ocrx_word' id='word_1_427' title='bbox 3347 1522 3473 1561; x_wconf 86' lang='lat' dir='ltr'><strong>esse</strong></span> 
     </span>
    </p>
   </div>
   <div class='ocr_carea' id='block_1_60' title="bbox 1881 1594 3472 1668">
    <p class='ocr_par' dir='ltr' id='par_1_60' title="bbox 1881 1594 3472 1668">
     <span class='ocr_line' id='line_1_60' title="bbox 1881 1594 3472 1668; baseline 0.006 -22"><span class='ocrx_word' id='word_1_428' title='bbox 1881 1594 2142 1661; x_wconf 73' lang='lat' dir='ltr'><strong>potentia:</strong></span> <span class='ocrx_word' id='word_1_429' title='bbox 2169 1595 2428 1651; x_wconf 74' lang='lat' dir='ltr'><strong>benefica:</strong></span> <span class='ocrx_word' id='word_1_430' title='bbox 2453 1610 2640 1665; x_wconf 86' lang='lat' dir='ltr'><strong>opera.</strong></span> <span class='ocrx_word' id='word_1_431' title='bbox 2674 1596 2740 1652; x_wconf 87' lang='lat' dir='ltr'><strong>Et</strong></span> <span class='ocrx_word' id='word_1_432' title='bbox 2763 1597 3012 1652; x_wconf 89' lang='lat' dir='ltr'><strong>nonnulli</strong></span> <span class='ocrx_word' id='word_1_433' title='bbox 3045 1598 3266 1668; x_wconf 88' lang='lat' dir='ltr'><strong>quidem</strong></span> <span class='ocrx_word' id='word_1_434' title='bbox 3299 1599 3472 1655; x_wconf 87' lang='lat' dir='ltr'><strong>libero</strong></span> 
     </span>
    </p>
   </div>
   <div class='ocr_carea' id='block_1_61' title="bbox 1883 1684 3470 1757">
    <p class='ocr_par' dir='ltr' id='par_1_61' title="bbox 1883 1684 3470 1757">
     <span class='ocr_line' id='line_1_61' title="bbox 1883 1684 3470 1757; baseline 0.003 -18"><span class='ocrx_word' id='word_1_435' title='bbox 1883 1700 1983 1739; x_wconf 90' lang='lat' dir='ltr'><strong>suo</strong></span> <span class='ocrx_word' id='word_1_436' title='bbox 2012 1684 2240 1739; x_wconf 87' lang='lat' dir='ltr'><strong>arbitrio</strong></span> <span class='ocrx_word' id='word_1_437' title='bbox 2281 1695 2430 1741; x_wconf 90' lang='lat' dir='ltr'><strong>recte</strong></span> <span class='ocrx_word' id='word_1_438' title='bbox 2466 1686 2552 1742; x_wconf 89' lang='lat' dir='ltr'><strong>usi</strong></span> <span class='ocrx_word' id='word_1_439' title='bbox 2597 1687 2656 1740; x_wconf 93' lang='lat' dir='ltr'><strong>in</strong></span> <span class='ocrx_word' id='word_1_440' title='bbox 2682 1701 2768 1752; x_wconf 91' lang='lat' dir='ltr'><strong>ea,</strong></span> <span class='ocrx_word' id='word_1_441' title='bbox 2799 1703 2906 1757; x_wconf 86' lang='lat' dir='ltr'><strong>qua</strong></span> <span class='ocrx_word' id='word_1_442' title='bbox 2939 1687 3124 1743; x_wconf 88' lang='lat' dir='ltr'><strong>donati</strong></span> <span class='ocrx_word' id='word_1_443' title='bbox 3158 1697 3334 1752; x_wconf 88' lang='lat' dir='ltr'><strong>erant,</strong></span> <span class='ocrx_word' id='word_1_444' title='bbox 3370 1689 3470 1743; x_wconf 90' lang='lat' dir='ltr'><strong>bo-</strong></span> 
     </span>
    </p>
   </div>
   <div class='ocr_carea' id='block_1_62' title="bbox 1883 1773 3470 1848">
    <p class='ocr_par' dir='ltr' id='par_1_62' title="bbox 1883 1773 3470 1848">
     <span class='ocr_line' id='line_1_62' title="bbox 1883 1773 3470 1848; baseline 0.003 -21"><span class='ocrx_word' id='word_1_445' title='bbox 1883 1773 2058 1828; x_wconf 88' lang='lat' dir='ltr'><strong>nitate</strong></span> <span class='ocrx_word' id='word_1_446' title='bbox 2087 1774 2539 1829; x_wconf 84' lang='lat' dir='ltr'><strong>etincolumitate</strong></span> <span class='ocrx_word' id='word_1_447' title='bbox 2563 1787 2988 1846; x_wconf 89' lang='lat' dir='ltr'><strong>permanserunt</strong></span> <span class='ocrx_word' id='word_1_448' title='bbox 3022 1796 3034 1832; x_wconf 91' lang='lat'><strong>:</strong></span> <span class='ocrx_word' id='word_1_449' title='bbox 3062 1777 3156 1848; x_wconf 92' lang='lat' dir='ltr'><strong>qui</strong></span> <span class='ocrx_word' id='word_1_450' title='bbox 3184 1792 3315 1833; x_wconf 90' lang='lat' dir='ltr'><strong>vero</strong></span> <span class='ocrx_word' id='word_1_451' title='bbox 3339 1777 3470 1832; x_wconf 89' lang='lat' dir='ltr'><strong>inde</strong></span> 
     </span>
    </p>
   </div>
   <div class='ocr_carea' id='block_1_63' title="bbox 1883 1866 3469 1939">
    <p class='ocr_par' dir='ltr' id='par_1_63' title="bbox 1883 1866 3469 1939">
     <span class='ocr_line' id='line_1_63' title="bbox 1883 1866 3469 1939; baseline 0.003 -19"><span class='ocrx_word' id='word_1_452' title='bbox 1883 1874 2102 1921; x_wconf 89' lang='lat' dir='ltr'><strong>amotus</strong></span> <span class='ocrx_word' id='word_1_453' title='bbox 2126 1875 2232 1931; x_wconf 90' lang='lat' dir='ltr'><strong>est,</strong></span> <span class='ocrx_word' id='word_1_454' title='bbox 2263 1866 2318 1920; x_wconf 93' lang='lat' dir='ltr'><strong>in</strong></span> <span class='ocrx_word' id='word_1_455' title='bbox 2347 1867 2645 1937; x_wconf 91' lang='lat' dir='ltr'><strong>perniciem</strong></span> <span class='ocrx_word' id='word_1_456' title='bbox 2667 1883 2726 1924; x_wconf 90' lang='lat' dir='ltr'><strong>se</strong></span> <span class='ocrx_word' id='word_1_457' title='bbox 2759 1868 2874 1939; x_wconf 78' lang='lat' dir='ltr'><strong>ipse</strong></span> <span class='ocrx_word' id='word_1_458' title='bbox 2896 1869 3150 1924; x_wconf 90' lang='lat' dir='ltr'><strong>detrusit.</strong></span> <span class='ocrx_word' id='word_1_459' title='bbox 3179 1867 3248 1922; x_wconf 91' lang='lat' dir='ltr'><strong>Et</strong></span> <span class='ocrx_word' id='word_1_460' title='bbox 3275 1885 3469 1939; x_wconf 87' lang='lat' dir='ltr'><strong>quem-</strong></span> 
     </span>
    </p>
   </div>
   <div class='ocr_carea' id='block_1_64' title="bbox 1882 1959 3471 2032">
    <p class='ocr_par' dir='ltr' id='par_1_64' title="bbox 1882 1959 3471 2032">
     <span class='ocr_line' id='line_1_64' title="bbox 1882 1959 3471 2032; baseline 0.003 -19"><span class='ocrx_word' id='word_1_461' title='bbox 1882 1959 2176 2013; x_wconf 89' lang='lat' dir='ltr'><strong>admodum</strong></span> <span class='ocrx_word' id='word_1_462' title='bbox 2227 1960 2463 2015; x_wconf 89' lang='lat' dir='ltr'><strong>liberum</strong></span> <span class='ocrx_word' id='word_1_463' title='bbox 2513 1960 2836 2025; x_wconf 90' lang='lat' dir='ltr'><strong>arbitrium,</strong></span> <span class='ocrx_word' id='word_1_464' title='bbox 2885 1961 3032 2028; x_wconf 91' lang='lat' dir='ltr'><strong>illis,</strong></span> <span class='ocrx_word' id='word_1_465' title='bbox 3093 1963 3185 2032; x_wconf 93' lang='lat' dir='ltr'><strong>qui</strong></span> <span class='ocrx_word' id='word_1_466' title='bbox 3225 1977 3293 2017; x_wconf 90' lang='lat' dir='ltr'><strong>eo</strong></span> <span class='ocrx_word' id='word_1_467' title='bbox 3321 1971 3471 2017; x_wconf 85' lang='lat' dir='ltr'><strong>recte</strong></span> 
     </span>
    </p>
   </div>
   <div class='ocr_carea' id='block_1_65' title="bbox 1882 2051 3469 2126">
    <p class='ocr_par' dir='ltr' id='par_1_65' title="bbox 1882 2051 3469 2126">
     <span class='ocr_line' id='line_1_65' title="bbox 1882 2051 3469 2126; baseline 0.003 -20"><span class='ocrx_word' id='word_1_468' title='bbox 1882 2051 2200 2115; x_wconf 84' lang='lat' dir='ltr'><strong>utebantur,</strong></span> <span class='ocrx_word' id='word_1_469' title='bbox 2249 2053 2632 2124; x_wconf 89' lang='lat' dir='ltr'><strong>prosperitatis</strong></span> <span class='ocrx_word' id='word_1_470' title='bbox 2664 2053 3037 2124; x_wconf 87' lang='lat' dir='ltr'><strong>bonitatisque</strong></span> <span class='ocrx_word' id='word_1_471' title='bbox 3077 2054 3209 2126; x_wconf 91' lang='lat' dir='ltr'><strong>ipsis</strong></span> <span class='ocrx_word' id='word_1_472' title='bbox 3259 2055 3469 2111; x_wconf 76' lang='lat' dir='ltr'><strong>collata:</strong></span> 
     </span>
    </p>
   </div>
   <div class='ocr_carea' id='block_1_66' title="bbox 1883 2145 3469 2217">
    <p class='ocr_par' dir='ltr' id='par_1_66' title="bbox 1883 2145 3469 2217">
     <span class='ocr_line' id='line_1_66' title="bbox 1883 2145 3469 2217; baseline 0.003 -17"><span class='ocrx_word' id='word_1_473' title='bbox 1883 2145 2354 2201; x_wconf 87' lang='lat' dir='ltr'><strong>conservatorium</strong></span> <span class='ocrx_word' id='word_1_474' title='bbox 2383 2155 2524 2212; x_wconf 87' lang='lat' dir='ltr'><strong>erat,</strong></span> <span class='ocrx_word' id='word_1_475' title='bbox 2559 2155 2616 2201; x_wconf 91' lang='lat' dir='ltr'><strong>et</strong></span> <span class='ocrx_word' id='word_1_476' title='bbox 2638 2147 2862 2217; x_wconf 89' lang='lat' dir='ltr'><strong>majoris</strong></span> <span class='ocrx_word' id='word_1_477' title='bbox 2893 2146 3250 2217; x_wconf 84' lang='lat' dir='ltr'><strong>perfectionis</strong></span> <span class='ocrx_word' id='word_1_478' title='bbox 3281 2163 3469 2204; x_wconf 87' lang='lat' dir='ltr'><strong>acces-</strong></span> 
     </span>
    </p>
   </div>
   <div class='ocr_carea' id='block_1_67' title="bbox 1883 2236 3470 2309">
    <p class='ocr_par' dir='ltr' id='par_1_67' title="bbox 1883 2236 3470 2309">
     <span class='ocr_line' id='line_1_67' title="bbox 1883 2236 3470 2309; baseline 0.003 -19"><span class='ocrx_word' id='word_1_479' title='bbox 1883 2236 1965 2290; x_wconf 91' lang='lat' dir='ltr'><strong>sio</strong></span> <span class='ocrx_word' id='word_1_480' title='bbox 2022 2237 2190 2309; x_wconf 90' lang='lat' dir='ltr'><strong>(quod</strong></span> <span class='ocrx_word' id='word_1_481' title='bbox 2249 2236 2396 2293; x_wconf 91' lang='lat' dir='ltr'><strong>enim</strong></span> <span class='ocrx_word' id='word_1_482' title='bbox 2430 2239 2593 2293; x_wconf 88' lang='lat' dir='ltr'><strong>etiam</strong></span> <span class='ocrx_word' id='word_1_483' title='bbox 2620 2238 2740 2294; x_wconf 88' lang='lat' dir='ltr'><strong>sine</strong></span> <span class='ocrx_word' id='word_1_484' title='bbox 2775 2239 3080 2295; x_wconf 84' lang='lat' dir='ltr'><strong>actionibus</strong></span> <span class='ocrx_word' id='word_1_485' title='bbox 3112 2240 3470 2296; x_wconf 89' lang='lat' dir='ltr'><strong>admirationi</strong></span> 
     </span>
    </p>
   </div>
   <div class='ocr_carea' id='block_1_68' title="bbox 1882 2326 3468 2399">
    <p class='ocr_par' dir='ltr' id='par_1_68' title="bbox 1882 2326 3468 2399">
     <span class='ocr_line' id='line_1_68' title="bbox 1882 2326 3468 2399; baseline 0.002 -19"><span class='ocrx_word' id='word_1_486' title='bbox 1882 2334 1984 2390; x_wconf 86' lang='lat' dir='ltr'><strong>est,</strong></span> <span class='ocrx_word' id='word_1_487' title='bbox 2017 2326 2092 2393; x_wconf 88' lang='lat' dir='ltr'><strong>id,</strong></span> <span class='ocrx_word' id='word_1_488' title='bbox 2123 2327 2213 2382; x_wconf 91' lang='lat' dir='ltr'><strong>ubi</strong></span> <span class='ocrx_word' id='word_1_489' title='bbox 2247 2327 2415 2398; x_wconf 79' lang='lat' dir='ltr'><strong>gloria</strong></span> <span class='ocrx_word' id='word_1_490' title='bbox 2448 2342 2516 2382; x_wconf 84' lang='lat' dir='ltr'><strong>ex</strong></span> <span class='ocrx_word' id='word_1_491' title='bbox 2545 2328 2803 2397; x_wconf 89' lang='lat' dir='ltr'><strong>operibus</strong></span> <span class='ocrx_word' id='word_1_492' title='bbox 2836 2327 3066 2394; x_wconf 89' lang='lat' dir='ltr'><strong>accedit,</strong></span> <span class='ocrx_word' id='word_1_493' title='bbox 3094 2328 3264 2382; x_wconf 92' lang='lat' dir='ltr'><strong>multo</strong></span> <span class='ocrx_word' id='word_1_494' title='bbox 3293 2327 3468 2399; x_wconf 85' lang='lat' dir='ltr'><strong>magis</strong></span> 
     </span>
    </p>
   </div>
   <div class='ocr_carea' id='block_1_69' title="bbox 1882 2415 3469 2489">
    <p class='ocr_par' dir='ltr' id='par_1_69' title="bbox 1882 2415 3469 2489">
     <span class='ocr_line' id='line_1_69' title="bbox 1882 2415 3469 2489; baseline 0 -19"><span class='ocrx_word' id='word_1_495' title='bbox 1882 2416 2145 2472; x_wconf 91' lang='lat' dir='ltr'><strong>miramur</strong></span> <span class='ocrx_word' id='word_1_496' title='bbox 2172 2425 2228 2473; x_wconf 91' lang='lat' dir='ltr'><strong>et</strong></span> <span class='ocrx_word' id='word_1_497' title='bbox 2255 2417 2433 2489; x_wconf 83' lang='lat' dir='ltr'><strong>magni</strong></span> <span class='ocrx_word' id='word_1_498' title='bbox 2473 2415 2723 2486; x_wconf 84' lang='lat' dir='ltr'><strong>facimus)</strong></span> <span class='ocrx_word' id='word_1_499' title='bbox 2761 2434 2774 2470; x_wconf 91' lang='lat'>:</span> <span class='ocrx_word' id='word_1_500' title='bbox 2812 2417 2886 2471; x_wconf 85' lang='lat' dir='ltr'><strong>ita</strong></span> <span class='ocrx_word' id='word_1_501' title='bbox 2916 2416 3022 2472; x_wconf 89' lang='lat' dir='ltr'><strong>illis</strong></span> <span class='ocrx_word' id='word_1_502' title='bbox 3055 2417 3148 2486; x_wconf 88' lang='lat' dir='ltr'><strong>qui</strong></span> <span class='ocrx_word' id='word_1_503' title='bbox 3178 2417 3323 2471; x_wconf 91' lang='lat' dir='ltr'><strong>dono</strong></span> <span class='ocrx_word' id='word_1_504' title='bbox 3359 2415 3469 2471; x_wconf 87' lang='lat' dir='ltr'><strong>hoc</strong></span> 
     </span>
    </p>
   </div>
   <div class='ocr_carea' id='block_1_70' title="bbox 1884 2509 3467 2576">
    <p class='ocr_par' dir='ltr' id='par_1_70' title="bbox 1884 2509 3467 2576">
     <span class='ocr_line' id='line_1_70' title="bbox 1884 2509 3467 2576; baseline -0.001 -11"><span class='ocrx_word' id='word_1_505' title='bbox 1884 2511 2269 2576; x_wconf 87' lang='lat' dir='ltr'><strong>abutebantur,</strong></span> <span class='ocrx_word' id='word_1_506' title='bbox 2323 2510 2538 2566; x_wconf 88' lang='lat' dir='ltr'><strong>occasio</strong></span> <span class='ocrx_word' id='word_1_507' title='bbox 2569 2510 2783 2564; x_wconf 82' lang='lat' dir='ltr'><strong>exstitit</strong></span> <span class='ocrx_word' id='word_1_508' title='bbox 2817 2525 2848 2564; x_wconf 94' lang='lat' dir='ltr'><strong>a</strong></span> <span class='ocrx_word' id='word_1_509' title='bbox 2883 2513 3068 2565; x_wconf 89' lang='lat' dir='ltr'><strong>nativa</strong></span> <span class='ocrx_word' id='word_1_510' title='bbox 3107 2509 3353 2565; x_wconf 87' lang='lat' dir='ltr'><strong>bonitate</strong></span> <span class='ocrx_word' id='word_1_511' title='bbox 3407 2509 3467 2564; x_wconf 86' lang='lat' dir='ltr'><strong>in</strong></span> 
     </span>
    </p>
   </div>
   <div class='ocr_carea' id='block_1_71' title="bbox 1884 2601 3472 2676">
    <p class='ocr_par' dir='ltr' id='par_1_71' title="bbox 1884 2601 3472 2676">
     <span class='ocr_line' id='line_1_71' title="bbox 1884 2601 3472 2676; baseline -0.003 -17"><span class='ocrx_word' id='word_1_512' title='bbox 1884 2603 2180 2676; x_wconf 89' lang='lat' dir='ltr'><strong>perniciem</strong></span> <span class='ocrx_word' id='word_1_513' title='bbox 2210 2603 2507 2667; x_wconf 90' lang='lat' dir='ltr'><strong>incidendi,</strong></span> <span class='ocrx_word' id='word_1_514' title='bbox 2539 2611 2594 2656; x_wconf 89' lang='lat' dir='ltr'><strong>et</strong></span> <span class='ocrx_word' id='word_1_515' title='bbox 2621 2602 2982 2656; x_wconf 87' lang='lat' dir='ltr'><strong>mutationem</strong></span> <span class='ocrx_word' id='word_1_516' title='bbox 3013 2601 3068 2655; x_wconf 93' lang='lat' dir='ltr'><strong>in</strong></span> <span class='ocrx_word' id='word_1_517' title='bbox 3095 2601 3252 2671; x_wconf 84' lang='lat' dir='ltr'><strong>pejus</strong></span> <span class='ocrx_word' id='word_1_518' title='bbox 3276 2601 3472 2656; x_wconf 84' lang='lat' dir='ltr'><strong>admit-</strong></span> 
     </span>
    </p>
   </div>
   <div class='ocr_carea' id='block_1_72' title="bbox 1888 2691 3471 2765">
    <p class='ocr_par' dir='ltr' id='par_1_72' title="bbox 1888 2691 3471 2765">
     <span class='ocr_line' id='line_1_72' title="bbox 1888 2691 3471 2765; baseline -0.004 -14"><span class='ocrx_word' id='word_1_519' title='bbox 1888 2695 2058 2760; x_wconf 90' lang='lat' dir='ltr'><strong>tendi,</strong></span> <span class='ocrx_word' id='word_1_520' title='bbox 2093 2694 2188 2765; x_wconf 90' lang='lat' dir='ltr'><strong>qui</strong></span> <span class='ocrx_word' id='word_1_521' title='bbox 2218 2693 2471 2764; x_wconf 90' lang='lat' dir='ltr'><strong>proinde,</strong></span> <span class='ocrx_word' id='word_1_522' title='bbox 2509 2694 2653 2748; x_wconf 88' lang='lat' dir='ltr'><strong>facta</strong></span> <span class='ocrx_word' id='word_1_523' title='bbox 2685 2693 2788 2748; x_wconf 89' lang='lat' dir='ltr'><strong>hac</strong></span> <span class='ocrx_word' id='word_1_524' title='bbox 2823 2707 2947 2747; x_wconf 92' lang='lat' dir='ltr'><strong>cum</strong></span> <span class='ocrx_word' id='word_1_525' title='bbox 2976 2691 3296 2746; x_wconf 90' lang='lat' dir='ltr'><strong>melioribus</strong></span> <span class='ocrx_word' id='word_1_526' title='bbox 3338 2706 3471 2761; x_wconf 90' lang='lat' dir='ltr'><strong>per-</strong></span> 
     </span>
    </p>
   </div>
   <div class='ocr_carea' id='block_1_73' title="bbox 1886 2785 3495 2858">
    <p class='ocr_par' dir='ltr' id='par_1_73' title="bbox 1886 2785 3495 2858">
     <span class='ocr_line' id='line_1_73' title="bbox 1886 2785 3495 2858; baseline -0.002 -15"><span class='ocrx_word' id='word_1_527' title='bbox 1886 2788 2234 2852; x_wconf 90' lang='lat' dir='ltr'><strong>mutatione,</strong></span> <span class='ocrx_word' id='word_1_528' title='bbox 2295 2787 2404 2842; x_wconf 89' lang='lat' dir='ltr'><strong>nisi</strong></span> <span class='ocrx_word' id='word_1_529' title='bbox 2459 2788 2583 2858; x_wconf 87' lang='lat' dir='ltr'><strong>quis</strong></span> <span class='ocrx_word' id='word_1_530' title='bbox 2634 2802 2700 2843; x_wconf 82' lang='lat' dir='ltr'><strong>ex</strong></span> <span class='ocrx_word' id='word_1_531' title='bbox 2757 2785 3165 2843; x_wconf 89' lang='lat' dir='ltr'><strong>transversione</strong></span> <span class='ocrx_word' id='word_1_532' title='bbox 3221 2787 3361 2851; x_wconf 87' lang='lat' dir='ltr'><strong>hac,</strong></span> <span class='ocrx_word' id='word_1_533' title='bbox 3415 2787 3495 2840; x_wconf 78' lang='lat' dir='ltr'><strong>in‘</strong></span> 
     </span>
    </p>
   </div>
   <div class='ocr_carea' id='block_1_74' title="bbox 1886 2879 3476 2951">
    <p class='ocr_par' dir='ltr' id='par_1_74' title="bbox 1886 2879 3476 2951">
     <span class='ocr_line' id='line_1_74' title="bbox 1886 2879 3476 2951; baseline 0 -14"><span class='ocrx_word' id='word_1_534' title='bbox 1886 2882 2114 2938; x_wconf 88' lang='lat' dir='ltr'><strong>exitium</strong></span> <span class='ocrx_word' id='word_1_535' title='bbox 2162 2881 2418 2946; x_wconf 89' lang='lat' dir='ltr'><strong>ducente,</strong></span> <span class='ocrx_word' id='word_1_536' title='bbox 2471 2896 2597 2936; x_wconf 90' lang='lat' dir='ltr'><strong>cum</strong></span> <span class='ocrx_word' id='word_1_537' title='bbox 2635 2896 2767 2936; x_wconf 88' lang='lat' dir='ltr'><strong>cura</strong></span> <span class='ocrx_word' id='word_1_538' title='bbox 2796 2895 2855 2936; x_wconf 90' lang='lat' dir='ltr'><strong>se</strong></span> <span class='ocrx_word' id='word_1_539' title='bbox 2889 2880 3178 2950; x_wconf 76' lang='lat' dir='ltr'><strong>receperit,</strong></span> <span class='ocrx_word' id='word_1_540' title='bbox 3231 2879 3476 2951; x_wconf 88' lang='lat' dir='ltr'><strong>produnt</strong></span> 
     </span>
    </p>
   </div>
   <div class='ocr_carea' id='block_1_75' title="bbox 1887 2971 3218 3044">
    <p class='ocr_par' dir='ltr' id='par_1_75' title="bbox 1887 2971 3218 3044">
     <span class='ocr_line' id='line_1_75' title="bbox 1887 2971 3218 3044; baseline -0.002 -16"><span class='ocrx_word' id='word_1_541' title='bbox 1887 2981 2138 3030; x_wconf 88' lang='lat' dir='ltr'><strong>naturam</strong></span> <span class='ocrx_word' id='word_1_542' title='bbox 2171 2988 2329 3031; x_wconf 89' lang='lat' dir='ltr'><strong>suam</strong></span> <span class='ocrx_word' id='word_1_543' title='bbox 2355 2973 2514 3044; x_wconf 92' lang='lat' dir='ltr'><strong>lapsu</strong></span> <span class='ocrx_word' id='word_1_544' title='bbox 2544 2972 2651 3030; x_wconf 91' lang='lat' dir='ltr'><strong>isto</strong></span> <span class='ocrx_word' id='word_1_545' title='bbox 2675 2973 2989 3044; x_wconf 89' lang='lat' dir='ltr'><strong>absorptam</strong></span> <span class='ocrx_word' id='word_1_546' title='bbox 3030 2971 3218 3028; x_wconf 85' lang='lat' dir='ltr'><strong>fuisse.</strong></span> 
     </span>
    </p>
   </div>
   <div class='ocr_carea' id='block_1_76' title="bbox 1961 3338 3474 3400">
    <p class='ocr_par' dir='ltr' id='par_1_76' title="bbox 1961 3338 3474 3400">
     <span class='ocr_line' id='line_1_76' title="bbox 1961 3338 3474 3400; baseline -0.005 -1"><span class='ocrx_word' id='word_1_547' title='bbox 1961 3343 2153 3399; x_wconf 80' lang='lat' dir='ltr'><strong>XXIX.</strong></span> <span class='ocrx_word' id='word_1_548' title='bbox 2194 3343 2265 3398; x_wconf 85' lang='lat' dir='ltr'><strong>At</strong></span> <span class='ocrx_word' id='word_1_549' title='bbox 2294 3351 2554 3400; x_wconf 88' lang='lat' dir='ltr'><strong>converte</strong></span> <span class='ocrx_word' id='word_1_550' title='bbox 2589 3349 2641 3398; x_wconf 91' lang='lat' dir='ltr'><strong>te</strong></span> <span class='ocrx_word' id='word_1_551' title='bbox 2672 3357 2823 3397; x_wconf 88' lang='lat' dir='ltr'><strong>nunc</strong></span> <span class='ocrx_word' id='word_1_552' title='bbox 2861 3340 3025 3396; x_wconf 84' lang='lat' dir='ltr'><strong>etiam</strong></span> <span class='ocrx_word' id='word_1_553' title='bbox 3052 3339 3119 3395; x_wconf 87' lang='lat' dir='ltr'><strong>ad</strong></span> <span class='ocrx_word' id='word_1_554' title='bbox 3148 3338 3287 3394; x_wconf 90' lang='lat' dir='ltr'><strong>duos</strong></span> <span class='ocrx_word' id='word_1_555' title='bbox 3333 3338 3474 3393; x_wconf 86' lang='lat' dir='ltr'><strong>ﬁlios</strong></span> 
     </span>
    </p>
   </div>
   <div class='ocr_carea' id='block_1_77' title="bbox 1891 3432 3475 3507">
    <p class='ocr_par' dir='ltr' id='par_1_77' title="bbox 1891 3432 3475 3507">
     <span class='ocr_line' id='line_1_77' title="bbox 1891 3432 3475 3507; baseline -0.006 -13"><span class='ocrx_word' id='word_1_556' title='bbox 1891 3453 1960 3495; x_wconf 78' lang='lat' dir='ltr'><strong>ex</strong></span> <span class='ocrx_word' id='word_1_557' title='bbox 2005 3438 2196 3494; x_wconf 90' lang='lat' dir='ltr'><strong>eodem</strong></span> <span class='ocrx_word' id='word_1_558' title='bbox 2246 3444 2399 3507; x_wconf 90' lang='lat' dir='ltr'><strong>patre</strong></span> <span class='ocrx_word' id='word_1_559' title='bbox 2446 3443 2634 3502; x_wconf 86' lang='lat' dir='ltr'><strong>natos,</strong></span> <span class='ocrx_word' id='word_1_560' title='bbox 2686 3448 2918 3504; x_wconf 90' lang='lat' dir='ltr'><strong>quorum</strong></span> <span class='ocrx_word' id='word_1_561' title='bbox 2955 3441 3090 3488; x_wconf 85' lang='lat' dir='ltr'><strong>natu</strong></span> <span class='ocrx_word' id='word_1_562' title='bbox 3137 3432 3320 3487; x_wconf 91' lang='lat' dir='ltr'><strong>minor</strong></span> <span class='ocrx_word' id='word_1_563' title='bbox 3363 3447 3475 3486; x_wconf 92' lang='lat' dir='ltr'><strong>non</strong></span> 
     </span>
    </p>
   </div>
   <div class='ocr_carea' id='block_1_78' title="bbox 1891 3523 3476 3600">
    <p class='ocr_par' dir='ltr' id='par_1_78' title="bbox 1891 3523 3476 3600">
     <span class='ocr_line' id='line_1_78' title="bbox 1891 3523 3476 3600; baseline -0.005 -14"><span class='ocrx_word' id='word_1_564' title='bbox 1891 3531 2181 3594; x_wconf 90' lang='lat' dir='ltr'><strong>minorem,</strong></span> <span class='ocrx_word' id='word_1_565' title='bbox 2211 3544 2375 3600; x_wconf 86' lang='lat' dir='ltr'><strong>quam</strong></span> <span class='ocrx_word' id='word_1_566' title='bbox 2401 3528 2596 3598; x_wconf 87' lang='lat' dir='ltr'><strong>major,</strong></span> <span class='ocrx_word' id='word_1_567' title='bbox 2617 3535 2820 3582; x_wconf 90' lang='lat' dir='ltr'><strong>sortem</strong></span> <span class='ocrx_word' id='word_1_568' title='bbox 2841 3525 3140 3596; x_wconf 83' lang='lat' dir='ltr'><strong>accipiens,</strong></span> <span class='ocrx_word' id='word_1_569' title='bbox 3173 3525 3229 3579; x_wconf 90' lang='lat' dir='ltr'><strong>in</strong></span> <span class='ocrx_word' id='word_1_570' title='bbox 3253 3523 3476 3580; x_wconf 88' lang='lat' dir='ltr'><strong>dissitas</strong></span> 
     </span>
    </p>
   </div>
   <div class='ocr_carea' id='block_1_79' title="bbox 1891 3615 3478 3693">
    <p class='ocr_par' dir='ltr' id='par_1_79' title="bbox 1891 3615 3478 3693">
     <span class='ocr_line' id='line_1_79' title="bbox 1891 3615 3478 3693; baseline -0.005 -16"><span class='ocrx_word' id='word_1_571' title='bbox 1891 3623 2007 3677; x_wconf 88' lang='lat' dir='ltr'><strong>abit</strong></span> <span class='ocrx_word' id='word_1_572' title='bbox 2055 3622 2327 3693; x_wconf 81' lang='lat' dir='ltr'><strong>regiones,</strong></span> <span class='ocrx_word' id='word_1_573' title='bbox 2377 3628 2667 3688; x_wconf 86' lang='lat' dir='ltr'><strong>tantasque</strong></span> <span class='ocrx_word' id='word_1_574' title='bbox 2734 3617 3020 3672; x_wconf 88' lang='lat' dir='ltr'><strong>facultates</strong></span> <span class='ocrx_word' id='word_1_575' title='bbox 3070 3615 3378 3685; x_wconf 90' lang='lat' dir='ltr'><strong>dilapidans</strong></span> <span class='ocrx_word' id='word_1_576' title='bbox 3421 3623 3478 3670; x_wconf 90' lang='lat' dir='ltr'><strong>et</strong></span> 
     </span>
    </p>
   </div>
   <div class='ocr_carea' id='block_1_80' title="bbox 1894 3705 3474 3784">
    <p class='ocr_par' dir='ltr' id='par_1_80' title="bbox 1894 3705 3474 3784">
     <span class='ocr_line' id='line_1_80' title="bbox 1894 3705 3474 3784; baseline -0.004 -17"><span class='ocrx_word' id='word_1_577' title='bbox 1894 3713 2230 3784; x_wconf 88' lang='lat' dir='ltr'><strong>profundens</strong></span> <span class='ocrx_word' id='word_1_578' title='bbox 2276 3713 2330 3764; x_wconf 93' lang='lat' dir='ltr'><strong>in</strong></span> <span class='ocrx_word' id='word_1_579' title='bbox 2378 3711 2608 3775; x_wconf 90' lang='lat' dir='ltr'><strong>itinere,</strong></span> <span class='ocrx_word' id='word_1_580' title='bbox 2662 3709 2883 3764; x_wconf 88' lang='lat' dir='ltr'><strong>tandem</strong></span> <span class='ocrx_word' id='word_1_581' title='bbox 2942 3707 3124 3776; x_wconf 89' lang='lat' dir='ltr'><strong>inopia</strong></span> <span class='ocrx_word' id='word_1_582' title='bbox 3183 3705 3474 3760; x_wconf 88' lang='lat' dir='ltr'><strong>immodica</strong></span> 
     </span>
    </p>
   </div>
   <div class='ocr_carea' id='block_1_81' title="bbox 1893 3795 3474 3872">
    <p class='ocr_par' dir='ltr' id='par_1_81' title="bbox 1893 3795 3474 3872">
     <span class='ocr_line' id='line_1_81' title="bbox 1893 3795 3474 3872; baseline -0.005 -12"><span class='ocrx_word' id='word_1_583' title='bbox 1893 3807 2180 3869; x_wconf 88' lang='lat' dir='ltr'><strong>adductus,</strong></span> <span class='ocrx_word' id='word_1_584' title='bbox 2213 3802 2440 3872; x_wconf 87' lang='lat' dir='ltr'><strong>siliquis,</strong></span> <span class='ocrx_word' id='word_1_585' title='bbox 2475 3817 2766 3871; x_wconf 90' lang='lat' dir='ltr'><strong>porcorum</strong></span> <span class='ocrx_word' id='word_1_586' title='bbox 2792 3800 2938 3863; x_wconf 91' lang='lat' dir='ltr'><strong>cibo,</strong></span> <span class='ocrx_word' id='word_1_587' title='bbox 2971 3813 3104 3853; x_wconf 93' lang='lat' dir='ltr'><strong>usus</strong></span> <span class='ocrx_word' id='word_1_588' title='bbox 3128 3805 3212 3852; x_wconf 90' lang='lat' dir='ltr'><strong>est</strong></span> <span class='ocrx_word' id='word_1_589' title='bbox 3240 3797 3307 3850; x_wconf 79' lang='grc'><strong>³⁸.</strong></span> <span class='ocrx_word' id='word_1_590' title='bbox 3340 3795 3474 3861; x_wconf 84' lang='lat' dir='ltr'><strong>Quis</strong></span> 
     </span>
    </p>
   </div>
   <div class='ocr_carea' id='block_1_82' title="bbox 1894 3889 3476 3965">
    <p class='ocr_par' dir='ltr' id='par_1_82' title="bbox 1894 3889 3476 3965">
     <span class='ocr_line' id='line_1_82' title="bbox 1894 3889 3476 3965; baseline -0.008 -12"><span class='ocrx_word' id='word_1_591' title='bbox 1894 3916 2003 3954; x_wconf 89' lang='lat' dir='ltr'><strong>non</strong></span> <span class='ocrx_word' id='word_1_592' title='bbox 2035 3913 2277 3952; x_wconf 86' lang='lat' dir='ltr'><strong>errorem</strong></span> <span class='ocrx_word' id='word_1_593' title='bbox 2311 3897 2456 3950; x_wconf 88' lang='lat' dir='ltr'><strong>hunc</strong></span> <span class='ocrx_word' id='word_1_594' title='bbox 2485 3895 2738 3965; x_wconf 88' lang='lat' dir='ltr'><strong>lacrymis</strong></span> <span class='ocrx_word' id='word_1_595' title='bbox 2774 3890 3176 3963; x_wconf 80' lang='lat' dir='ltr'><strong>prosequatur?</strong></span> <span class='ocrx_word' id='word_1_596' title='bbox 3209 3889 3314 3956; x_wconf 85' lang='lat' dir='ltr'><strong>Qui</strong></span> <span class='ocrx_word' id='word_1_597' title='bbox 3351 3899 3476 3943; x_wconf 78' lang='lat' dir='ltr'><strong>tar-</strong></span> 
     </span>
    </p>
   </div>
   <div class='ocr_carea' id='block_1_83' title="bbox 1894 3982 3478 4061">
    <p class='ocr_par' dir='ltr' id='par_1_83' title="bbox 1894 3982 3478 4061">
     <span class='ocr_line' id='line_1_83' title="bbox 1894 3982 3478 4061; baseline -0.007 -14"><span class='ocrx_word' id='word_1_598' title='bbox 1894 4003 2072 4048; x_wconf 87' lang='lat' dir='ltr'><strong>tarum</strong></span> <span class='ocrx_word' id='word_1_599' title='bbox 2116 4005 2283 4061; x_wconf 89' lang='lat' dir='ltr'><strong>opum</strong></span> <span class='ocrx_word' id='word_1_600' title='bbox 2337 3988 2592 4044; x_wconf 88' lang='lat' dir='ltr'><strong>dominus</strong></span> <span class='ocrx_word' id='word_1_601' title='bbox 2641 3994 2793 4048; x_wconf 88' lang='lat' dir='ltr'><strong>erat,</strong></span> <span class='ocrx_word' id='word_1_602' title='bbox 2843 3984 2888 4038; x_wconf 88' lang='lat' dir='ltr'><strong>is</strong></span> <span class='ocrx_word' id='word_1_603' title='bbox 2917 3982 3256 4038; x_wconf 89' lang='lat' dir='ltr'><strong>mercenaria</strong></span> <span class='ocrx_word' id='word_1_604' title='bbox 3308 3996 3478 4052; x_wconf 84' lang='lat' dir='ltr'><strong>opera</strong></span> 
     </span>
    </p>
   </div>
   <div class='ocr_carea' id='block_1_84' title="bbox 1894 4075 3478 4152">
    <p class='ocr_par' dir='ltr' id='par_1_84' title="bbox 1894 4075 3478 4152">
     <span class='ocr_line' id='line_1_84' title="bbox 1894 4075 3478 4152; baseline -0.006 -14"><span class='ocrx_word' id='word_1_605' title='bbox 1894 4084 2134 4149; x_wconf 89' lang='lat' dir='ltr'><strong>functus,</strong></span> <span class='ocrx_word' id='word_1_606' title='bbox 2180 4094 2582 4152; x_wconf 89' lang='lat' dir='ltr'><strong>porcorumque</strong></span> <span class='ocrx_word' id='word_1_607' title='bbox 2633 4092 2816 4133; x_wconf 89' lang='lat' dir='ltr'><strong>escam</strong></span> <span class='ocrx_word' id='word_1_608' title='bbox 2863 4076 2932 4131; x_wconf 88' lang='lat' dir='ltr'><strong>ad</strong></span> <span class='ocrx_word' id='word_1_609' title='bbox 2972 4075 3338 4131; x_wconf 86' lang='lat' dir='ltr'><strong>sublevandas</strong></span> <span class='ocrx_word' id='word_1_610' title='bbox 3377 4091 3478 4129; x_wconf 91' lang='lat' dir='ltr'><strong>na-</strong></span> 
     </span>
    </p>
   </div>
   <div class='ocr_carea' id='block_1_85' title="bbox 1897 4169 3481 4244">
    <p class='ocr_par' dir='ltr' id='par_1_85' title="bbox 1897 4169 3481 4244">
     <span class='ocr_line' id='line_1_85' title="bbox 1897 4169 3481 4244; baseline -0.006 -11"><span class='ocrx_word' id='word_1_611' title='bbox 1897 4187 2031 4233; x_wconf 73' lang='lat' dir='ltr'><strong>tura:</strong></span> <span class='ocrx_word' id='word_1_612' title='bbox 2098 4175 2456 4232; x_wconf 84' lang='lat' dir='ltr'><strong>necessitates</strong></span> <span class='ocrx_word' id='word_1_613' title='bbox 2530 4172 2864 4244; x_wconf 82' lang='lat' dir='ltr'><strong>suffuratus,</strong></span> <span class='ocrx_word' id='word_1_614' title='bbox 2939 4181 3128 4242; x_wconf 89' lang='lat' dir='ltr'><strong>postea</strong></span> <span class='ocrx_word' id='word_1_615' title='bbox 3183 4169 3343 4225; x_wconf 89' lang='lat' dir='ltr'><strong>malis</strong></span> <span class='ocrx_word' id='word_1_616' title='bbox 3396 4170 3481 4224; x_wconf 85' lang='lat' dir='ltr'><strong>his</strong></span> 
     </span>
    </p>
   </div>
   <div class='ocr_carea' id='block_1_86' title="bbox 1895 4260 3477 4338">
    <p class='ocr_par' dir='ltr' id='par_1_86' title="bbox 1895 4260 3477 4338">
     <span class='ocr_line' id='line_1_86' title="bbox 1895 4260 3477 4338; baseline -0.007 -15"><span class='ocrx_word' id='word_1_617' title='bbox 1895 4268 2123 4338; x_wconf 89' lang='lat' dir='ltr'><strong>ipsaque</strong></span> <span class='ocrx_word' id='word_1_618' title='bbox 2145 4266 2287 4320; x_wconf 91' lang='lat' dir='ltr'><strong>fame</strong></span> <span class='ocrx_word' id='word_1_619' title='bbox 2308 4264 2532 4319; x_wconf 88' lang='lat' dir='ltr'><strong>meliora</strong></span> <span class='ocrx_word' id='word_1_620' title='bbox 2558 4263 2804 4326; x_wconf 88' lang='lat' dir='ltr'><strong>edoctus,</strong></span> <span class='ocrx_word' id='word_1_621' title='bbox 2832 4261 3131 4316; x_wconf 85' lang='lat' dir='ltr'><strong>revertitur</strong></span> <span class='ocrx_word' id='word_1_622' title='bbox 3159 4260 3224 4314; x_wconf 88' lang='lat' dir='ltr'><strong>ad</strong></span> <span class='ocrx_word' id='word_1_623' title='bbox 3245 4269 3477 4330; x_wconf 90' lang='lat' dir='ltr'><strong>patrem,</strong></span> 
     </span>
    </p>
   </div>
   <div class='ocr_carea' id='block_1_87' title="bbox 1895 4353 3478 4425">
    <p class='ocr_par' dir='ltr' id='par_1_87' title="bbox 1895 4353 3478 4425">
     <span class='ocr_line' id='line_1_87' title="bbox 1895 4353 3478 4425; baseline -0.005 -11"><span class='ocrx_word' id='word_1_624' title='bbox 1895 4369 1950 4414; x_wconf 89' lang='lat' dir='ltr'><strong>et</strong></span> <span class='ocrx_word' id='word_1_625' title='bbox 1979 4376 2045 4414; x_wconf 84' lang='lat' dir='ltr'><strong>ex</strong></span> <span class='ocrx_word' id='word_1_626' title='bbox 2078 4359 2315 4414; x_wconf 84' lang='lat' dir='ltr'><strong>contrito</strong></span> <span class='ocrx_word' id='word_1_627' title='bbox 2347 4356 2512 4410; x_wconf 90' lang='lat' dir='ltr'><strong>corde</strong></span> <span class='ocrx_word' id='word_1_628' title='bbox 2550 4353 2938 4425; x_wconf 85' lang='lat' dir='ltr'><strong>paenitentiam</strong></span> <span class='ocrx_word' id='word_1_629' title='bbox 3006 4362 3259 4416; x_wconf 88' lang='lat' dir='ltr'><strong>testatus,</strong></span> <span class='ocrx_word' id='word_1_630' title='bbox 3293 4368 3326 4406; x_wconf 91' lang='grc' dir='ltr'><strong>ο</strong></span> <span class='ocrx_word' id='word_1_631' title='bbox 3362 4368 3478 4406; x_wconf 89' lang='lat' dir='ltr'><strong>ma-</strong></span> 
     </span>
    </p>
   </div>
   <div class='ocr_carea' id='block_1_88' title="bbox 1896 4445 3476 4524">
    <p class='ocr_par' dir='ltr' id='par_1_88' title="bbox 1896 4445 3476 4524">
     <span class='ocr_line' id='line_1_88' title="bbox 1896 4445 3476 4524; baseline -0.006 -18"><span class='ocrx_word' id='word_1_632' title='bbox 1896 4467 2058 4524; x_wconf 81' lang='lat' dir='ltr'><strong>gnam</strong></span> <span class='ocrx_word' id='word_1_633' title='bbox 2092 4450 2262 4520; x_wconf 84' lang='lat' dir='ltr'><strong>patris</strong></span> <span class='ocrx_word' id='word_1_634' title='bbox 2284 4458 2340 4502; x_wconf 91' lang='lat' dir='ltr'><strong>et</strong></span> <span class='ocrx_word' id='word_1_635' title='bbox 2375 4447 2579 4502; x_wconf 91' lang='lat' dir='ltr'><strong>domini</strong></span> <span class='ocrx_word' id='word_1_636' title='bbox 2613 4445 3038 4500; x_wconf 80' lang='lat' dir='ltr'><strong>humanitatem!</strong></span> <span class='ocrx_word' id='word_1_637' title='bbox 3073 4445 3287 4513; x_wconf 88' lang='lat' dir='ltr'><strong>majori,</strong></span> <span class='ocrx_word' id='word_1_638' title='bbox 3313 4459 3476 4512; x_wconf 88' lang='lat' dir='ltr'><strong>quam</strong></span> 
     </span>
    </p>
   </div>
   <div class='ocr_carea' id='block_1_89' title="bbox 178 4525 1784 4613">
    <p class='ocr_par' dir='ltr' id='par_1_89' title="bbox 178 4525 1784 4613">
     <span class='ocr_line' id='line_1_89' title="bbox 178 4525 1784 4613; baseline 0.016 -36"><span class='ocrx_word' id='word_1_639' title='bbox 178 4525 408 4595; x_wconf 72' lang='grc' dir='ltr'>πολλῆς</span> <span class='ocrx_word' id='word_1_640' title='bbox 458 4533 557 4582; x_wconf 81' lang='grc' dir='ltr'>τοῦ</span> <span class='ocrx_word' id='word_1_641' title='bbox 597 4533 814 4605; x_wconf 84' lang='grc' dir='ltr'>Πατρὸς</span> <span class='ocrx_word' id='word_1_642' title='bbox 862 4537 958 4590; x_wconf 75' lang='lat' dir='ltr'><strong>ml.</strong></span> <span class='ocrx_word' id='word_1_643' title='bbox 1003 4539 1280 4594; x_wconf 82' lang='grc' dir='ltr'>Δεσπότου</span> <span class='ocrx_word' id='word_1_644' title='bbox 1339 4525 1784 4613; x_wconf 74' lang='grc' dir='ltr'>φιλανθρωπίαςί</span> 
     </span>
    </p>
   </div>
   <div class='ocr_carea' id='block_1_90' title="bbox 1891 4525 3481 4613">
    <p class='ocr_par' dir='ltr' id='par_1_90' title="bbox 1899 4533 3481 4613">
     <span class='ocr_line' id='line_1_90' title="bbox 1899 4533 3481 4613; baseline -0.006 -15"><span class='ocrx_word' id='word_1_645' title='bbox 1899 4545 2186 4613; x_wconf 89' lang='lat' dir='ltr'><strong>impetrata</strong></span> <span class='ocrx_word' id='word_1_646' title='bbox 2217 4539 2377 4594; x_wconf 86' lang='lat' dir='ltr'><strong>venia</strong></span> <span class='ocrx_word' id='word_1_647' title='bbox 2407 4551 2629 4608; x_wconf 84' lang='lat' dir='ltr'><strong>sperare</strong></span> <span class='ocrx_word' id='word_1_648' title='bbox 2653 4536 2899 4606; x_wconf 83' lang='lat' dir='ltr'><strong>jubebat,</strong></span> <span class='ocrx_word' id='word_1_649' title='bbox 2935 4535 3251 4604; x_wconf 88' lang='lat' dir='ltr'><strong>receptione</strong></span> <span class='ocrx_word' id='word_1_650' title='bbox 3281 4533 3481 4605; x_wconf 82' lang='lat' dir='ltr'><strong>dignus</strong></span> 
     </span>
    </p>
   </div>
   <div class='ocr_carea' id='block_1_91' title="bbox 175 4619 1785 4701">
    <p class='ocr_par' dir='ltr' id='par_1_91' title="bbox 175 4619 1785 4701">
     <span class='ocr_line' id='line_1_91' title="bbox 175 4619 1785 4701; baseline 0.016 -32"><span class='ocrx_word' id='word_1_651' title='bbox 175 4619 448 4682; x_wconf 76' lang='grc' dir='ltr'>πλείονες</span> <span class='ocrx_word' id='word_1_652' title='bbox 470 4622 504 4691; x_wconf 84' lang='grc' dir='ltr'>ἢ</span> <span class='ocrx_word' id='word_1_653' title='bbox 546 4625 684 4679; x_wconf 81' lang='grc' dir='ltr'>κατὰ</span> <span class='ocrx_word' id='word_1_654' title='bbox 716 4627 1050 4700; x_wconf 86' lang='grc' dir='ltr'>συγγνώμην</span> <span class='ocrx_word' id='word_1_655' title='bbox 1081 4630 1328 4696; x_wconf 81' lang='grc' dir='ltr'>ἀξιοῦται</span> <span class='ocrx_word' id='word_1_656' title='bbox 1349 4631 1672 4701; x_wconf 83' lang='grc' dir='ltr'>δεξιώσεως.</span> <span class='ocrx_word' id='word_1_657' title='bbox 1727 4639 1785 4694; x_wconf 89' lang='grc' dir='ltr'>Ὀ</span> 
     </span>
    </p>
   </div>
   <div class='ocr_carea' id='block_1_92' title="bbox 175 4713 1790 4801">
    <p class='ocr_par' dir='ltr' id='par_1_92' title="bbox 175 4713 1790 4801">
     <span class='ocr_line' id='line_1_92' title="bbox 175 4713 1790 4801; baseline 0.015 -40"><span class='ocrx_word' id='word_1_658' title='bbox 175 4713 291 4782; x_wconf 70' lang='grc' dir='ltr'><strong>γὰρ</strong></span> <span class='ocrx_word' id='word_1_659' title='bbox 325 4713 530 4783; x_wconf 74' lang='grc' dir='ltr'>πατὴρ</span> <span class='ocrx_word' id='word_1_660' title='bbox 556 4716 646 4768; x_wconf 76' lang='grc' dir='ltr'>τὸν</span> <span class='ocrx_word' id='word_1_661' title='bbox 669 4723 1043 4790; x_wconf 69' lang='grc' dir='ltr'>νεωτερισμὸν</span> <span class='ocrx_word' id='word_1_662' title='bbox 1075 4723 1175 4774; x_wconf 79' lang='grc' dir='ltr'><strong>οὐκ</strong></span> <span class='ocrx_word' id='word_1_663' title='bbox 1210 4723 1485 4792; x_wconf 77' lang='grc' dir='ltr'>ὀνειδίζει,</span> <span class='ocrx_word' id='word_1_664' title='bbox 1516 4728 1637 4782; x_wconf 81' lang='grc' dir='ltr'>οὐδὲ</span> <span class='ocrx_word' id='word_1_665' title='bbox 1689 4731 1790 4801; x_wconf 85' lang='grc' dir='ltr'><strong>τὴν</strong></span> 
     </span>
    </p>
   </div>
   <div class='ocr_carea' id='block_1_93' title="bbox 175 4804 1791 4894">
    <p class='ocr_par' dir='ltr' id='par_1_93' title="bbox 175 4804 1791 4894">
     <span class='ocr_line' id='line_1_93' title="bbox 175 4804 1791 4894; baseline 0.013 -38"><span class='ocrx_word' id='word_1_666' title='bbox 175 4804 414 4874; x_wconf 77' lang='grc' dir='ltr'>πλάνην</span> <span class='ocrx_word' id='word_1_667' title='bbox 457 4809 711 4878; x_wconf 79' lang='grc' dir='ltr'>αἰσχύναι</span> <span class='ocrx_word' id='word_1_668' title='bbox 741 4815 976 4883; x_wconf 79' lang='grc' dir='ltr'>προάγει</span> <span class='ocrx_word' id='word_1_669' title='bbox 1005 4831 1019 4843; x_wconf 73' lang='grc' dir='ltr'><strong>ο</strong></span> <span class='ocrx_word' id='word_1_670' title='bbox 1051 4816 1159 4869; x_wconf 80' lang='grc' dir='ltr'>οὐδ’</span> <span class='ocrx_word' id='word_1_671' title='bbox 1188 4817 1270 4870; x_wconf 78' lang='grc' dir='ltr'>ὅτι</span> <span class='ocrx_word' id='word_1_672' title='bbox 1320 4819 1420 4888; x_wconf 84' lang='grc' dir='ltr'>τῆς</span> <span class='ocrx_word' id='word_1_673' title='bbox 1451 4820 1612 4890; x_wconf 72' lang='grc' dir='ltr'>λιμοῦ</span> <span class='ocrx_word' id='word_1_674' title='bbox 1656 4826 1791 4894; x_wconf 83' lang='grc' dir='ltr'>μᾶλ-</span> 
     </span>
    </p>
   </div>
   <div class='ocr_carea' id='block_1_94' title="bbox 174 4895 1790 4980">
    <p class='ocr_par' dir='ltr' id='par_1_94' title="bbox 174 4895 1790 4980">
     <span class='ocr_line' id='line_1_94' title="bbox 174 4895 1790 4980; baseline 0.015 -32"><span class='ocrx_word' id='word_1_675' title='bbox 174 4895 266 4950; x_wconf 80' lang='grc' dir='ltr'><strong>λον</strong></span> <span class='ocrx_word' id='word_1_676' title='bbox 289 4897 330 4966; x_wconf 83' lang='grc' dir='ltr'><strong>ῆ</strong></span> <span class='ocrx_word' id='word_1_677' title='bbox 357 4897 468 4967; x_wconf 73' lang='grc' dir='ltr'>τῆς</span> <span class='ocrx_word' id='word_1_678' title='bbox 505 4900 732 4971; x_wconf 87' lang='grc' dir='ltr'>γνώμης</span> <span class='ocrx_word' id='word_1_679' title='bbox 763 4905 912 4958; x_wconf 78' lang='grc' dir='ltr'>ἐστὶν</span> <span class='ocrx_word' id='word_1_680' title='bbox 947 4907 980 4977; x_wconf 81' lang='grc' dir='ltr'>ἡ</span> <span class='ocrx_word' id='word_1_681' title='bbox 1015 4907 1345 4980; x_wconf 72' lang='grc' dir='ltr'>ἐπιστροφή.</span> <span class='ocrx_word' id='word_1_682' title='bbox 1372 4911 1538 4964; x_wconf 83' lang='grc' dir='ltr'>Οὐδὲν</span> <span class='ocrx_word' id='word_1_683' title='bbox 1580 4914 1790 4973; x_wconf 85' lang='grc' dir='ltr'>τούτων</span> 
     </span>
    </p>
   </div>
   <div class='ocr_carea' id='block_1_95' title="bbox 244 5033 1177 5106">
    <p class='ocr_par' dir='ltr' id='par_1_95' title="bbox 244 5033 1177 5106">
     <span class='ocr_line' id='line_1_95' title="bbox 244 5033 1177 5106; baseline 0.011 -20"><span class='ocrx_word' id='word_1_684' title='bbox 244 5034 300 5066; x_wconf 82' lang='grc' dir='ltr'><strong>³ο</strong></span> <span class='ocrx_word' id='word_1_685' title='bbox 329 5033 475 5090; x_wconf 86' lang='lat' dir='ltr'><strong>Luc.</strong></span> <span class='ocrx_word' id='word_1_686' title='bbox 495 5051 584 5099; x_wconf 81' lang='lat' dir='ltr'><strong>xv,</strong></span> <span class='ocrx_word' id='word_1_687' title='bbox 605 5035 656 5092; x_wconf 86' lang='lat'><strong>8.</strong></span> <span class='ocrx_word' id='word_1_688' title='bbox 736 5039 777 5069; x_wconf 87' lang='grc'><strong>³¹</strong></span> <span class='ocrx_word' id='word_1_689' title='bbox 815 5038 949 5093; x_wconf 81' lang='lat' dir='ltr'><strong>Luc.</strong></span> <span class='ocrx_word' id='word_1_690' title='bbox 969 5058 1062 5106; x_wconf 85' lang='lat' dir='ltr'><strong>xv,</strong></span> <span class='ocrx_word' id='word_1_691' title='bbox 1089 5042 1177 5097; x_wconf 85' lang='lat' dir='ltr'><strong>ll.</strong></span> 
     </span>
    </p>
   </div>
   <div class='ocr_carea' id='block_1_96' title="bbox 1899 4627 3478 4699">
    <p class='ocr_par' dir='ltr' id='par_1_96' title="bbox 1899 4627 3478 4699">
     <span class='ocr_line' id='line_1_96' title="bbox 1899 4627 3478 4699; baseline -0.008 -9"><span class='ocrx_word' id='word_1_692' title='bbox 1899 4635 2155 4690; x_wconf 85' lang='lat' dir='ltr'><strong>habetur.</strong></span> <span class='ocrx_word' id='word_1_693' title='bbox 2207 4632 2366 4686; x_wconf 87' lang='lat' dir='ltr'><strong>Pater</strong></span> <span class='ocrx_word' id='word_1_694' title='bbox 2418 4629 2569 4684; x_wconf 89' lang='lat' dir='ltr'><strong>enim</strong></span> <span class='ocrx_word' id='word_1_695' title='bbox 2614 4627 2914 4699; x_wconf 87' lang='lat' dir='ltr'><strong>juvenilem</strong></span> <span class='ocrx_word' id='word_1_696' title='bbox 2947 4627 3161 4695; x_wconf 89' lang='lat' dir='ltr'><strong>culpam</strong></span> <span class='ocrx_word' id='word_1_697' title='bbox 3195 4641 3304 4679; x_wconf 94' lang='lat' dir='ltr'><strong>non</strong></span> <span class='ocrx_word' id='word_1_698' title='bbox 3351 4640 3478 4694; x_wconf 90' lang='lat' dir='ltr'><strong>per-</strong></span> 
     </span>
    </p>
   </div>
   <div class='ocr_carea' id='block_1_97' title="bbox 1898 4717 3482 4797">
    <p class='ocr_par' dir='ltr' id='par_1_97' title="bbox 1898 4717 3482 4797">
     <span class='ocr_line' id='line_1_97' title="bbox 1898 4717 3482 4797; baseline -0.008 -14"><span class='ocrx_word' id='word_1_699' title='bbox 1898 4727 2133 4797; x_wconf 82' lang='lat' dir='ltr'><strong>stringit,</strong></span> <span class='ocrx_word' id='word_1_700' title='bbox 2175 4739 2279 4779; x_wconf 91' lang='lat' dir='ltr'><strong>nec</strong></span> <span class='ocrx_word' id='word_1_701' title='bbox 2305 4737 2548 4778; x_wconf 89' lang='lat' dir='ltr'><strong>errorem</strong></span> <span class='ocrx_word' id='word_1_702' title='bbox 2593 4719 2790 4790; x_wconf 89' lang='lat' dir='ltr'><strong>pudori</strong></span> <span class='ocrx_word' id='word_1_703' title='bbox 2837 4717 3079 4788; x_wconf 85' lang='lat' dir='ltr'><strong>exponit,</strong></span> <span class='ocrx_word' id='word_1_704' title='bbox 3117 4732 3298 4786; x_wconf 88' lang='lat' dir='ltr'><strong>neque</strong></span> <span class='ocrx_word' id='word_1_705' title='bbox 3343 4732 3482 4772; x_wconf 86' lang='lat' dir='ltr'><strong>con-</strong></span> 
     </span>
    </p>
   </div>
   <div class='ocr_carea' id='block_1_98' title="bbox 1899 4809 3483 4884">
    <p class='ocr_par' dir='ltr' id='par_1_98' title="bbox 1899 4809 3483 4884">
     <span class='ocr_line' id='line_1_98' title="bbox 1899 4809 3483 4884; baseline -0.008 -7"><span class='ocrx_word' id='word_1_706' title='bbox 1899 4821 2204 4877; x_wconf 89' lang='lat' dir='ltr'><strong>versionem</strong></span> <span class='ocrx_word' id='word_1_707' title='bbox 2244 4817 2392 4872; x_wconf 90' lang='lat' dir='ltr'><strong>illam</strong></span> <span class='ocrx_word' id='word_1_708' title='bbox 2421 4814 2549 4870; x_wconf 82' lang='lat' dir='ltr'><strong>fami</strong></span> <span class='ocrx_word' id='word_1_709' title='bbox 2580 4813 2759 4884; x_wconf 91' lang='lat' dir='ltr'><strong>potius</strong></span> <span class='ocrx_word' id='word_1_710' title='bbox 2788 4826 2950 4879; x_wconf 89' lang='lat' dir='ltr'><strong>quam</strong></span> <span class='ocrx_word' id='word_1_711' title='bbox 2985 4809 3153 4864; x_wconf 86' lang='lat' dir='ltr'><strong>animi</strong></span> <span class='ocrx_word' id='word_1_712' title='bbox 3197 4811 3483 4880; x_wconf 86' lang='lat' dir='ltr'><strong>proposito</strong></span> 
     </span>
    </p>
   </div>
   <div class='ocr_carea' id='block_1_99' title="bbox 1898 4902 3484 4986">
    <p class='ocr_par' dir='ltr' id='par_1_99' title="bbox 1898 4902 3484 4986">
     <span class='ocr_line' id='line_1_99' title="bbox 1898 4902 3484 4986; baseline -0.008 -14"><span class='ocrx_word' id='word_1_713' title='bbox 1898 4924 2178 4986; x_wconf 88' lang='lat' dir='ltr'><strong>acceptam</strong></span> <span class='ocrx_word' id='word_1_714' title='bbox 2251 4909 2399 4965; x_wconf 86' lang='lat' dir='ltr'><strong>fert:</strong></span> <span class='ocrx_word' id='word_1_715' title='bbox 2429 4907 2640 4963; x_wconf 89' lang='lat' dir='ltr'><strong>nullum</strong></span> <span class='ocrx_word' id='word_1_716' title='bbox 2716 4906 2911 4959; x_wconf 87' lang='lat' dir='ltr'><strong>horum</strong></span> <span class='ocrx_word' id='word_1_717' title='bbox 2961 4902 3016 4958; x_wconf 91' lang='lat' dir='ltr'><strong>in</strong></span> <span class='ocrx_word' id='word_1_718' title='bbox 3067 4902 3484 4973; x_wconf 87' lang='lat' dir='ltr'><strong>delinqucntcm</strong></span> 
     </span>
    </p>
   </div>
   <div class='ocr_carea' id='block_1_100' title="bbox 1277 5180 2325 5243">
    <p class='ocr_par' dir='ltr' id='par_1_100' title="bbox 1277 5180 2325 5243">
     <span class='ocr_line' id='line_1_100' title="bbox 1277 5180 2325 5243; baseline 0.007 -9"><span class='ocrx_word' id='word_1_719' title='bbox 1277 5180 1512 5237; x_wconf 75' lang='lat' dir='ltr'><strong>VARUE</strong></span> <span class='ocrx_word' id='word_1_720' title='bbox 1551 5182 1940 5242; x_wconf 85' lang='lat' dir='ltr'><strong>LECTIONES</strong></span> <span class='ocrx_word' id='word_1_721' title='bbox 1972 5185 2062 5243; x_wconf 89' lang='lat' dir='ltr'><strong>ET</strong></span> <span class='ocrx_word' id='word_1_722' title='bbox 2091 5184 2325 5242; x_wconf 65' lang='lat' dir='ltr'><strong>NOTAE.</strong></span> 
     </span>
    </p>
   </div>
   <div class='ocr_carea' id='block_1_101' title="bbox 242 5310 1784 5394">
    <p class='ocr_par' dir='ltr' id='par_1_101' title="bbox 242 5310 1784 5394">
     <span class='ocr_line' id='line_1_101' title="bbox 242 5310 1784 5394; baseline 0.012 -34"><span class='ocrx_word' id='word_1_723' title='bbox 397 5311 820 5394; x_wconf 44' lang='lat' dir='ltr'><strong>Avrdpsgc._De</strong></span> <span class='ocrx_word' id='word_1_724' title='bbox 840 5315 1051 5384; x_wconf 81' lang='lat' dir='ltr'><strong>angelis</strong></span> <span class='ocrx_word' id='word_1_725' title='bbox 1073 5316 1424 5394; x_wconf 63' lang='lat' dir='ltr'><strong>interpretor,</strong></span> <span class='ocrx_word' id='word_1_726' title='bbox 1451 5337 1590 5394; x_wconf 75' lang='lat' dir='ltr'><strong>qups</strong></span> <span class='ocrx_word' id='word_1_727' title='bbox 1609 5322 1663 5376; x_wconf 92' lang='lat' dir='ltr'><strong>in</strong></span> <span class='ocrx_word' id='word_1_728' title='bbox 1685 5340 1784 5394; x_wconf 91' lang='lat' dir='ltr'><strong>ap-</strong></span> 
     </span>
    </p>
   </div>
   <div class='ocr_carea' id='block_1_102' title="bbox 171 5380 1780 5458">
    <p class='ocr_par' dir='ltr' id='par_1_102' title="bbox 171 5380 1780 5458">
     <span class='ocr_line' id='line_1_102' title="bbox 171 5380 1780 5458; baseline 0.007 -23"><span class='ocrx_word' id='word_1_729' title='bbox 171 5380 496 5458; x_wconf 47' lang='lat' dir='ltr'><strong>plicatione</strong></span> <span class='ocrx_word' id='word_1_730' title='bbox 514 5380 788 5458; x_wconf 81' lang='lat' dir='ltr'><strong>parabolae</strong></span> <span class='ocrx_word' id='word_1_731' title='bbox 820 5380 1505 5458; x_wconf 47' lang='lat' dir='ltr'><strong>commemorat-Servatdr</strong></span> <span class='ocrx_word' id='word_1_732' title='bbox 1523 5391 1658 5448; x_wconf 91' lang='lat' dir='ltr'><strong>Luc.</strong></span> <span class='ocrx_word' id='word_1_733' title='bbox 1691 5380 1780 5458; x_wconf 58' lang='lat' dir='ltr'><strong>xv,</strong></span> 
     </span>
    </p>
   </div>
   <div class='ocr_carea' id='block_1_103' title="bbox 172 5451 1787 5530">
    <p class='ocr_par' dir='ltr' id='par_1_103' title="bbox 172 5451 1787 5530">
     <span class='ocr_line' id='line_1_103' title="bbox 172 5451 1787 5530; baseline 0.006 -22"><span class='ocrx_word' id='word_1_734' title='bbox 172 5451 260 5530; x_wconf 64' lang='grc' dir='ltr'><strong>μ).</strong></span> <span class='ocrx_word' id='word_1_735' title='bbox 315 5451 567 5530; x_wconf 53' lang='lat' dir='ltr'><strong>insane</strong></span> <span class='ocrx_word' id='word_1_736' title='bbox 605 5454 912 5530; x_wconf 71' lang='lat' dir='ltr'><strong>scriptores</strong></span> <span class='ocrx_word' id='word_1_737' title='bbox 955 5456 1314 5530; x_wconf 79' lang='lat' dir='ltr'><strong>ecclesiastici</strong></span> <span class='ocrx_word' id='word_1_738' title='bbox 1341 5476 1485 5530; x_wconf 67' lang='lat' dir='ltr'><strong>saepe</strong></span> <span class='ocrx_word' id='word_1_739' title='bbox 1514 5462 1632 5517; x_wconf 78' lang='lat' dir='ltr'><strong>voci</strong></span> <span class='ocrx_word' id='word_1_740' title='bbox 1698 5451 1787 5518; x_wconf 85' lang='lat' dir='ltr'><strong>isti</strong></span> 
     </span>
    </p>
   </div>
   <div class='ocr_carea' id='block_1_104' title="bbox 172 5521 1789 5599">
    <p class='ocr_par' dir='ltr' id='par_1_104' title="bbox 172 5521 1789 5599">
     <span class='ocr_line' id='line_1_104' title="bbox 172 5521 1789 5599; baseline 0.007 -23"><span class='ocrx_word' id='word_1_741' title='bbox 172 5522 336 5599; x_wconf 61' lang='lat' dir='ltr'><strong>bans</strong></span> <span class='ocrx_word' id='word_1_742' title='bbox 371 5521 742 5599; x_wconf 60' lang='lat' dir='ltr'><strong>significatum</strong></span> <span class='ocrx_word' id='word_1_743' title='bbox 772 5525 1092 5599; x_wconf 77' lang='lat' dir='ltr'><strong>subjiciunt.</strong></span> <span class='ocrx_word' id='word_1_744' title='bbox 1109 5521 1551 5599; x_wconf 73' lang='lat' dir='ltr'><strong>Chrysostoinus,</strong></span> <span class='ocrx_word' id='word_1_745' title='bbox 1569 5534 1715 5588; x_wconf 90' lang='lat' dir='ltr'><strong>hom.</strong></span> <span class='ocrx_word' id='word_1_746' title='bbox 1731 5533 1789 5599; x_wconf 84' lang='lat'><strong>6,</strong></span> 
     </span>
    </p>
   </div>
   <div class='ocr_carea' id='block_1_105' title="bbox 173 5591 1788 5671">
    <p class='ocr_par' dir='ltr' id='par_1_105' title="bbox 173 5591 1788 5671">
     <span class='ocr_line' id='line_1_105' title="bbox 173 5591 1788 5671; baseline 0.008 -26"><span class='ocrx_word' id='word_1_747' title='bbox 173 5593 226 5646; x_wconf 90' lang='lat' dir='ltr'><strong>in</strong></span> <span class='ocrx_word' id='word_1_748' title='bbox 286 5591 484 5660; x_wconf 85' lang='lat' dir='ltr'><strong>Epist.</strong></span> <span class='ocrx_word' id='word_1_749' title='bbox 515 5594 582 5671; x_wconf 77' lang='lat' dir='ltr'><strong>ad</strong></span> <span class='ocrx_word' id='word_1_750' title='bbox 640 5591 926 5671; x_wconf 60' lang='lat' dir='ltr'><strong>Hebraeos,</strong></span> <span class='ocrx_word' id='word_1_751' title='bbox 962 5591 1345 5671; x_wconf 51' lang='grc' dir='ltr'>λειτουργᾲὰς</span> <span class='ocrx_word' id='word_1_752' title='bbox 1397 5591 1655 5671; x_wconf 79' lang='grc' dir='ltr'>δυνάμεις</span> <span class='ocrx_word' id='word_1_753' title='bbox 1689 5591 1788 5657; x_wconf 70' lang='grc' dir='ltr'>νοεῖ</span> 
     </span>
    </p>
   </div>
   <div class='ocr_carea' id='block_1_106' title="bbox 175 5663 1790 5740">
    <p class='ocr_par' dir='ltr' id='par_1_106' title="bbox 175 5663 1790 5740">
     <span class='ocr_line' id='line_1_106' title="bbox 175 5663 1790 5740; baseline 0.006 -24"><span class='ocrx_word' id='word_1_754' title='bbox 175 5674 260 5716; x_wconf 82' lang='lat' dir='ltr'><strong>cat</strong></span> <span class='ocrx_word' id='word_1_755' title='bbox 295 5679 312 5716; x_wconf 91' lang='lat'>:</span> <span class='ocrx_word' id='word_1_756' title='bbox 337 5677 505 5730; x_wconf 63' lang='lat' dir='ltr'><strong>&#39;quas</strong></span> <span class='ocrx_word' id='word_1_757' title='bbox 523 5663 845 5740; x_wconf 37' lang='lat' dir='ltr'><strong>.ApostoluAs,</strong></span> <span class='ocrx_word' id='word_1_758' title='bbox 878 5664 1046 5740; x_wconf 56' lang='lat' dir='ltr'><strong>[halm</strong></span> <span class='ocrx_word' id='word_1_759' title='bbox 1072 5684 1108 5740; x_wconf 61' lang='grc' dir='ltr'><strong>ι,</strong></span> <span class='ocrx_word' id='word_1_760' title='bbox 1131 5663 1227 5740; x_wconf 56' lang='lat' dir='ltr'><strong>Pl,</strong></span> <span class='ocrx_word' id='word_1_761' title='bbox 1257 5663 1608 5740; x_wconf 66' lang='grc' dir='ltr'>λειτουργικὰ</span> <span class='ocrx_word' id='word_1_762' title='bbox 1631 5663 1790 5726; x_wconf 80' lang='grc' dir='ltr'>πνεύ-</span> 
     </span>
    </p>
   </div>
   <div class='ocr_carea' id='block_1_107' title="bbox 177 5732 1789 5802">
    <p class='ocr_par' dir='ltr' id='par_1_107' title="bbox 177 5732 1789 5802">
     <span class='ocr_line' id='line_1_107' title="bbox 177 5732 1789 5802; baseline 0.007 -18"><span class='ocrx_word' id='word_1_763' title='bbox 177 5749 336 5800; x_wconf 77' lang='grc' dir='ltr'>ματα.</span> <span class='ocrx_word' id='word_1_764' title='bbox 373 5732 634 5802; x_wconf 76' lang='lat' dir='ltr'><strong>appellat.</strong></span> <span class='ocrx_word' id='word_1_765' title='bbox 659 5734 1086 5790; x_wconf 78' lang='lat' dir='ltr'><strong>ConferSuiccri</strong></span> <span class='ocrx_word' id='word_1_766' title='bbox 1128 5732 1789 5796; x_wconf 65' lang='lat' dir='ltr'><strong>Thcsam&#39;untécclesiasli-</strong></span> 
     </span>
    </p>
   </div>
   <div class='ocr_carea' id='block_1_108' title="bbox 174 5802 1788 5880">
    <p class='ocr_par' dir='ltr' id='par_1_108' title="bbox 174 5802 1788 5880">
     <span class='ocr_line' id='line_1_108' title="bbox 174 5802 1788 5880; baseline 0.009 -26"><span class='ocrx_word' id='word_1_767' title='bbox 174 5817 299 5859; x_wconf 77' lang='lat' dir='ltr'><strong>cum</strong></span> <span class='ocrx_word' id='word_1_768' title='bbox 335 5802 536 5873; x_wconf 80' lang='lat' dir='ltr'><strong>tomJ,</strong></span> <span class='ocrx_word' id='word_1_769' title='bbox 568 5821 625 5876; x_wconf 91' lang='lat' dir='ltr'><strong>p.</strong></span> <span class='ocrx_word' id='word_1_770' title='bbox 657 5806 762 5864; x_wconf 73' lang='lat'><strong>969</strong></span> <span class='ocrx_word' id='word_1_771' title='bbox 786 5824 800 5874; x_wconf 88' lang='lat'><strong>;</strong></span> <span class='ocrx_word' id='word_1_772' title='bbox 828 5816 882 5862; x_wconf 88' lang='lat' dir='ltr'><strong>et</strong></span> <span class='ocrx_word' id='word_1_773' title='bbox 908 5805 1128 5865; x_wconf 89' lang='lat' dir='ltr'><strong>llenric.</strong></span> <span class='ocrx_word' id='word_1_774' title='bbox 1167 5809 1458 5880; x_wconf 76' lang='lat' dir='ltr'><strong>Valcsium,</strong></span> <span class='ocrx_word' id='word_1_775' title='bbox 1504 5814 1572 5868; x_wconf 87' lang='lat' dir='ltr'><strong>ad</strong></span> <span class='ocrx_word' id='word_1_776' title='bbox 1615 5814 1788 5868; x_wconf 80' lang='lat' dir='ltr'><strong>Euse-</strong></span> 
     </span>
    </p>
   </div>
   <div class='ocr_carea' id='block_1_109' title="bbox 1890 5320 3486 5394">
    <p class='ocr_par' dir='ltr' id='par_1_109' title="bbox 1890 5320 3486 5394">
     <span class='ocr_line' id='line_1_109' title="bbox 1890 5320 3486 5394; baseline -0.005 -13"><span class='ocrx_word' id='word_1_777' title='bbox 1890 5327 2066 5390; x_wconf 89' lang='lat' dir='ltr'><strong>bium,</strong></span> <span class='ocrx_word' id='word_1_778' title='bbox 2095 5341 2151 5394; x_wconf 90' lang='lat' dir='ltr'><strong>p.</strong></span> <span class='ocrx_word' id='word_1_779' title='bbox 2185 5324 2292 5378; x_wconf 71' lang='lat'><strong>282</strong></span> <span class='ocrx_word' id='word_1_780' title='bbox 2331 5325 2387 5387; x_wconf 90' lang='lat' dir='ltr'><strong>b,</strong></span> <span class='ocrx_word' id='word_1_781' title='bbox 2425 5323 2525 5394; x_wconf 14' lang='lat' dir='ltr'><strong>ubi!</strong></span> <span class='ocrx_word' id='word_1_782' title='bbox 2557 5321 2798 5378; x_wconf 89' lang='lat' dir='ltr'><strong>ostendit</strong></span> <span class='ocrx_word' id='word_1_783' title='bbox 2850 5321 3073 5377; x_wconf 71' lang='lat' dir='ltr'><strong>Graecos</strong></span> <span class='ocrx_word' id='word_1_784' title='bbox 3107 5320 3176 5374; x_wconf 74' lang='grc' dir='ltr'>τὰ</span> <span class='ocrx_word' id='word_1_785' title='bbox 3231 5323 3486 5392; x_wconf 83' lang='grc' dir='ltr'>δαιμόνια</span> 
     </span>
    </p>
   </div>
   <div class='ocr_carea' id='block_1_110' title="bbox 1891 5392 3270 5468">
    <p class='ocr_par' dir='ltr' id='par_1_110' title="bbox 1891 5392 3270 5468">
     <span class='ocr_line' id='line_1_110' title="bbox 1891 5392 3270 5468; baseline -0.004 -17"><span class='ocrx_word' id='word_1_786' title='bbox 1891 5392 2166 5468; x_wconf 73' lang='lat' dir='ltr'><strong>appellare</strong></span> <span class='ocrx_word' id='word_1_787' title='bbox 2201 5395 2484 5468; x_wconf 78' lang='grc' dir='ltr'>δυνάμεις,</span> <span class='ocrx_word' id='word_1_788' title='bbox 2507 5392 2728 5468; x_wconf 60' lang='lat' dir='ltr'><strong>Latinos</strong></span> <span class='ocrx_word' id='word_1_789' title='bbox 2758 5401 2948 5468; x_wconf 79' lang='lat' dir='ltr'><strong>autem</strong></span> <span class='ocrx_word' id='word_1_790' title='bbox 2966 5401 3270 5468; x_wconf 76' lang='lat' dir='ltr'><strong>potestates.</strong></span> 
     </span>
    </p>
   </div>
   <div class='ocr_carea' id='block_1_111' title="bbox 1975 5462 3485 5535">
    <p class='ocr_par' dir='ltr' id='par_1_111' title="bbox 1975 5462 3485 5535">
     <span class='ocr_line' id='line_1_111' title="bbox 1975 5462 3485 5535; baseline -0.003 -15"><span class='ocrx_word' id='word_1_791' title='bbox 1975 5462 2544 5535; x_wconf 72' lang='grc' dir='ltr'>(41)Κατασπὰσας.</span> <span class='ocrx_word' id='word_1_792' title='bbox 2590 5462 2705 5520; x_wconf 87' lang='lat' dir='ltr'><strong>Hoc</strong></span> <span class='ocrx_word' id='word_1_793' title='bbox 2766 5463 3168 5535; x_wconf 29' lang='lat' dir='ltr'><strong>rescripsinpro</strong></span> <span class='ocrx_word' id='word_1_794' title='bbox 3197 5480 3485 5535; x_wconf 58' lang='grc' dir='ltr'>κατασπατ</span> 
     </span>
    </p>
   </div>
   <div class='ocr_carea' id='block_1_112' title="bbox 1901 5533 3484 5606">
    <p class='ocr_par' dir='ltr' id='par_1_112' title="bbox 1901 5533 3484 5606">
     <span class='ocr_line' id='line_1_112' title="bbox 1901 5533 3484 5606; baseline -0.004 -16"><span class='ocrx_word' id='word_1_795' title='bbox 1901 5533 2104 5606; x_wconf 82' lang='grc' dir='ltr'>σθήσας</span> <span class='ocrx_word' id='word_1_796' title='bbox 2130 5551 2234 5590; x_wconf 89' lang='lat' dir='ltr'><strong>ms.</strong></span> <span class='ocrx_word' id='word_1_797' title='bbox 2268 5534 2437 5606; x_wconf 76' lang='lat' dir='ltr'><strong>Grzcci</strong></span> <span class='ocrx_word' id='word_1_798' title='bbox 2501 5535 2649 5606; x_wconf 83' lang='lat' dir='ltr'><strong>enim</strong></span> <span class='ocrx_word' id='word_1_799' title='bbox 2678 5535 2969 5606; x_wconf 78' lang='grc' dir='ltr'>κατασπᾷν</span> <span class='ocrx_word' id='word_1_800' title='bbox 2999 5533 3206 5606; x_wconf 76' lang='grc' dir='ltr'>ᾱίουηι</span> <span class='ocrx_word' id='word_1_801' title='bbox 3230 5549 3323 5606; x_wconf 81' lang='lat' dir='ltr'><strong>eos</strong></span> <span class='ocrx_word' id='word_1_802' title='bbox 3392 5533 3484 5600; x_wconf 85' lang='lat' dir='ltr'><strong>qui</strong></span> 
     </span>
    </p>
   </div>
   <div class='ocr_carea' id='block_1_113' title="bbox 1901 5603 3486 5674">
    <p class='ocr_par' dir='ltr' id='par_1_113' title="bbox 1901 5603 3486 5674">
     <span class='ocr_line' id='line_1_113' title="bbox 1901 5603 3486 5674; baseline -0.002 -15"><span class='ocrx_word' id='word_1_803' title='bbox 1901 5603 2039 5660; x_wconf 83' lang='lat' dir='ltr'><strong>bona</strong></span> <span class='ocrx_word' id='word_1_804' title='bbox 2075 5621 2172 5659; x_wconf 91' lang='lat' dir='ltr'><strong>sua</strong></span> <span class='ocrx_word' id='word_1_805' title='bbox 2207 5604 2565 5674; x_wconf 79' lang='lat' dir='ltr'><strong>abliguriunt.</strong></span> <span class='ocrx_word' id='word_1_806' title='bbox 2590 5605 2812 5660; x_wconf 85' lang='lat' dir='ltr'><strong>Testem</strong></span> <span class='ocrx_word' id='word_1_807' title='bbox 2829 5603 3094 5658; x_wconf 88' lang='lat' dir='ltr'><strong>habemus</strong></span> <span class='ocrx_word' id='word_1_808' title='bbox 3133 5604 3486 5658; x_wconf 76' lang='lat' dir='ltr'><strong>sclnoliastem</strong></span> 
     </span>
    </p>
   </div>
   <div class='ocr_carea' id='block_1_114' title="bbox 1898 5674 2643 5745">
    <p class='ocr_par' dir='ltr' id='par_1_114' title="bbox 1898 5674 2643 5745">
     <span class='ocr_line' id='line_1_114' title="bbox 1898 5674 2643 5745; baseline 0 -17"><span class='ocrx_word' id='word_1_809' title='bbox 1898 5676 2282 5745; x_wconf 82' lang='lat' dir='ltr'><strong>Aristophanis</strong></span> <span class='ocrx_word' id='word_1_810' title='bbox 2310 5676 2378 5730; x_wconf 91' lang='lat' dir='ltr'><strong>ad</strong></span> <span class='ocrx_word' id='word_1_811' title='bbox 2406 5674 2643 5745; x_wconf 77' lang='lat' dir='ltr'><strong>Equites.</strong></span> 
     </span>
    </p>
   </div>
   <div class='ocr_carea' id='block_1_115' title="bbox 1971 5743 3308 5817">
    <p class='ocr_par' dir='ltr' id='par_1_115' title="bbox 1971 5743 3308 5817">
     <span class='ocr_line' id='line_1_115' title="bbox 1971 5743 3308 5817; baseline -0.001 -17"><span class='ocrx_word' id='word_1_812' title='bbox 1971 5743 2099 5817; x_wconf 50' lang='lat' dir='ltr'><strong>(«fit</strong></span> <span class='ocrx_word' id='word_1_813' title='bbox 2120 5745 2411 5815; x_wconf 82' lang='grc' dir='ltr'>Δάκρυον.</span> <span class='ocrx_word' id='word_1_814' title='bbox 2438 5743 2691 5803; x_wconf 82' lang='lat' dir='ltr'><strong>Fortasse</strong></span> <span class='ocrx_word' id='word_1_815' title='bbox 2723 5745 3010 5817; x_wconf 81' lang='lat' dir='ltr'><strong>legendum</strong></span> <span class='ocrx_word' id='word_1_816' title='bbox 3034 5743 3308 5816; x_wconf 77' lang='grc' dir='ltr'>δακρύων.</span> 
     </span>
    </p>
   </div>
  </div>
