3886 6426
402 350 508 415 επ

1566 350 1834 417 ΡΗΟΤΙΙ
1871 355 2383 422 ΡΑΤΗῙΑΒΟΗιΕ
2419 363 2531 426 CP.

3560 366 3705 440 218'

401 464 648 535 conjicit.
704 459 945 517 Noverat
995 461 1164 528 enim,
1217 478 1344 518 eum
1393 463 1483 535 qui
1535 481 1788 520 reversus
1842 473 1983 529 erat,

2086 468 2166 531 εἰς
2190 467 2284 521 τὸν
2314 469 2739 543 ἐξημαρτηκοτα
2778 473 3113 547 ἀπορρίπτει
3143 493 3157 508 ·
3191 477 3309 549 ᾔδει
3330 479 3439 552 γὰρ
3494 482 3677 537 αὐτοῦ

399 570 553 611 suam
576 569 699 610 esse
727 554 1047 626 progeniem
1083 555 1359 626 (quamvis
1394 571 1493 627 per
1524 557 1763 612 alienum
1793 573 1980 613 semen

397 647 739 703 adulteratus
796 646 995 714 esset);
1052 656 1283 703 noverat
1314 663 1343 702 a
1392 663 1455 705 se
1503 664 1570 703 ex
1622 664 1808 705 amore
1860 665 1984 705 esse

394 738 746 810 productum,
778 754 887 808 non
921 747 1103 793 autem
1153 739 1370 795 aliunde
1408 755 1603 795 recens
1637 750 1836 795 satum.
1878 740 1984 795 Ita-

395 843 502 897 que
531 828 670 882 nihil
720 828 916 883 borum
951 846 1061 899 quo
1100 833 1411 887 contristari
1444 834 1490 888 is
1515 844 1748 905 poterat,
1778 837 1981 891 affere—

393 919 521 986 bat;
557 934 736 989 neque
765 918 1041 975 diuturnis
1075 922 1169 976 filii
1200 923 1461 979 aerumnis
1489 925 1782 996 adjiciebat
1816 928 1982 998 quid-

391 1025 578 1081 quam.
636 1010 861 1067 Utinam
888 1022 949 1068 ut
993 1013 1200 1068 erroris
1245 1016 1342 1079 tui,
1390 1016 1464 1070 ita
1498 1027 1552 1071 et
1579 1019 1983 1084 conversionis,

391 1117 457 1158 ac
508 1103 860 1173 receptionis,
901 1106 957 1159 in
994 1106 1223 1176 gratiam
1267 1107 1460 1174 factas,
1518 1108 1755 1165 fructum
1799 1111 1983 1181 perci-

390 1194 567 1264 piaml
601 1195 824 1251 Scilicet
856 1196 1287 1253 humanissimus
1313 1207 1369 1252 et
1399 1200 1639 1269 optimus
1668 1210 1826 1271 pater
1850 1216 1978 1256 eum

392 1287 617 1342 eminus
685 1288 864 1343 adhuc
911 1299 967 1344 et
1005 1289 1118 1343 sola
1174 1290 1499 1359 poenitentia
1547 1292 1615 1346 ad
1653 1306 1714 1347 se
1770 1294 1982 1349 adven-

390 1382 622 1438 tantem,
680 1376 889 1431 nullum
923 1392 1053 1433 vero
1091 1377 1328 1434 fructum
1357 1378 1466 1435 huc
1512 1379 1645 1434 dum
1688 1380 1986 1449 ferentem,

389 1465 780 1535 conspicatus,
834 1483 905 1526 ne
957 1468 1167 1524 ferebat
1221 1469 1442 1540 quidem
1504 1471 1640 1527 istos
1700 1472 1980 1542 poeniten-

388 1555 478 1611 tia:
508 1557 744 1621 labores,
782 1559 883 1614 sed
911 1559 1104 1616 videns
1153 1561 1327 1632 ipsum
1381 1563 1518 1617 adeo
1565 1563 1892 1633 squalidum,
1923 1572 1982 1619 et

370 1649 509 1731 sola
554 1651 884 1720 pri-nitentia
914 1667 972 1706 se
1006 1652 1414 1723 respicientem,
1443 1654 1819 1710 misericordia
1852 1669 1979 1727 per-

387 1754 569 1801 motus
603 1755 722 1814 est,
758 1755 820 1802 ut
852 1764 1083 1803 currens
1125 1749 1435 1821 collumque
1473 1750 1593 1821 ejus
1637 1750 1980 1822 amplexatus

388 1853 518 1894 eum
549 1839 982 1897 deoscularetur.
1010 1841 1153 1909 Quid
1187 1858 1321 1899 vero
1352 1842 1535 1898 filius?
1577 1844 1701 1913 quis
1734 1858 1830 1899 eos
1857 1843 1981 1913 qni-

2085 557 2334 629 γέννημα
2379 554 2519 614 εἶναι
2576 561 2671 617 τὸν
2728 566 3098 635 προσελθόντα
3127 608 3143 635 ,
3193 570 3301 623 κᾶν
3351 571 3681 644 ἀλλοτρίαις

2085 650 2415 722 ἐπισποραίς
2451 653 2753 719 ὲνοθεύετο,
2782 656 2878 710 καὶ
2930 660 3031 729 τῆς
3059 659 3228 714 αὐτοῦ
3275 663 3680 735 φιλανθρώπου

2084 744 2442 815 προαγωγῆς,
2487 745 2603 800 ἀλλ’
2658 748 2757 819 οὐχ
2794 750 2989 821 ἐτέρας
3033 751 3198 805 ποθὲν
3235 755 3679 826 νεοηεριζοὺσης

2085 836 2415 906 καταϐολῆς.
2445 838 2652 908 Μηδενὶ
2671 840 2784 912 (45)
2812 840 2870 894 δὲ
2890 841 3000 896 τῶν
3028 842 3342 899 λυπούντων
3372 847 3677 917 προδιαϐέ-

2087 943 2268 996 μενος,
2309 929 2437 999 μηδ’
2465 930 2746 985 ἐπιϐαλὼν
2774 933 2913 1004 άλγη
2923 951 3001 1003 μα
3029 937 3144 1000 τοῖς
3170 936 3546 1008 πολυχρονίοις
3568 939 3676 993 τοῦ

2084 1022 2277 1086 παιδὸς
2334 1024 2672 1094 ἀλγήμασιν.
2733 1026 2852 1080 AW
2906 1027 3097 1100 ὥσπερ
3145 1047 3240 1084 σου
3285 1031 3386 1101 τῆς
3427 1032 3674 1103 πλάνης,

2082 1111 2226 1167 οὕτω
2253 1115 2461 1186 καὶτῆς
2495 1117 2836 1189 ἐπιστροφῆς
2874 1120 2969 1174 καὶ
3008 1123 3108 1191 τῆς
3135 1122 3406 1193 ἀποδοχῆς
3459 1140 3678 1178 κοινω-

2081 1206 2314 1276 νήσαιμι
2345 1207 2358 1260 l
2401 1206 2546 1261 Ἀλλ’
2584 1203 2681 1264 οὖν
2713 1212 2743 1263 ὁ
2778 1210 3164 1283 φιλάνθρωπος
3193 1214 3288 1267 καὶ
3307 1213 3513 1282 ἀγαθὸς
3564 1232 3680 1269 παο

2080 1295 2186 1368 τὴρ
2220 1296 2301 1350 ἔτι
2333 1298 2525 1370 πόρρω
2568 1298 2665 1353 καὶ
2703 1299 2792 1355 διὰ
2819 1300 2985 1372 μόνης
3023 1303 3127 1368 τῆς
3184 1304 3477 1374 μετανοίας
3517 1303 3679 1375 ὁρῶν

2081 1390 2543 1460 προσερχόμενον,
2571 1391 2784 1464 καρπὸν
2815 1393 2877 1447 δὲ
2908 1393 3018 1447 οὐδ’
3046 1395 3329 1450 ὁντιναοῦν
3362 1395 3676 1466 προϐαλλό-

2084 1496 2268 1551 μενον,
2297 1482 2399 1536 οὐκ
2432 1482 2687 1554 ἀνέμεινε
2715 1485 2806 1539 καὶ
2850 1487 2979 1550 τοὺς
3025 1487 3120 1540 ἐπὶ
3152 1488 3220 1560 τῇ
3271 1488 3532 1557 μετανοίᾳ
3561 1486 3675 1542 πόει»

2080 1586 2229 1634 νους,
2256 1571 2370 1624 ἀλλ’
2394 1571 2520 1626 ίδὼν
2546 1573 2710 1628 αὐτὸν
2735 1573 2882 1629 οὕτω
2905 1577 3146 1647 κατηφῆ,
3175 1577 3272 1631 καὶ
3299 1580 3365 1649 τῇ
3396 1577 3671 1650 μετανοίᾳ

2084 1664 2224 1737 μόνῃ
2240 1664 2617 1719 ἀποϐλέποντα
2633 1666 3043 1739 ἐσπλαγχνίσθη
3061 1686 3076 1699 ο
3092 1669 3186 1723 καὶ
3211 1668 3437 1741 δραμὼν
3457 1669 3671 1723 ἐπέπε-

2083 1774 2175 1811 σεν
2207 1759 2301 1812 ἐπὶ
2319 1758 2412 1811 τὸν
2436 1758 2714 1830 τράχηλον
2740 1760 2930 1826 αὐτοῦ,
2958 1763 3054 1816 καὶ
3078 1763 3452 1834 κατεφίλησεν
3471 1762 3670 1817 αὐτόν.

2082 1850 2150 1904 Τί
2178 1849 2236 1903 δὲ
2272 1851 2302 1904 ὁ
2329 1850 2474 1915 uide;
2508 1851 2594 1914 τίς
2619 1852 2710 1917 ἂν,
2739 1852 2778 1906 ἀ
2815 1852 2938 1906 τότε
2971 1853 3284 1925 διεμέριζεν
3315 1855 3501 1921 αὐτὸν,
3529 1855 3677 1909 ἀνα-

387 1930 495 1987 bus
526 1932 955 2000 distrahebatur,
988 1934 1220 1990 affectus
1252 1935 1700 1991 enumeraverit?
1734 1935 1983 1992 Aderant

2085 1940 2352 2013 ριθμήσαι
2379 1941 2560 2014 πάθης
2590 1941 2847 2014 αἰσχύνη,
2883 1942 3029 2013 λύπη
3052 1984 3067 2011 ,
3103 1944 3300 2015 φόϐος,
3334 1945 3542 2010 δειλία,
3565 1963 3679 2000 κα-

387 2024 590 2094 pudor,
621 2025 839 2080 tristitia
863 2065 882 2092 ,
927 2034 1125 2093 metus,
1157 2028 1407 2098 angustia
1436 2027 1643 2091 animi,
1678 2027 1942 2084 timiditas
1962 2067 1978 2092 ,

388 2130 520 2186 spes
549 2116 603 2171 in
629 2117 748 2172 solo
763 2117 1038 2173 desiderio
1068 2116 1360 2184 ﬂuctuans,
1388 2122 1653 2174 memoria
1675 2135 1857 2175 rerum
1886 2135 1979 2174 sus

385 2206 690 2277 periurum,
720 2207 1030 2263 recordatio
1065 2206 1437 2273 infandorum,
1470 2208 1729 2281 cogitatio
1760 2207 1982 2264 futuro-

364 2313 534 2371 _rum.
566 2297 633 2354 Et
657 2298 761 2354 illis
791 2308 974 2355 tamen
998 2299 1255 2355 omnibus
1280 2314 1377 2370 per
1407 2299 1786 2369 paenitentiam
1813 2314 1980 2371 snpe-

386 2389 504 2444 rior
527 2398 631 2446 est.
662 2390 753 2446 Ait
782 2390 929 2446 enim
957 2408 971 2444 :
1007 2390 1193 2457 Pater,
1231 2392 1445 2460 peccavi
1482 2392 1541 2446 in
1574 2391 1763 2447 caelum
1800 2400 1852 2447 et
1890 2408 1979 2446 co-

388 2496 508 2534 ram
551 2489 601 2535 te
625 2520 641 2547 ,
673 2497 839 2552 neque
872 2482 1062 2553 dignus
1109 2482 1341 2551 amplius
1368 2498 1517 2549 sum,
1544 2484 1636 2554 qui
1664 2500 1815 2538 vocer
1833 2483 1980 2554 [ilius

390 2582 514 2627 tuus
533 2573 602 2627 “.
631 2573 810 2645 Atque
841 2574 945 2629 ista
974 2574 1248 2631 confessio
1274 2575 1457 2631 verbis
1485 2574 1651 2640 facta,
1686 2576 1757 2631 ab
1782 2577 1981 2631 animm

390 2666 580 2722 habitu
603 2682 713 2721 non
731 2667 1067 2738 discrepans,
1089 2666 1220 2723 facit
1234 2677 1292 2723 ut
1306 2677 1466 2739 pater
1481 2670 1663 2739 ipsum
1680 2679 1828 2726 veste
1840 2686 1981 2741 prte-

388 2762 550 2833 cipua
586 2763 794 2829 induat,
830 2763 1034 2818 annulo
1071 2778 1266 2818 manus
1297 2779 1412 2819 sua:
1439 2764 1684 2819 actiones
1709 2765 1980 2835 obsignet,

388 2856 671 2927 pedesque
699 2855 1223 2922 ealceamentis,nca
1245 2863 1502 2927 serpente
1513 2855 1691 2912 calces
1714 2857 1833 2913 la3di
1852 2873 1981 2928 pos-

389 2955 544 3012 sent,
575 2947 808 3003 muniat.
832 2946 1030 3004 Postea
1054 2957 1112 3003 et
1147 2948 1379 3003 vitulum
1406 2948 1711 3020 saginatum
1741 2957 1983 3016 mactat,

386 3056 700 3113 magnoque
730 3056 855 3095 cum
874 3040 1163 3109 splendore
1184 3048 1240 3096 et
1259 3050 1482 3112 sumptu
1498 3043 1823 3097 convivatur
1854 3058 1980 3098 cum

2079 2034 2310 2104 τήφεια,
2350 2033 2591 2098 ἐλπίδες,
2624 2033 2775 2106 μόνῳ
2804 2032 2886 2106 τῷ
2914 2033 3095 2090 θέλειν
3129 2035 3459 2091 σαλεύουσαι
3487 2076 3504 2102 ,
3534 2034 3709 2089 ἀνά-ι’

2084 2143 2284 2200 μνησις
2316 2126 2426 2181 τῶν
2458 2126 2727 2199 ἀρχαίων,
2761 2128 2951 2199 μνήμη
3007 2126 3119 2181 τῶν
3151 2128 3485 2200 ὑπερορίων,
3524 2128 3680 2197 λογι-

2083 2220 2220 2290 σμὸς
2274 2219 2387 2274 τῶν
2439 2219 2771 2290 μελλόντων.
2826 2220 2887 2273 Ὅ
2929 2219 2988 2273 δὲ
3038 2223 3232 2292 κρατεῖ
3280 2223 3348 2293 τῇ
3407 2221 3679 2294 μετανοίᾳ

2080 2312 2325 2366 πάντων.
2363 2312 2471 2365 Καί
2500 2328 2660 2383 φησι·
2692 2310 2902 2381 Πάτερ,
2932 2311 3203 2381 ἥμαρτον
3228 2313 3316 2378 είς
3341 2311 3451 2366 τὸν
3486 2314 3675 2380 οἱφα-

2079 2404 2193 2459 νὸν
2212 2403 2313 2458 καὶ
2334 2401 2594 2457 ἐνώπιόν
2622 2416 2741 2457 σου
2758 2445 2773 2467 ,
2800 2402 2898 2456 καὶ
2934 2400 3136 2456 οὐκέτι
3164 2400 3283 2471 εἰμί
3311 2399 3484 2467 ἄξιος
3521 2403 3681 2468 κλη-

2080 2493 2258 2563 θῆναι
2285 2494 2417 2561 υἱός
2442 2511 2581 2549 σου.
2615 2495 2726 2548 Καὶ
2765 2495 2801 2564 ἡ
2840 2493 2950 2546 τῶν
2984 2493 3249 2565 ῥημάτων
3277 2491 3678 2563 ἐξομολόγησις

2079 2588 2179 2658 τῆς
2207 2588 2387 2659 ψυχῆς
2431 2588 2491 2640 οὐ
2538 2585 2844 2657 ψευδομένη
2899 2584 2998 2656 τὴν
3034 2584 3296 2650 διάθεσιν,
3353 2581 3679 2653 παραυτίκα

2084 2681 2185 2751 μὲν
2217 2680 2380 2734 αὑτὸν
2409 2680 2508 2750 τὴν
2541 2678 2732 2749 στολὴν
2761 2677 2939 2732 ὲνδύει
2986 2676 3084 2747 τὴν
3133 2676 3383 2748 πρώτην.
3430 2675 3538 2729 Καὶ
3572 2673 3680 2728 δα-

2082 2773 2287 2844 κτυλίῳ
2336 2772 2437 2844 τῆς
2499 2772 2682 2844 χειρὸς
2738 2770 2838 2835 τὰς
2890 2769 3124 2842 πράξεις
3174 2768 3506 2840 σφραγίζει,
3568 2767 3680 2822 καὶ

2081 2866 2395 2937 ὑποδήμασι
2420 2865 2548 2927 τοὺς
2575 2863 2767 2929 πόδας,
2800 2862 2999 2934 μηκέτι
3029 2861 3250 2916 δάκνειν
3278 2860 3371 2914 τιν
3415 2859 3539 2926 ὅφιν
3563 2857 3683 2929 τὴν

2050 2958 2342 3031 τπτέρναν,
2400 2953 2779 3025 ἀσφαλίζεται.
2831 2950 2965 3007 Εἶτα
3005 2956 3102 3007 καὶ
3154 2953 3248 3008 τὸν
3295 2952 3496 3024 μόσχον
3546 2948 3679 3003 θύει

2079 3050 2171 3104 τὸν
2206 3047 2452 3103 σιτευτὸν
2470 3090 2486 3113 ,
2515 3047 2611 3101 καὶ
2641 3045 2999 3117 εὐφραίνεται
3040 3044 3313 3115 λαμπρῶς
3340 3060 3401 3097 τε
3437 3040 3534 3095 καὶ
3564 3057 3675 3094 πο·-

388 3131 566 3197 Iilio,'a
590 3131 821 3187 mortuis
847 3146 1088 3195 reverso,
1102 3139 1158 3186 et
1173 3140 1295 3201 post
1309 3131 1523 3202 longam
1544 3132 1689 3187 illam
1707 3133 1977 3203 jacturam

2085 3141 2322 3205 λυτελῶς
2368 3143 2397 3197 ὁ
2426 3139 2610 3211 πατὴρ
2642 3138 2777 3210 μετά
2811 3137 2906 3191 τοῦ
2952 3138 3018 3190 ὲκ
3044 3136 3257 3209 νεκρῶν
3292 3133 3677 3196 ἀναλύσαντος

387 3223 591 3280 iterum
643 3232 885 3294 reperto.
922 3222 1090 3280 Vides
1111 3264 1127 3289 ,
1185 3226 1461 3294 quomodo
1496 3224 1754 3294 parabola
1784 3225 1899 3281 h:ec
1926 3226 1982 3281 in

387 3318 676 3389 aenigmate
692 3316 1008 3371 omnium'et
1032 3316 1463 3386 exquisitissimo
1479 3325 1534 3372 et
1546 3317 1984 3374 luculentissima

386 3411 570 3466 tradat
595 3410 698 3465 ista
724 3426 738 3464 :
775 3425 807 3464 a
830 3409 977 3464 bono
1007 3417 1063 3463 et
1088 3407 1386 3463 Conditore
1417 3416 1474 3464 et
1498 3409 1761 3465 Creatore
1790 3419 1983 3466 natum

387 3511 447 3559 et
474 3510 653 3557 ortum
676 3516 801 3557 esse
833 3509 889 3556 ct
928 3501 1216 3570 prodigum
1243 3500 1394 3555 illum
1424 3499 1592 3557 lilium
1613 3544 1629 3566 ,
1661 3511 1717 3557 et
1748 3502 1982 3558 alterum

388 3594 546 3650 illum
579 3594 827 3665 ejusdem
860 3601 1033 3657 ortus,
1076 3607 1146 3648 ac
1178 3601 1293 3646 tum
1332 3599 1491 3647 aetate
1527 3599 1641 3646 tum
1678 3592 1834 3647 factis
1863 3591 1985 3661 ipso

387 3688 685 3758 majorem,
739 3687 835 3758 qui
877 3696 932 3743 et
979 3687 1035 3742 in
1070 3686 1244 3757 patria
1282 3685 1448 3741 domo
1478 3686 1877 3755 permanserit,
1928 3695 1985 3740 et

387 3780 687 3850 pristinum
716 3780 885 3835 decus
912 3794 977 3833 ac
1010 3777 1298 3833 facultates
1333 3792 1461 3833 suas
1488 3792 1614 3831 cum
1640 3776 1817 3833 artatis
1846 3792 1984 3846 prae-

390 3872 633 3943 rogativa
664 3871 991 3926 retinuerit:
1017 3885 1129 3925 non
1155 3878 1341 3925 autem
1373 3870 1639 3937 majorem
1669 3868 1820 3923 illum
1849 3877 1983 3923 natu

391 3978 458 4019 ex
484 3963 609 4031 alia,
641 3963 911 4019 minorem
944 3979 1076 4019 vero
1097 3962 1283 4018 itidem
1322 3977 1389 4018 ex
1419 3962 1524 4017 alia
1552 3961 1722 4031 stirpe
1764 3970 1859 4016 aut
1885 3976 1983 4032 ge-

392 4057 679 4112 neratione
706 4057 940 4123 derivat,
964 4056 1062 4112 sed
1096 4065 1392 4126 utrumque
1429 4057 1499 4112 ab
1530 4056 1723 4111 iisdem
1756 4055 1985 4127 origini-

393 4146 501 4202 bus
542 4155 597 4202 et
637 4148 1002 4218 productione
1050 4154 1108 4201 et
1154 4147 1478 4203 educatione
1530 4147 1773 4203 deducit.
1810 4146 1986 4202 Simul

394 4254 531 4293 vero
559 4247 615 4294 et
649 4238 1131 4303 hocconsiderare
1160 4238 1242 4295 fas
1276 4248 1385 4303 est,
1427 4241 1596 4309 quod.
1625 4238 1669 4295 si
1696 4240 1822 4309 quis
1847 4240 1988 4294 ﬁlios

395 4332 453 4388 in
487 4331 742 4403 parabola
769 4330 857 4384 illa
882 4337 1213 4387 memoratos
1235 4330 1531 4385 humanam
1562 4338 1811 4385 naturam
1843 4329 1987 4385 indi-

394 4439 523 4482 care
560 4433 816 4489 censeat,
849 4433 905 4479 et
935 4440 1032 4494 per
1059 4425 1321 4495 majorem
1367 4433 1499 4479 natu
1535 4423 1654 4479 illos
1683 4462 1697 4487 ,
1736 4423 1827 4492 qui
1861 4439 1985 4495 gra-

395 4520 528 4577 tiam
573 4518 863 4588 pristinam
899 4518 1300 4581 conservarint,
1341 4532 1447 4574 nec
1480 4517 1683 4572 donum
1727 4516 1861 4578 illud
1902 4517 1983 4571 in-

393 4611 763 4682 temperantia
811 4626 909 4667 sua
952 4610 1332 4680 corruperint;
1384 4625 1481 4680 per
1521 4608 1800 4680 juniorem
1858 4624 1990 4665 vero

395 4715 514 4765 eos,
542 4701 633 4771 qui
659 4702 805 4756 mala
822 4717 936 4772 pra
963 4700 1124 4757 bonis
1148 4701 1435 4773 elegerint,
1466 4708 1524 4757 et
1551 4701 1839 4757 facultates
1862 4716 1990 4756 suas

395 4791 615 4847 luxuria
644 4793 1004 4865 dissiparint;
1047 4794 1165 4849 sive
1192 4793 1347 4848 illum
1380 4794 1603 4864 quidem
1630 4795 1948 4866 angelorum
1969 4833 1987 4861 ,

399 4882 693 4939 huncvero
720 4885 1007 4943 hominum
1039 4893 1433 4955 repraesentare
1451 4884 1579 4940 hinc
1611 4894 1835 4949 statum,
1860 4885 1990 4943 hinc

398 4972 780 5037 mutationem,
807 4982 1068 5043 censeat;
1097 4975 1212 5031 sive
1254 4975 1494 5046 denique
1522 4975 1735 5045 placeat
1756 4979 1774 5047 (
1799 4976 1989 5033 licebit

400 5066 550 5120 enim
578 5066 844 5136 quidquid
897 5067 1152 5141 libuerit)
1208 5085 1308 5139 per
1343 5084 1440 5125 eos
1487 5068 1793 5141 intelligere
1830 5071 1985 5134 illos,

400 5172 636 5229 quorum
684 5157 774 5212 alii
816 5159 918 5213 sub
972 5159 1091 5230 iege
1139 5161 1229 5215 alii
1275 5161 1377 5216 sub
1417 5161 1590 5233 gratia
1647 5163 1787 5228 sint;
1836 5171 1989 5219 certe

402 5259 635 5320 utraque
681 5249 798 5305 hazc
823 5250 1101 5307 meditatio
1129 5252 1273 5308 clare
1304 5262 1362 5309 et
1389 5254 1510 5311 sine
1540 5256 1861 5327 exceptione
1891 5256 1989 5312 de-

475 5342 521 5375 "
562 5341 696 5397 Luc.
737 5358 830 5407 xv,
869 5341 961 5399 21.

2085 3233 2204 3288 υἱοῦ
2253 3234 2349 3288 καὶ
2401 3232 2788 3305 ἀνευρεθέντος
2830 3229 2971 3301 μετὰ
3024 3228 3124 3300 τὴν
3177 3228 3400 3300 μακράν
3450 3224 3679 3297 ἐκείνην

2083 3326 2384 3383 ἀπώλειαν.
2426 3326 2591 3396 Ὁρᾷς
2621 3326 2771 3387 ὅπως
2800 3321 3147 3391 αἰνιγμάτων
3177 3320 3400 3373 πάντων
3432 3315 3674 3387 ἀκριϐὲ-

2056 3442 2059 3445 π
2085 3417 2277 3487 στερόν
2308 3431 2369 3470 τε
2394 3416 2490 3470 καὶ
2524 3415 2860 3484 σαφέστερον
2891 3414 2931 3484 ἡ
2959 3409 3245 3483 παραϐολὴ
3275 3407 3675 3482 παραδίδωσιν.

2096 3509 2327 3581 Ἀγαθοῦ
2361 3510 2460 3580 μὲν
2493 3508 2591 3562 καὶ⁵
2634 3507 2873 3561 πλάστου
2905 3504 3000 3558 καὶ
3032 3503 3351 3573 πλάσματος
3383 3498 3679 3571 προελθεῖν

2083 3620 2145 3659 τε
2194 3603 2290 3656 καὶ
2330 3601 2494 3671 φῦναι
2539 3600 2632 3655 τόν
2665 3615 2727 3651 τε
2756 3597 2966 3653 ἄσωτον
3002 3595 3120 3649 υίδν
3167 3594 3264 3648 καὶ
3306 3593 3399 3646 τὸν
3446 3588 3673 3661 ὁμοφυῆ

2084 3694 2179 3749 καὶ
2206 3691 2582 3762 πρεσϐύτερον
2604 3686 2794 3749 αὐτοῦ,
2817 3686 2915 3740 καὶ
2946 3686 3126 3755 χρόνῳ
3141 3685 3235 3738 καὶ
3262 3679 3673 3750 ἀνορθώμασιν,

2082 3785 2143 3849 ὃς
2183 3784 2280 3839 καὶ
2317 3785 2385 3854 τῇ
2421 3781 2516 3837 τοῦ
2564 3778 2833 3850 πατρικοῦ
2879 3775 3110 3849 οίδιαίτῃ
3138 3776 3252 3847 (Mi
3294 3770 3676 3844 διαμεμένηκε

2083 3895 2168 3944 τε,
2206 3876 2303 3931 καὶ
2346 3877 2447 3946 τὴν
2495 3873 2769 3946 προτέραν
2808 3870 2990 3939 δόξαν,
3038 3870 3133 3923 καὶ
3171 3867 3358 3921 οὐσίαν
3404 3864 3540 3935 μετά
3570 3861 3677 3917 τοῦ

2085 3968 2382 4040 πρεσϐείου
2421 3968 2617 4037 συνετή
2629 3982 2759 4036 ρησε
2784 4004 2800 4028 ,
2831 3965 2925 4017 καὶ
2950 3962 3074 4032 οὐχὶ
3111 3960 3205 4014 τὸν
3234 3959 3335 4029 μὲν
3364 3954 3681 4029 πρεσϐύτε-

2090 4079 2181 4132 ρον
2212 4060 2273 4126 ἐξ
2306 4060 2496 4130 ἄλλης,
2523 4059 2613 4111 τὸν
2643 4057 2702 4110 δὲ
2731 4057 3000 4127 νεώτερον
3029 4053 3086 4120 ἐξ
3120 4050 3504 4122 ἀντικειμένης
3532 4063 3679 4101 σπο-

2091 4156 2190 4228 ρᾶς
2221 4154 2255 4225 ἢ
2290 4152 2562 4222 γενέσεως
2597 4149 2831 4218 προάγει
2853 4188 2869 4213 ,
2901 4146 3017 4201 ἀλλ’
3056 4146 3227 4216 ἄμφω
3270 4139 3581 4210 καταϐολῆς
3610 4154 3673 4192 τε

2085 4251 2185 4317 τῆς
2210 4245 2382 4315 αὐτῆς
2413 4243 2506 4297 καὶ
2549 4241 2765 4310 φύσεως
2796 4241 2889 4293 καὶ⁸
2925 4235 3264 4309 προαγωγῆς
3306 4234 3400 4288 καὶ
3453 4232 3676 4300 διαίτης

2086 4336 2417 4408 ἀναγράφει.
2435 4332 2546 4387 Καὶ
2588 4331 2910 4401 ὲπιθεωρείν
2937 4329 3227 4398 προσήκει,
3257 4325 3331 4388 ὡς
3358 4322 3512 4385 εἴτις
3538 4321 3676 4385 τοὺς

2088 4428 2188 4500 τῆς
2223 4425 2542 4499 παραϐολῆς
2570 4424 2722 4487 υἱοὺς
2755 4423 2855 4492 τὴν
2898 4418 3250 4491 ἀνθρωπίνην
3283 4416 3480 4488 δηλοῦν
3505 4413 3676 4484 φύσιν

2090 4521 2377 4587 ὑπολάϐοι,
2407 4521 2503 4574 καὶ
2530 4518 2621 4573 διὰ
2656 4518 2753 4589 μὲν
2784 4514 2881 4570 τοῦ
2911 4513 3285 4586 πρεσϐυτέρου
3317 4510 3461 4576 τοὺς,
3493 4508 3543 4562 οἶ
3570 4506 3683 4579 τὴν

2088 4616 2182 4670 ἀπ’
2214 4612 2392 4686 ἀρχῆς
2411 4609 2739 4666 διεσώσαντο
2763 4609 2946 4679 χάριν,
2975 4605 3074 4661 καὶ
3095 4605 3158 4659 τὸ
3184 4604 3357 4675 δῶρον
3386 4602 3486 4671 οὐχ
3513 4598 3675 4671 ὓϐρι-

2090 4722 2189 4760 σαν
2223 4702 2451 4776 ἀσωτίᾳ,
2482 4703 2571 4757 διὰ
2603 4701 2662 4756 δὲ
2686 4701 2782 4755 τοῦ
2812 4699 3082 4771 νεωτέρου
3109 4698 3237 4760 τοὺς
3270 4692 3672 4770 ἀνθεελομένους

2085 4798 2156 4852 τὰ
2199 4794 2382 4866 φαῦλα
2420 4793 2529 4867 πρὸ
2576 4793 2684 4847 τῶν
2730 4790 3055 4861 ἀμεινόνων,
3098 4789 3193 4842 καὶ
3226 4787 3328 4855 τὴν
3358 4784 3549 4838 οὐσίαν
3589 4782 3677 4845 είς

2088 4884 2330 4943 ἀσωτίαν
2358 4883 2764 4956 ἀμειψαμένους
2785 4922 2800 4947 ,
2828 4882 2938 4934 εἴτε
2967 4879 3059 4933 τὸν
3093 4878 3191 4949 μὲν
3221 4875 3318 4946 τὴν
3347 4871 3675 4942 ἀγγελικὴν,

2083 4979 2176 5034 τὸν
2196 4979 2253 5032 δὲ
2279 4977 2379 5050 τὴν
2402 4976 2752 5048 ἀνθρωπίνην
2778 4969 3303 5045 παραδειγματίζειν
3333 4967 3674 5021 κατάστασιν

2087 5074 2187 5128 καὶ
2214 5072 2397 5143 λῆξιν,
2426 5071 2490 5124 Εἰ
2520 5068 2699 5140 βούλει
2737 5068 2795 5121 δὲ
2846 5066 2984 5137 (πῶς
3021 5065 3068 5118 δ’
3107 5063 3174 5117 ἂν
3217 5063 3281 5115 σὺ
3336 5057 3605 5130 βουληθῆς
3625 5054 3670 5126 )ν

2084 5167 2215 5229 τοὺς
2245 5165 2352 5219 ὑπὸ
2377 5164 2469 5218 τὸν
2494 5162 2661 5230 νόμον
2690 5176 2750 5212 τε
2776 5159 2870 5213 καὶ
2895 5158 3000 5211 ὑπὸ
3025 5155 3125 5227 τὴν
3154 5154 3315 5225 χάριν
3341 5151 3452 5223 (45)
3471 5190 3488 5213 ,
3516 5147 3674 5200 οὐδὲν

2086 5257 2308 5311 ἔλαττον
2337 5255 2404 5309 δι’
2428 5253 2701 5328 ἑκατέρας
2726 5253 2962 5323 θεωρίας
2983 5245 3256 5319 λαμπρῶς
3278 5261 3339 5298 τε
3367 5242 3460 5296 καὶ
3490 5242 3674 5307 ἀναμ-

1505 5438 1743 5496 ῩΔΡιιΛιι
1786 5439 2171 5498 LECTIONES
2212 5438 2300 5495 ET
2340 5435 2572 5495 NOTAE.

500 5527 593 5603 45)
615 5527 874 5603 Muciani.
904 5528 1086 5584 Malim
1116 5528 1296 5603 legere
1328 5530 1516 5602 μηδέν.
1564 5530 1620 5585 ΙιΙ
1668 5532 1815 5587 enim
1882 5533 1983 5587 sibi

2096 5533 2175 5589 dit
2195 5526 2485 5603 legendum
2510 5542 2632 5603 esse
2649 5523 2811 5603 οἴκου
2827 5527 2976 5603 ’διαιτ

402 5599 546 5654 velle
575 5601 792 5656 videtur
815 5599 1034 5661 Noster.
1062 5601 1209 5669 quod
1246 5599 1594 5656 nihil'eorum
1646 5602 1699 5656 in
1742 5603 1987 5658 medium

2160 5537 2485 5603 tlegenoum
2510 5542 2632 5582 esse
2659 5537 2811 5580 οικου
2835 5537 3038 5647 διαιττξι
3107 5591 3120 5602 ⁸

2160 5603 2273 5672 (45)
2311 5601 2419 5655 Kal
2444 5598 2576 5672 ὑπὸΔ
2601 5598 2720 5672 τὴν
2763 5595 2961 5663 χάριν.
3042 5606 3186 5672 artas
3211 5602 3461 5672 ξειειιιιιιι
3502 5590 3674 5672 bulas

403 5669 667 5744 attulerit,
692 5686 814 5742 qum
869 5663 1115 5726 animum
1164 5672 1483 5742 paenitentis
1534 5673 1751 5728 tristitia
1781 5675 1989 5744 majore
2088 5663 2365 5744 parabolae
2392 5668 2766 5744 expositiones
2800 5673 3068 5744 memorat
3118 5665 3191 5744 cl_.
3224 5663 3310 5744 io.
3358 5663 3671 5744 d’tlutrcin.

406 5738 635 5810 implere
666 5738 939 5810 poterant.

484 5809 592 5880 tu.)
632 5809 920 5880 Olazalrn.
946 5811 1026 5868 Ita
1056 5827 1158 5869 ms.
1193 5811 1403 5869 Sensus
1433 5828 1563 5870 vero
1599 5829 1698 5884 per
1718 5829 1777 5870 se
1799 5822 1987 5871 osten-

2085 5732 2142 5799 in
2182 5732 2556 5811 Explicationc
2585 5735 3010 5811 Belgica__hujus
3041 5744 3098 5811 e_t
3128 5734 3388 5811 similium
3439 5732 3675 5811 aliarum

2085 5803 2493 5885 parabolaruui,
2512 5825 2634 5880 quae
2661 5803 2862 5879 prodiit
2883 5803 3210 5870 Ᾱωδιειοιιη
3246 5803 3405 5869 i693,
3433 5805 3493 5858 4.
