3886 6490
190 395 274 457 249
1228 393 1526 453 CONTRA
1575 393 1719 454 MAl‘

1828 394 2038 456 ΗιΕΟὸ
2068 397 2300 460 LIBER
2333 403 2430 465 IV.
3317 405 3424 467 250

187 504 392 576 ςιδὸὶως
418 500 811 566 ὲπῶείκνυται,
837 502 914 566 ὡς
943 503 1008 556 ὲκ
1032 503 1132 574 τῆς
1159 503 1330 573 αὐτῆς
1356 505 1474 557 ἐστι
1500 506 1719 574 πατριᾶς

1842 519 2143 576 monstrat,
2189 513 2333 580 quod
2373 513 2441 568 ab
2481 514 2674 568 eodem
2724 513 2884 568 Patre
2923 523 2979 567 et
3021 516 3163 567 bono
3194 525 3249 568 et
3282 514 3426 570 Ente

187 600 266 651 καὶ
294 595 632 663 ἁγαθότητος
664 593 755 646 καὶ
794 593 1108 658 οὐσιώσεώς
1129 635 1144 659 ,
1176 595 1296 647 τότε
1331 595 1442 648 τῶν
1486 597 1719 664 ἀγγέλωε

1845 600 2258 668 proﬁciscantur
2281 612 2336 658 et
2357 604 2676 675 angelorum
2719 617 2773 658 et
2803 604 3087 659 hominum
3118 619 3309 673 genus,
3339 606 3422 658 lex

187 690 263 744 καὶ
288 687 344 739 τὸ
367 686 475 737 τῶν
504 685 814 756 ἀνθρώπιον
838 685 1018 752 γένος,
1046 687 1074 738 ὃ
1097 703 1156 739 τε
1178 687 1341 756 νόμος
1369 688 1463 741 καί.
1497 689 1530 757 ἡ
1555 689 1716 758 χάρις

1842 690 1971 746 item
1997 701 2052 746 et
2079 695 2268 766 gratia,
2295 703 2349 750 et
2373 696 2654 750 hominum
2683 705 2898 760 natura,
2935 695 3049 748 sive
3078 695 3164 747 illa
3197 696 3423 749 insitum

187 781 314 849 καὶή
353 776 459 829 τῶν
488 775 794 846 ἀνθρώπων
828 775 992 845 φύσις
1013 817 1028 837 ,
1080 776 1186 830 κᾶν
1213 778 1245 847 ἡ
1281 776 1380 846 μὲν
1407 778 1466 831 τὸ
1497 777 1719 848 ἔμφυτος

1840 786 2043 840 bonum
2077 788 2442 853 conservarit,
2476 788 2590 842 sive
2636 805 2736 858 pro
2777 789 2922 842 dono
2965 787 3150 857 gratiae
3193 788 3422 842 exitium

188 868 560 924 σδνδιασώσατο
593 869 876 939 χάρισμα,
917 870 950 939 ἡ
987 869 1048 921 δὲ
1092 868 1193 938 τῆς
1229 870 1442 939 δωρεᾶς
1486 871 1586 942 τὴν
1631 872 1719 925 ἀπ·

1839 880 2129 947 receperit.
2166 879 2430 948 Quodque
2461 881 2514 933 in
2551 880 2651 933 hac
2683 881 2940 949 parabola
2970 889 3026 934 et
3060 879 3418 933 utilissimum

185 965 352 1018 ὡλειαν
379 961 780 1015 amentium.
802 962 912 1014 Kal.
929 963 1055 1029 τόγε
1081 965 1178 1033 τῆς
1198 963 1517 1034 παραϐολῆς
1545 982 1649 1035 χρη
1659 983 1719 1017 σι-

1839 980 1893 1024 ct
1921 971 2252 1040 prmeipuum
2277 981 2360 1025 est
2380 1012 2392 1030 .
2421 972 2563 1041 quod
2601 971 2810 1025 scilicet
2837 987 2942 1024 una
2971 979 3215 1040 potestas
3248 970 3425 1023 tribus

187 1054 404 1125 μὼτατόν
432 1070 492 1105 τε
538 1057 640 1106 καὶ
668 1053 1146 1121 Θαυμασιώτατον,
1187 1055 1263 1118 ὡς
1297 1057 1426 1126 μιᾶς
1455 1073 1602 1120 τινος
1627 1057 1719 1110 τῶι

1837 1061 1945 1116 illis
1973 1062 2303 1125 dominetur,
2341 1063 2392 1116 id
2424 1079 2530 1115 non
2561 1062 2765 1128 minus,
2798 1077 2862 1116 ac
2891 1062 2937 1115 si
2970 1073 3080 1116 tres
3112 1062 3215 1115 illae
3237 1075 3422 1130 aequa-

184 1143 326 1215 τριῶν
353 1142 550 1212 μοίρας
597 1144 912 1214 κρατούσης
940 1145 1092 1200 οὐδὲν
1131 1144 1376 1208 ἔλαττον,
1417 1147 1450 1217 ἢ
1492 1147 1651 1218 εἴπερ
1678 1167 1712 1200 α

1838 1152 1941 1206 lem
1970 1154 2255 1208 victoriam
2288 1154 2639 1217 retulissent,
2685 1162 3058 1222 apostatarum
3087 1153 3418 1207 sententiam

183 1240 307 1306 τρεῖς
329 1237 423 1306 τὴν
455 1236 584 1306 ἴσην
609 1238 942 1308 ἐκληροῦντο
967 1239 1148 1310 νίκην,
1176 1240 1277 1308 τῆς
1305 1243 1644 1308 ἀποστασίας
1677 1244 1719 1296 τὶ

1836 1245 2151 1315 prosternit.

185 1329 404 1400 φρόνημα
437 1328 864 1383 καταϐάλλεται.

239 1422 309 1474 ι’.
347 1420 726 1474 Καταόάλοιτο
746 1421 794 1474 δ’
820 1421 887 1475 ἂν
916 1423 1138 1493 ὁμοίως,
1172 1425 1267 1477 καί.
1292 1422 1374 1488 οἷς
1396 1426 1524 1489 τοὺς
1547 1427 1735 1497 Γραμ-

187 1513 346 1580 ματεῐς
387 1512 480 1564 καὶ
516 1513 851 1583 Φαρισαίους
881 1513 989 1566 τῶν
1045 1514 1318 1568 Ἰουδαίων
1365 1515 1676 1580 ὲταλάνιζεν
1704 1518 1735 1570 6

182 1604 400 1673 Χριστὸς,
433 1605 516 1656 ὅτι
544 1607 658 1656 τῶν
688 1606 806 1674 (46)
835 1607 934 1674 μὲν
960 1606 1262 1676 δεδομένων
1290 1608 1472 1672 αὐτοῖς
1494 1609 1734 1678 ἠμέλουν

184 1695 352 1764 νόμων,
390 1695 486 1756 τὰς
539 1695 600 1748 δὲ
657 1696 800 1759 ἰδίας
832 1696 1148 1767 ἔμπροσθεν
1195 1695 1352 1771 ἦγον.
1410 1701 1558 1754 Οὐαί,
1599 1701 1719 1773 γὰρ,

1834 1698 2115 1752 ratiocinia
2161 1714 2256 1752 sua
2290 1699 2499 1768 potiora
2526 1698 2836 1753 ducebant:
2885 1695 2974 1749 lia:
3007 1695 3175 1759 enim,
3212 1693 3412 1761 inquit,

183 1787 336 1855 φησιν,
369 1786 532 1854 ὑμῖν,
563 1786 780 1856 ὁδηγοὶ
822 1789 920 1842 καί
954 1791 1174 1859 τυφλοὶ
1205 1795 1259 1845 οἱ
1291 1792 1596 1861 λέγοντεςο
1633 1795 1719 1858 Ὃς

1833 1790 1996 1854 vobis,
2026 1789 2177 1842 duces
2207 1799 2255 1842 et
2275 1787 2417 1852 cu'c'i,
2444 1791 2533 1858 qui
2556 1789 2730 1842 dicitis
2769 1801 2785 1840 :
2817 1785 3126 1855 Quicunque
3146 1785 3415 1852 juraverit

183 1877 244 1974 er
265 1878 436 1974 dm
465 1878 548 1974 £1:
569 1875 656 1943 τῷ
680 1877 802 1943 ναῷ
824 1879 1008 1933 οὐδέν
1032 1856 1223 1934 ἐστιν·
1257 1880 1326 1947 ὃς
1352 1856 1403 1934 δ’
1433 1881 1513 1936 ἂν
1534 1856 1719 1952 ea...

1831 1898 1924 1950 per
1955 1881 2226 1950 templum,
2263 1882 2394 1935 nihil
2415 1890 2519 1946 est;
2549 1881 2637 1947 qui
2664 1896 2784 1932 vero
2808 1878 3072 1948 juraverit
3104 1893 3196 1946 per
3224 1891 3417 1928 aurum

180 1967 236 2017 ἐν
253 1967 322 2030 τῷ
352 1967 559 2034 χρυσῷ
601 1967 714 2020 τοῦ
737 1967 910 2032 ναοῦ,
946 1968 1177 2037 ὀφείλει
1199 2011 1214 2034 ,
1246 1971 1530 2024 τουτέστιν
1559 1971 1719 2025 ὑπεύ-

1830 1975 2027 2041 templi,
2043 1975 2189 2028 debet
2211 1975 2273 2027 ³³.
2297 1973 2407 2029 lloc
2419 1983 2520 2038 est,
2538 1972 2753 2029 crimini
2769 1980 2852 2026 est
2870 1970 3141 2025 obnoxius
3156 1983 3416 2037 tanquam

182 2058 307 2119 0w};
353 2059 461 2110 ἐστι
493 2057 680 2126 δίκης,
707 2057 784 2121 ὡς
811 2059 1138 2132 παραϐάτης
1179 2062 1365 2132 ὅρκου,
1405 2059 1538 2116 Εἶτα
1562 2065 1719 2133 ὁρᾶτε

1830 2077 2201 2139 transgressor
2231 2067 2551 2135 juramenti.
2594 2065 2821 2128 Deinde,
2863 2063 3044 2118 videte
3086 2059 3416 2132 magnitudi-

1905 1423 2074 1477 XXX.
2114 1421 2498 1478 Prosternetur
2549 1438 2678 1478 vero
2721 1437 2786 1477 ea
2834 1420 3090 1475 similiter
3135 1434 3233 1489 per
3279 1419 3413 1484 ista,

1833 1515 2032 1584 quibus
2058 1515 2308 1569 Christus
2330 1514 2549 1570 Scribas
2569 1524 2625 1570 et
2655 1514 2956 1568 Pharisaeos
2979 1512 3292 1566 Iudaeorum
3315 1512 3417 1565 mi-

1834 1622 1986 1661 seros
2014 1607 2390 1675 proclamavit,
2413 1607 2538 1676 quia
2567 1607 2713 1676 leges
2745 1604 2876 1674 ipsis
2905 1604 3058 1656 datas
3081 1602 3416 1670 negligentes

180 2152 228 2203 τὸ
249 2150 454 2221 μέγεθος
475 2150 642 2220 ὑμῶν
677 2151 775 2220 τῆς
808 2150 1016 2222 πλάνης
1037 2193 1052 2216 ,
1083 2155 1188 2208 κᾶν
1219 2154 1336 2219 νῦν,
1379 2157 1428 2208 εί
1478 2157 1553 2228 μὴ
1588 2157 1726 2226 πρό-

181 2257 324 2310 τερον.
357 2240 582 2307 Ἐπάγει
616 2240 725 2311 τὰρ
760 2244 882 2304 ταῖς
928 2243 1332 2312 προλαϐοῦσαις
1371 2248 1727 2317 ὲπιτιμήσεσι

185 2333 446 2386 καὶταῦτα·
475 2335 684 2402 Μωροὶ
710 2334 811 2387 καὶ
842 2335 1086 2403 τυφλοί,
1118 2338 1206 2402 τίς
1235 2336 1449 2405 μείζων
1471 2339 1664 2404 ἐστίν,
1693 2342 1726 2393 ὀ

183 2423 388 2492 χρυσὸς,
411 2424 450 2492 ἢ
479 2426 514 2478 ὀ
539 2424 694 2492 ναὸς
719 2425 971 2495 ἁγιάζων
991 2427 1100 2480 τὸν
1125 2428 1363 2496 χρυσόν
1383 2443 1404 2492 ;
1432 2429 1545 2498 Οὐχ
1570 2429 1725 2497 ἆγιον

185 2515 315 2583 μὸνον
340 2516 423 2569 τὸν
447 2516 680 2587 νομικὸν
704 2517 853 2584 ναὸν,
875 2519 1014 2572 ἀλλὰ
1040 2521 1134 2574 καὶ
1163 2521 1262 2591 τὴν
1294 2521 1401 2591 γῆν
1434 2523 1722 2592 ἁγιότητος

183 2608 256 2660 καί
276 2608 540 2675 γινώσκων
597 2610 692 2662 καὶ
735 2610 1052 2666 ἀποκαλῶν.
1119 2613 1258 2665 Ἀλλ’
1308 2614 1340 2665 ὁ
1387 2615 1484 2684 μὲν
1532 2615 1726 2685 Σωτὴρ

187 2700 392 2770 τοιαύτην
414 2701 599 2769 ἀφῆκε
628 2700 812 2772 ψῆφον
841 2703 971 2774 περὶ
997 2702 1094 2756 τοῦ
1115 2703 1267 2756 ναοῦ·
1296 2706 1458 2774 ὑμεῖς
1485 2705 1530 2758 δ’
1561 2706 1730 2759 αὑτὸν·

186 2793 230 2843 οὐ
253 2791 478 2860 φρίττετε
505 2792 873 2864 καθυϐρίζειν
897 2797 998 2866 τὴν
1025 2795 1260 2867 ἐσχάτην
1283 2795 1464 2866 ὖῦριν,
1487 2797 1724 2870 πολεμίᾳ

188 2884 627 2952 προσανατιθέντες
661 2886 826 2957 χειρί.
859 2887 972 2940 Καὶ
995 2887 1135 2941 τίσιν
1160 2888 1226 2941 ἂν
1259 2887 1461 2956 μᾶλλον
1482 2889 1568 2954 τὸ,
1598 2906 1721 2956 μω-

181 2976 252 3044 poi
277 2977 360 3030 καὶ
388 2979 605 3046 τυφλοὶ
631 3018 647 3043 ,
694 2978 1028 3048 ὲφαρμόσειε
1054 3019 1070 3045 ,
1097 2981 1212 3043 τοῖς
1252 2980 1574 3050 τετιμηκὸσι
1622 2980 1722 3049 μὲν

186 3068 241 3131 ὡς
266 3069 430 3135 ἁγίους
461 3071 671 3140 ἄμφω,
705 3071 1142 3142 προτετιμηκὸσι
1189 3071 1247 3124 δὲ
1285 3071 1380 3123 τὸν
1428 3072 1651 3142 χρυσὸν,
1686 3070 1718 3142 ἢ

1829 2176 1954 2214 nem
1984 2159 2186 2214 erroris
2215 2157 2383 2212 vestri
2413 2157 2499 2211 vel
2529 2171 2707 2218 nunc,
2741 2155 2785 2210 si
2819 2154 3002 2208 minus
3032 2162 3215 2206 antea.
3249 2150 3417 2205 Addit

1827 2253 1972 2306 enim
2014 2249 2449 2320 praecedentibus
2475 2246 2952 2316 objurgationibus
2982 2253 3037 2298 et
3067 2245 3168 2297 ista
3201 2260 3214 2294 :
3251 2239 3416 2296 Slulti

1825 2354 1875 2398 et
1899 2343 2044 2402 (reci,
2074 2343 2198 2412 quid
2233 2340 2410 2410 majus
2452 2349 2550 2398 est.
2578 2353 2837 2392 aurumne
2869 2353 2939 2389 an
2974 2333 3243 2403 templum,
3276 2331 3416 2402 quod

1824 2435 2120 2502 sanctiﬁcat
2156 2449 2348 2486 aurum
2383 2431 2465 2483 3‘*‘?
2502 2430 2592 2483 ubi
2627 2445 2734 2481 non
2783 2428 2959 2482 solum
3006 2425 3267 2495 templum
3309 2423 3414 2477 sub

1825 2526 1942 2595 lege
1996 2534 2263 2578 structum
2307 2532 2580 2585 sanctum,
2621 2521 2714 2575 sed
2761 2529 2816 2574 et
2856 2529 3056 2572 terram
3106 2514 3413 2571 sanctitatis

1824 2619 2041 2689 plenam
2075 2615 2324 2686 agnoscit
2357 2626 2413 2669 et
2443 2613 2697 2682 appellat.
2727 2610 2835 2665 Sed
2865 2610 3009 2663 hanc
3038 2608 3257 2678 quidem
3283 2621 3415 2660 sen-

1825 2711 2054 2765 tentiam
2104 2709 2172 2763 de
2223 2707 2425 2776 templo
2473 2706 2730 2759 Servator
2779 2703 2883 2758 fert
2979 2699 3090 2755 Vos
3137 2714 3268 2753 vero
3301 2713 3410 2751 nou

1823 2801 2090 2858 veremini
2131 2801 2365 2854 maxima
2414 2799 2546 2852 illud
2601 2795 2899 2866 ignominia
2935 2792 3190 2852 allicere,
3227 2789 3413 2843 hostili

1821 2893 2011 2948 manui
2041 2899 2325 2962 acceptum
2365 2891 2637 2945 ferentes?
2669 2888 2734 2943 Et
2762 2890 2829 2942 ad
2861 2903 2998 2956 quos
3037 2885 3207 2956 magis
3251 2898 3414 2937 voces

1821 2985 1962 3049 illas,
2002 2984 2148 3038 stulti
2173 2992 2221 3037 et
2244 2983 2370 3036 σιεσὶ
2390 3021 2407 3046 ,
2452 2981 2653 3035 referat
2686 2980 2754 3034 ad
2787 2993 2954 3033 eosne
2983 2977 3074 3046 qui
3111 2987 3411 3044 utrumque

1822 3087 1882 3130 ut
1914 3084 2163 3130 sanctum
2211 3075 2436 3137 colunt,
2472 3088 2665 3126 aurum
2706 3086 2840 3126 vero
2875 3069 3201 3139 praeferunt;
3242 3083 3311 3120 an
3343 3067 3410 3119 ad

184 3162 268 3220 τοῖς
295 3161 378 3212 καὶ
409 3159 500 3214 τὸν
545 3162 680 3214 ναὸν
722 3162 886 3214 αὐτὸν
933 3163 1026 3214 καὶ
1061 3163 1238 3215 πάντα
1290 3162 1358 3215 τὰ
1387 3164 1445 3215 ὲν
1475 3163 1621 3234 αὐτῷ
1652 3166 1718 3234 τῇ

1828 3169 1964 3232 illos,
1997 3169 2091 3239 qui
2127 3176 2185 3223 et
2225 3166 2485 3236 templum
2522 3165 2720 3233 ipsum,
2775 3171 2830 3217 et
2867 3162 3051 3216 omnia
3085 3176 3203 3230 qum
3247 3161 3302 3213 in
3344 3174 3411 3213 eo

187 3249 440 3320 βλασφήμῳ
493 3251 775 3304 διασπῶσι
835 3252 1074 3327 γλώττῃ,
1126 3254 1224 3307 καὶ
1286 3253 1362 3324 μὴ
1419 3255 1715 3324 πεφρικόσι

185 3341 394 3411 ὰρρήτοις
420 3342 614 3415 ὕϐρεσι
649 3346 1042 3410 καταπλύνειν,
1071 3348 1166 3399 καὶ
1195 3347 1590 3418 ’διωθουμένοις
1617 3351 1716 3419 τῆς

187 3433 474 3505 ἀγαθουργοῦ
493 3437 754 3508 προνοίας
772 3439 856 3501 εἰς
875 3439 975 3509 τὴν
993 3439 1368 3493 ἀνυπόστατον
1390 3441 1490 3511 τῆς
1509 3459 1713 3513 τυραν-

185 3522 292 3587 νίδος
317 3526 564 3582 ἐπίνοιαν.
595 3523 754 3581 Εἶτα·
779 3529 888 3583 Καὶ
914 3528 982 3594 ὃς
1001 3528 1048 3597 (4
1059 3530 1111 3599 7)
1139 3530 1190 3583 δ’
1213 3530 1291 3584 ἂν
1319 3533 1513 3602 ὀμόσῃ
1539 3535 1610 3587 ἐν
1636 3532 1716 3599 τῷ

189 3618 561 3686 θυσιαστηρίῳ,
589 3619 776 3675 οὐδέν
798 3621 972 3675 ἐστιν
995 3638 1010 3654 σ
1043 3622 1112 3689 ὃς
1132 3626 1186 3676 δ’
1221 3623 1299 3677 ἂν
1327 3625 1519 3694 ὀμόσῃ
1546 3625 1616 3680 ὲν
1635 3625 1716 3691 τῷ

188 3705 312 3774 δώρῳ
331 3709 406 3776 τῷ
441 3711 649 3765 ἐπάνω
687 3713 796 3766 τοῦ
826 3717 1284 3784 θυσιαστηρίου,
1321 3717 1565 3786 ὀφείλει.
1604 3720 1714 3772 Καὶ

188 3802 276 3862 ταῖς
298 3801 424 3868 ίσαις
462 3804 776 3875 παροινίαις
813 3807 905 3877 ῐση
936 3807 1100 3862 πάλιν
1125 3809 1220 3861 καὶ
1249 3811 1283 3878 ἡ
1314 3810 1710 3881 παρατίμησις.

191 3894 344 3961 Μωροί
368 3896 460 3951 καί
486 3898 713 3966 τυφλοί
725 3897 747 3950 !
767 3899 826 3952 τί
852 3900 964 3967 γὰρ
987 3899 1186 3969 μεῖζον
1206 3940 1221 3962 ,
1245 3900 1314 3953 τὸ
1341 3900 1551 3968 δῶρον,
1581 3902 1619 3970 ἢ
1649 3903 1714 3955 τὸ

193 3985 575 4056 θυσιαστήριον
605 3989 676 4043 τὸ
707 3987 948 4058 ἁγιάζον
983 3990 1050 4042 τὸ
1080 3989 1313 4059 δῶρον;
1363 3993 1437 4044 Οὐ
1467 3993 1558 4044 τὸν
1587 3993 1714 4046 ναὸν

191 4074 331 4144 μόνον,
361 4079 487 4133 ἀλλὰ
530 4080 630 4134 καὶ
653 4081 716 4134 τὸ
759 4081 1145 4152 θυσιαστήριον
1191 4081 1462 4153 πηγάζειν
1487 4083 1661 4153 λέγων
1686 4087 1714 4137 δ

187 4165 335 4238 Σωτὴρ
356 4171 445 4241 τῆς
472 4173 786 4243 ἁγιότητος,
820 4176 916 4228 καὶ
963 4174 1094 4244 ἅγια
1131 4175 1231 4245 μὲν
1281 4174 1497 4229 ἅπαντα
1523 4177 1591 4228 τὰ
1618 4175 1712 4228 τοῦ

191 4256 319 4325 ἱεροῦ·
344 4267 533 4335 μετοχῇ
568 4264 629 4317 δὲ
675 4265 769 4318 καὶ
802 4266 1086 4335 μεταδόσει
1128 4268 1196 4319 τὰ
1242 4265 1343 4337 μὲν
1388 4267 1499 4321 τῶν
1543 4267 1714 4336 ἁγίων

188 4348 260 4417 τὴν
280 4353 480 4424 πρώτην
512 4357 593 4418 είς
634 4355 801 4427 τιμὴν
831 4355 1184 4428 ἐκληρώσατο
1207 4358 1383 4423 τάξιν,
1414 4359 1488 4411 τὰ
1511 4358 1567 4411 δὲ
1595 4359 1716 4412 δευ-

188 4440 376 4509 τερεύει.
412 4446 518 4500 Καὶ
553 4446 682 4509 τοὺς
724 4446 1014 4511 Ἰουδαίους
1045 4450 1144 4519 οὐχ
1175 4449 1256 4502 ὅτι
1303 4451 1712 4522 πεπαρῳνήκα-

1825 3269 2017 3324 erant,
2050 3261 2236 3330 lingua
2277 3257 2541 3312 maledica
2590 3254 2989 3324 proscindunt,
3023 3268 3125 3305 nec
3175 3250 3412 3304 infandis

1824 3355 2090 3410 conviciis
2117 3363 2382 3408 temerare
2417 3351 2664 3413 horrent,
2696 3364 2759 3403 ac
2793 3363 2822 3401 a
2857 3345 3200 3417 providentia
3237 3350 3410 3398 bene-

1823 3447 1924 3500 ﬁca
1944 3447 2009 3500 ad
2031 3460 2202 3498 vanos
2219 3441 2525 3514 tyrannidis
2538 3448 2835 3509 conceptus
2860 3437 3174 3507 propellunt
3191 3433 3411 3504 ?Pergit

1825 3537 2088 3591 Dominus
2107 3554 2120 3590 :
2139 3535 2205 3590 Et
2221 3533 2580 3604 quijuraverit
2601 3549 2694 3600 per
2712 3531 2903 3593 altare,
2923 3528 3134 3582 nihilest
3151 3545 3168 3580 :
3184 3527 3274 3597 qui
3292 3541 3410 3579 vero

1816 3626 2082 3696 juraverit
2112 3641 2204 3693 per
2227 3622 2422 3675 donum
2452 3674 2463 3685 ,
2492 3620 2633 3689 quod
2663 3626 2737 3672 est
2763 3634 2919 3683 super
2944 3615 3130 3679 altari,
3165 3613 3310 3666 debet
3338 3611 3409 3664 ³⁵.

1824 3714 2004 3770 Simili
2030 3714 2156 3768 huic
2183 3709 2487 3765 insolentiae
2509 3708 2706 3762 similis
2731 3705 3051 3776 impingitur
3077 3702 3406 3772 obiurgatio.

1821 3806 1985 3862 Stulli
2010 3816 2057 3859 et
2085 3805 2243 3859 cceci!
2265 3805 2392 3874 quid
2415 3804 2556 3857 enim
2582 3800 2758 3870 majus
2782 3807 2878 3856 est,
2916 3797 3113 3850 donum
3136 3811 3206 3847 an
3228 3793 3412 3846 altare

1824 3899 1962 3970 quod
1990 3897 2290 3966 sanctificat
2315 3897 2507 3949 donum
2529 3894 2596 3946 ⁸⁵.
2618 3893 2697 3947 lbi
2723 3891 2982 3945 Servatur
3004 3902 3113 3940 non
3146 3885 3413 3954 templum

1823 3992 2021 4052 solum,
2062 3990 2157 4044 sed
2187 3995 2241 4042 et
2272 3988 2444 4041 altare
2475 3985 2680 4040 fontem
2714 3999 2834 4038 esse
2868 3983 2944 4036 ait
2981 3978 3308 4035 sanctitatis.
3345 3975 3415 4030 Et

1824 4092 2010 4137 sancta
2043 4081 2260 4151 quidem
2293 4090 2452 4134 erant
2497 4077 2678 4132 omnia
2715 4092 2832 4145 qua:
2867 4073 2923 4128 in
2954 4073 3362 4146 temploerant
3395 4089 3408 4121 :

1823 4172 1878 4225 in
1931 4170 2386 4226 communicanda
2425 4184 2558 4223 vero
2596 4175 2650 4221 et
2695 4163 3070 4221 distribuenda
3118 4163 3419 4216 sanctitate-

1821 4264 1925 4318 alia
1981 4263 2201 4332 quidem
2251 4262 2486 4332 primum
2537 4260 2716 4313 locum
2793 4257 2983 4312 sortita
3049 4265 3238 4316 erant,
3307 4253 3414 4306 alia

1821 4355 2141 4410 secundum.
2175 4353 2240 4409 Et
2267 4354 2493 4410 Judmos
2519 4353 2761 4424 quidem,
2802 4367 2916 4405 non
2949 4356 3093 4420 quod
3121 4356 3414 4402 contume-

1820 4445 1987 4501 liosos
2003 4461 2062 4500 se
2077 4445 2132 4499 in
2149 4460 2212 4500 ea
2228 4445 2615 4516 praestiterant,
2638 4445 2733 4498 sed
2761 4444 2904 4512 quod
2922 4441 3174 4496 ordinem
3205 4439 3408 4492 immu-

190 4545 251 4582 σιν
270 4531 364 4602 (48)
393 4536 450 4588 ὲν
492 4538 698 4602 αὐτοῖς,
729 4537 844 4592 ἀλλ’
869 4541 950 4592 ὅτι
993 4539 1093 4611 τὴν
1131 4539 1282 4604 τάξιν
1307 4542 1712 4613 τετολμήκασιν

1828 4547 1936 4593 Lare
2003 4540 2124 4593 ausi
2179 4546 2380 4603 erant,
2451 4539 2539 4591 lux
2590 4536 2820 4602 mundi,
2884 4531 3258 4589 substantialis
3311 4528 3412 4582 Dei

190 4620 404 4692 ἀμεῖψαι,
441 4629 500 4682 τὸ
545 4628 644 4682 τοῦ
687 4631 894 4700 κόσμου
949 4631 1101 4700 φῶς,
1145 4633 1572 4702 ὴὲνυπόστατος
1621 4637 1716 4690 τοῦ

188 4711 288 4764 θεοῦ
314 4717 458 4786 σοφία
481 4761 497 4786 ,
526 4720 762 4787 τυφλοὺς
808 4722 901 4774 καὶ
937 4723 1154 4792 μωροὺς
1198 4725 1575 4789 καταδικάζει.
1606 4728 1717 4780 Καὶ

191 4803 211 4851 ὁ
234 4805 311 4872 μὲν
332 4810 412 4863 τὸν
431 4812 649 4884 Πατέρα
677 4814 858 4878 καλῶς
887 4814 1064 4880 εἰδὼς,
1099 4815 1311 4881 Οὐδεὶς
1333 4819 1442 4887 γὰρ
1463 4814 1588 4872 οἵδε
1610 4819 1718 4873 τόν

193 4895 401 4966 Πατέρα,
434 4907 484 4958 ει
516 4905 604 4974 μὴ
631 4909 665 4959 ὀ
709 4906 840 4972 Υἱὸς
869 4907 969 4960 καὶ
999 4899 1048 4974 ᾦ
1075 4906 1183 4960 ἐὰν
1234 4910 1268 4960 ὀ
1317 4909 1450 4974 Υἱὸς
1486 4909 1714 4963 ἀποκα-

346 5007 360 5020 ⁶
394 4991 542 5060 οὗτος
575 4999 675 5068 τὴν
712 4999 875 5069 χάριν
913 5001 1045 5070 ἡμῖν
1077 4999 1153 5070 τῷ
1193 4999 1445 5071 πατρικῷ
1477 5001 1591 5071 ναῷ
1622 5004 1717 5057 καί⁵

265 5079 604 5158 θυσιαστηρίῳ
645 5088 1048 5159 παραγυμνῶν,
1077 5089 1217 5142 αὐτὰ
1256 5090 1350 5142 καὶ
1381 5090 1720 5160 μεταδιδόναι

195 5173 273 5223 τῶν
308 5173 574 5248 ἁγιασμῶν
625 5179 951 5236 ἐκδιδάσκει.
1001 5180 1073 5232 Σὺ
1102 5179 1180 5245 δὲ,
1229 5178 1306 5234 ib!
1353 5181 1407 5233 τί
1457 5198 1515 5234 σε
1545 5181 1611 5234 ἄν
1636 5199 1720 5246 τις

198 5259 326 5315 εἰπὼν
353 5269 507 5335 ἀξίως
555 5273 888 5340 προσείποι;
929 5273 992 5326 τὸ
1033 5273 1143 5346 γὰρ
1180 5273 1590 5345 ἀνυπέρϐλητον
1624 5276 1721 5345 τῆς

1826 4633 2112 4702 sapientia,
2139 4647 2313 4687 caecos
2349 4639 2404 4686 et
2438 4631 2632 4686 stultos
2655 4629 2912 4699 appellat.
2957 4628 3027 4681 Et
3063 4625 3152 4694 qui
3189 4623 3414 4677 Patrem

1823 4724 1963 4778 bene
1984 4731 2146 4777 norat
2179 4741 2194 4776 :
2227 4723 2394 4776 Nemo
2429 4723 2566 4776 enim
2596 4722 2817 4776 Patrem
2847 4720 2986 4774 novit
3015 4718 3115 4770 nisi
3141 4715 3328 4778 Filius,
3359 4722 3412 4767 et

1823 4815 1908 4867 cui
1947 4813 2120 4866 Filius
2168 4812 2578 4877 revelaverit“;
2618 4811 2706 4865 hic
2735 4809 2978 4880 gratiam
3027 4804 3188 4859 nobis
3233 4802 3417 4856 Patris

1823 4921 1920 4978 per
1948 4907 2211 4977 templum
2241 4915 2295 4963 et
2320 4906 2490 4960 altare
2520 4904 2916 4974 explicaturos,
2943 4900 3124 4962 docet,
3151 4897 3240 4950 illa
3273 4895 3408 4950 alias

1774 5003 1777 5005 ’
1824 5019 2041 5075 quoque
2068 5018 2156 5058 res
2186 5003 2493 5058 sanctitatis
2521 5000 2815 5072 participes
2843 4997 3096 5053 reddere.
3137 4993 3220 5048 Tu
3251 5008 3414 5057 vero,

1824 5103 1881 5149 at
1917 5112 2026 5165 quo
2055 5094 2279 5151 nomine
2309 5104 2362 5150 te
2401 5095 2565 5165 digne
2609 5092 2743 5147 satis
2776 5090 3064 5161 quisquam
3106 5086 3408 5156 exceperit,

1824 5202 1948 5241 cum
1996 5187 2378 5256 insuperabilis
2426 5186 2653 5240 audacia
2709 5192 2763 5239 te
2807 5184 2967 5255 longe
3007 5182 3146 5235 ultra
3181 5180 3414 5234 stultum.

1826 5285 1881 5331 et
1910 5292 2116 5332 caecum
2160 5279 2389 5333 evehat!
2424 5276 2545 5331 Non
2589 5277 2798 5332 vereris
2843 5291 2935 5331 res
2968 5280 3183 5330 sanctas
3231 5271 3410 5339 primo

249 5401 480 5462 uMatth.
517 5424 680 5475 XXIII,
725 5411 812 5465 16.
887 5411 934 5443 ³⁸
973 5410 1106 5466 ibid.
1147 5412 1203 5467 7.
1280 5412 1325 5445 ³⁵
1355 5411 1488 5467 ibid.
1525 5411 1616 5477 18,
1694 5414 1714 5445 ³

1828 5413 1913 5468 .id.
1948 5414 2036 5469 19.
2117 5414 2160 5446 ετ
2188 5390 2384 5470 Matth.
2420 5433 2498 5483 ιι,
2529 5415 2623 5470 27.

1232 5543 1470 5601 VARbE
1507 5542 1892 5600 LECTIONES
1918 5545 2006 5600 ET
2046 5544 2283 5603 NOTAE.

367 5675 498 5754 Τῷν.
524 5679 612 5754 §ic
637 5682 830 5754 scripsi
860 5698 963 5752 pro
994 5675 1093 5750 ὧν,
1121 5684 1265 5754 quod
1297 5693 1417 5740 erat
1440 5685 1494 5738 in
1534 5699 1641 5739 ms.

197 5743 348 5868 "$2!
530 5743 769 5825 ιὶειιοευί
821 5743 928 5811 ἥδε
976 5743 1090 5825 ιπό
1122 5743 1227 5820 ὧς,
1261 5755 1406 5825 (ιυοά
1451 5755 1713 5812 mendose

1896 5683 2007 5757 (48)
2045 5687 2583 5759 Πεπαρῳνήκασιν.
2638 5687 2719 5759 Ita
2770 5687 3013 5742 scribere
3056 5684 3291 5759 debebat
3338 5684 3407 5738 li-

1821 5760 2076 5842 brarius,
2111 5757 2311 5829 proco
2361 5757 2509 5830 quod
2539 5758 2803 5815 mendose
2849 5757 3094 5813 exaravit
3138 5770 3400 5828 πεπαρνρι

1823 5845 2040 5885 νυκασι.
