3886 6488
190 388 269 451 £53
1180 382 1479 445 CONTRA
1516 383 1976 448 MANICHEOS
2009 387 2242 448 LIBER
2281 384 2379 449 IV.

3288 382 3396 448 254

190 506 237 558 ἐκ
258 499 349 553 τῶν
368 495 815 568 προφητοκτόνων
841 494 1050 565 φύντας
1075 494 1182 548 οὐδ’
1205 498 1288 560 είς
1319 496 1510 561 ποινὰς
1537 498 1714 566 ἄγειν,

1822 507 2074 557 auctores
2108 500 2385 558 homicidii
2420 515 2609 571 poenas
2654 497 2931 562 transfert,
2966 497 3062 551 sed
3103 504 3158 551 ct
3199 513 3397 568 proge-

190 595 295 650 ἀλλὰ
328 593 436 652 ταῖς
472 587 716 661 πρώταις
747 586 1063 651 δεξιοῦσθαι
1096 590 1306 658 τιμαῖς.
1348 588 1407 642 ὐ
1428 589 1485 643 δὲ
1512 590 1717 658 ἀγαθὸς

190 689 263 744 καὶ
287 684 648 755 φιλάνθρωπος
676 679 833 750 ἡμῶν
856 681 1071 751 Σωτὴρ,
1097 681 1193 733 xui
1214 680 1325 734 τῶν
1358 682 1523 735 αὐτοῦ
1556 680 1718 753 θερα-

189 782 361 834 πόντων
385 775 673 844 ἐκδικητὴς
704 774 806 827 οὐκ
865 776 947 837 είς
991 774 1119 838 τοὺς
1179 776 1518 845 αὐτουργοὺς
1557 777 1718 846 μόνον

186 874 269 927 τῶν
294 868 577 940 μιαιφόνων
605 867 700 919 xui
720 867 823 931 τὰς
846 867 947 938 τῆς
966 862 1282 937 μιαιφονίας
1311 868 1544 933 εὐθύνας
1560 886 1627 921 πε
1638 885 1719 940 ρι-

188 965 365 1034 γρὰφει,
392 958 523 1013 ἀλλά
557 958 656 1012 καὶ
703 961 831 1023 τοὺς
892 960 1116 1015 ἐκείνων
1167 962 1366 1024 παῖδας
1401 962 1559 1031 ὄφεις
1616 964 1715 1017 καὶ

187 1055 452 1126 γεννήματα
480 1050 709 1120 ἐχιδνῶν
743 1050 1064 1121 ἀποφαίνων
1093 1051 1339 1118 ἄφυκτον
1365 1053 1550 1116 αὐτοῖς
1585 1061 1720 1108 ανα-

192 1149 340 1219 μένειν
365 1143 456 1215 τὴν
482 1143 709 1210 γέενναν
733 1143 830 1196 τοῦ
857 1142 1028 1213 πυρὸς
1060 1142 1447 1215 προαγγέλλει.
1474 1144 1721 1214 Συνέχων

189 1242 222 1294 δ’
242 1238 307 1291 ἔτι
329 1235 514 1306 μᾶλλον
552 1237 623 1288 τὰ
653 1234 752 1289 νέα
794 1238 909 1298 τοῖς
966 1235 1219 1295 παλαιοῖς
1247 1234 1343 1288 xui
1404 1235 1474 1287 τὰ
1515 1236 1721 1290 παλαιὰ

190 1328 428 1383 συνάπτων
452 1327 566 1389 τοῖς
589 1325 757 1390 νέοις,
780 1325 875 1377 xui
902 1324 965 1377 τὸ
1004 1326 1063 1379 ἐν
1089 1326 1293 1394 ἀμφοῖν
1338 1324 1721 1396 πλημμέλημα

188 1424 239 1476 δι’
266 1423 364 1473 locu
388 1419 601 1480 δεικνὺς
641 1419 726 1481 εἰς
748 1416 1053 1487 καταδίκην
1086 1416 1242 1485 ἆγον,
1277 1416 1346 1470 δι’
1399 1411 1469 1488 ἧς
1514 1418 1609 1470 xui
1651 1417 1721 1471 τὰ

189 1513 263 1581 τῆς
292 1509 458 1578 τιμῆς,
482 1509 669 1570 αὐτοῖς
709 1506 1090 1576 συνεισάγεται
1119 1507 1222 1577 τῆς
1256 1508 1378 1578 ίσης
1409 1510 1506 1561 xui
1530 1508 1723 1579 ὁμοίας

190 1599 466 1671 κληρουχίας
512 1597 938 1667 μετεσχηκότα·
986 1597 1091 1649 Διὰ
1149 1596 1326 1651 τοῦτο
1354 1597 1490 1666 ἐγὼ,
1532 1598 1720 1667 φησὶν,

190 1688 452 1750 ἀποστελῶ
481 1689 634 1756 πρὸς
656 1689 814 1758 ὑμᾶς
854 1689 1166 1758 προφήτας
1207 1690 1307 1742 καὶ
1348 1690 1585 1759 σοφοὺς
1619 1690 1720 1743 καὶ

190 1782 513 1856 τραμματεῖς,
561 1781 664 1835 καὶ
693 1782 763 1845 ἐξ
784 1782 984 1836 αὐτῶν
1021 1782 1437 1852 μαστιγώσετε
1491 1783 1562 1836 ἐν
1589 1782 1721 1849 ταῖς

192 1873 509 1944 συναγωγαῖς
533 1871 728 1941 ὑμῶν,
766 1872 869 1926 καὶ
918 1872 1157 1937 διώξετε
1183 1874 1303 1929 ἀπὸ
1355 1875 1590 1941 πόλεως
1632 1878 1720 1941 είς

191 1967 348 2019 πόλιν.
380 1963 618 2031 Πρόσχες
644 1976 659 1991 ·
697 1962 902 2026 Ὅπως
934 1960 1010 2014 ἂν
1050 1960 1203 2028 ἔλθῃ
1248 1960 1340 2030 ἐφ’
1366 1960 1544 2029 ὑμᾶς,
1599 1959 1723 2015 πᾶν

192 2051 303 2124 αἷμα
333 2053 553 2107 δίκαιον
576 2052 997 2120 ὲκχυνόμενον
1021 2051 1119 2104 ἐπὶ
1145 2050 1256 2119 τῆς
1285 2050 1421 2119 γῆς,
1450 2051 1569 2105 ἀπὸ
1616 2050 1724 2105 τοῦ

193 2146 388 2213 αἵματος
408 2144 585 2196 Ἅϐελ
609 2142 721 2194 τοῦ
742 2141 982 2195 δικαίου
1002 2142 1112 2207 ἕως
1132 2142 1238 2195 τοῦ
1260 2142 1510 2210 αἵματος
1530 2144 1723 2209 Ζαχα-

192 2238 292 2306 ρίου
315 2235 430 2289 υίοῦ
450 2234 780 2301 Βαραχίου,
808 2234 880 2286 ὃν
917 2233 1290 2301 ἐφονεύσατε
1329 2232 1556 2301 μεταξὺ
1611 2232 1721 2286 τοῦ

196 2326 308 2380 ναοῦ
331 2324 542 2378 καὶτοῦ
570 2324 1034 2391 θυσιαστηρίου.
1081 2322 1267 2394 Ὁρᾷς,
1296 2323 1447 2386 ὅπως
1489 2323 1590 2392 τῆς
1627 2323 1728 2376 αύ-

195 2418 269 2487 τῆς
290 2419 482 2485 ἐνόχους
518 2417 616 2469 xui
679 2417 994 2486 μιαιφονίας
1045 2416 1140 2467 xui
1176 2414 1446 2484 τιμωρίας
1480 2414 1719 2483 ἀποφαί-

196 2522 272 2569 νει,
295 2506 388 2557 ὅσοι
401 2522 456 2557 τε
482 2507 583 2569 τὰς
612 2505 995 2574 παλαμναίους
1032 2505 1223 2574 χεῖρας
1245 2503 1390 2556 κατὰ
1442 2503 1553 2556 τῶν
1603 2502 1712 2573 πρὸ

196 2596 269 2664 τῆς
309 2598 505 2667 χὰριτος
560 2596 684 2667 θεῷ
742 2597 1233 2665 εύαρεστησάντων
1281 2595 1717 2660 ἐπανετείναντο,

200 2686 266 2737 καί
287 2685 381 2737 ὅσοι
403 2686 515 2739 κατ’
541 2684 793 2747 ἐκείνων,
821 2679 896 2738 ὧν
922 2686 954 2755 ή
995 2684 1155 2755 χάρις
1180 2683 1243 2736 τὸ
1271 2684 1596 2756 πολίτευμα,
1622 2686 1720 2739 xui

198 2772 267 2836 οὓς
289 2774 425 2838 αὐτὸς
449 2777 528 2838 εἰς
552 2775 655 2839 τὰς
686 2775 794 2828 τῶν
840 2775 1111 2829 Ἰουδαίων
1152 2777 1477 2843 συναγωγὰς
1503 2776 1598 2829 xui
1621 2779 1722 2829 πό-

202 2868 283 2929 λεις
306 2868 390 2937 τὴν
412 2866 689 2936 βασιλείαν
723 2865 891 2919 αὐτοῦ
926 2866 1225 2937 κηρύσσειν
1254 2866 1567 2932 ἀπέστειλε,
1621 2868 1723 2940 τὴν

1819 598 1965 651 niem
1998 612 2187 651 eorum
2227 604 2509 665 serpentes
2562 603 2617 648 et
2664 600 2983 661 serpentum
3026 589 3166 644 fetus
3212 591 3398 658 appel-

1819 690 1972 755 lans,
2021 689 2388 744 inevitabilem
2461 685 2601 757 ignis
2666 685 2971 756 gehennam
3029 700 3122 737 eos
3175 698 3398 736 manere

1819 783 2169 853 praenuntiat.
2208 782 2401 835 Adhuc
2436 794 2566 833 vero
2602 777 2771 848 magis
2802 793 2941 830 nova
2973 792 3096 830 cum
3121 776 3401 829 veteribus

1819 876 2178 947 coniungens,
2239 882 2293 929 et
2335 882 2519 928 vetera
2576 872 2731 925 novis
2788 871 3070 941 adaptans,
3112 879 3276 938 atque
3319 869 3399 933 id,

1819 965 1966 1034 quod
2009 963 2265 1033 utrinque
2300 969 2577 1032 peccatur,
2615 959 2874 1028 aequalem
2915 973 3131 1028 pmnam
3178 972 3397 1027 prome-

1820 1058 1927 1113 reri
1954 1066 2299 1123 ostensurus,
2324 1072 2431 1125 quo
2462 1057 2580 1124 ipso
2619 1053 2781 1108 simul
2821 1051 3194 1115 subinnuitur,
3226 1050 3401 1104 utris-

1819 1163 1927 1218 que
1972 1148 2226 1202 eumdem
2258 1147 2464 1201 cultum
2496 1144 2857 1213 eamdemque
2907 1142 3184 1212 dignitatis
3214 1143 3395 1196 locum

1820 1240 2189 1309 adiudicatum
2246 1253 2367 1292 esse
2405 1255 2418 1291 :
2460 1235 2745 1323 Pr0pterea
2778 1251 2889 1305 ego,
2948 1235 3145 1303 inquit,
3190 1236 3397 1287 mittam

1822 1333 1892 1385 ad
1924 1348 2010 1384 vos
2038 1330 2316 1400 prophetas
2359 1337 2413 1382 et
2436 1329 2717 1397 sapientes.
2750 1335 2798 1379 et
2840 1327 3059 1390 scribas,
3090 1335 3138 1379 et
3180 1342 3243 1378 ex
3292 1325 3405 1379 illis

1822 1423 2099 1477 nonnullos
2138 1422 2344 1475 credetis
2376 1422 2429 1473 in
2478 1421 2755 1489 synagogis
2774 1420 2980 1485 vestris,
3031 1430 3079 1471 et
3122 1436 3399 1489 perseque-

1822 1515 1954 1569 mini
1987 1531 2051 1567 ea:
2102 1530 2208 1565 una
2265 1512 2393 1566 urbe
2435 1512 2493 1565 in
2522 1512 2690 1564 aliam
2710 1513 2795 1577 "°;
2846 1510 3067 1565 attende
3105 1513 3287 1565 nunc!
3337 1512 3399 1566 Ut

1821 1606 1997 1659 veniat
2023 1620 2179 1674 super
2208 1619 2294 1656 vos
2325 1603 2492 1655 omnis
2520 1603 2738 1672 sanguis
2762 1602 2963 1671 justus,
2996 1603 3085 1671 qui
3114 1603 3300 1670 effusus
3326 1613 3400 1654 est

1823 1713 1980 1766 super
2008 1706 2209 1749 terram
2244 1696 2362 1748 inde
2399 1713 2430 1748 a
2457 1697 2714 1765 sanguine
2744 1693 2918 1747 Abelis
2948 1694 3083 1763 justi
3127 1710 3288 1761 usque
3330 1693 3401 1745 ad

1823 1787 2133 1858 sanguinem
2159 1786 2458 1851 Zachariaz,
2489 1785 2588 1853 ﬁlii
2619 1784 2921 1849 Barac/tite,
2954 1801 3108 1853 quem
3142 1784 3404 1835 occidistis

1820 1884 1965 1933 intra
1996 1876 2247 1944 templum
2274 1884 2322 1929 et
2353 1874 2525 1928 altare
2544 1874 2610 1928 “.
2636 1872 2897 1938 Videsne,
2926 1874 3203 1943 quomodo
3224 1873 3405 1927 eidem

1817 1981 1873 2027 et
1905 1970 2039 2025 caedi
2069 1979 2126 2024 et
2149 1984 2326 2038 paenae
2356 1967 2624 2021 obnoxios
2647 1966 2987 2036 pronuntiet,
3015 1975 3131 2020 tum
3161 1980 3279 2030 eos,
3308 1964 3405 2034 qui

1818 2058 2017 2128 impias
2068 2071 2265 2111 manus
2298 2055 2605 2109 intulerunt
2648 2054 2714 2107 iis
2743 2051 2990 2122 quiante
3042 2052 3229 2121 gratiae
3262 2060 3409 2105 tem-

1818 2165 1921 2220 pus
1966 2150 2076 2203 Deo
2107 2149 2449 2218 placuerunt,
2491 2153 2605 2199 tum
2636 2145 2759 2199 illos
2781 2145 2873 2213 qui
2914 2144 2967 2196 in
3003 2142 3259 2196 homines
3297 2142 3402 2196 sub

1820 2241 1991 2313 gratia
2021 2240 2270 2295 viventes
2309 2253 2514 2306 eosque
2560 2252 2776 2299 omnes,
2838 2251 2979 2306 quos
3011 2236 3129 2306 ipse
3172 2252 3404 2307 regnum

1822 2347 1982 2386 suum
2012 2331 2436 2384 annuntiaturos
2463 2329 2519 2382 in
2551 2329 2714 2382 urbes
2744 2340 2800 2381 et
2829 2344 3129 2399 synagogas
3154 2328 3398 2392 miserat,

1822 2422 2234 2493 sanguinarium
2271 2421 2514 2476 furorem
2563 2419 2897 2475 effuderunt.
2951 2419 3029 2474 Ita
3075 2428 3133 2475 et
3185 2429 3408 2490 tempus

1816 2512 2024 2584 gratiae,
2051 2520 2108 2565 et
2136 2526 2199 2565 ea
2228 2525 2347 2579 quae
2382 2509 2517 2563 illud
2557 2517 2995 2573 antecesserunt,
3031 2509 3308 2563 aestimans
3345 2518 3404 2565 et

1815 2598 2001 2670 magni
2041 2597 2250 2652 faciens
2273 2597 2454 2661 Jesus,
2498 2597 2786 2666 utriusque
2819 2604 3011 2651 auctor
3047 2604 3102 2649 et
3129 2597 3401 2660 conditor,

1817 2698 1874 2744 et
1926 2690 2128 2758 ubique
2172 2689 2461 2758 utriusque
2514 2687 2938 2743 consensionem
2986 2688 3290 2752 stabiliens,
3342 2704 3407 2743 ac

1818 2777 2011 2834 eodem
2038 2777 2188 2832 cultu
2219 2777 2597 2846 prosequenda
2621 2778 2945 2840 ostendens,
2965 2791 3184 2831 omnem
3212 2777 3411 2846 impie-

1821 2870 1949 2925 tatis
1987 2877 2313 2939 praztextum
2343 2868 2679 2938 praescindit.

200 2934 435 3030 αἱμώόρον
465 2959 673 3014 λύσσαν
720 2934 1106 3030 ἐναπεχέαντο.
1154 2959 1340 3022 Οὕτως
1395 2960 1496 3031 τὴν
1552 2934 1713 3031 χάριν
1752 2963 1847 3016 xui
1880 2963 1949 3016 τὰ
1983 2934 2090 3033 πρὸ
2148 2962 2248 3032 τῆς
2270 2934 2492 3033 χάριτος
2565 2960 2741 3032 τιμῶν
2762 2977 2823 3014 τε
2864 2960 2958 3013 xui
3004 2958 3409 3029 ἀποδεχόμενος
3488 2934 3489 2937 Ἴ

202 3058 466 3127 ὀέκατέρας
490 3059 581 3109 καὶ
612 3054 953 3125 δημιουργὸς
988 3055 1083 3106 xui
1128 3052 1431 3124 νομοθέτης
1495 3056 1589 3109 xui
1632 3055 1723 3111 διὰ
1754 3057 1972 3110 πάντων
2038 3059 2139 3127 τὴν
2204 3055 2384 3109 αὐτῶν
2419 3055 2704 3126 παριστῶν
2756 3054 3100 3124 συμφωνίαν,
3157 3051 3406 3124 μετέχειν

200 3174 243 3208 τε
262 3155 441 3216 δεικνὺς
465 3152 734 3222 ὁμοτίμου
759 3150 1214 3220 σεϐασμιότητος,
1258 3145 1597 3220 πανταχόθεν
1622 3152 1722 3221 τῆς
1752 3153 2008 3215 ἀσεϐείας
2041 3154 2261 3207 ἃπασαν
2287 3151 2562 3223 πρόφασιν
2585 3149 2971 3220 προεκτέμνει.

251 3249 350 3300 AA'.
388 3246 524 3299 Ἔδει
553 3245 600 3298 δ’
633 3238 726 3297 οὖν
755 3244 882 3305 τοὺς
921 3242 1258 3305 ἀποστάτας,
1290 3244 1338 3294 εί
1370 3242 1465 3295 xui
1509 3243 1584 3313 μὴ
1617 3243 1716 3313 τὴν

1892 3246 2088 3301 XXXI.
2124 3244 2361 3299 Decebat
2401 3243 2564 3312 igitur
2615 3250 2914 3310 apostatas,
2968 3238 3183 3293 etiamsi
3235 3253 3407 3292 unum

206 3338 300 3405 μίαν
323 3335 474 3405 ἀρχὴν
492 3337 570 3397 εἰς
604 3332 704 3388 δύο
733 3331 1077 3401 διχάζοντας,
1114 3332 1258 3401 μηδ’,
1287 3332 1509 3385 ἐπειδὰν
1530 3332 1599 3385 τά
1628 3331 1722 3385 τοῦ

205 3429 329 3496 νόμου
378 3426 665 3494 διαγελῶσι
710 3426 990 3495 μυστήρια
1049 3422 1250 3493 (καίτοι
1285 3424 1401 3486 πῶς
1440 3424 1725 3494 ἀνειμένος

204 3513 317 3570 εἷπον
337 3518 441 3587 μηδ’
473 3520 640 3586 ἡνίκα
667 3515 766 3586 τὴν
799 3514 976 3568 κτίσιν
999 3514 1162 3585 συλᾷν
1190 3514 1603 3585 ἐπιχειροῦντες
1629 3516 1723 3569 τοῦ

206 3612 391 3676 κτίστου,
415 3611 567 3663 xuxoi
594 3607 769 3662 κακὸν
787 3606 1030 3676 κακίστῳ
1044 3607 1217 3679 δῶρον
1242 3607 1626 3677 προσφέρωσιν
1645 3606 1685 3676 ;)
1707 3623 1722 3640 ο

205 3704 281 3757 ἐδει
303 3705 413 3772 γοῦν
435 3707 635 3767 αὐτοὺς
664 3704 711 3756 εί
742 3704 837 3756 καὶ
878 3704 951 3773 μὴ
985 3704 1072 3755 ἐπ’
1108 3701 1284 3754 οὐδενὶ
1325 3699 1554 3763 τούτων,
1599 3698 1724 3770 μηδ’

207 3790 403 3864 ὲφ“ᾧτοῦ
425 3799 705 3867 προφήτου
736 3794 1041 3864 ὑϐρίζουσι,
1068 3795 1245 3846 καίτοι
1267 3792 1605 3861 τηλικούτων
1625 3791 1725 3861 τὴν

205 3887 381 3939 ἀτοπίαν
406 3886 592 3951 ὄντων,
616 3884 733 3938 ἄλλ’
762 3880 878 3948 οὖν,
918 3883 1134 3937 ἐπειδάν
1163 3900 1227 3951 γε
1245 3884 1305 3936 τὸ
1322 3883 1531 3935 ἑαυτῶν
1567 3882 1726 3951 σῶμα

206 3979 387 4048 πονηρὸν
411 3982 500 4032 xui
532 3980 784 4050 πονηρᾶς
816 3978 1067 4039 πλάσεως
1100 3976 1355 4045 λέγωσιν,
1397 3977 1597 4029 αὐτίκα
1626 3993 1725 4028 xu-

206 4071 454 4127 ταδύεσθαι.
507 4072 669 4127 Ἀλλά
697 4072 800 4124 ποῦ
820 4071 955 4141 γῆς;
989 4072 1182 4139 Ζητεῖν
1210 4070 1266 4122 δὲ
1295 4069 1390 4123 καὶ
1447 4069 1558 4121 τῶν
1590 4069 1724 4121 ὑπο-

207 4160 379 4229 χθονίων
414 4163 510 4216 εἴτι
533 4162 857 4233 βαθύτερον,
879 4161 979 4231 οὐχ
1011 4162 1094 4213 ὅτι
1126 4159 1354 4213 ἐκείνων
1382 4159 1520 4230 πρὸς
1566 4158 1726 4211 ἀθεό-

207 4270 310 4322 τητα
334 4256 474 4309 τοῦτο
504 4256 828 4327 βαρύτερον,
861 4254 978 4307 ἀλλ’
1005 4254 1089 4307 ὃτι
1118 4252 1234 4315 xui,
1260 4252 1324 4305 δι’
1348 4245 1408 4305 οὗ
1432 4254 1530 4321 τὴν
1557 4250 1723 4320 βλάσ-

208 4364 344 4416 φημον
372 4350 542 4421 φωνὴν
571 4350 838 4417 ἀφιεῖσιν,
874 4347 932 4413 ἐξ
981 4346 1141 4399 ἀθέου
1180 4344 1499 4413 πλάσματος
1536 4341 1727 4411 ὁμολο-

206 4439 378 4505 γοῦντες
410 4441 707 4513 λαμϐάνειν
733 4441 793 4493 τὸ
815 4439 1069 4510 δργανον,
1106 4437 1207 4490 οὐκ
1242 4435 1443 4490 αὐτίκα
1473 4435 1725 4503 ῥίπτουσι

208 4533 358 4599 πάντα,
379 4536 464 4590 καὶ
486 4536 750 4606 φεύγουσι
773 4535 872 4603 τὴν
898 4533 1179 4597 ἀσέϐειαν,
1213 4531 1430 4602 ὀργάνῳ
1456 4527 1726 4600 πονηρίας

1826 3337 2157 3409 principium
2215 3338 2271 3390 in
2316 3336 2424 3390 duo
2474 3349 2583 3387 non
2614 3333 3035 3403 distinguerent,
3076 3331 3181 3384 hoc
3214 3331 3407 3384 saltem

1826 3432 2071 3493 nomine,
2102 3430 2323 3499 quando
2349 3428 2483 3498 legis
2510 3426 2766 3497 mysteria
2793 3421 3104 3491 rident(sed
3135 3421 3410 3490 quomodo

1826 3525 1945 3579 haec
1994 3522 2203 3577 facilior
2253 3530 2308 3575 et
2352 3519 2633 3574 remissior
2681 3518 2805 3572 dico
2851 3517 2918 3570 de
2951 3514 3284 3576 hominibus,
3315 3513 3409 3582 qui

1826 3624 2131 3671 creaturam
2166 3612 2445 3668 Conditori
2489 3610 2775 3678 subripere
2810 3608 2927 3661 ausi
2974 3606 3193 3676 pessimi
3229 3604 3409 3674 pessi—

1825 3723 1917 3763 mo
1947 3707 2244 3777 pessimum
2280 3705 2483 3759 donum
2511 3697 2805 3769 oderunt?)
2835 3716 2848 3763 ;
2887 3698 3132 3759 decebat,
3161 3696 3407 3764 inquam,

1826 3815 1941 3864 eos,
1975 3801 2017 3853 si
2062 3799 2146 3853 vel
2198 3796 2431 3850 maxime
2466 3793 2614 3847 nullo
2636 3792 2846 3847 horum
2885 3798 2941 3843 et
2974 3804 3043 3842 ne
3071 3803 3138 3842 eo
3163 3786 3406 3855 quidem,

1825 3891 1968 3961 quod
2000 3889 2294 3960 prephetas
2338 3885 2768 3942 calumniantur,
2801 3881 3032 3936 crimine
3060 3885 3407 3942 tenerentur,

1827 3986 1883 4039 in
1924 3984 2070 4037 omni
2111 3982 2213 4036 ista
2257 3996 2351 4035 sua
2411 3977 2725 4038 insolentia,
2775 3974 2965 4027 saltem
3014 3973 3119 4026 hoc
3156 3971 3402 4035 nomine,

1826 4072 1971 4143 quod
2014 4086 2216 4140 corpus
2260 4084 2419 4123 suum
2472 4069 2677 4121 malum
2731 4073 2787 4119 et
2831 4080 2859 4117 a
2898 4063 3038 4116 mala
3084 4077 3246 4115 manu
3278 4076 3407 4129 pro-

1825 4164 2030 4219 fectum
2082 4162 2295 4223 dicunt,
2331 4159 2620 4214 confestim
2671 4172 2728 4211 se
2777 4172 2887 4225 pra:
2922 4154 3126 4223 pudore
3173 4153 3412 4206 abscon-

1826 4254 1976 4308 dere.
2033 4254 2101 4306 At
2150 4251 2242 4305 ubi
2278 4249 2589 4304 terrarum?
2625 4248 2739 4301 lmo
2770 4261 2899 4300 vero
2934 4244 3310 4305 subterranea,
3357 4249 3414 4295 et

1827 4346 1872 4400 si
1912 4344 2040 4415 quid
2086 4343 2171 4398 liis
2206 4340 2532 4413 profundius
2584 4348 2700 4402 est,
2734 4351 2983 4406 quaerere
3035 4335 3153 4388 loca
3184 4333 3411 4395 debent,

1829 4454 1935 4492 non
1975 4436 2123 4506 quod
2176 4435 2281 4488 hoc
2310 4431 2457 4503 quod
2497 4430 2565 4485 ad
2591 4429 2929 4498 impietatem
2964 4425 3241 4496 prioribus
3291 4438 3414 4492 gra-

1830 4529 1950 4584 vius
1977 4528 2067 4592 sit,
2117 4525 2212 4581 sed
2254 4524 2401 4594 quod
2428 4523 2737 4577 membrum
2769 4518 2921 4577 illud,
2960 4532 3058 4586 per
3080 4516 3226 4586 quod
3248 4528 3413 4568 voces

209 4623 387 4692 βοῶντες
432 4599 522 4692 ὡς’,
559 4599 619 4682 ἐν
661 4622 744 4691 οἷς
776 4599 954 4680 ταῦτα
1002 4599 1359 4694 φθέγγονται,
1402 4599 1719 4692 κέχρηνται.

1830 4623 2180 4692 blasphemas
2203 4620 2481 4683 emittunt,
2510 4616 2578 4670 ab
2606 4614 2773 4684 impia
2815 4610 3022 4682 origine
3045 4626 3105 4665 se
3134 4606 3412 4675 accepisse

215 4714 407 4771 Ἀλλ’ἐτι
434 4719 670 4791 τολμῶσι
698 4718 838 4791 πρὸς
881 4718 949 4771 τὰ
998 4716 1109 4770 τῶν
1161 4714 1466 4787 ἀνθρώπων
1501 4713 1721 4784 βλέπειν

209 4808 438 4874 πρόσωπα.
467 4812 777 4883 Ἄνθρωπε,
801 4810 855 4864 τί
874 4810 1090 4879 λέγεις;
1114 4808 1218 4861 Δύο
1245 4807 1443 4878 ἁρχαί;
1465 4805 1601 4859 ἀλλὰ
1625 4804 1716 4858 διά

207 4898 273 4950 τοῦ
297 4904 501 4973 πονηροῦ
526 4903 701 4958 ταῦτα
733 4902 946 4972 φθέγγῃ
976 4901 1269 4972 στόματος.
1314 4899 1373 4953 Ὁ
1421 4900 1586 4969 νόμος
1616 4915 1717 4951 πο-

209 4986 350 5057 λεμίας
377 4996 557 5067 ἀρχῆς,
586 4997 683 5050 xui
722 4995 1042 5067 μαχομένης
1071 4996 1136 5064 τῇ
1169 4993 1385 5063 χάριτι;
1442 4990 1579 5044 ἀλλὰ
1623 4990 1718 5043 xui

208 5078 325 5134 τοῦτο
345 5085 397 5137 τὺ
420 5087 511 5157 τῆς,
536 5087 809 5158 πονηρίας
838 5086 1128 5156 ἀπήχησεν
1166 5085 1400 5151 ὄργανον
1425 5098 1439 5113 ·
1472 5083 1521 5135 οἱ
1574 5097 1713 5151 προσ

213 5168 335 5238 φῆται
360 5176 535 5248 μοίρας
566 5178 842 5249 χείρονος;
877 5178 943 5230 ἐκ
1001 5175 1096 5228 τοῦ
1150 5173 1318 5228 αὑτοῦ
1354 5173 1455 5243 τῆς
1516 5172 1716 5235 κακίας

213 5261 387 5328 σκεύους
409 5271 494 5322 xui
524 5269 684 5324 τοῦτο
716 5271 1027 5339 προχεῖται.
1059 5268 1133 5321 Τὸ
1159 5267 1319 5338 σώμα
1353 5266 1591 5337 πονηρὸν
1618 5265 1715 5317 xui

215 5356 398 5420 πονηρᾶς
418 5357 801 5429 δημιουργίας;
832 5358 927 5411 xui
963 5358 1015 5410 τί
1058 5357 1131 5429 μὴ
1166 5358 1326 5427 σιγᾷς
1352 5355 1453 5426 τὴν
1485 5355 1725 5425 ἐσχάτην

216 5439 477 5509 «dum
510 5449 589 5501 ἐτι
621 5448 840 5522 φθέγγῃ
874 5452 970 5502 xui
1000 5447 1201 5521 χαρίζῃ
1225 5448 1302 5519 τῷ
1347 5445 1494 5500 οὕτω
1530 5462 1589 5497 σε
1626 5463 1725 5498 που

219 5530 351 5598 νηρῶς
372 5537 451 5588 καὶ
485 5540 893 5611 ἐϐδελυγμένως
951 5540 1346 5611 ὑποστήσαντι,
1398 5539 1541 5594 ὥστε
1584 5536 1720 5609 μηδὲ

219 5618 485 5692 φθέγγεσθαι
520 5633 783 5688 δύνασθαι
817 5633 990 5704 μηδὲν
1039 5634 1177 5697 ὅλως
1231 5634 1527 5706 σωτήριον,
1584 5629 1721 5704 μηδὲ

268 5812 302 5860 ‘9
325 5820 487 5883 Matth.
514 5844 664 5899 mu,
696 5830 785 5888 3i.
866 5830 908 5863 “
940 5830 1075 5886 ibid.
1107 5829 1192 5885 ⁵55.

1826 4715 2164 4787 proﬁtentes,
2199 4727 2310 4765 non
2341 4710 2526 4765 statim
2568 4708 2835 4777 abjiciunt
2901 4703 3081 4759 omnia
3121 4711 3173 4755 et
3214 4699 3414 4768 impie-

1828 4819 1995 4866 tatem
2036 4807 2270 4877 fuginnt,
2323 4805 2623 4858 clamantes
2674 4815 2752 4861 se,
2791 4798 2917 4853 dum
2950 4796 3053 4849 ista
3084 4790 3305 4862 quidem
3334 4788 3415 4843 lo-

1825 4909 2146 4973 querentur,
2183 4898 2402 4952 malitia:
2455 4896 2819 4950 instrumento
2869 4903 3000 4942 usos
3044 4900 3185 4940 esse.
3215 4882 3283 4937 Et
3326 4881 3413 4936 vel

1825 4994 1905 5047 sic
1938 4999 2121 5044 tamen
2156 4986 2409 5040 homines
2439 4983 2525 5037 isti
2565 4983 2617 5035 in
2651 4981 2882 5034 aliorum
2933 4982 3290 5042 conspectum
3325 4985 3418 5025 ve-

1825 5079 1947 5135 nire
1976 5075 2221 5132 audent?
2250 5072 2390 5139 Quid
2432 5071 2531 5136 ais,
2564 5069 2770 5124 homo?
2801 5067 2992 5120 Duone
3048 5070 3177 5118 sunt
3206 5058 3417 5130 princi-

1828 5172 1956 5242 pia?
2006 5171 2102 5226 sed
2159 5178 2215 5223 tu
2262 5166 2482 5237 quidem
2507 5179 2601 5219 ore
2633 5162 2804 5233 impio
2836 5160 2939 5215 ista
2980 5156 3219 5228 profers.
3272 5153 3411 5214 Lex,

1827 5265 2031 5335 inquis,
2080 5271 2167 5317 est
2193 5277 2221 5315 a
2263 5259 2535 5330 principio
2574 5256 2783 5317 hostili,
2822 5263 2878 5309 et
2914 5253 3105 5323 gratia:
3135 5245 3414 5317 opposito,

1825 5357 1923 5411 sed
1968 5356 2198 5409 ethunc
2247 5367 2442 5407 sonum
2512 5349 2732 5403 malitiae
2780 5347 3210 5400 instrumentum
3260 5338 3411 5402 edit;

1824 5446 2109 5516 propheta:
2130 5442 2329 5499 malum
2352 5448 2659 5510 agnoscunt
2679 5434 3002 5491 auctorem?
3026 5431 3095 5485 At
3120 5444 3187 5484 ex
3216 5427 3411 5481 eodem

1824 5536 2046 5591 malitia:
2103 5550 2232 5589 vase
2287 5542 2344 5587 ct
2373 5531 2502 5586 illud
2544 5529 2782 5600 proﬂuit.
2826 5526 3039 5595 Corpus
3082 5529 3165 5576 est
3208 5518 3415 5572 malum

1825 5635 1881 5683 et
1920 5625 2045 5682 mali
2105 5622 2438 5681 conditoris?
2485 5624 2552 5677 Et
2618 5621 2710 5692 qui
2760 5633 2871 5674 non
2915 5616 2983 5672 ad
3007 5622 3312 5670 extremum
3358 5616 3413 5663 te
3472 5634 3479 5675 ,ν
