3886 6486
435 386 543 450 255

1607 390 1873 451 PHOTII
1911 380 2419 449 PATRIARCHzE
2453 382 2566 444 CP.

3591 372 3749 441 256‘

437 501 714 556 silentium
747 501 1052 572 componis,
1090 502 1186 558 sed
1220 502 1402 573 pergis
1425 503 1572 572 loqui
1622 511 1679 557 et
1722 498 2005 574 gratiﬁcari

2117 497 2214 567 τῆς
2252 495 2474 574 βαθείας
2525 491 2699 564 μέθης
2732 491 2827 546 καὶ
2884 488 3239 561 ψευδολογίας
3270 490 3583 563 ἐλεύθερον.
3650 489 3729 541 '0

440 593 536 656 illi,
576 592 667 661 qui
708 592 843 647 adeo
870 593 1073 647 malum
1122 590 1175 648 te
1203 602 1262 649 et
1289 594 1721 649 abominandum
1753 591 2012 656 reddidit,

440 692 499 737 ut
519 682 655 736 nihil
680 683 907 738 omnino
937 683 1055 738 sani
1085 683 1332 754 proferre
1361 685 1558 754 possis,
1586 683 1777 754 quoda
1802 699 2014 739 summa

438 772 651 829 feritate
674 782 731 829 et
763 774 1051 830 mendacio
1078 784 1345 830 remotum
1378 775 1487 830 sit?
1523 775 1767 845 Namque
1793 774 2016 830 malitia:

441 862 732 917 thesaurus
765 879 876 917 non
911 872 1091 934 potest
1120 866 1223 919 nisi
1268 866 1530 919 malitiam
1574 875 1630 920 et
1677 880 1919 919 errorem
1955 874 2015 921 ut

440 951 704 1019 recipere,
764 952 836 1007 ita
894 962 950 1009 et
995 954 1291 1024 proferre:
1345 956 1619 1026 quomodo
1658 957 2016 1028 enimlingua

437 1043 714 1097 mendacis
751 1060 877 1098 vera
903 1046 1120 1105 dixerit.
1151 1055 1249 1100 aut
1290 1047 1567 1116 quomodo
1596 1047 1809 1102 malitia
1839 1049 2016 1103 medi-

437 1142 580 1188 tetur
606 1134 901 1205 quidquam
928 1136 1098 1191 boni?
1137 1136 1482 1192 Mendacium
1513 1139 1803 1194 veritatem
1832 1137 2016 1194 dicere

437 1222 655 1294 refugit.
724 1226 792 1280 Et
856 1228 1130 1296 quomodo
1181 1236 1236 1282 tu
1287 1229 1500 1283 tibimet
1550 1229 1654 1300 ipsi
1699 1228 1879 1283 credis
1934 1228 2016 1283 lo-

2118 587 2230 657 γάρ
2262 570 2531 656 Μηδίας
2559 582 2834 654 θησαυρὸς
2868 582 2969 637 οὐκ
3004 581 3166 649 οἶδεν,
3182 583 3300 638 ἀλλ’
3324 582 3357 653 ἢ
3382 583 3453 637 τὰ
3471 583 3575 652 τῆς
3598 599 3733 635 πο·-

2114 677 2311 748 νηρίας
2324 680 2417 731 καὶ
2453 675 2665 743 πλάνης
2698 675 2890 746 ῶσπερ
2911 674 3294 747 θησαυρίζειν,
3335 674 3479 728 οὕτω
3506 674 3577 744 δὴ
3604 670 3731 725 καὶ

2116 767 2545 840 προσάλλεσθαιο
2587 768 2620 838 ή
2648 767 2743 821 τοῦ
2773 765 3011 836 ψεύστου
3039 767 3264 836 γλῶσσα
3291 767 3412 830 πῶς
3461 766 3534 821 ἂν
3567 766 3731 834 ἀλήσ-

2116 862 2268 916 θειαν
2295 861 2468 928 εἰποι;
2498 862 2531 931 ἡ
2557 858 2793 931 πονηρία
2815 858 2935 923 πῶς
2950 860 3198 929 ὲννοήσοι
3219 859 3317 930 τὴν
3343 858 3675 930 άγαθότητα
3698 874 3719 919 ;

2113 955 2179 1010 τὸ
2204 954 2402 1026 ψεῦδος
2431 954 2614 1022 λέγειν
2655 954 2851 1023 φεύγει
2879 952 2977 1024 τὴν
3012 952 3297 1024 ἀλήθειαν.
3329 952 3443 1007 Καὶ
3477 953 3601 1017 πῶς
3641 955 3726 1007 σὺ

2119 1045 2302 1117 σαυτῷ
2358 1046 2639 1107 πιστεύεις
2708 1043 2945 1112 λέγοντι,
2999 1043 3096 1097 τοῦ
3146 1042 3377 1113 ψεύδους
3433 1043 3730 1116 ὑπάρχων

2118 1138 2506 1209 ἐργαστήριον.
2550 1133 2695 1204 Ἐγὼ
2741 1134 2798 1188 δέ
2828 1152 2889 1188 σε
2917 1137 3140 1207 φρονεῖν
3176 1134 3460 1199 τάναντία,
3491 1130 3573 1189 ῶν
3616 1135 3731 1187 λέ-

2115 1247 2256 1298 γεις,
2287 1227 2468 1293 ἐξιὼν,
2503 1228 2601 1281 καὶ
2636 1226 2896 1297 νομίζων,
2951 1226 3086 1280 πολὺ
3135 1227 3584 1296 σωφρονέστερον
3640 1226 3729 1282 ἂν

434 1316 643 1386 quenti,
676 1333 799 1372 cum
844 1319 1115 1374 mendacii
1172 1321 1250 1375 sis
1294 1321 1765 1375 instrumentum?
1799 1320 1857 1375 Si
1885 1335 2005 1376 vero

2117 1322 2212 1375 καὶ
2274 1317 2638 1389 συνετώτερον
2710 1318 2940 1383 είσάγω,
2997 1317 3031 1389 ῆ
3090 1319 3229 1380 εῐτις
3292 1334 3352 1371 σε
3414 1319 3718 1389 στέργειν,

435 1422 538 1477 ego
563 1408 759 1479 largiar
789 1418 847 1463 et
874 1411 1068 1480 opiner
1108 1419 1161 1466 te
1220 1412 1381 1483 longe
1413 1412 1571 1467 aliter
1594 1412 1800 1468 sentire
1852 1427 2005 1482 quam

2117 1411 2152 1466 ἃ
2205 1411 2409 1481 λέγεις,
2462 1410 2697 1481 τίθησιν.
2750 1410 2816 1463 Εί
2852 1409 2962 1479 γάρ
3012 1410 3079 1464 ἑκ
3133 1409 3395 1481 πονηρῶν
3441 1410 3723 1479 ὁργάνων

435 1496 695 1568 loqueris,
720 1500 892 1555 multo
925 1511 978 1556 te
1011 1510 1067 1556 et
1101 1503 1491 1572 sapientiorem
1524 1511 1582 1559 et
1604 1503 2005 1576 prudentiorem

2117 1503 2310 1569 ταῦτα,
2344 1502 2441 1556 καὶ
2466 1501 2555 1554 διὰ
2587 1500 2750 1554 τοῦτο
2776 1500 2990 1571 πονηρὰ
3035 1501 3068 1572 ἢ
3098 1500 3294 1571 ψευδῆ,
3330 1500 3471 1569 πῶς,
3505 1502 3585 1565 ὡς
3650 1503 3726 1554 ὲν

388 1586 394 1590 ’
435 1599 926 1661 repraesentavero,
942 1609 1105 1663 quam
1126 1595 1170 1650 si
1189 1596 1311 1665 quis
1326 1596 1466 1651 alius
1486 1596 1553 1651 iis
1573 1608 1625 1651 te
1642 1611 1771 1651 vere
1788 1595 2005 1651 delecta-

2117 1596 2329 1659 κακοῖς,
2357 1593 2418 1646 οὐ
2442 1590 2624 1662 πολλῷ
2659 1590 2994 1660 κουφότερον
3044 1590 3116 1644 τὰ
3168 1591 3541 1645 ἐναντιώτατα
3586 1590 3723 1644 τῶν

433 1686 478 1740 ri
507 1686 671 1746 dicat.
700 1700 822 1755 qua:
850 1688 1134 1756 proponis.
1164 1686 1222 1741 Si
1254 1688 1403 1742 enim
1427 1689 1545 1743 haec
1568 1687 1776 1742 amalis
1807 1687 2005 1740 instru-

2119 1685 2380 1757 ῥημάτων
2433 1681 2782 1754 πρεσϐεύειν,
2820 1682 2854 1753 ἢ
2887 1683 2955 1752 τῇ
3009 1680 3230 1754 γλώττῃ
3290 1681 3384 1734 καὶ
3432 1682 3527 1735 τὸν
3572 1678 3723 1735 νοῦν

431 1779 634 1832 mentis
658 1779 1106 1848 proficiscuntur,
1149 1793 1212 1833 ac
1244 1787 1529 1849 propterea
1560 1780 1704 1833 mala
1754 1786 1849 1833 aut
1881 1778 2005 1833 falsa

2120 1774 2650 1845 συνδιαφθείρεσθαι.
2687 1773 2779 1826 Διδ
2801 1772 2914 1844 (50)
2936 1771 3088 1841 λέγει
3118 1772 3326 1842 ἀρχάς·
3362 1771 3490 1842 μίαν
3515 1789 3725 1843 προσ-

431 1877 581 1935 sunt,
611 1843 817 1930 nonne.
848 1869 1051 1939 quippe
1084 1843 1137 1924 in
1168 1843 1358 1937 malis,
1386 1870 1564 1925 levius
1588 1879 1873 1940 peccatum
1904 1878 2005 1933 εει,

2117 1868 2212 1939 ἧκε
2248 1843 2488 1936 φρονεῖν.
2542 1865 2811 1935 Πολέμιος
2845 1863 3057 1933 ὁνόμος
3080 1867 3147 1935 τῇ
3179 1866 3395 1936 χάριτιο
3417 1864 3521 1935 τὴν
3550 1882 3717 1935 συμ-

429 1974 494 2014 ea
516 1976 638 2029 quae
677 1961 861 2016 verbis
884 1961 1158 2016 contraria
1200 1971 1348 2026 sunt,
1381 1962 1656 2033 amplecti,
1688 1977 1852 2031 quam
1887 1977 2005 2016 cum

2117 1958 2321 2027 φωνίαν
2356 1955 2651 2027 κηρύττειν
2678 1955 2880 2011 αὐτῶν.
2928 1955 3049 2008 Τῶν
3080 1955 3381 2026 προφητῶν
3433 1956 3651 2025 φαῦλος
3683 1958 3721 2009 ὁ

430 2051 611 2122 lingua
659 2061 900 2107 mentem
956 2067 1175 2121 quoque
1230 2053 1403 2122 ipsam
1450 2068 1822 2123 corrumpere.
1856 2051 2005 2117 Quod

2117 2048 2273 2120 χορός
2300 2063 2316 2079 ·
2341 2048 2437 2100 καὶ
2467 2046 2633 2100 πόθεν
2664 2045 2730 2099 άν
2752 2062 2839 2109 τις
2879 2045 3035 2115 γνοίη
3061 2044 3284 2115 μᾶλλον,
3318 2044 3402 2098 ὅτι
3435 2045 3715 2115 χρηστός.

428 2139 473 2191 si
533 2139 696 2209 igitur
742 2141 1015 2209 ejusmodi
1063 2142 1228 2197 homo
1284 2141 1352 2195 de
1390 2142 1676 2212 principiis
1741 2142 2005 2209 laquitur,

2117 2140 2186 2193 Τὸ
2214 2139 2374 2210 σῶμα
2409 2139 2635 2193 πλάττει
2668 2138 2764 2191 τοῦ
2794 2136 3070 2208 πονηροῦο
3109 2140 3274 2208 ἀρκεῖ
3319 2136 3459 2208 πρὸς
3509 2139 3719 2191 τελευ-

430 2245 599 2283 unum
650 2230 807 2284 illum
854 2231 1081 2285 credere
1128 2232 1426 2294 convenit;
1462 2232 1507 2285 si
1551 2233 1620 2286 de
1659 2233 1778 2303 lege
1825 2234 2005 2303 gratiae

2117 2231 2269 2287 ταίαν
2308 2230 2603 2295 ἀπόδειξιν,
2640 2230 2724 2283 ὅτι
2755 2229 3016 2301 παλάμης
3039 2230 3158 2283 ἐστὶ
3193 2228 3295 2299 τῆς
3315 2227 3710 2299 ἀγαθουργοῦ.

424 2317 978 2389 adversa,utriusque
1017 2322 1436 2376 conversionem
1483 2330 1732 2377 astruere
1775 2338 2005 2379 censen-

2123 2321 2315 2393 Ὁρᾶτε
2345 2322 2408 2374 τὸ
2442 2321 2546 2391 τῆς
2568 2321 2754 2383 ἀνοίας
2784 2320 2969 2391 βάθος,
3010 2320 3083 2372 τὸ
3102 2318 3334 2391 μέγεθος
3387 2319 3487 2389 τῆς
3535 2318 3715 2373 ἀθεό-

366 2438 369 2439 ν
423 2414 676 2478 (Ιιιεέεις
714 2414 760 2469 si
819 2416 1053 2470 chorum
1105 2418 1501 2491 prophetarum
1545 2419 1746 2472 malum
1790 2419 2005 2485 dixerit,

2117 2429 2293 2479 τητος,
2320 2411 2431 2465 τῶν
2464 2410 2539 2482 μὴ
2569 2412 2884 2480 δυναμένων
2927 2410 3076 2481 ἔχειν
3120 2411 3404 2481 λογισμῶν
3433 2411 3545 2464 οὐδ’
3601 2411 3715 2464 ἐπὶ

424 2520 586 2558 nemo
615 2505 839 2560 aliunde
864 2506 1038 2577 magis
1065 2508 1419 2563 convincetur
1472 2523 1598 2562 eum
1626 2509 1831 2563 bonum
1864 2524 2005 2564 esse.

2117 2501 2434 2569 φαντασίαις
2488 2502 2893 2570 πλαττομέναις
2943 2502 3266 2557 ὑπόστασιν.
3321 2502 3533 2556 Οὐκοῦν
3574 2503 3711 2573 (Si)

424 2595 482 2650 Si
511 2610 712 2666 corpus
764 2596 832 2650 ad
885 2598 1090 2652 malum
1138 2596 1369 2659 referat,
1446 2613 1547 2669 pro
1600 2598 2005 2654 evidentissima

2117 2593 2217 2647 οὐδ’
2239 2593 2460 2665 ἐπᾴδειν
2486 2593 2625 2658 ὅλως
2658 2594 2743 2647 δεῖ
2766 2597 2886 2657 ταῖς
2917 2595 3132 2661 ἀκοαῖς,
3161 2595 3247 2648 ὅτι
3298 2595 3360 2648 τὸ
3404 2595 3539 2649 αὐτὸ
3592 2596 3712 2665 τῆς

420 2685 893 2743 demonstratione
954 2689 1097 2745 habe
1158 2689 1213 2745 id
1280 2704 1479 2744 manus
1534 2704 1655 2744 esse
1725 2689 2005 2746 beneﬁeac.

2117 2683 2288 2748 αἰτίας
2346 2685 2570 2739 ἀνίατον
2621 2686 2768 2739 εἴποι
2814 2703 2900 2749 τις
2951 2685 3017 2740 ἂν
3082 2686 3287 2749 ταύτας
3347 2687 3706 2756 ἐπινέμεται.

421 2777 616 2834 Videte
649 2780 784 2834 mihi
810 2781 1039 2835 insaniae
1073 2781 1338 2852 abyssum
1374 2789 1431 2836 et
1464 2781 1764 2851 impietatis
1794 2783 2005 2855 magni-

2117 2777 2277 2847 Ψαίην
2311 2776 2379 2831 ἂν
2431 2777 2609 2846 ἔγωγε
2637 2794 2650 2807 ο
2698 2780 2747 2831 εξ
2808 2778 2906 2848 μὲν
2956 2779 3065 2850 γάρ
3116 2795 3201 2842 τις
3243 2778 3354 2831 τῶν
3409 2779 3714 2850 σωτηρίων

422 2867 694 2931 tudinem,
720 2869 776 2922 in
809 2869 873 2924 iis
902 2869 1220 2925 hominibus
1253 2871 1346 2941 qui
1380 2872 1673 2941 nequidem
1738 2873 1795 2927 in
1842 2874 2005 2928 rebus

2117 2868 2333 2939 ἐπῳδῶν
2384 2868 2769 2940 παραδέξοιτο,
2839 2868 3016 2940 ἀρχὴν
3088 2869 3361 2940 λαμϐάνει
3410 2871 3548 2941 πρὸς
3594 2870 3713 2941 τὴν

421 2959 754 3030 imaginariis
782 2960 993 3015 ratione
1059 2970 1207 3017 certa
1244 2963 1326 3016 uti
1386 2973 1640 3033 possunt.
1672 2963 1861 3033 Itaque
1903 2979 2005 3019 nec

2117 2962 2383 3033 προτέραν
2430 2962 2844 3032 ὲπαναδραμεῖν
2897 2961 3211 3030 εὐγένειαν·
3244 2964 3294 3015 εί
3327 2962 3384 3016 δὲ
3432 2962 3529 3033 μὴ,
3570 2963 3711 3015 καθ’

425 3049 756 3106 incantando
783 3066 944 3106 aures
973 3051 1242 3108 fascinare
1298 3053 1378 3108 las
1407 3062 1515 3119 est,
1554 3054 1684 3124 quia
1731 3053 1838 3109 hoc
1885 3054 2005 3124 ipso

2117 3050 2305 3105 ἑαυτοῦ
2329 3052 2744 3121 γενκάντεῦθεν
2776 3051 2877 3122 τὴν
2897 3051 3079 3121 ψῆφον
3109 3053 3271 3116 αὐτὸς
3292 3052 3521 3123 ἀφίησιν
3550 3054 3711 3123 ἄφυ-

429 3136 721 3192 insanabili
752 3139 927 3210 culpm
956 3139 1151 3211 subjici
1178 3156 1271 3197 eas
1296 3144 1497 3197 merito
1522 3144 1648 3213 quis
1693 3143 2001 3199 allirmarit.

2117 3160 2255 3209 κτον,
2306 3144 2556 3216 πονηρὰν
2612 3143 2959 3213 μετάπλασιν
3012 3143 3115 3214 τῆς
3182 3145 3392 3214 ἀγαθῆς
3441 3144 3714 3211 πλάσεως

422 3229 605 3299 Atqui,
634 3230 852 3300 inquam
876 3247 998 3303 ego,
1032 3233 1079 3287 si
1107 3234 1232 3303 quis
1254 3234 1588 3289 salutaribus
1621 3235 2005 3291 incantamen-

2117 3235 2339 3290 καθόλου
2370 3235 2563 3287 ἑαυτὸν
2588 3233 2976 3304 ἁνθελόμενος,
3010 3233 3105 3286 καὶ
3129 3234 3228 3304 τὴν
3261 3234 3400 3306 πρὸς
3432 3236 3507 3289 τά
3523 3235 3711 3306 χείρω

419 3319 490 3373 tis
545 3334 732 3375 aurem
794 3325 1057 3392 praebeat,
1118 3323 1334 3378 initium
1382 3324 1550 3380 faciet
1597 3325 1665 3380 ad
1716 3326 2005 3396 pristinam

2117 3326 2415 3399 μεταϐολὴν
2441 3327 2580 3396 (δέον
2602 3327 2664 3380 τὴ
2689 3324 2912 3395 ἀγαθὸν)
2972 3341 3141 3398 συντη
3152 3327 3323 3397 ρήσας
3374 3328 3712 3397 ἀμετάϐλη-

419 3411 759 3467 nobilitatem
792 3415 1059 3470 redeundi
1091 3433 1107 3468 :
1138 3416 1222 3470 sin
1248 3416 1455 3480 minus,
1484 3417 1573 3473 vel
1594 3434 1663 3472 ex
1714 3418 1840 3473 inde
1874 3434 2005 3474 seu-

2117 3434 2217 3472 τον.
2277 3416 2488 3472 Οὐκοῦν
2535 3416 2598 3472 οὐ
2669 3420 2761 3472 τὸν
2815 3418 3087 3490 ἐπᾴδοντα
3124 3420 3307 3489 σιγᾷν,
3338 3419 3474 3472 ἀλλὰ
3532 3420 3711 3489 σιγῆς

419 3501 644 3555 tentiam
690 3517 802 3557 non
859 3504 1223 3559 revocandam
1276 3504 1487 3573 ipsein
1538 3520 1597 3559 se
1643 3504 1821 3575 ipsum
1875 3505 2005 3569 fert,

2117 3510 2298 3565 ἑαυτὸν
2329 3512 2510 3573 πάσας
2535 3510 2845 3582 στηλιτευει
2875 3512 2970 3565 καὶ
2999 3511 3089 3565 διὰ
3119 3511 3336 3565 πάντων
3357 3511 3705 3575 ὑπεύθυνον,

416 3591 561 3660 quod
592 3607 817 3661 pravam
859 3593 1398 3648 transformationem
1456 3594 1617 3650 bona:
1685 3595 2003 3652 formationi

2117 3600 2166 3664 ὃς
2191 3601 2291 3672 τὴν
2346 3600 2556 3655 οἰκείαν
2617 3600 2678 3667 ἐξ
2727 3603 2991 3665 ἀπονοίας
3045 3600 3305 3675 πώρωσιν
3355 3604 3516 3673 σιγῆς
3563 3606 3708 3674 ἡμῖν

417 3681 647 3737 omnino
675 3683 912 3753 prmfert.
961 3694 1017 3738 et
1071 3686 1431 3740 mutationem
1468 3686 1522 3741 in
1569 3687 1834 3751 deterius,
1874 3703 2003 3743 cum

2117 3690 2296 3743 αἰτίαν
2324 3690 2593 3746 ὲπέσειεν.
2629 3692 2720 3744 Διὸ
2742 3692 2809 3762 δὴ
2846 3692 3087 3759 σύναψαι
3112 3692 3211 3746 καὶ
3243 3693 3312 3747 τὰ
3339 3694 3623 3750 λείποντα.

417 3769 617 3826 bonam
653 3773 950 3835 decuisset,
999 3784 1182 3829 servat
1237 3783 1574 3829 constanter.
1624 3774 1745 3829 Non
1792 3777 1996 3846 quippe
2034 3778 2363 3834 incantatori
2394 3790 2576 3850 potest
2636 3781 2771 3835 vitio
2799 3782 2950 3848 dare,
3009 3784 3161 3853 quod
3200 3784 3349 3848 silet,
3396 3785 3492 3840 sed
3526 3786 3706 3840 silen-

420 3860 480 3916 tii
501 3876 721 3917 causam
757 3864 861 3918 sibi
894 3864 1224 3934 exprobrare
1253 3881 1500 3933 omnem,
1542 3866 1824 3938 culpaeque
1869 3869 2049 3925 omnis
2118 3886 2178 3926 se
2250 3887 2406 3926 reum
2466 3871 2647 3927 facere
2722 3874 2907 3939 debet,
2964 3875 3059 3946 qui
3112 3892 3267 3931 suam
3321 3878 3496 3948 ipsius
3548 3880 3708 3934 insa’

417 3951 562 4006 niam
602 3962 658 4006 et
687 3957 993 4008 caecitatem
1019 3969 1120 4023 pro
1148 3954 1353 4010 silentii
1368 3955 1529 4026 culpa
1556 3955 1719 4011 nobis
1737 3957 2005 4012 venditat.
2047 3957 2346 4031 Propterea
2370 3970 2427 4015 et
2455 3961 2661 4031 reliqua
2684 3962 2771 4017 his
2792 3963 2980 4034 jungit.

486 4041 704 4096 XXXII.
735 4041 996 4099 Servator
1026 4054 1215 4101 uoster
1248 4048 1537 4102 hominum
1583 4034 2002 4105 amantissimus

418 4141 476 4188 et
500 4133 761 4202 Optimus,
787 4135 883 4204 qui
920 4137 1092 4200 venit,
1141 4144 1202 4191 ut
1247 4148 1474 4208 peccata
1520 4140 1712 4202 mundi
1760 4141 2005 4210 tolleret,

423 4234 540 4279 tum
568 4227 778 4281 morbis
797 4228 919 4281 aliis
940 4235 997 4282 et
1018 4229 1277 4284 aerumnis
1300 4230 1557 4287 liberavit
1576 4233 1850 4299 homines,
1884 4243 2005 4289 tum

418 4317 603 4372 multis
628 4328 978 4387 peccatorum
1022 4321 1405 4378 remissionem
1432 4324 1663 4396 largitus
1690 4335 1794 4391 est,
1815 4327 2007 4382 factat-

416 4425 524 4480 que
564 4411 908 4467 remissionis
960 4423 1345 4485 argumentum
1367 4431 1398 4470 a
1429 4417 1723 4473 sanatione
1753 4419 2003 4490 corporis
2035 4452 2081 4508 Β

415 4497 576 4568 petiit
605 4507 662 4554 ει
698 4500 820 4555 aliis
852 4503 1163 4572 proposuit.
1201 4503 1323 4558 Jam
1363 4521 1495 4561 vero
1534 4506 1580 4561 si
1633 4508 1762 4561 mali
1805 4507 2002 4564 condi-

418 4590 555 4646 toris
591 4606 732 4663 opus
751 4603 899 4648 esset
946 4610 1168 4665 corpus,
1205 4595 1349 4651 sicut
1395 4597 1653 4654 homines
1689 4599 2002 4669 blasphemi

415 4682 675 4739 audacter
704 4683 949 4747 tradunt,
1000 4686 1118 4740 ﬁeri
1154 4695 1307 4742 certe
1335 4703 1448 4743 non
1476 4699 1714 4759 poterat,
1767 4701 1827 4745 ut
1869 4691 2005 4747 illud

416 4775 584 4830 solius
614 4778 770 4833 bonae
792 4777 1099 4834 divinitatis
1137 4780 1490 4843 beneﬁcium,
1544 4783 1760 4838 veniam
1797 4799 2001 4856 nempe

417 4875 786 4935 peccatorum,
831 4870 885 4923 in
921 4870 1083 4926 ﬁdem
1112 4872 1706 4945 conlirmationemque
1738 4892 1838 4945 per
1884 4892 2011 4947 pra-

418 4957 649 5012 vitatem»
691 4976 847 5015 suam
885 4963 1179 5035 reciperet.
1233 4964 1382 5019 Idem
1445 4965 1596 5020 enim
1646 4966 1753 5023 hoc
1799 4976 1901 5031 est,
1939 4983 2005 5024 ac

421 5048 469 5103 si
515 5049 666 5104 dicas
719 5053 942 5108 malitiae
998 5070 1324 5128 compagem
1373 5056 1582 5112 fontem
1628 5074 1865 5128 esse,ex
1897 5077 2007 5131 quo

421 5139 637 5195 bonitas
687 5144 967 5208 scaturiat,
1013 5148 1284 5217 siquidem
1336 5151 1590 5206 remissio
1647 5161 2001 5223 peccatorum

418 5246 486 5287 ex
514 5233 802 5287 sanatione
826 5249 1141 5305 corporum,
1191 5254 1313 5308 quae
1357 5242 1581 5296 malitiae
1629 5253 1759 5297 sunt
1802 5259 2001 5315 proge-

418 5321 560 5388 nies,
581 5324 917 5393 procederet.
940 5328 1011 5382 At
1032 5329 1313 5385 enimvero
1343 5332 1606 5388 Servator
1655 5343 1843 5389 noster
1886 5351 2000 5390 non

2175 4052 2302 4107 AB'.
2341 4054 2400 4108 ’0
2457 4053 2845 4126 φιλάνθρωπος
2899 4056 3059 4126 ἡμῶν
3107 4058 3300 4129 Σωτὴρ
3360 4059 3456 4113 καὶ
3507 4060 3690 4134 ὕπερ-

2110 4145 2340 4212 άγαθος,
2367 4147 2396 4199 ὁ
2417 4148 2515 4210 τὰς
2532 4148 2809 4218 ἁμαρτίας
2827 4149 3175 4220 ἐπιδημήσας
3191 4146 3322 4219 ἆραι
3341 4151 3435 4205 τοῦ
3455 4155 3698 4224 κόσμου,

2109 4236 2221 4289 τῶν
2246 4236 2423 4290 ἄλλων
2449 4238 2776 4308 νοσημάτων
2805 4238 2902 4291 καὶ
2932 4239 3120 4292 παθῶν
3162 4241 3224 4294 τὸ
3267 4242 3424 4309 γένος
3474 4245 3703 4300 ἐλευθεο

2113 4326 2248 4398 ρῶν,
2281 4326 2379 4380 καὶ
2397 4329 2496 4398 τὴν
2510 4327 2619 4382 τῶν
2654 4329 3075 4400 ἁμαρτημάτων
3106 4333 3322 4397 πολλοῖς
3340 4335 3533 4403 ἄφεσιν
3567 4339 3701 4409 ἐχαο

2112 4418 2317 4489 ρίζετο,
2332 4420 2427 4473 καὶ
2452 4419 2550 4491 τὴν
2573 4420 2852 4486 ἀπόδειξιν
2871 4423 2971 4494 τῆς
2987 4424 3233 4492 ἀφέσεως
3257 4426 3364 4479 ἀπὸ
3390 4426 3484 4480 τοῦ
3511 4427 3703 4499 σώμα-

2109 4529 2200 4576 τος
2228 4512 2528 4584 θεραπείας
2550 4512 2827 4583 ἐλάμϐανέ
2844 4532 2904 4567 τε
2934 4516 3027 4568 καί
3055 4517 3364 4588 παρείχετο.
3407 4518 3627 4589 Καίπερ
3646 4521 3703 4573 εἰ

2110 4604 2358 4674 πονηρᾶς
2405 4599 2475 4675 ἦν
2516 4603 2578 4657 τὸ
2608 4603 2771 4673 σῶμα
2824 4604 3194 4668 διαπλάσεως,
3242 4607 3319 4670 ώς
3367 4605 3701 4677 βλασφημία

2110 4691 2461 4761 θρασύνεται,
2487 4692 2588 4746 οὐκ
2619 4692 2686 4746 ἂν
2720 4691 2807 4764 εἴη
2829 4694 3053 4748 δυνατὸν
3082 4693 3145 4747 τὸ
3186 4695 3353 4765 μόνης
3401 4697 3500 4767 τῆς
3555 4699 3699 4764 ἁγα-
3794 4696 3799 4701 ’

2111 4783 2211 4852 θῆς
2237 4782 2493 4855 θεότητος
2525 4784 2953 4856 ἀγαθούργημα,
2984 4785 3083 4857 τὴν
3120 4787 3230 4840 τῶν
3272 4788 3697 4860 πλημμελημά-

2107 4892 2219 4928 των
2274 4875 2650 4947 συγχώρησιν,
2687 4877 2751 4930 τδ
2811 4877 3005 4930 πιστὸν
3048 4878 3143 4931 καὶ
3190 4878 3406 4949 βέϐαιον
3448 4879 3537 4932 διὰ
3589 4880 3697 4950 τῆς

2109 4967 2311 5031 κακίας
2343 4967 2713 5039 ἐπιδέχεσθαι.
2765 4969 2931 5023 Οὐδὲν
2984 4971 3094 5040 γάρ
3136 4971 3284 5022 ἐστιν
3320 4969 3450 5025 ἄλλο
3483 4970 3692 5037 λέγειν,

2108 5058 2141 5127 ἢ
2168 5057 2268 5130 τὴν
2289 5059 2392 5129 τῆς
2425 5058 2627 5122 κακίας
2676 5057 2937 5113 σύστασιν
2973 5060 3243 5129 πηγάζειν
3285 5061 3385 5131 τῆς
3419 5060 3695 5131 άγαθότη-

2105 5171 2200 5218 τος
2222 5153 2321 5226 τὴν
2358 5153 2667 5223 ἐνέργειαν,
2696 5156 2857 5226 εἴπερ
2891 5156 2923 5224 ἡ
2960 5156 3061 5227 μὲν
3091 5157 3286 5225 ἄφεσις
3336 5155 3447 5210 τῶν
3498 5158 3693 5227 ἁμαρ-

2108 5247 2368 5315 τημάτων
2399 5248 2469 5300 ὲκ
2516 5244 2616 5315 τῆς
2661 5246 2771 5301 τῶν
2817 5248 3090 5318 σωμάτων
3141 5246 3438 5319 θεραπείας
3467 5248 3692 5318 προείη,

2108 5336 2179 5390 τά
2209 5336 2267 5389 δὲ
2291 5337 2391 5407 τῆς
2420 5336 2622 5401 κακίας
2656 5337 2892 5408 ὑπάρχει
2930 5339 3275 5410 γεννήματα.
3337 5337 3478 5391 Ἀλλ’
3510 5340 3538 5391 ὁ
3576 5340 3694 5393 Σω-

1553 5445 1789 5503 YARIAE
1829 5448 2217 5508 LECTIONES
2252 5453 2342 5508 ET
2371 5452 2608 5511 NOTAE.

497 5526 1059 5618 ίξὶθλέιᾴμῐῖοτιεεεε
1087 5532 1497 5618 ιεεεῃρᾳῐηεει
1523 5538 1803 5618 6_iio._Bina
1840 5542 1989 5618 enim
2101 5544 2339 5618 piajstis
2372 5546 2691 5618 hominibus
2720 5555 2939 5618 recepta
2973 5546 3168 5602 fuisse.

418 5604 581 5673 erant
610 5600 898 5673 principia,
950 5618 1072 5673 qua:
1105 5600 1797 5666 Paulicianivenditabant.
1841 5612 1981 5667 Inte-

2174 5616 2285 5686 (51)
2304 5617 2565 5671 Οὐκοῦν.
2596 5615 2893 5673 Obscurior
2919 5618 2973 5671 in
2999 5619 3086 5674 his
3117 5626 3202 5672 est
3228 5615 3453 5671 Phntius
3482 5624 3541 5670 et
3556 5616 3690 5669 sub-

419 5667 614 5761 limet
636 5667 900 5761 particula
925 5667 1006 5726 διὸ
1040 5675 1218 5728 locum
1244 5679 1381 5732 tueri
1421 5686 1624 5761 potest,
1651 5684 1856 5761 quipr
1886 5695 1991 5750 qua
2101 5667 2282 5739 un‘dr.’
2318 5667 2565 5742 Valent—cm
2609 5667 3507 5758 'tiiﬁéii'éjii's"iiss'c'éuiim"ihé
3524 5667 3537 5670 ⁷
3560 5667 3688 5742 esse

420 5736 487 5819 ad
517 5736 1046 5819 argumentationem
1077 5760 1218 5813 opus
1252 5763 1375 5819 esse
1397 5736 1633 5810 videtur,
1670 5736 1988 5819 'pr'aécipuc,

422 5817 548 5861 cum
576 5809 774 5881 legenti
802 5822 1035 5881 constet,
1068 5809 1179 5870 non
1228 5817 1385 5887 plura
1430 5834 1592 5889 quam
1622 5809 1740 5875 duo
1781 5809 1991 5891 pri'nci;

2103 5771 2278 5825 spero.
