3886 6416
183 413 267 476 Ξ57

1185 393 1486 454 CONTRA
1523 387 1984 451 MANICHAEOS
2023 388 2256 447 LIBER
2292 387 2389 445 IV.

3309 381 3414 442 258

185 526 269 595 τὴρ
293 522 348 577 οὺ
402 518 567 590 μόνον
618 515 761 583 λόγῳ
803 511 902 572 τὰς
948 508 1062 560 τῶν
1110 507 1382 576 σωμάτων
1432 502 1734 573 θεραπείας
1762 534 1776 562 λ

1879 500 2014 553 )lum
2045 499 2247 563 verbis,
2271 498 2364 552 sed
2394 507 2450 552 et
2485 512 2652 552 manu
2681 510 2802 560 sua,
2850 493 3192 549 sanationem
3219 511 3416 566 corpo-

186 614 475 686 ἐόράὸευεν,
512 607 652 662 ἀλλά
707 606 804 659 καὶ
852 601 1024 673 χειρί.
1050 599 1225 652 Πάλιν
1255 595 1489 667 ἀλλαχοῦ
1540 595 1737 666 κρατεῖ

187 689 443 778 χειρὸς,
473 703 551 772 μὴ
580 697 830 766 πλάστης
872 691 961 766 ἦν,
995 693 1088 746 καὶ
1122 692 1183 744 τὸ
1217 689 1474 759 κοράσιον
1513 686 1738 756 ἐγείρει,

189 798 364 853 καὶτὸν
383 795 502 847 υἱὸν
519 792 718 845 ἀνίστα
738 789 839 856 τῆς
869 787 1066 856 χήρας,
1098 784 1190 836 καλ⁴
1221 780 1404 843 καλῶς
1430 780 1743 833 ἀποσκευα-

190 893 295 946 σθέν
327 890 425 958 τῆς
487 884 672 956 ψυχῆς
729 880 893 950 σῶμα
943 878 1108 931 πάλιν
1159 873 1592 944 ἐπαναστρέφει,
1649 869 1744 922 καὶ

189 982 419 1038 συνάπτει
457 976 658 1043 ταύτῃ,
694 974 721 1026 6
743 972 908 1025 καλὸν
941 970 1038 1041 μέν
1069 965 1137 1040 ἦν
1163 967 1306 1020 κατὰ
1347 964 1446 1036 τὴν
1478 961 1745 1032 θεομάχον

189 1074 406 1142 γλῶτταν
440 1068 567 1138 μηδ’
609 1067 746 1127 ὅλως
799 1063 1006 1126 λαϐεῖν,
1064 1058 1321 1128 δεύτερον
1375 1055 1433 1108 δέ
1470 1051 1747 1107 λαϐοῦσαν

191 1167 355 1220 θάττον
376 1159 706 1220 ἀποθέσθαι,
732 1155 1008 1226 χείριστον
1046 1152 1104 1204 δὲ
1158 1150 1251 1202 καὶ
1285 1146 1426 1218 μετὰ
1469 1147 1570 1217 τὴν
1610 1143 1746 1196 ἁπό-

191 1260 319 1311 θεσιν
347 1251 690 1320 σὐναφθῆναι
737 1249 925 1304 πάλιν.
973 1244 1086 1298 Καὶ
1130 1245 1158 1295 6
1203 1242 1266 1294 τὸ
1320 1240 1524 1312 κράτος
1577 1234 1750 1288 ἐλθὼν

193 1345 466 1401 καταλῦσαι
510 1340 610 1395 τοῦ
677 1336 901 1410 ἐχθροῦ,
944 1337 1096 1406 πάσῃ
1173 1331 1399 1400 δυνάμει
1460 1327 1750 1402 κρατύνειν

195 1436 336 1491 αὑτοῦ
365 1435 431 1487 τά
473 1432 616 1502 ἔργα
661 1429 979 1499 φιλονεικεῖ.
1021 1425 1132 1477 Καὶ
1158 1423 1211 1475 τί
1238 1423 1383 1489 λέγω
1431 1418 1750 1490 κρατύνειν;

198 1528 431 1601 μενοῦνγε
479 1526 588 1594 τὴν
637 1521 936 1592 τυραννίδα
983 1517 1247 1578 πολλάκις
1291 1513 1553 1581 λυομένη,
1596 1510 1754 1563 τοῦτο

197 1624 280 1692 μὲν
324 1617 401 1682 οἷς
477 1618 742 1670 ὑπέκειτο
795 1613 865 1666 τὰ
921 1610 1124 1679 ταύτης
1189 1608 1328 1678 ἔργα
1389 1604 1757 1664 παντοδαποῖς

196 1713 438 1780 νοσήμασι
517 1703 918 1774 δαπανώμενα,
1002 1699 1162 1752 τοῦτο
1233 1699 1291 1751 δὲ
1334 1691 1416 1760 οἷς
1495 1694 1759 1747 διεσπᾶτο

195 1801 258 1870 τῷ
280 1800 487 1868 θανάτῳ
546 1799 646 1851 καὶ
691 1799 757 1866 τῇ
801 1793 978 1863 φθορᾷ
1015 1790 1356 1862 παρεδίδοτο,
1396 1787 1561 1849 αὐτὸς
1593 1787 1621 1838 6
1659 1784 1759 1854 τῆς

195 1892 477 1963 τυραννίδος
501 1889 842 1960 καθαιρέτης
865 1886 992 1955 παρ’
1013 1885 1132 1936 ὅλον
1157 1885 1255 1951 τῆς
1281 1879 1573 1950 ἐπιδημίας
1593 1873 1759 1929 αὑτοῦ

196 1987 272 2038 τὸν
305 1985 508 2054 καιρὸν,
554 1979 932 2042 ἀνακαινίζων
982 1977 1189 2045 ταύτην
1226 1973 1385 2044 ὤφθη
1415 1976 1519 2042 τῆς
1550 1969 1765 2040 φθορᾶς

199 2073 428 2136 ἀνιστῶν,
469 2072 592 2123 τῶν
627 2069 818 2122 παθῶν
849 2067 1234 2127 ἀπαλλάττων,
1263 2064 1358 2117 καὶ
1410 2060 1762 2122 τοσαυτάκις,

199 2165 358 2225 ὁσάκις
379 2160 618 2231 νεκρούς
645 2177 704 2213 τε
739 2162 818 2222 είς
841 2157 1143 2211 ἀναϐίωσιν
1175 2152 1280 2226 ἦγε
1300 2155 1397 2208 καὶ
1428 2153 1540 2208 τῶν
1574 2150 1767 2223 σωμά-

202 2275 288 2311 των
312 2255 406 2318 τὰς
430 2254 633 2316 νόσους
658 2252 959 2323 ἀπήλαυνε.

259 2435 370 2489 ΛΓ.
419 2434 538 2487 Καὶ
597 2433 657 2487 τὸ
729 2431 810 2484 ἔτι
866 2428 1109 2500 μάλιστα
1166 2424 1768 2494 δυσανασχετοῦμενον,

202 2528 383 2596 ὅτιπερ
405 2526 465 2590 ἐξ
496 2525 715 2578 ἐκείνου
751 2523 912 2592 μέχρι
952 2521 1048 2574 νῦν
1096 2519 1186 2574 διά
1216 2536 1274 2572 τε
1303 2518 1410 2570 τῶν
1451 2514 1617 2570 αὑτοῦ
1652 2514 1773 2567 θεο-

205 2619 359 2688 φόρων
388 2616 680 2688 μαθητῶν,
712 2616 805 2667 καὶ
863 2616 899 2668 δι
951 2614 1052 2684 τὴν
1095 2612 1320 2666 ἐκείνων
1358 2609 1622 2681 μετῆλθον
1658 2607 1775 2661 δια·

203 2709 363 2777 δοχὴν,
399 2707 459 2758 ού
520 2706 690 2776 λήγει
719 2703 924 2773 ταύτην
957 2703 1046 2756 διὰ
1094 2702 1200 2756 τῶν
1259 2702 1462 2771 ὁμοίων
1518 2698 1773 2769 πράξεων

207 2801 708 2871 συγκαταπράττων
756 2799 851 2851 καὶ
910 2789 1591 2864 συγκατασκευαζόμενος.
1625 2788 1776 2861 τΑροι

204 2891 302 2944 ἐστι
329 2909 377 2943 τι
403 2892 507 2959 τῆς
533 2889 803 2958 τοιαύτης
849 2885 1176 2956 ἐμπληξίας,
1213 2885 1246 2954 ἢ
1279 2882 1409 2953 παρ’
1456 2880 1714 2949 Ἕλλησιν
1740 2879 1772 2948 ἢ

207 2982 336 3052 παρὰ
385 2982 711 3052 Βαρϐάροις
768 2979 1214 3048 ἐμπληκτότερον
1262 2977 1296 3045 ἦ
1361 2971 1670 3041 ἀθεώτερόν
1723 2986 1778 3021 τι

205 3075 400 3140 λαϐεἰν;
469 3073 626 3141 Ἐγὼ
682 3073 781 3143 μὲν
821 3072 922 3140 οὐχ
968 3071 1100 3140 ὁρῶ,
1141 3065 1388 3138 οἶμαιδέ
1443 3063 1552 3118 οὐδ’
1603 3062 1778 3125 ἄλλως

1842 610 1960 647 rum
1989 590 2396 647 condecoravit.
2423 589 2564 643 Alibi
2590 588 2737 642 enim
2780 586 3145 656 apprehendit
3175 602 3416 647 manum.

1843 689 2002 757 cujus
2030 697 2211 740 tamen
2241 700 2351 738 non
2372 692 2492 740 erat
2517 681 2792 746 conditor,
2836 689 2893 734 et
2924 679 3165 749 puellam
3198 679 3422 742 excitat,

1844 789 1898 834 et
1931 779 2100 832 ﬁlium
2143 775 2320 832 viduae
2357 775 2412 828 in
2454 774 2622 827 vitam
2674 781 2916 835 revocat,
2990 784 3299 840 corpusque.
3358 770 3426 821 ab

1846 871 2029 925 anima
2059 868 2265 938 optimo
2295 866 2524 922 consilio
2555 874 2891 934 separatum,
2950 863 3183 928 reducit,
3215 872 3269 915 et
3303 876 3426 914 cum

1847 963 2037 1018 eadem
2053 961 2358 1031 conjungit.
2383 959 2560 1028 Atque
2577 957 2630 1012 id
2651 966 2832 1011 tamen
2858 955 3158 1011 secundum
3205 954 3430 1024 impiam

1850 1055 2132 1110 hominum
2157 1054 2370 1108 illorum
2405 1051 2647 1120 linguam
2692 1049 2767 1103 ita
2793 1058 3168 1118 comparatum
3226 1056 3329 1112 est,
3365 1058 3426 1102 ut

1851 1148 2205 1218 praestitisset
2235 1160 2518 1214 nunquam
2549 1143 2681 1197 illud
2706 1142 3005 1212 accepisse,
3028 1141 3117 1196 vel
3145 1153 3430 1211 acceptum

1852 1257 2016 1311 quam
2074 1238 2336 1295 citissime
2418 1237 2735 1306 deponere;
2799 1234 3098 1304 pessimum
3151 1247 3283 1286 vero
3340 1233 3432 1295 sit,

1853 1330 2165 1400 depositum
2192 1329 2392 1382 iterum
2420 1327 2674 1397 junctum
2707 1322 2917 1378 videre.
2954 1320 3056 1386 Qui
3114 1337 3243 1376 vero
3284 1321 3438 1374 venit

1855 1424 1920 1477 ad
1959 1421 2252 1492 potentiam
2304 1418 2478 1473 hostis
2516 1415 2896 1483 frangendum,
2955 1412 3000 1466 is
3049 1427 3149 1482 pro
3215 1410 3434 1464 viribus

1857 1531 2021 1584 opera
2056 1514 2176 1583 ejus
2211 1511 2457 1568 stabilire
2496 1507 2790 1562 annititur.
2837 1503 3002 1570 Quid,
3039 1507 3283 1573 inquam,
3331 1510 3441 1555 sta-

1858 1607 2056 1662 hitire?
2087 1606 2196 1659 imo
2249 1619 2376 1658 vero
2434 1601 2746 1656 destructor
2800 1594 3105 1667 tyrannidis
3151 1593 3296 1648 illius
3344 1607 3442 1661 per

1862 1710 2034 1754 totam
2062 1713 2216 1753 suam
2250 1696 2418 1751 vitam
2450 1695 2601 1750 visus
2625 1702 2709 1746 est
2729 1692 2909 1761 ipsum
2941 1689 3046 1743 hoc
3093 1686 3439 1759 tyrannicum

1863 1790 2184 1853 dominium,
2210 1787 2408 1856 Smpius
2439 1800 2585 1842 nunc
2609 1783 2830 1853 quidem
2854 1779 3018 1834 variis
3045 1777 3272 1841 morbis,
3313 1774 3440 1843 qui-

1864 1885 1968 1940 bus
1993 1898 2157 1954 opera
2183 1883 2301 1951 ejus
2327 1879 2570 1949 subjecta
2600 1884 2794 1942 erant;
2831 1887 2980 1928 nunc
3027 1880 3210 1925 autem
3262 1875 3438 1921 morte

1866 1986 1922 2032 et
1951 1973 2325 2044 corruptione,
2352 1972 2438 2025 cui
2460 1968 2670 2024 morbis
2705 1972 3030 2034 consumpta
3073 1960 3446 2022 tradebantur,

1867 2069 2206 2122 destructum
2259 2063 2456 2116 iterum
2513 2061 2840 2119 instaurare,
2884 2055 3047 2108 modo
3100 2053 3169 2106 ab
3220 2048 3449 2104 interitu

1868 2159 2133 2223 excitans,
2188 2156 2350 2210 modo
2389 2170 2419 2208 a
2471 2152 2629 2206 malis
2696 2151 2958 2212 liberans,
3031 2145 3193 2215 idque
3255 2141 3434 2203 toties,

1869 2249 2084 2318 quoties
2121 2255 2364 2300 mortuos
2398 2244 2451 2297 in
2481 2243 2648 2296 vitam
2691 2239 2991 2304 revocavit,
3045 2247 3099 2291 et
3149 2233 3372 2290 morbos
3416 2246 3448 2284 a

1870 2336 2193 2405 corporibus
2225 2332 2580 2404 propulsavit.

1944 2425 2187 2481 XXXIII.
2225 2427 2312 2488 lit,
2349 2424 2495 2492 quod
2529 2422 2707 2476 adhuc
2736 2420 2917 2474 minus
2954 2417 3084 2472 l‘erri
3120 2429 3280 2484 posse
3306 2413 3455 2468 vide-

1876 2528 1984 2580 tur,
2024 2517 2153 2570 inde
2187 2515 2256 2568 ab
2289 2529 2354 2567 eo
2382 2524 2628 2581 tempore
2677 2523 2846 2578 usque
2899 2507 2967 2561 ad
3018 2520 3283 2575 praesens,
3341 2519 3453 2556 non

1875 2606 2089 2662 desistit
2113 2615 2226 2658 tum
2252 2618 2350 2673 per
2366 2599 2664 2669 discipulos
2687 2613 2817 2652 suos
2833 2597 3020 2651 divino
3047 2592 3255 2663 Spiritu
3281 2601 3454 2654 actos,

1857 2709 1992 2753 ~tum
2043 2713 2141 2766 per
2171 2710 2266 2750 eos
2311 2694 2404 2764 qui
2437 2694 2538 2747 hos
2593 2692 2651 2745 in
2683 2689 2862 2745 ollicio
2908 2694 3267 2754 exceperunt,
3303 2681 3460 2736 simi-

1878 2793 2022 2847 libus
2050 2788 2358 2844 actionibus
2389 2787 2531 2841 idem
2565 2783 2869 2838 dominium
2902 2779 3227 2835 confirmare
3249 2785 3304 2830 et
3333 2791 3460 2844 per—

1879 2885 2063 2936 licere.
2106 2878 2364 2948 Nunquid
2413 2892 2544 2931 vero
2593 2874 2679 2928 vel
2731 2871 2874 2942 apud
2909 2870 3127 2924 Grazcos
3179 2869 3269 2922 vel
3320 2867 3464 2936 apud

1881 2974 2150 3028 Barbaros
2181 2972 2477 3041 quidquam
2526 2977 2611 3022 est
2652 2966 2825 3037 magis
2868 2966 3160 3019 barbarum
3213 2967 3308 3014 aut
3359 2948 3466 3012 im-

1879 3068 2052 3136 pium,
2083 3080 2244 3133 quam
2271 3063 2495 3133 quidem
2521 3061 2654 3115 hoc?
2680 3060 2792 3131 Ego
2813 3059 3033 3129 quidem
3057 3057 3164 3111 tale
3177 3054 3305 3125 quid
3336 3067 3469 3106 nus-

206 3168 318 3238 ὀρᾷν
347 3167 444 3217 οὐκ
466 3164 722 3228 ἀνάξιος.
749 3160 1185 3230 Πυνθανομένοις
1220 3158 1319 3228 μέν
1347 3173 1430 3208 τοι
1458 3156 1572 3216 τοῖς
1606 3155 1776 3222 Φαρι-

1881 3173 2044 3226 quam
2075 3156 2258 3220 video,
2289 3168 2467 3223 neque
2489 3161 2676 3223 putem
2700 3169 2808 3214 me,
2837 3160 2898 3205 ut
2924 3151 3188 3212 viderem,
3215 3145 3458 3212 alioquin

209 3258 360 3319 σεέοις
389 3259 437 3308 εἰ
465 3254 689 3320 ἔξεστιν
717 3252 994 3322 ἀνθρώπῳ
1019 3249 1162 3302 κατὰ
1195 3249 1378 3302 πᾶσαν
1417 3245 1600 3298 αἰτίαν
1637 3244 1778 3295 ἁπο-

208 3345 336 3400 λύειν
358 3349 459 3418 τὴν
497 3348 745 3415 γυναῖκα
790 3343 980 3409 αὑτοῦ,
1014 3343 1137 3413 ὅρα,
1177 3340 1293 3402 πῶς
1325 3339 1425 3392 οὐκ
1459 3336 1777 3405 ἀλλαχόθεν,

206 3441 298 3494 οὐδ’
328 3443 388 3493 ἐκ
436 3441 542 3508 τῆς
606 3437 740 3500 ἰδίας
793 3435 1043 3500 ἐξουσίας
1093 3433 1188 3487 καὶ
1243 3431 1354 3484 τῶν
1410 3430 1513 3500 τῆς
1559 3430 1784 3499 χάριτος

208 3531 472 3600 δογμάτων
508 3531 539 3583 ὁ
576 3529 963 3599 φιλάνθρωπος
993 3526 1153 3598 ἡμῶν
1207 3523 1513 3592 Δεσπότης,
1547 3521 1686 3575 ἀλλὰ
1717 3521 1784 3573 δι’

211 3627 362 3695 ala-:7];
382 3626 483 3694 τῆς
519 3621 920 3694 ἀρχαιογονίας
982 3620 1078 3672 καὶ
1126 3618 1225 3688 τὴν
1258 3616 1416 3669 λύσιν
1470 3615 1653 3668 αὐτῶν
1684 3615 1784 3682 τῆς

212 3718 424 3789 ἀπορίας
451 3718 556 3769 καὶ
586 3715 688 3784 τὴν
718 3713 1040 3783 ἐπιτίμησιν
1063 3711 1285 3778 ἐπάγει.
1319 3711 1441 3763 Οὐκ
1489 3706 1788 3776 ἀνέγνωτε

214 3811 326 3878 τὰρ,
383 3807 544 3876 φησὶ,
615 3803 707 3856 ὅτι
742 3806 772 3856 d
832 3801 1095 3868 ποιήσας
1157 3797 1381 3862 αὐτοὺς
1436 3796 1537 3849 ἀπ’
1571 3792 1786 3862 ἀρχῆς,

212 3899 383 3966 ἄρσεν
413 3899 516 3951 καὶ
552 3893 716 3961 θῆλυ
735 3894 1028 3960 ἐποίησεν
1072 3890 1337 3955 adrade;
1379 3887 1674 3948 διδάσκων,
1711 3884 1789 3956 μὴ

213 3992 308 4044 δεῖν
336 3991 540 4061 ῥαδίως
593 3987 911 4040 διαλύεσθαι
953 3983 1025 4038 τὰ
1081 3982 1398 4036 συνοικέσια
1451 3979 1578 4050 μηδ’
1617 3979 1791 4040 οὕτως

217 4084 520 4155 προπετῶς,
554 4081 696 4152 πρὸς
718 4079 753 4133 ἂ
779 4078 1010 4132 συνωθεῖ
1045 4076 1107 4129 τὸ
1133 4077 1232 4146 τῆς
1261 4076 1436 4146 ὁρμῆς
1467 4072 1790 4136 ἀκόλαστον,

215 4176 638 4247 καταφέρεσθαι.
668 4173 780 4226 Καὶ
817 4172 898 4224 ὅτι
927 4171 1026 4240 τὴν
1051 4168 1414 4240 δημιουργίαν
1456 4163 1794 4236 αύτὴνδιδάο

217 4267 400 4322 σκαλον
420 4267 648 4337 ἔχοντες
662 4263 754 4317 τοῦ
779 4264 914 4334 μήτε
929 4262 1041 4333 (5‘2)
1057 4261 1267 4313 πλείοσι
1289 4259 1417 4328 μιᾶς
1434 4256 1649 4325 γυναιξὶ
1665 4270 1793 4307 συν-

218 4357 495 4420 άπτεσθαι,
537 4356 679 4426 μήτε
707 4353 940 4422 διασπᾷν
961 4351 1061 4422 τὴν
1096 4352 1415 4418 συνάφειαν,
1451 4348 1551 4400 οὐκ
1593 4345 1794 4416 ἠθέλη-

219 4465 305 4502 σαν
330 4449 455 4502 οὔτε
490 4447 596 4518 τὴν
627 4446 850 4514 ἐντολὴν
881 4447 944 4497 ἐκ
967 4442 1062 4495 τοῦ
1087 4439 1385 4496 Μωσαῖκοῦ
1414 4437 1792 4492 διδασκαλείου

1884 3249 2168 3319 indignum
2233 3262 2376 3302 esse.
2441 3246 2576 3300 Cum
2643 3243 2903 3298 Pharisaei
2956 3239 3251 3309 aliquando
3308 3251 3460 3305 qua:-

1885 3350 2088 3403 rerent,
2149 3355 2280 3394 num
2332 3340 2494 3392 liceat
2548 3337 2756 3392 homini
2797 3347 3124 3404 quacunque
3175 3331 3242 3384 de
3295 3344 3464 3383 causa

1886 3447 2110 3485 uxorem
2142 3447 2296 3485 suam
2340 3431 2636 3491 dimittere,
2686 3427 2814 3481 vide
2846 3425 3005 3491 mihi,
3037 3422 3310 3492 quomodo
3354 3435 3468 3473 non

1889 3522 2129 3586 aliunde,
2181 3536 2284 3575 nec
2321 3536 2388 3574 ex
2426 3519 2650 3589 propria
2682 3525 2974 3587 potestate,
3022 3523 3117 3568 aut
3171 3529 3240 3568 ex
3278 3510 3465 3582 gratim

1888 3613 2136 3668 doctrina
2173 3611 2436 3666 Dominus
2464 3618 2673 3670 noster,
2709 3607 2996 3662 hominum
3032 3603 3468 3665 amantissimus,

1894 3706 1988 3760 sed
2023 3720 2089 3758 ex
2114 3704 2231 3773 ipsa
2267 3701 2560 3758 creationis
2598 3699 2828 3754 historia
2868 3707 2924 3753 et
2969 3698 3336 3767 objectionem
3373 3710 3469 3749 eo-

1895 3813 2019 3853 rum
2077 3778 2273 3860 solvat,
2331 3801 2387 3849 et
2447 3790 2934 3862 reprehensionem
3006 3787 3228 3841 formet.
3282 3786 3473 3839 Nonne

1894 3892 2034 3944 enim
2069 3889 2287 3960 legistis,
2329 3887 2527 3956 inquit,
2549 3886 2688 3955 quod
2749 3883 2838 3954 qui
2894 3883 3012 3954 fecit
3075 3898 3161 3934 eos
3193 3880 3257 3933 ab
3297 3879 3473 3938 initio,

1895 3999 2098 4036 marem
2127 3990 2174 4034 et
2205 3981 2461 4052 feminam
2489 3979 2610 4048 fecit
2627 3994 2715 4030 eos
2728 3975 2772 4007 "
2797 3976 2820 4029 ?
2843 3977 2990 4030 clare
3018 3989 3114 4043 per
3139 3973 3310 4042 ipsam
3334 3969 3479 4024 hanc

1896 4071 2283 4128 formationem
2308 4071 2580 4125 diversam
2611 4069 2834 4132 docens,
2869 4082 2981 4120 non
3011 4073 3122 4119 tam
3161 4063 3318 4118 facile
3363 4062 3476 4116 sol-

1897 4180 2027 4219 vere
2059 4163 2223 4217 lieere
2253 4160 2549 4224 connubia,
2580 4173 2761 4229 neque
2788 4167 2899 4212 tam
2931 4165 3139 4210 temere
3161 4169 3228 4209 eo
3276 4152 3475 4222 abripi,

1898 4272 2009 4326 quo
2036 4256 2271 4324 impetus
2313 4253 2604 4308 diﬂiculter
2645 4251 2981 4307 coercendus
3030 4247 3279 4318 impellit.
3315 4246 3478 4299 Cum-

1898 4364 2005 4418 que
2048 4340 2381 4401 creationem
2425 4344 2599 4414 ipsam
2640 4343 2954 4413 magistram
3021 4340 3308 4403 haberent,
3334 4337 3480 4405 quod

1899 4456 2005 4496 nec
2033 4439 2218 4510 plures
2276 4454 2386 4492 una
2438 4439 2698 4507 conjuges
2731 4437 2951 4498 dueere,
3013 4449 3116 4487 nec
3167 4429 3480 4498 coniugium

221 4541 421 4611 μαθεῖν,
456 4540 589 4593 οὒτε
631 4538 692 4590 τὸ
732 4537 937 4607 ἄπορον
958 4535 1071 4603 (55)
1119 4532 1479 4601 ἐπιλυόμενον
1527 4531 1760 4583 συνιδεῖν

1908 4532 2168 4588 dirimere
2190 4531 2385 4594 liceat;
2415 4529 2491 4583 illi
2519 4538 2703 4583 tamen
2736 4541 2840 4580 nec
2882 4532 3214 4594 praeceptum
3267 4519 3372 4573 hoc
3417 4533 3482 4572 ex

229 4634 358 4686 Ἀλλ’
389 4633 566 4694 αὐτὸς
608 4628 824 4682 ἐκεῖθεν
872 4626 1006 4698 πρὸς
1040 4625 1302 4696 ἑκάτερον
1341 4621 1804 4694 παραταξάμενος

223 4725 372 4792 μόνον
423 4721 621 4775 λοιπον
677 4721 811 4772 ῑδιον
862 4717 954 4770 τὸν
1011 4716 1241 4769 παλαιὸν
1295 4717 1556 4778 ποιεῖται,
1605 4713 1702 4766 καλ⁵
1736 4712 1804 4764 δι’

221 4816 420 4869 ἐκείνου
446 4815 647 4867 πλέκει
677 4813 768 4866 τὸν
793 4814 893 4882 τῆς
924 4811 1172 4881 χάριτος.
1213 4809 1271 4861 ὐ
1300 4809 1410 4878 γὰρ
1433 4808 1498 4860 ἐκ
1533 4807 1609 4880 μὴ
1632 4807 1805 4860 ὄντων

223 4905 431 4961 ἅπαντα
454 4901 827 4976 παραγαγὼν,
859 4902 928 4955 δι’
957 4896 1030 4955 ὧν
1056 4904 1137 4964 εἰς
1173 4902 1339 4970 άρσεν
1385 4901 1479 4953 καὶ
1530 4898 1667 4970 θῆλυ
1706 4899 1807 4968 τὴν

225 4996 569 5066 ἀνθρωπίνην
597 4993 762 5063 φύσιν
794 4991 1096 5064 μορφώσας
1125 4990 1459 5061 διήρθρωσε,
1505 4991 1599 5043 καὶ
1622 4991 1703 5054 εἰς
1746 4989 1805 5041 ἒν

225 5087 468 5158 ἀλλήλοις
499 5087 863 5157 συνήρμοσεν,
903 5083 1111 5146 ἐκεῖνός
1142 5085 1282 5145 ἐστι,
1306 5083 1468 5152 φησὶν
1490 5121 1505 5145 ,
1535 5084 1563 5135 6
1601 5083 1696 5135 καὶ
1737 5083 1807 5135 τὰ

231 5181 520 5251 σπέρματα
549 5179 643 5232 τοῦ
684 5177 852 5248 νόμου
901 5175 1251 5237 καταϐαλὼν,
1306 5175 1362 5240 ὃς
1413 5175 1489 5246 μὴ
1523 5175 1636 5229 δεῖν
1670 5192 1806 5247 μοχ-

231 5271 385 5344 θηρία
443 5272 680 5343 γνώμης
763 5271 859 5324 ἀπ’
922 5269 1172 5340 ἀλλήλων
1220 5269 1350 5332 τοὺς
1436 5268 1809 5338 συναφθέντας

293 5420 336 5451 ⁸⁸
359 5419 562 5474 Matth.
602 5432 715 5482 ιιι,
753 5416 808 5470 4.

1905 4624 2197 4695 disciplina
2223 4622 2458 4677 Mosaica
2476 4621 2709 4686 discere,
2738 4634 2916 4688 neque
2937 4615 3307 4671 diﬂicultatem
3334 4611 3487 4665 solu-

1906 4727 2016 4773 tam
2038 4716 2222 4771 videre
2260 4716 2535 4771 volebant.
2557 4714 2626 4767 At
2656 4713 2744 4766 ille
2794 4710 2922 4765 inde
2955 4716 3148 4763 contra
3190 4714 3487 4772 utrumque

1905 4809 2219 4873 decertans,
2263 4819 2505 4864 veterem
2563 4814 2776 4860 tantum
2827 4818 3002 4873 .egem
3052 4798 3329 4870 propriam
3383 4797 3487 4851 sibi

1907 4902 2058 4966 fecit,
2090 4910 2254 4970 atque
2288 4901 2417 4954 hinc
2442 4914 2585 4962 eam,
2620 4913 2742 4965 quae
2775 4896 2960 4966 gratiae
2989 4900 3095 4955 est,
3140 4889 3333 4944 neotit.
3385 4887 3492 4954 Qui

1912 4995 2063 5050 enim
2089 5011 2152 5050 ex
2185 5009 2298 5048 non
2324 4990 2713 5047 exsistentibus
2744 4987 2928 5043 omnia
2961 4984 3239 5056 produxit,
3275 4997 3339 5036 ex
3365 4982 3492 5050 qui-

1912 5088 2019 5144 bus
2054 5087 2347 5141 humanam
2404 5097 2658 5139 naturam
2695 5082 2748 5135 in
2783 5080 3085 5135 masculum
3139 5087 3195 5132 et
3233 5076 3492 5132 feminam

1916 5177 2203 5232 formando
2226 5176 2406 5240 ﬁnxit,
2440 5185 2496 5229 et
2519 5183 2811 5241 utrumque
2841 5171 2896 5224 in
2936 5184 3108 5224 unum
3157 5167 3444 5236 conjunxit
3476 5184 3491 5230 ;

1916 5269 1986 5336 is,
2017 5268 2217 5339 inquit,
2253 5268 2396 5323 idem
2426 5275 2531 5331 est,
2554 5265 2649 5336 qui
2677 5275 2734 5320 et
2758 5264 2923 5336 hujus
2945 5263 3082 5333 legis
3107 5262 3316 5318 semina
3347 5273 3498 5327 spar-
3535 5281 3537 5283 ι

1353 5552 1590 5611 VARUE
1625 5550 2016 5609 LECTIONES
2050 5553 2140 5610 ET
2161 5551 2394 5610 NOTAE.

298 5689 411 5757 (52)
433 5685 622 5750 Μήτε.
649 5684 727 5740 lta
763 5683 960 5755 scripsi
1014 5695 1112 5753 pro
1146 5681 1265 5752 ἤτε,
1293 5678 1436 5749 quod
1459 5691 1567 5733 non
1613 5675 1813 5732 admit-

239 5761 300 5816 tit
320 5772 560 5828 sequens
583 5757 746 5827 μήτε.

301 5820 414 5901 (53}
447 5820 723 5894 Ἄπορόν.
750 5824 902 5880 Hanc
936 5837 1128 5880 vocem
1155 5820 1373 5891 reposui
1417 5835 1516 5890 pro
1553 5820 1812 5888 ἄσπορον,

1921 5678 2070 5748 quod
2104 5685 2225 5732 erat
2253 5676 2310 5730 in
2346 5689 2452 5748 ms.
2493 5671 2736 5748 Ἀπορον
2774 5667 2923 5748 enim
2969 5678 3124 5743 mque
3157 5656 3500 5748 ⁸ιέιειιορίοι

1923 5731 2087 5818 paulo
2119 5731 2251 5803 ante
2287 5745 2490 5801 nodum
2529 5731 2745 5798 vindice
2769 5739 2994 5809 dignum
3033 5731 3319 5805 signiﬁcat.
