3886 6484
453 435 559 502 259

1581 423 1848 488 PHOTII
1881 415 2390 484 PATRIARCHIE
2424 415 2534 475 ΕΡ.

3616 399 3741 462 260

452 554 548 619 sit;
599 559 655 607 et
706 547 968 620 prmeepit
1004 544 1151 618 quod
1192 560 1305 601 non
1337 544 1500 599 liceat
1534 558 1602 598 ex
1642 543 1828 612 iniqua
1865 539 2036 594 animi

2157 533 2354 587 ιελεύει
2386 529 2722 595 διίστασθαι,
2757 527 2882 599 μηδ’
2916 521 3243 595 ὑπερορίους
3273 517 3488 620 ᾖδονάς,
3512 519 3608 572 καὶ
3627 517 3744 587 τὴν

452 645 726 701 sententia
748 641 1263 712 semelconjunctos
1299 654 1330 692 a
1379 654 1439 693 se
1478 637 1713 692 invicem
1753 646 2029 704 separare,

451 753 630 806 neque
647 734 964 790 immodicas
977 731 1171 787 sectari
1189 731 1534 801 cupiditates,
1550 737 1604 784 et
1620 727 1933 782 introducto
1945 741 2035 794 po-

453 826 712 899 lygamias
728 824 859 879 vitio
884 822 1170 878 hominum
1196 820 1604 892 generationem
1636 815 2032 873 contaminare.

460 918 647 984 Vides,
675 915 950 988 quomodo
973 915 1104 971 inde
1124 917 1192 969 ab
1221 914 1524 985 originibus
1563 910 1753 966 mundi
1784 906 2036 963 Mosaicis

455 1012 631 1081 legem
648 1024 801 1064 suam
824 1015 1059 1077 repetat,
1079 1017 1243 1076 atque
1266 1005 1392 1060 inde
1410 1004 1625 1059 initium
1645 1019 1807 1058 suum
1834 1002 2038 1056 habere

451 1101 733 1158 ostendat.
768 1098 968 1154 Postea
993 1114 1105 1153 non
1138 1097 1357 1153 Judaeos
1385 1097 1561 1168 magis
1584 1111 1684 1166 per
1711 1095 2032 1150 Creatorem

455 1204 512 1249 et
551 1191 889 1248 creationem
942 1189 1010 1244 ad
1064 1189 1342 1244 silentium
1405 1189 1680 1260 redigens,
1736 1199 1901 1255 quam
1943 1199 2040 1238 eos

455 1301 650 1342 omnes
677 1283 771 1353 qui
797 1297 864 1337 eo
895 1283 1142 1352 provecti
1169 1291 1317 1346 sunt,
1364 1289 1426 1335 ut
1457 1281 1755 1335 humanam
1782 1285 2039 1330 naturam

452 1376 878 1438 calumnientur,
926 1381 983 1428 et
1036 1373 1448 1444 generationem
1508 1370 1794 1424 hominum
1855 1383 1922 1422 ex
1979 1381 2041 1421 se

459 1467 693 1521 invicem
735 1462 1140 1527 convicientur,
1172 1471 1296 1533 post
1327 1478 1500 1532 pauca
1530 1460 1814 1530 subjungit
1851 1475 1864 1512 :
1891 1457 2042 1522 Quod

456 1558 626 1628 igitur
655 1555 790 1609 Deus
835 1553 1130 1624 conjunxit,
1186 1557 1339 1608 homo
1374 1570 1436 1607 ne
1468 1562 1675 1620 separet
1696 1551 1762 1605 “.
1796 1550 1916 1605 Non
1946 1549 2042 1604 de-

461 1660 568 1713 cet,
629 1649 828 1719 inquit,
878 1665 1015 1719 quas
1073 1647 1221 1702 Deus
1278 1647 1527 1701 condidit
1565 1646 1737 1716 leges,
1785 1642 2045 1698 humanis

458 1740 717 1796 consiliis
763 1750 1035 1804 evertere,
1072 1753 1254 1807 neque
1289 1745 1554 1791 creaturae
1585 1734 1873 1798 convenit,
1911 1748 2044 1787 con-

461 1840 549 1888 tra
572 1831 891 1886 Creatorem
918 1832 1068 1900 leges
1102 1830 1268 1885 ferre.
1328 1828 1517 1898 Neque
1571 1828 1748 1882 solum
1814 1827 1870 1880 in
1925 1839 2045 1878 eam

2138 626 2252 680 τῶν
2284 622 2591 695 ἀνθρώπων
2638 621 2857 689 γένεσιν
2910 615 3160 687 ὑϐρίζειν
3205 609 3555 688 πολυγαμίας
3594 624 3743 679 μια-

2142 717 2264 789 σμῷ
2309 716 2421 787 (54)
2514 715 2677 784 Ὁρᾷς
2740 713 2888 773 ὅπως
2952 709 3059 762 ἀπὸ
3120 706 3221 776 τῆς
3278 701 3581 769 Μωσαῖκῆς
3641 715 3747 752 κο-

2144 809 2467 882 σμογενείας
2528 807 2622 859 τὸν
2664 801 2860 856 ἑαυτοῦ
2900 798 3182 854 διαπλέκει
3239 797 3405 864 νόμον
3461 793 3571 882 και

2142 880 2318 973 ἀρχὴν
2344 899 2553 952 ἐκεῖθεν
2576 896 2720 966 ἔχειν
2757 893 3094 948 ἐπιδείκνυσι
3123 889 3222 960 τῆς
3257 887 3484 951 θέσεως,
3520 880 3645 936 εἶτα
3675 881 3745 934 ού

2141 995 2271 1056 τοὺς
2313 990 2602 1053 Ἰουδαίους
2649 986 2854 1058 μᾶλλον
2873 981 3249 1053 ἐπιστομίζων
3265 979 3353 1034 διά
3373 978 3468 1032 τοῦ
3486 977 3745 1030 πλάστου

2145 1085 2240 1139 καὶ
2251 1084 2353 1154 τῆς
2371 1082 2646 1144 πλάσεως,
2660 1078 2798 1134 ἀλλά
2819 1078 2915 1132 καὶ
2929 1076 3161 1139 πάντας,
3183 1074 3298 1128 ὅσοι
3319 1070 3636 1140 δυσφημεῖν
3650 1066 3751 1120 τὸν

2145 1174 2436 1244 ἄνθρωπον
2470 1168 2923 1243 παρηνέχθησαν,
2955 1167 3052 1220 καὶ
3080 1166 3180 1237 τὴν
3211 1165 3271 1232 ἐξ
3311 1163 3562 1234 ἀλλήλων
3601 1177 3750 1230 προ-

2147 1263 2511 1336 πηλακίζουσι
2556 1262 2836 1331 γέννησιν,
2878 1258 2996 1329 μετ’
3027 1257 3207 1325 ὀλίγον
3232 1255 3428 1322 ἐπάγει
3459 1269 3473 1283 ο
3525 1255 3598 1304 "O
3627 1245 3753 1304 οὖν

2149 1356 2348 1422 ὀΘεὸς
2375 1353 2646 1419 ἔζευξεν,
2688 1352 3001 1419 ἄνθρωπος
3037 1348 3124 1418 μὴ
3164 1345 3468 1418 χωριζέτω.
3507 1345 3584 1397 Οὐ
3637 1343 3748 1404 δεῖ,

2151 1449 2338 1521 φησὶν,
2365 1447 2458 1511 οὒς
2491 1447 2519 1500 ό
2546 1445 2680 1509 Θεὸς
2729 1443 2897 1512 ἔπηξε
2920 1442 3120 1512 νόμους
3154 1438 3526 1510 ἀνθρωπίνοις
3549 1451 3751 1505 παρα-

2151 1542 2420 1596 κινεῖσθαι
2507 1538 2945 1606 σπουδάσμασιν,
3013 1533 3125 1587 οὐδ’
3183 1529 3636 1600 ἀντινομοθετεῖν
3689 1526 3755 1578 τὸ

2151 1634 2382 1704 πλάσμα
2407 1631 2486 1702 τῷ
2518 1632 2817 1686 Πλάσαντι.
2848 1627 2960 1680 Καὶ
2989 1625 3052 1679 οὐ
3078 1625 3241 1696 μέχρι
3266 1620 3540 1691 τοσαύτης
3577 1618 3757 1689 τιμῆς

2151 1727 2249 1798 τὴν
2279 1724 2581 1795 Μωσαῖκὴν
2601 1720 2952 1793 φυσιολογίαν
2979 1719 3195 1788 ἀνάγει,
3235 1716 3351 1771 ἀλλ’
3379 1715 3481 1788 ἤδη
3512 1713 3615 1767 καὶ
3640 1713 3755 1765 τῶν

2164 1819 2437 1874 Ἰουδαίων
2485 1815 2580 1870 ἐπὶ
2642 1817 2901 1869 συστάσει
2945 1812 3047 1881 τῆς
3100 1811 3238 1875 ἰδίας
3275 1809 3506 1880 γνώμης
3554 1823 3619 1859 τε
3655 1805 3759 1860 καὶ

466 1923 794 1994 dignitatem
823 1922 1116 1978 Mosaicam
1161 1920 1553 1992 physiologiam
1607 1917 1809 1982 evehit,
1847 1915 1940 1971 sed
1991 1924 2047 1970 et

2157 1911 2312 1981 δόξης
2358 1905 2944 1980 ἀντιπροϐαλλομένων
2979 1921 3041 1957 τε
3090 1904 3188 1957 καὶ
3247 1900 3759 1972 ἀνθυποφερόντων

461 2031 592 2070 eum
627 2016 801 2070 Judazi
831 2031 931 2084 pro
949 2013 1435 2069 commendatione
1492 2009 1780 2065 sententiae
1828 2022 1942 2062 suae
1994 2017 2052 2060 et

465 2107 746 2177 opinionis
773 2106 958 2160 Mosen
1003 2104 1320 2176 proferrent
1367 2113 1422 2158 et
1483 2101 1812 2170 objicerent,
1845 2100 2050 2169 quippe

458 2199 557 2270 qui
587 2199 722 2268 ipsis
751 2199 1073 2268 permiserit
1097 2196 1380 2251 dimittere
1406 2210 1630 2262 uxores,
1661 2193 1800 2247 nihil
1827 2192 1932 2262 ipsi
1957 2206 2048 2245 re-

464 2289 853 2360 prehensionis
886 2287 1132 2358 impegit,
1166 2303 1348 2356 neque
1379 2285 1599 2340 crimini
1634 2298 1762 2338 eum
1795 2282 1926 2337 fecit
1949 2281 2051 2335 ob-

463 2383 712 2437 noxium.
752 2380 881 2441 Sed,
909 2379 1160 2450 quamvis
1189 2393 1257 2433 ex
1286 2378 1404 2448 ipsa
1449 2376 1734 2432 creatione
1789 2375 2052 2446 primaeva

461 2484 524 2529 et
579 2489 646 2527 ex
694 2473 1013 2527 Judaeorum
1073 2471 1403 2540 exceptione
1454 2467 1804 2523 occasionem
1858 2473 2056 2521 nactus

462 2573 636 2630 esset,
667 2578 886 2618 causam
919 2561 1084 2631 hujus
1122 2561 1202 2615 rei
1236 2560 1290 2614 in
1339 2559 1524 2615 Mosen
1557 2557 1857 2621 referendi,
1914 2557 2056 2612 adeo

466 2663 652 2708 tamen
685 2669 743 2707 se
778 2669 807 2706 a
837 2652 987 2707 Mose
1017 2651 1330 2707 accusando
1361 2649 1646 2713 abstinuit,
1692 2657 1753 2703 ut
1792 2663 1916 2702 eum
1959 2662 2058 2716 p0-

469 2737 581 2793 tius
610 2739 890 2808 sapienter
940 2747 1198 2808 tanquam
1233 2739 1648 2808 dispensantem
1684 2737 1863 2804 egisse
1890 2735 2057 2806 profi-

469 2839 672 2884 teatur.
709 2829 882 2884 Moses
905 2832 1065 2894 enim,
1098 2831 1279 2900 inquit
1307 2829 1368 2884 ob
1400 2831 1652 2884 duritiem
1688 2829 1861 2882 cordis
1899 2828 2057 2882 vestri

467 2921 711 2990 permisit
769 2921 910 2974 vobis
967 2921 1232 2975 dimittere
1294 2936 1482 2976 uxores
1513 2920 1582 2975 “.
1651 2918 1765 2975 Hoc
1799 2929 1904 2985 est,
1943 2934 2057 2972 non

470 3012 593 3082 ipse
637 3013 962 3082 pmnitentia
996 3013 1219 3078 ductus,
1273 3021 1516 3068 veterem
1572 3012 1746 3079 illam,
1775 3026 2056 3082 quamque

470 3102 592 3172 ipse
619 3102 860 3171 scripsit,
893 3102 1070 3174 legem
1115 3102 1400 3174 negligens
1445 3103 1512 3157 ad
1556 3103 1794 3157 alterum
1832 3102 1964 3157 illud
1996 3117 2057 3156 se

468 3193 770 3256 convertit,
801 3209 977 3263 neque
997 3209 1161 3263 quam
1194 3203 1484 3264 acceperat
1508 3194 1797 3258 latentem,
1824 3193 2056 3264 gratiam

467 3287 709 3342 divinam
781 3287 1122 3342 creationem
1185 3288 1518 3358 exponendi,
1577 3287 1695 3343 suis
1750 3287 2056 3343 ratiociniis

469 3378 802 3450 postposuit,
849 3386 1016 3448 atque
1043 3380 1182 3434 adeo
1211 3395 1316 3436 nec
1351 3380 1642 3436 divisionis
1688 3379 1855 3449 hujus
1892 3394 2060 3434 causa

467 3468 703 3532 exstitit,
756 3467 855 3522 sed
881 3467 1117 3523 durities
1167 3467 1352 3523 cordis
1398 3467 1570 3523 vestri
1600 3482 1824 3522 omnem
1863 3466 1919 3520 in
1959 3483 2061 3521 vos

465 3574 694 3614 causam
725 3559 916 3614 refert.
954 3560 1094 3615 Cum
1129 3562 1279 3616 enim
1321 3561 1413 3616 illa
1469 3560 1774 3630 perfectam
1801 3560 1937 3632 legis
1967 3575 2062 3614 ra-

472 3651 681 3706 tionem
735 3651 984 3721 recipere
1019 3651 1207 3718 nollet,
1264 3661 1321 3707 et
1369 3653 1570 3723 prioris
1597 3653 1744 3709 illius
1793 3651 2061 3724 praecepti

472 3743 838 3798 mutationem
899 3744 1056 3800 vobis
1116 3744 1351 3815 peperit,
1413 3753 1469 3799 et
1509 3744 1800 3799 aﬂcctibns
1856 3744 2061 3800 vestris

471 3834 690 3889 frenum
717 3834 846 3888 boni
876 3835 1091 3891 ordinis
1113 3836 1368 3891 nonnihil
1413 3837 1600 3890 laxare
1633 3836 1832 3906 coegit.
1870 3835 2061 3907 Neque

469 3928 620 3982 enim
655 3927 758 3991 vir,
789 3927 882 3997 qui
914 3928 1089 3983 Deum
1129 3929 1290 3993 vidit,
1313 3929 1570 4000 neglecto
1599 3928 1896 3984 creationis
1917 3945 2062 3999 prae-

473 4025 657 4086 cepto,
682 4017 750 4070 ad
775 4017 921 4072 aliud
957 4018 1239 4090 digressus
1273 4029 1378 4086 est,
1403 4019 1502 4074 sed
1525 4028 1710 4074 vestra
1747 4035 2056 4091 repugnan-

475 4109 551 4164 tia
580 4125 612 4163 a
646 4109 824 4181 rigore
852 4111 974 4179 ejus
1004 4111 1286 4166 remittere
1317 4111 1525 4181 aliquid
1557 4127 1656 4182 per
1691 4112 2062 4182 dispensatio-

474 4213 606 4251 nem
643 4200 862 4253 suasit:
927 4215 999 4253 ne
1066 4197 1230 4263 forte,
1281 4215 1408 4255 cum
1460 4200 1799 4256 connubium
1855 4217 2058 4256 nexum

472 4291 698 4360 juberet
744 4306 865 4346 esse
918 4291 1381 4359 indissolubilem,
1414 4292 1650 4348 durities
1699 4300 1757 4348 et
1810 4293 2062 4365 rigiditas

476 4380 684 4436 mentis
729 4381 902 4436 multo
941 4381 1130 4451 pejora
1189 4381 1450 4446 eﬂiceret,
1492 4382 1793 4440 homicidio
1849 4384 2063 4440 scilicet

475 4474 806 4530 solutionem
835 4489 1165 4545 procurans,
1203 4491 1366 4545 quam
1405 4475 1458 4529 vi
1500 4475 1636 4546 legis
1690 4485 1745 4531 et
1798 4477 2061 4532 doctrinae

2152 2004 2243 2058 τὸν
2268 2004 2499 2069 Μωσέα,
2551 2001 2627 2066 ὡς
2666 1999 2830 2062 αὐτὸς
2890 1998 3075 2061 αὐτοῖς
3123 1995 3428 2066 ἐπέτρεψεν
3486 1990 3759 2046 ἀπολύειν

2151 2097 2252 2158 τὰς
2298 2097 2586 2164 γυναῖκας,
2624 2091 2780 2145 οὐδὲν
2844 2092 2925 2154 είς
2956 2089 3120 2144 αὐτὸν
3180 2087 3433 2157 οὐδαμῶς
3466 2081 3758 2154 ἀπέρριψε

2158 2186 2438 2258 μέμψεως,
2500 2185 2610 2238 οὐδ’
2664 2182 2918 2237 ὑπαίτιον
2967 2181 3286 2252 ἐποιήσατο.
3336 2177 3501 2232 Ἀλλά
3562 2175 3757 2230 καίτοι

2155 2278 2298 2348 έχων
2319 2279 2414 2330 καὶ
2447 2277 2550 2346 τὴν
2579 2273 2675 2330 ἀπ’
2720 2275 2897 2345 ἀρχῆς
2931 2275 2995 2326 ἐκ
3044 2273 3144 2343 τῆς
3173 2270 3542 2342 δημιουργίας
3575 2270 3758 2338 ἀφορ-

2159 2371 2264 2442 μὴν
2299 2369 2732 2442 παροξύνουσαν,
2761 2369 2855 2422 καὶ
2882 2368 2983 2438 τὴν
3027 2365 3326 2437 Ἰουδαῖκὴν
3379 2363 3629 2434 ἀπορίαν
3660 2365 3746 2426 είς

2155 2461 2248 2516 τὸν
2277 2461 2581 2532 νομοθέτην
2604 2460 2703 2532 τὴν
2727 2460 2912 2514 αἰτίαν
2931 2461 3197 2528 ἐνεγκεῖν,
3228 2457 3484 2512 τοσοῦτον
3507 2455 3761 2525 ἀπέχετο

2155 2553 2219 2607 τὸ
2249 2552 2556 2606 ὑπεύθυνον
2585 2552 2868 2623 ἀποφῆναι
2899 2553 2990 2605 τὸν
3011 2551 3241 2621 Μωσῆν,
3273 2549 3413 2602 ὥστε
3438 2545 3652 2602 καὶτοῦ
3687 2549 3756 2616 τῇ

2157 2645 2570 2715 οίκονομοῦντος
2592 2645 2945 2716 ἐπεκόσμησε
2974 2644 3157 2715 σοφίᾳ.
3181 2641 3406 2710 Μωσῆς
3423 2642 3558 2711 γὰρ,
3592 2640 3757 2709 φησὶ,

2157 2738 2309 2804 πρὸς
2341 2735 2457 2805 τὴν
2493 2736 2991 2805 σκληροκαρδίαν
3033 2734 3204 2804 ὑμῶν
3239 2735 3578 2802 ἐπέτρεψεν
3606 2732 3762 2788 ἀπο-

2158 2830 2348 2883 λῦσαι
2371 2833 2478 2894 τὰς
2505 2827 2819 2900 γυναῖκας,
2851 2828 3153 2892 τουτέστιν,
3177 2828 3279 2881 οὐκ
3299 2827 3460 2890 αὐτὸς
3483 2827 3552 2879 ἐκ
3585 2841 3762 2897 μετα-

2163 2919 2406 2991 μελείας,
2425 2920 2518 2973 τὸν
2533 2921 2780 2991 ἀρχαῖον,
2810 2920 2904 2974 καὶ
2925 2919 2984 2973 ὃν
3009 2919 3273 2990 ἔγραψεν,
3292 2917 3568 2990 ὑπεριδὼν
3586 2918 3759 2988 νόμον

2159 3014 2296 3084 πρὸς
2348 3013 2609 3082 δευτέραν
2639 3013 2918 3082 ἀπόφασιν
2949 3012 3301 3082 ἐπεστράφη,
3341 3009 3450 3064 οὐδ’
3487 3009 3554 3082 ἢν
3592 3009 3759 3080 χάριν

2161 3103 2322 3158 ἔλαϐε
2368 3103 2736 3158 λανθάνουσαν
2785 3101 3142 3172 καταγγεῖλαι
3192 3101 3346 3155 θείαν
3381 3100 3758 3171 δημιουργίαν

2165 3195 2443 3267 λογισμῶν
2462 3195 2650 3265 ,ὀπίσω
2671 3195 2921 3265 θέμενος,
2941 3194 3114 3257 οὐδεὶς
3132 3192 3294 3248 αὑτὸν
3309 3193 3413 3264 ὁρᾷ
3439 3191 3529 3245 τοῦ
3549 3191 3760 3244 διεσίου

2170 3286 2288 3360 (sic)
2330 3287 2392 3339 τὸ
2433 3285 2701 3352 ὑπαίτιον,
2744 3284 2880 3339 ἀλλά
2915 3285 2977 3338 τὸ
3008 3286 3275 3356 ὑμέτερον
3323 3282 3762 3354 σκληροκάρδιον

2163 3381 2246 3444 είς
2271 3379 2420 3448 ὑμᾶς
2445 3380 2630 3432 πᾶσαν
2662 3379 2875 3449 ἀναρτᾷ
2906 3377 3007 3448 τὴν
3060 3377 3264 3431 αίτίαν.
3301 3375 3392 3447 Μὴ
3423 3374 3761 3446 βουλόμενον

2162 3471 2276 3543 γὰρ
2307 3469 2716 3540 παραδέχεσθαι
2761 3470 2864 3540 τὴν
2903 3469 3222 3539 τελειότητα
3267 3468 3368 3537 τῆς
3398 3467 3759 3539 νομοθεσίας,

2164 3561 2262 3615 καὶ
2300 3559 2393 3614 τοῦ
2454 3560 2726 3631 προτέρου
2769 3561 2935 3630 νόμου
2962 3559 3062 3630 τὴν
3116 3558 3423 3630 μεταϐολὴν
3465 3559 3603 3630 ὑμῖν
3627 3576 3766 3612 κατ·-

2163 3653 2442 3726 επράξατο
2466 3655 2562 3706 καὶ
2599 3655 2721 3713 ταῖς
2763 3655 2967 3724 ὁρμαῖς
2995 3653 3321 3724 καθυφεῖναι
3350 3652 3441 3706 τὸν
3464 3653 3569 3724 τῆς
3595 3653 3763 3706 εὐτα-

2163 3745 2284 3813 ξίας
2313 3745 2529 3818 χαλινὸν
2559 3745 2839 3800 ἐϐιάσατο.
2903 3747 2980 3799 Οὐ
3030 3745 3141 3817 γὰρ
3184 3746 3472 3819 ὑπερορῶν
3507 3747 3681 3800 ποθεν
3732 3747 3761 3799 ὁ

2163 3838 2400 3911 θεόπτης
2450 3839 2512 3893 τὸ
2566 3839 2669 3910 τῆς
2697 3839 3066 3911 δημιουργίας
3105 3841 3435 3912 πρόσταγμα
3465 3841 3609 3911 πρὸς
3644 3841 3762 3895 ἓτε-

2165 3950 2257 4004 ρον
2287 3931 2692 4002 ηὑτομόληκεν,
2723 3931 2862 3985 ἀλλὰ
2888 3931 2952 3984 τὸ
2983 3931 3138 4003 ὑμῶν
3191 3932 3578 4004 ἀπαράδεκτον
3611 3933 3758 3986 οἰκο-

2161 4024 2326 4096 νομίᾳ
2363 4023 2524 4078 λῦσαι
2580 4024 2680 4096 τὴν
2731 4025 3024 4095 ἀκρίϐειαν
3086 4023 3527 4088 συνεϐούλευσεν,
3576 4023 3659 4087 ὡς
3690 4021 3755 4077 ἂν

2164 4115 2262 4186 μὴ,
2295 4116 2394 4185 τῆς
2446 4115 2741 4186 συναφείας
2794 4116 3028 4186 ἐχούσης
3061 4115 3122 4168 τὸ
3151 4115 3460 4178 ἀδιάλυτον,
3488 4117 3548 4167 τὺ
3584 4116 3757 4184 σκλη-

2166 4207 2256 4278 ρὸν
2288 4207 2390 4278 τῆς
2416 4207 2644 4278 γνώμης
2683 4207 2777 4260 καὶ
2814 4207 2876 4260 τὸ
2904 4208 3200 4279 ἀνήμερον,
3232 4207 3301 4261 τὰ
3339 4207 3518 4276 πολλῷ
3550 4223 3757 4276 κατερ-

2161 4299 2386 4367 γάσοιτο
2428 4299 2672 4370 χείρονα,
2735 4299 2882 4370 φόνῳ
2939 4299 3042 4368 τὴν
3105 4298 3283 4366 λύσιν,
3316 4299 3400 4352 ὅτι
3451 4300 3526 4370 μὴ
3573 4299 3757 4364 ἔξεστι

2161 4390 2417 4461 δόγματι,
2509 4391 3027 4462 ἐπιμηχανιῦμενον.
3111 4391 3394 4455 Τοιούτοις
3464 4391 3756 4463 λογισμοῖς

2161 4484 2190 4537 ὁ
2224 4483 2416 4554 Σωτὴρ
2466 4483 2561 4536 καὶ
2630 4484 3014 4555 ἐνθυμήμασιν
3072 4483 3448 4556 ἀποῤῥαπίζει
3508 4485 3614 4555 μὲν
3646 4485 3755 4540 τῶν

475 4583 586 4622 non
617 4567 809 4622 liceret
857 4566 1092 4621 efficere.
1129 4566 1225 4622 His
1277 4567 1585 4622 ratiociniis
1617 4577 1670 4624 et
1722 4570 2052 4640 argumentis

2197 4569 2453 4626 Ιουδαίων
2481 4573 2542 4625 τὸ
2577 4573 2971 4644 κακούργημα,
3008 4572 3126 4626 λύει
3159 4573 3215 4627 δὲ
3245 4574 3307 4628 τὸ
3351 4575 3755 4642 σεσοφισμένον

476 4660 739 4714 Servatur
766 4658 1033 4730 ﬂagitium
1063 4658 1378 4714 Judteorum
1415 4660 1650 4731 castigat
1675 4661 1932 4730 quidem,
1963 4663 2060 4716 sed

475 4763 534 4806 et
582 4751 747 4806 simul
785 4750 1153 4821 quastionem
1205 4751 1508 4821 sophistice
1559 4753 1826 4822 prolatam
1875 4753 2058 4817 solvit,

475 4858 779 4912 onmesque
811 4843 977 4898 docet
1004 4851 1064 4897 ut
1093 4859 1220 4898 eum
1264 4843 1446 4898 sciant
1471 4853 1725 4900 nostrum
1768 4859 1893 4900 esse
1923 4861 2060 4900 con-

474 4934 733 4998 ditorem,
784 4935 943 5004 cujus
974 4935 1139 4990 etiam
1179 4935 1299 4990 haec
1351 4935 1439 4990 lex
1477 4945 1581 5003 est,
1624 4945 1686 4990 ut
1733 4936 1965 4992 maritus
1991 4936 2061 4991 ab

479 5037 648 5076 uxore
677 5039 786 5077 non
827 5025 1071 5079 recedat.
1113 5025 1247 5091 Qua:
1291 5024 1513 5094 quidem
1559 5025 1718 5080 initio
1753 5026 1872 5097 ipsa
1897 5042 2056 5082 crea-

478 5113 630 5167 tione
659 5122 715 5168 et
741 5115 1133 5184 conjunctione
1197 5117 1254 5170 in
1317 5125 1663 5171 antecessum
1709 5118 2055 5185 adumbrata,

477 5204 676 5260 deinde
709 5220 840 5260 vero
874 5207 1106 5262 consilio
1149 5217 1206 5262 et
1242 5209 1426 5262 verbis
1457 5209 1590 5278 ipsis
1639 5211 1979 5282 promulgata
2006 5220 2061 5267 et

476 5297 682 5353 diserte
711 5299 997 5369 proposita
1023 5309 1128 5354 est.
1155 5299 1397 5370 Namque
1421 5301 1707 5358 Trinitatis
1737 5302 1965 5360 infinitas
2002 5312 2061 5360 et

474 5392 873 5461 omnipotentis
891 5393 1182 5447 utbonitas
1212 5401 1267 5447 et
1291 5408 1520 5464 regnum
1543 5404 1599 5450 et
1621 5395 1952 5465 potentiam.
1983 5397 2060 5454 ita

562 5529 608 5560 ”
639 5529 834 5586 Matth.
870 5529 924 5586 6.
1003 5530 1048 5563 ⁸⁸
1077 5530 1191 5586 ibid
1248 5548 1360 5587 xix.
1399 5533 1452 5589 8.

2165 4663 2265 4734 τῆς
2293 4664 2635 4736 ἐρωτήσεως.
2672 4666 2781 4718 Καὶ
2809 4666 3056 4719 παιδεύει
3088 4667 3322 4730 πάντας.
3351 4667 3560 4720 ἐκεῖνον
3595 4667 3754 4738 ἡμῶν

2161 4754 2359 4809 εἰδέναι
2383 4756 2744 4828 δημιουργὸν,
2784 4750 2846 4810 οὗ
2878 4758 2975 4811 καὶ
3022 4759 3117 4812 τὸν
3150 4759 3320 4830 ἄνδρα
3343 4758 3446 4829 τῆς
3490 4760 3755 4829 γυναικὸς

2162 4848 2327 4918 νόμος
2382 4851 2501 4903 ἐστὶ
2559 4851 2634 4922 μὴ
2667 4852 2999 4906 διῒστασθαι.
3037 4853 3337 4923 Καταρχάς
3387 4869 3487 4924 μεν
3535 4857 3605 4925 τῇ
3642 4854 3755 4907 δια-

2163 4940 2360 4994 πλάσει
2386 4942 2484 4996 καὶ
2512 4943 2778 5015 συναφείᾳ
2823 4944 2993 4998 οἱονεὶ
3018 4945 3370 5014 τυπούμενος
3413 4944 3753 5017 προϐουλεύ-

2168 5046 2322 5100 ματι,
2356 5029 2585 5101 ὕστερον
2610 5032 2669 5085 δέ
2695 5033 2790 5087 καὶ
2817 5033 3056 5104 ῥήμασιν
3097 5034 3284 5097 αὑτοῖς
3313 5034 3754 5106 ἐμφανιζόμενός

2163 5140 2223 5176 τε
2277 5124 2372 5178 καὶ
2423 5124 2724 5198 διαρρήδην
2776 5127 3202 5198 κηρυττόμενος.
3263 5128 3376 5182 Καὶ
3424 5127 3533 5200 γὰρ
3569 5129 3750 5183 κοινόν

2162 5215 2280 5269 ἐστι
2311 5217 2406 5270 καὶ
2429 5217 2729 5287 ἀμέριστον
2783 5218 2885 5288 τῆς
2926 5219 3258 5289 ὑπερουσίου
3290 5220 3386 5273 καὶ
3435 5237 3747 5292 παντοκρά-

2164 5309 2394 5380 τορικῆς
2441 5311 2697 5382 Τριάδος,
2736 5310 2926 5382 ὥσπερ
2950 5312 3012 5366 τὸ
3041 5313 3250 5382 ἀγαθὸν
3290 5314 3388 5366 καὶ
3429 5315 3461 5384 ἡ
3501 5313 3750 5383 βασιλεία

2165 5403 2320 5474 καὶὴ
2355 5401 2591 5473 δύναμις
2635 5403 2778 5458 οὕτω
2839 5405 2938 5459 καὶ
2970 5405 3068 5475 τῆς
3098 5405 3464 5478 δημιουργίας
3503 5407 3600 5460 καὶ
3649 5405 3750 5475 τῆς

1607 5699 1839 5757 ῩΑΒΙᾹΞ
1873 5699 2262 5759 LECTlONES
2300 5702 2389 5756 ΕΤ
2414 5699 2650 5759 NOTAE.

555 5854 668 5927 (54)
693 5857 966 5927 Μιασμῷ.
997 5857 1088 5915 Sic
1118 5857 1311 5931 scripsi
1343 5875 1443 5933 pro
1473 5862 1711 5935 μίασμα,
1760 5862 1906 5934 quod
1951 5879 2052 5920 ms.

2157 5861 2416 5920 thibebat.
2449 5860 2615 5919 Forte
2645 5861 2814 5919 etiam
2844 5871 2992 5919 recte
3015 5862 3211 5936 legeris
3245 5862 3538 5934 μιάσματι.
