  <div class='ocr_page' id='page_1' title='image "/cluster/home/n/w/nwhite01/storage/ocr_20150623/102:no.2/coo.31924054870062/144.png"; bbox 0 0 3886 6452; ppageno 0'>
   <div class='ocr_carea' id='block_1_1' title="bbox 201 401 2395 476">
    <p class='ocr_par' dir='ltr' id='par_1_1' title="bbox 201 401 2395 476">
     <span class='ocr_line' id='line_1_1' title="bbox 201 401 2395 476; baseline -0.005 -1"><span class='ocrx_word' id='word_1_1' title='bbox 201 412 281 476; x_wconf 59' lang='grc' dir='ltr'><strong>ιιι</strong></span> <span class='ocrx_word' id='word_1_2' title='bbox 1196 404 1496 465; x_wconf 83' lang='lat' dir='ltr'><strong>CONTRA</strong></span> <span class='ocrx_word' id='word_1_3' title='bbox 1532 401 1992 463; x_wconf 68' lang='lat' dir='ltr'><strong>MANICHEOS</strong></span> <span class='ocrx_word' id='word_1_4' title='bbox 2029 403 2262 463; x_wconf 77' lang='lat' dir='ltr'>LIBER</span> <span class='ocrx_word' id='word_1_5' title='bbox 2300 404 2395 464; x_wconf 87' lang='lat' dir='ltr'><strong>IV.</strong></span> 
     </span>
    </p>
   </div>
   <div class='ocr_carea' id='block_1_2' title="bbox 3314 410 3427 473">
    <p class='ocr_par' dir='ltr' id='par_1_2' title="bbox 3314 410 3427 473">
     <span class='ocr_line' id='line_1_2' title="bbox 3314 410 3427 473; baseline 0.018 -2"><span class='ocrx_word' id='word_1_6' title='bbox 3314 410 3427 473; x_wconf 77' lang='grc'><strong>262</strong></span> 
     </span>
    </p>
   </div>
   <div class='ocr_carea' id='block_1_3' title="bbox 202 515 1741 596">
    <p class='ocr_par' dir='ltr' id='par_1_3' title="bbox 202 515 1736 596">
     <span class='ocr_line' id='line_1_3' title="bbox 202 515 1736 596; baseline -0.008 -17"><span class='ocrx_word' id='word_1_7' title='bbox 202 522 482 596; x_wconf 72' lang='grc' dir='ltr'><strong>νομοθεσίας</strong></span> <span class='ocrx_word' id='word_1_8' title='bbox 497 522 558 575; x_wconf 76' lang='grc' dir='ltr'>τὸ</span> <span class='ocrx_word' id='word_1_9' title='bbox 572 521 805 590; x_wconf 81' lang='grc' dir='ltr'>ἀξίωμα.</span> <span class='ocrx_word' id='word_1_10' title='bbox 824 517 915 571; x_wconf 86' lang='grc' dir='ltr'><strong>Διὸ</strong></span> <span class='ocrx_word' id='word_1_11' title='bbox 933 518 1027 572; x_wconf 68' lang='grc' dir='ltr'><strong>καὶ</strong></span> <span class='ocrx_word' id='word_1_12' title='bbox 1040 516 1134 571; x_wconf 90' lang='grc' dir='ltr'><strong>τοῦ</strong></span> <span class='ocrx_word' id='word_1_13' title='bbox 1156 518 1424 588; x_wconf 83' lang='grc' dir='ltr'><strong>παρόντος</strong></span> <span class='ocrx_word' id='word_1_14' title='bbox 1439 515 1736 586; x_wconf 68' lang='grc' dir='ltr'>νόμουζ(55&gt;</span> 
     </span>
    </p>
   </div>
   <div class='ocr_carea' id='block_1_4' title="bbox 1847 515 3420 596">
    <p class='ocr_par' dir='ltr' id='par_1_4' title="bbox 1848 515 3420 586">
     <span class='ocr_line' id='line_1_4' title="bbox 1848 515 3420 586; baseline 0.005 -17"><span class='ocrx_word' id='word_1_15' title='bbox 1848 526 1903 569; x_wconf 89' lang='lat' dir='ltr'><strong>et</strong></span> <span class='ocrx_word' id='word_1_16' title='bbox 1933 516 2230 570; x_wconf 88' lang='lat' dir='ltr'><strong>creationis</strong></span> <span class='ocrx_word' id='word_1_17' title='bbox 2281 515 2518 586; x_wconf 74' lang='lat' dir='ltr'><strong>dignitas</strong></span> <span class='ocrx_word' id='word_1_18' title='bbox 2539 516 2853 571; x_wconf 89' lang='lat' dir='ltr'><strong>communia</strong></span> <span class='ocrx_word' id='word_1_19' title='bbox 2889 528 3023 574; x_wconf 91' lang='lat' dir='ltr'><strong>sunt</strong></span> <span class='ocrx_word' id='word_1_20' title='bbox 3059 530 3115 575; x_wconf 85' lang='lat' dir='ltr'><strong>et</strong></span> <span class='ocrx_word' id='word_1_21' title='bbox 3163 521 3420 577; x_wconf 87' lang='lat' dir='ltr'><strong>indivisa.</strong></span> 
     </span>
    </p>
   </div>
   <div class='ocr_carea' id='block_1_5' title="bbox 202 606 1745 684">
    <p class='ocr_par' dir='ltr' id='par_1_5' title="bbox 202 606 1745 684">
     <span class='ocr_line' id='line_1_5' title="bbox 202 606 1745 684; baseline -0.009 -13"><span class='ocrx_word' id='word_1_22' title='bbox 202 617 316 671; x_wconf 66' lang='grc' dir='ltr'>κατὰ</span> <span class='ocrx_word' id='word_1_23' title='bbox 374 615 471 683; x_wconf 82' lang='grc' dir='ltr'><strong>μὲν</strong></span> <span class='ocrx_word' id='word_1_24' title='bbox 538 615 639 684; x_wconf 81' lang='grc' dir='ltr'><strong>τὴν</strong></span> <span class='ocrx_word' id='word_1_25' title='bbox 698 610 1083 682; x_wconf 84' lang='grc' dir='ltr'>ἀρχαιογονίαν</span> <span class='ocrx_word' id='word_1_26' title='bbox 1135 612 1163 663; x_wconf 88' lang='grc' dir='ltr'><strong>ό</strong></span> <span class='ocrx_word' id='word_1_27' title='bbox 1202 608 1298 661; x_wconf 90' lang='grc' dir='ltr'><strong>τοῦ</strong></span> <span class='ocrx_word' id='word_1_28' title='bbox 1354 607 1567 678; x_wconf 80' lang='grc' dir='ltr'>Πατρὸς</span> <span class='ocrx_word' id='word_1_29' title='bbox 1615 606 1745 668; x_wconf 83' lang='grc' dir='ltr'>Υἱὸς</span> 
     </span>
    </p>
   </div>
   <div class='ocr_carea' id='block_1_6' title="bbox 200 698 1744 774">
    <p class='ocr_par' dir='ltr' id='par_1_6' title="bbox 200 698 1744 774">
     <span class='ocr_line' id='line_1_6' title="bbox 200 698 1744 774; baseline -0.006 -16"><span class='ocrx_word' id='word_1_30' title='bbox 200 702 446 774; x_wconf 73' lang='grc' dir='ltr'>ὁμοσύσιος</span> <span class='ocrx_word' id='word_1_31' title='bbox 494 701 563 753; x_wconf 80' lang='grc' dir='ltr'><strong>τά</strong></span> <span class='ocrx_word' id='word_1_32' title='bbox 621 701 913 771; x_wconf 80' lang='grc' dir='ltr'>σπέρματα</span> <span class='ocrx_word' id='word_1_33' title='bbox 980 699 1408 761; x_wconf 85' lang='grc' dir='ltr'>καταϐάλλεται,</span> <span class='ocrx_word' id='word_1_34' title='bbox 1470 699 1651 769; x_wconf 84' lang='grc' dir='ltr'>σάρκα</span> <span class='ocrx_word' id='word_1_35' title='bbox 1686 698 1744 749; x_wconf 79' lang='grc' dir='ltr'>δὲ</span> 
     </span>
    </p>
   </div>
   <div class='ocr_carea' id='block_1_7' title="bbox 200 788 1741 863">
    <p class='ocr_par' dir='ltr' id='par_1_7' title="bbox 200 788 1741 863">
     <span class='ocr_line' id='line_1_7' title="bbox 200 788 1741 863; baseline -0.005 -15"><span class='ocrx_word' id='word_1_36' title='bbox 200 795 349 848; x_wconf 80' lang='grc' dir='ltr'>λαϐὼν</span> <span class='ocrx_word' id='word_1_37' title='bbox 378 793 472 863; x_wconf 82' lang='grc' dir='ltr'>τὴν</span> <span class='ocrx_word' id='word_1_38' title='bbox 526 793 666 863; x_wconf 83' lang='grc' dir='ltr'>ὲμὴν</span> <span class='ocrx_word' id='word_1_39' title='bbox 705 793 799 846; x_wconf 69' lang='grc' dir='ltr'><strong>καὶ</strong></span> <span class='ocrx_word' id='word_1_40' title='bbox 849 794 964 855; x_wconf 88' lang='grc' dir='ltr'>τοῖς</span> <span class='ocrx_word' id='word_1_41' title='bbox 1012 791 1322 863; x_wconf 88' lang='grc' dir='ltr'>ἀνθρώποις</span> <span class='ocrx_word' id='word_1_42' title='bbox 1349 790 1426 853; x_wconf 87' lang='grc' dir='ltr'><strong>ώς</strong></span> <span class='ocrx_word' id='word_1_43' title='bbox 1454 788 1741 858; x_wconf 80' lang='grc' dir='ltr'>ἄνθρωπος</span> 
     </span>
    </p>
   </div>
   <div class='ocr_carea' id='block_1_8' title="bbox 200 879 1741 956">
    <p class='ocr_par' dir='ltr' id='par_1_8' title="bbox 200 879 1741 956">
     <span class='ocr_line' id='line_1_8' title="bbox 200 879 1741 956; baseline -0.004 -18"><span class='ocrx_word' id='word_1_44' title='bbox 200 884 697 956; x_wconf 57' lang='grc' dir='ltr'>ἐμπλιτευσάμενος</span> <span class='ocrx_word' id='word_1_45' title='bbox 754 884 846 936; x_wconf 73' lang='grc' dir='ltr'><strong>καὶ</strong></span> <span class='ocrx_word' id='word_1_46' title='bbox 923 884 1163 953; x_wconf 78' lang='grc' dir='ltr'>ῥήμασιν</span> <span class='ocrx_word' id='word_1_47' title='bbox 1208 882 1393 943; x_wconf 84' lang='grc' dir='ltr'>αὑτοῖς</span> <span class='ocrx_word' id='word_1_48' title='bbox 1448 879 1741 949; x_wconf 75' lang='grc' dir='ltr'><strong>ἀπαρτίζει</strong></span> 
     </span>
    </p>
   </div>
   <div class='ocr_carea' id='block_1_9' title="bbox 200 973 1741 1046">
    <p class='ocr_par' dir='ltr' id='par_1_9' title="bbox 200 973 1741 1046">
     <span class='ocr_line' id='line_1_9' title="bbox 200 973 1741 1046; baseline -0.004 -15"><span class='ocrx_word' id='word_1_49' title='bbox 200 980 353 1033; x_wconf 80' lang='grc' dir='ltr'>τοῦτον</span> <span class='ocrx_word' id='word_1_50' title='bbox 387 982 473 1030; x_wconf 78' lang='grc' dir='ltr'><strong>καὶ</strong></span> <span class='ocrx_word' id='word_1_51' title='bbox 524 976 795 1046; x_wconf 78' lang='grc' dir='ltr'>ἐκτίθησι.</span> <span class='ocrx_word' id='word_1_52' title='bbox 850 976 964 1029; x_wconf 73' lang='grc' dir='ltr'>Καὶ</span> <span class='ocrx_word' id='word_1_53' title='bbox 1005 974 1121 1039; x_wconf 83' lang='grc' dir='ltr'><strong>πῶς</strong></span> <span class='ocrx_word' id='word_1_54' title='bbox 1171 975 1272 1028; x_wconf 82' lang='grc' dir='ltr'><strong>οὑκ</strong></span> <span class='ocrx_word' id='word_1_55' title='bbox 1322 974 1387 1027; x_wconf 73' lang='grc' dir='ltr'><strong>ἄν</strong></span> <span class='ocrx_word' id='word_1_56' title='bbox 1410 990 1490 1036; x_wconf 91' lang='grc' dir='ltr'><strong>τις</strong></span> <span class='ocrx_word' id='word_1_57' title='bbox 1532 973 1741 1044; x_wconf 80' lang='grc' dir='ltr'>φρίξειε</span> 
     </span>
    </p>
   </div>
   <div class='ocr_carea' id='block_1_10' title="bbox 198 1067 1741 1142">
    <p class='ocr_par' dir='ltr' id='par_1_10' title="bbox 198 1067 1741 1142">
     <span class='ocr_line' id='line_1_10' title="bbox 198 1067 1741 1142; baseline -0.003 -19"><span class='ocrx_word' id='word_1_58' title='bbox 198 1075 277 1142; x_wconf 79' lang='grc' dir='ltr'><strong>τῆς</strong></span> <span class='ocrx_word' id='word_1_59' title='bbox 305 1070 541 1132; x_wconf 75' lang='grc' dir='ltr'>ἐναντίας</span> <span class='ocrx_word' id='word_1_60' title='bbox 577 1070 774 1139; x_wconf 82' lang='grc' dir='ltr'>μοίρας</span> <span class='ocrx_word' id='word_1_61' title='bbox 802 1068 836 1138; x_wconf 81' lang='grc' dir='ltr'>ἢ</span> <span class='ocrx_word' id='word_1_62' title='bbox 866 1068 966 1138; x_wconf 87' lang='grc' dir='ltr'>τὴν</span> <span class='ocrx_word' id='word_1_63' title='bbox 1002 1068 1200 1121; x_wconf 81' lang='grc' dir='ltr'>πλάσιν</span> <span class='ocrx_word' id='word_1_64' title='bbox 1223 1067 1402 1137; x_wconf 79' lang='grc' dir='ltr'>ἡμῶν,</span> <span class='ocrx_word' id='word_1_65' title='bbox 1428 1067 1461 1136; x_wconf 82' lang='grc' dir='ltr'>ἢ</span> <span class='ocrx_word' id='word_1_66' title='bbox 1492 1067 1583 1119; x_wconf 85' lang='grc' dir='ltr'><strong>τὸν</strong></span> <span class='ocrx_word' id='word_1_67' title='bbox 1607 1067 1741 1120; x_wconf 90' lang='grc' dir='ltr'><strong>Μω-</strong></span> 
     </span>
    </p>
   </div>
   <div class='ocr_carea' id='block_1_11' title="bbox 199 1156 1743 1232">
    <p class='ocr_par' dir='ltr' id='par_1_11' title="bbox 199 1156 1743 1232">
     <span class='ocr_line' id='line_1_11' title="bbox 199 1156 1743 1232; baseline -0.006 -14"><span class='ocrx_word' id='word_1_68' title='bbox 199 1165 348 1232; x_wconf 73' lang='grc' dir='ltr'>σέα,ῆ</span> <span class='ocrx_word' id='word_1_69' title='bbox 388 1162 481 1232; x_wconf 81' lang='grc' dir='ltr'><strong>τὴν</strong></span> <span class='ocrx_word' id='word_1_70' title='bbox 534 1162 933 1231; x_wconf 81' lang='grc' dir='ltr'>κοσμογένειαν</span> <span class='ocrx_word' id='word_1_71' title='bbox 967 1160 1041 1231; x_wconf 84' lang='grc' dir='ltr'>μὴ</span> <span class='ocrx_word' id='word_1_72' title='bbox 1077 1161 1159 1212; x_wconf 82' lang='grc' dir='ltr'><strong>ὅτι</strong></span> <span class='ocrx_word' id='word_1_73' title='bbox 1212 1158 1565 1227; x_wconf 76' lang='grc' dir='ltr'>φθέγξασθαι,</span> <span class='ocrx_word' id='word_1_74' title='bbox 1605 1156 1743 1211; x_wconf 91' lang='grc' dir='ltr'><strong>ἀλλά</strong></span> 
     </span>
    </p>
   </div>
   <div class='ocr_carea' id='block_1_12' title="bbox 196 1248 1742 1321">
    <p class='ocr_par' dir='ltr' id='par_1_12' title="bbox 196 1248 1742 1321">
     <span class='ocr_line' id='line_1_12' title="bbox 196 1248 1742 1321; baseline -0.005 -14"><span class='ocrx_word' id='word_1_75' title='bbox 196 1257 271 1307; x_wconf 78' lang='grc' dir='ltr'><strong>καὶ</strong></span> <span class='ocrx_word' id='word_1_76' title='bbox 293 1254 560 1321; x_wconf 78' lang='grc' dir='ltr'><strong>λογισμοῖς</strong></span> <span class='ocrx_word' id='word_1_77' title='bbox 597 1253 693 1321; x_wconf 86' lang='grc' dir='ltr'><strong>τῆς</strong></span> <span class='ocrx_word' id='word_1_78' title='bbox 724 1251 987 1320; x_wconf 78' lang='grc' dir='ltr'><strong>τοιαύτης</strong></span> <span class='ocrx_word' id='word_1_79' title='bbox 1043 1250 1418 1320; x_wconf 78' lang='grc' dir='ltr'><strong>βλασφημίας,</strong></span> <span class='ocrx_word' id='word_1_80' title='bbox 1448 1248 1545 1301; x_wconf 88' lang='grc' dir='ltr'><strong>τοῦ</strong></span> <span class='ocrx_word' id='word_1_81' title='bbox 1569 1264 1742 1318; x_wconf 88' lang='grc' dir='ltr'>πονη-</span> 
     </span>
    </p>
   </div>
   <div class='ocr_carea' id='block_1_13' title="bbox 198 1340 1741 1418">
    <p class='ocr_par' dir='ltr' id='par_1_13' title="bbox 198 1340 1741 1418">
     <span class='ocr_line' id='line_1_13' title="bbox 198 1340 1741 1418; baseline -0.005 -19"><span class='ocrx_word' id='word_1_82' title='bbox 198 1348 275 1418; x_wconf 83' lang='grc' dir='ltr'><strong>ροῦ</strong></span> <span class='ocrx_word' id='word_1_83' title='bbox 312 1344 755 1415; x_wconf 81' lang='grc' dir='ltr'>προσϐάλλοντος,</span> <span class='ocrx_word' id='word_1_84' title='bbox 800 1344 904 1397; x_wconf 85' lang='grc' dir='ltr'><strong>κᾶν</strong></span> <span class='ocrx_word' id='word_1_85' title='bbox 956 1342 1230 1414; x_wconf 80' lang='grc' dir='ltr'>ὲπίϐραχυ</span> <span class='ocrx_word' id='word_1_86' title='bbox 1256 1341 1527 1411; x_wconf 88' lang='grc' dir='ltr'>δοῦναιτῇ</span> <span class='ocrx_word' id='word_1_87' title='bbox 1547 1340 1741 1392; x_wconf 83' lang='grc' dir='ltr'>δυσσε-</span> 
     </span>
    </p>
   </div>
   <div class='ocr_carea' id='block_1_14' title="bbox 197 1431 1741 1505">
    <p class='ocr_par' dir='ltr' id='par_1_14' title="bbox 197 1431 1741 1505">
     <span class='ocr_line' id='line_1_14' title="bbox 197 1431 1741 1505; baseline -0.003 -18"><span class='ocrx_word' id='word_1_88' title='bbox 197 1437 295 1505; x_wconf 66' lang='grc' dir='ltr'>ϐεία</span> <span class='ocrx_word' id='word_1_89' title='bbox 321 1435 676 1504; x_wconf 82' lang='grc' dir='ltr'>κυμαίνεσθαι</span> <span class='ocrx_word' id='word_1_90' title='bbox 700 1435 800 1505; x_wconf 82' lang='grc' dir='ltr'>τὴν</span> <span class='ocrx_word' id='word_1_91' title='bbox 831 1433 1097 1497; x_wconf 83' lang='grc' dir='ltr'>διάνοιαν,</span> <span class='ocrx_word' id='word_1_92' title='bbox 1131 1432 1269 1485; x_wconf 92' lang='grc' dir='ltr'><strong>ἀλλά</strong></span> <span class='ocrx_word' id='word_1_93' title='bbox 1300 1431 1377 1502; x_wconf 83' lang='grc' dir='ltr'>μὴ</span> <span class='ocrx_word' id='word_1_94' title='bbox 1424 1431 1618 1485; x_wconf 86' lang='grc' dir='ltr'>θᾶττον</span> <span class='ocrx_word' id='word_1_95' title='bbox 1645 1431 1741 1483; x_wconf 75' lang='grc' dir='ltr'><strong>καὶ</strong></span> 
     </span>
    </p>
   </div>
   <div class='ocr_carea' id='block_1_15' title="bbox 197 1522 1741 1597">
    <p class='ocr_par' dir='ltr' id='par_1_15' title="bbox 197 1522 1741 1597">
     <span class='ocr_line' id='line_1_15' title="bbox 197 1522 1741 1597; baseline -0.004 -17"><span class='ocrx_word' id='word_1_96' title='bbox 197 1529 335 1597; x_wconf 64' lang='grc' dir='ltr'>αὐτὴν</span> <span class='ocrx_word' id='word_1_97' title='bbox 360 1526 648 1580; x_wconf 82' lang='grc' dir='ltr'>ἀποσοϐεῖν</span> <span class='ocrx_word' id='word_1_98' title='bbox 686 1527 785 1597; x_wconf 84' lang='grc' dir='ltr'><strong>τὴν</strong></span> <span class='ocrx_word' id='word_1_99' title='bbox 817 1529 1015 1597; x_wconf 88' lang='grc' dir='ltr'>πεῖραν</span> <span class='ocrx_word' id='word_1_100' title='bbox 1066 1525 1163 1577; x_wconf 74' lang='grc' dir='ltr'>καὶ</span> <span class='ocrx_word' id='word_1_101' title='bbox 1197 1526 1336 1594; x_wconf 86' lang='grc' dir='ltr'>μετὰ</span> <span class='ocrx_word' id='word_1_102' title='bbox 1379 1522 1741 1593; x_wconf 75' lang='grc' dir='ltr'>σφοδρότητος</span> 
     </span>
    </p>
   </div>
   <div class='ocr_carea' id='block_1_16' title="bbox 195 1614 713 1689">
    <p class='ocr_par' dir='ltr' id='par_1_16' title="bbox 195 1614 713 1689">
     <span class='ocr_line' id='line_1_16' title="bbox 195 1614 713 1689; baseline -0.006 -15"><span class='ocrx_word' id='word_1_103' title='bbox 195 1620 586 1689; x_wconf 78' lang='grc' dir='ltr'>ἀποτρέπεσθαι.</span> <span class='ocrx_word' id='word_1_104' title='bbox 700 1614 713 1624; x_wconf 75' lang='grc'><strong>’</strong></span> 
     </span>
    </p>
   </div>
   <div class='ocr_carea' id='block_1_17' title="bbox 250 1704 1741 1780">
    <p class='ocr_par' dir='ltr' id='par_1_17' title="bbox 250 1704 1741 1780">
     <span class='ocr_line' id='line_1_17' title="bbox 250 1704 1741 1780; baseline -0.004 -15"><span class='ocrx_word' id='word_1_105' title='bbox 250 1715 350 1765; x_wconf 72' lang='lat' dir='ltr'><strong>AA&#39;.</strong></span> <span class='ocrx_word' id='word_1_106' title='bbox 404 1710 591 1780; x_wconf 76' lang='lat' dir='ltr'><strong>pr‘t;</strong></span> <span class='ocrx_word' id='word_1_107' title='bbox 624 1709 681 1762; x_wconf 76' lang='grc' dir='ltr'>δὲ</span> <span class='ocrx_word' id='word_1_108' title='bbox 717 1711 826 1761; x_wconf 83' lang='grc' dir='ltr'><strong>τῶν</strong></span> <span class='ocrx_word' id='word_1_109' title='bbox 899 1707 1212 1779; x_wconf 81' lang='grc' dir='ltr'><strong>εἰρημένων</strong></span> <span class='ocrx_word' id='word_1_110' title='bbox 1243 1708 1271 1760; x_wconf 89' lang='grc' dir='ltr'><strong>ό</strong></span> <span class='ocrx_word' id='word_1_111' title='bbox 1302 1706 1581 1777; x_wconf 85' lang='grc' dir='ltr'>Δεσπότης</span> <span class='ocrx_word' id='word_1_112' title='bbox 1615 1704 1741 1759; x_wconf 76' lang='grc' dir='ltr'>ἰδὼν</span> 
     </span>
    </p>
   </div>
   <div class='ocr_carea' id='block_1_18' title="bbox 195 1799 1741 1870">
    <p class='ocr_par' dir='ltr' id='par_1_18' title="bbox 195 1799 1741 1870">
     <span class='ocr_line' id='line_1_18' title="bbox 195 1799 1741 1870; baseline -0.004 -14"><span class='ocrx_word' id='word_1_113' title='bbox 195 1803 332 1856; x_wconf 75' lang='grc' dir='ltr'>αὑτοῦ</span> <span class='ocrx_word' id='word_1_114' title='bbox 362 1802 448 1853; x_wconf 80' lang='grc' dir='ltr'>τὸν</span> <span class='ocrx_word' id='word_1_115' title='bbox 484 1802 694 1870; x_wconf 82' lang='grc' dir='ltr'>κόσμον</span> <span class='ocrx_word' id='word_1_116' title='bbox 726 1802 822 1855; x_wconf 74' lang='grc' dir='ltr'><strong>καὶ</strong></span> <span class='ocrx_word' id='word_1_117' title='bbox 853 1801 1136 1869; x_wconf 84' lang='grc' dir='ltr'>γινώσκει,</span> <span class='ocrx_word' id='word_1_118' title='bbox 1193 1799 1290 1853; x_wconf 74' lang='grc' dir='ltr'>καὶ</span> <span class='ocrx_word' id='word_1_119' title='bbox 1322 1799 1586 1862; x_wconf 80' lang='grc' dir='ltr'>πολλάκις</span> <span class='ocrx_word' id='word_1_120' title='bbox 1620 1800 1741 1852; x_wconf 81' lang='grc' dir='ltr'>ἐπι-</span> 
     </span>
    </p>
   </div>
   <div class='ocr_carea' id='block_1_19' title="bbox 194 1890 1740 1963">
    <p class='ocr_par' dir='ltr' id='par_1_19' title="bbox 194 1890 1740 1963">
     <span class='ocr_line' id='line_1_19' title="bbox 194 1890 1740 1963; baseline -0.005 -14"><span class='ocrx_word' id='word_1_121' title='bbox 194 1899 445 1951; x_wconf 77' lang='grc' dir='ltr'>δείκνυται.</span> <span class='ocrx_word' id='word_1_122' title='bbox 491 1895 606 1947; x_wconf 77' lang='grc' dir='ltr'>Καὶ</span> <span class='ocrx_word' id='word_1_123' title='bbox 660 1894 780 1957; x_wconf 85' lang='grc' dir='ltr'><strong>πῶς</strong></span> <span class='ocrx_word' id='word_1_124' title='bbox 823 1895 871 1946; x_wconf 83' lang='grc' dir='ltr'>οἱ</span> <span class='ocrx_word' id='word_1_125' title='bbox 933 1891 1347 1963; x_wconf 88' lang='grc' dir='ltr'>ἀλλοτριοῦντες</span> <span class='ocrx_word' id='word_1_126' title='bbox 1407 1891 1570 1947; x_wconf 85' lang='grc' dir='ltr'>αὑτὸν</span> <span class='ocrx_word' id='word_1_127' title='bbox 1640 1890 1740 1960; x_wconf 89' lang='grc' dir='ltr'><strong>τῆς</strong></span> 
     </span>
    </p>
   </div>
   <div class='ocr_carea' id='block_1_20' title="bbox 194 1981 1740 2057">
    <p class='ocr_par' dir='ltr' id='par_1_20' title="bbox 194 1981 1740 2057">
     <span class='ocr_line' id='line_1_20' title="bbox 194 1981 1740 2057; baseline -0.005 -16"><span class='ocrx_word' id='word_1_128' title='bbox 194 1989 367 2041; x_wconf 77' lang='grc' dir='ltr'>ἐκείνου</span> <span class='ocrx_word' id='word_1_129' title='bbox 406 1988 679 2056; x_wconf 83' lang='grc' dir='ltr'>κραταιᾶς</span> <span class='ocrx_word' id='word_1_130' title='bbox 727 1984 910 2057; x_wconf 79' lang='grc' dir='ltr'>χειρὸς</span> <span class='ocrx_word' id='word_1_131' title='bbox 949 1985 1050 2037; x_wconf 82' lang='grc' dir='ltr'><strong>οὐκ</strong></span> <span class='ocrx_word' id='word_1_132' title='bbox 1096 1984 1373 2054; x_wconf 80' lang='grc' dir='ltr'>ἀλλότριοι</span> <span class='ocrx_word' id='word_1_133' title='bbox 1423 1981 1740 2053; x_wconf 77' lang='grc' dir='ltr'>περιφανῶς</span> 
     </span>
    </p>
   </div>
   <div class='ocr_carea' id='block_1_21' title="bbox 196 2075 1742 2150">
    <p class='ocr_par' dir='ltr' id='par_1_21' title="bbox 196 2075 1742 2150">
     <span class='ocr_line' id='line_1_21' title="bbox 196 2075 1742 2150; baseline -0.005 -16"><span class='ocrx_word' id='word_1_134' title='bbox 196 2081 271 2134; x_wconf 76' lang='grc' dir='ltr'>καὶ</span> <span class='ocrx_word' id='word_1_135' title='bbox 298 2079 456 2148; x_wconf 84' lang='grc' dir='ltr'>αὑτῆς</span> <span class='ocrx_word' id='word_1_136' title='bbox 508 2079 612 2149; x_wconf 87' lang='grc' dir='ltr'><strong>τῆς</strong></span> <span class='ocrx_word' id='word_1_137' title='bbox 646 2078 757 2131; x_wconf 84' lang='grc' dir='ltr'><strong>τῶν</strong></span> <span class='ocrx_word' id='word_1_138' title='bbox 790 2077 1133 2150; x_wconf 83' lang='grc' dir='ltr'>Χριστιανῶν</span> <span class='ocrx_word' id='word_1_139' title='bbox 1185 2076 1561 2146; x_wconf 79' lang='grc' dir='ltr'>ἐξελέγχονται</span> <span class='ocrx_word' id='word_1_140' title='bbox 1613 2075 1742 2144; x_wconf 86' lang='grc' dir='ltr'>κλή-</span> 
     </span>
    </p>
   </div>
   <div class='ocr_carea' id='block_1_22' title="bbox 196 2165 1740 2240">
    <p class='ocr_par' dir='ltr' id='par_1_22' title="bbox 196 2165 1740 2240">
     <span class='ocr_line' id='line_1_22' title="bbox 196 2165 1740 2240; baseline -0.005 -16"><span class='ocrx_word' id='word_1_141' title='bbox 196 2188 325 2233; x_wconf 82' lang='grc' dir='ltr'>σεως.</span> <span class='ocrx_word' id='word_1_142' title='bbox 360 2170 464 2223; x_wconf 73' lang='grc' dir='ltr'><strong>Καὶ</strong></span> <span class='ocrx_word' id='word_1_143' title='bbox 520 2169 634 2240; x_wconf 82' lang='grc' dir='ltr'>γὰρ</span> <span class='ocrx_word' id='word_1_144' title='bbox 672 2170 771 2238; x_wconf 81' lang='grc' dir='ltr'><strong>τὴν</strong></span> <span class='ocrx_word' id='word_1_145' title='bbox 823 2168 1142 2238; x_wconf 79' lang='grc' dir='ltr'>παραϐολὴν</span> <span class='ocrx_word' id='word_1_146' title='bbox 1171 2166 1266 2219; x_wconf 80' lang='grc' dir='ltr'><strong>τοῦ</strong></span> <span class='ocrx_word' id='word_1_147' title='bbox 1319 2165 1639 2236; x_wconf 86' lang='grc' dir='ltr'>σπείροντος</span> <span class='ocrx_word' id='word_1_148' title='bbox 1678 2165 1740 2217; x_wconf 79' lang='grc' dir='ltr'><strong>τὸ</strong></span> 
     </span>
    </p>
   </div>
   <div class='ocr_carea' id='block_1_23' title="bbox 196 2255 1738 2332">
    <p class='ocr_par' dir='ltr' id='par_1_23' title="bbox 196 2255 1738 2332">
     <span class='ocr_line' id='line_1_23' title="bbox 196 2255 1738 2332; baseline -0.006 -16"><span class='ocrx_word' id='word_1_149' title='bbox 196 2263 326 2316; x_wconf 76' lang='grc' dir='ltr'>καλὸν</span> <span class='ocrx_word' id='word_1_150' title='bbox 355 2263 572 2332; x_wconf 80' lang='grc' dir='ltr'>σπέρμα</span> <span class='ocrx_word' id='word_1_151' title='bbox 602 2262 666 2312; x_wconf 84' lang='grc' dir='ltr'>ὲν</span> <span class='ocrx_word' id='word_1_152' title='bbox 689 2260 768 2331; x_wconf 80' lang='grc' dir='ltr'>τῷ</span> <span class='ocrx_word' id='word_1_153' title='bbox 797 2259 953 2329; x_wconf 80' lang='grc' dir='ltr'>ἀγρῷ</span> <span class='ocrx_word' id='word_1_154' title='bbox 984 2259 1173 2323; x_wconf 87' lang='grc' dir='ltr'>αὑτοῦ,</span> <span class='ocrx_word' id='word_1_155' title='bbox 1198 2258 1291 2311; x_wconf 72' lang='grc' dir='ltr'>καὶ</span> <span class='ocrx_word' id='word_1_156' title='bbox 1321 2257 1418 2327; x_wconf 87' lang='grc' dir='ltr'><strong>τὴν</strong></span> <span class='ocrx_word' id='word_1_157' title='bbox 1446 2255 1555 2310; x_wconf 82' lang='grc' dir='ltr'>τῶν</span> <span class='ocrx_word' id='word_1_158' title='bbox 1585 2255 1738 2320; x_wconf 79' lang='grc' dir='ltr'>ζιζα-</span> 
     </span>
    </p>
   </div>
   <div class='ocr_carea' id='block_1_24' title="bbox 196 2351 1740 2426">
    <p class='ocr_par' dir='ltr' id='par_1_24' title="bbox 196 2351 1740 2426">
     <span class='ocr_line' id='line_1_24' title="bbox 196 2351 1740 2426; baseline -0.004 -18"><span class='ocrx_word' id='word_1_159' title='bbox 196 2354 634 2424; x_wconf 75' lang='grc' dir='ltr'>νίωνὲπισποράν,</span> <span class='ocrx_word' id='word_1_160' title='bbox 669 2354 703 2426; x_wconf 82' lang='grc' dir='ltr'>ἣ</span> <span class='ocrx_word' id='word_1_161' title='bbox 737 2354 1095 2407; x_wconf 82' lang='grc' dir='ltr'>καθεύδουσιν</span> <span class='ocrx_word' id='word_1_162' title='bbox 1122 2352 1446 2422; x_wconf 77' lang='grc' dir='ltr'>ἐπιθέμενος</span> <span class='ocrx_word' id='word_1_163' title='bbox 1484 2351 1740 2420; x_wconf 76' lang='grc' dir='ltr'>ἔσπειρεν</span> 
     </span>
    </p>
   </div>
   <div class='ocr_carea' id='block_1_25' title="bbox 196 2441 1741 2517">
    <p class='ocr_par' dir='ltr' id='par_1_25' title="bbox 196 2441 1741 2517">
     <span class='ocr_line' id='line_1_25' title="bbox 196 2441 1741 2517; baseline -0.004 -17"><span class='ocrx_word' id='word_1_164' title='bbox 196 2448 443 2517; x_wconf 75' lang='grc' dir='ltr'>ὁὲχθρὸς,</span> <span class='ocrx_word' id='word_1_165' title='bbox 487 2448 703 2517; x_wconf 84' lang='grc' dir='ltr'>ταύτην</span> <span class='ocrx_word' id='word_1_166' title='bbox 756 2446 822 2517; x_wconf 78' lang='grc' dir='ltr'>δὴ</span> <span class='ocrx_word' id='word_1_167' title='bbox 877 2448 989 2508; x_wconf 87' lang='grc' dir='ltr'>τοῖς</span> <span class='ocrx_word' id='word_1_168' title='bbox 1045 2445 1318 2514; x_wconf 80' lang='grc' dir='ltr'>μαθηταῖς</span> <span class='ocrx_word' id='word_1_169' title='bbox 1377 2441 1741 2495; x_wconf 85' lang='grc' dir='ltr'>ἀναπτύσσων</span> 
     </span>
    </p>
   </div>
   <div class='ocr_carea' id='block_1_26' title="bbox 196 2533 1743 2610">
    <p class='ocr_par' dir='ltr' id='par_1_26' title="bbox 196 2533 1743 2610">
     <span class='ocr_line' id='line_1_26' title="bbox 196 2533 1743 2610; baseline -0.005 -16"><span class='ocrx_word' id='word_1_170' title='bbox 196 2538 370 2595; x_wconf 79' lang='grc' dir='ltr'>αἰτοῦσι</span> <span class='ocrx_word' id='word_1_171' title='bbox 397 2538 614 2610; x_wconf 84' lang='grc' dir='ltr'>μαθεῖν.</span> <span class='ocrx_word' id='word_1_172' title='bbox 664 2537 727 2592; x_wconf 86' lang='lat'><strong>&#39;0</strong></span> <span class='ocrx_word' id='word_1_173' title='bbox 752 2536 1039 2605; x_wconf 78' lang='grc' dir='ltr'>σπείρων,</span> <span class='ocrx_word' id='word_1_174' title='bbox 1078 2536 1234 2607; x_wconf 73' lang='grc' dir='ltr'>φησὶ,</span> <span class='ocrx_word' id='word_1_175' title='bbox 1273 2534 1469 2588; x_wconf 78' lang='grc' dir='ltr'>καλὸν</span> <span class='ocrx_word' id='word_1_176' title='bbox 1497 2533 1743 2602; x_wconf 80' lang='grc' dir='ltr'>σπέρμα</span> 
     </span>
    </p>
   </div>
   <div class='ocr_carea' id='block_1_27' title="bbox 198 2630 1741 2701">
    <p class='ocr_par' dir='ltr' id='par_1_27' title="bbox 198 2630 1741 2701">
     <span class='ocr_line' id='line_1_27' title="bbox 198 2630 1741 2701; baseline -0.006 -10"><span class='ocrx_word' id='word_1_177' title='bbox 198 2636 335 2691; x_wconf 73' lang='grc' dir='ltr'>ἐστίν</span> <span class='ocrx_word' id='word_1_178' title='bbox 361 2639 390 2690; x_wconf 86' lang='grc' dir='ltr'><strong>ό</strong></span> <span class='ocrx_word' id='word_1_179' title='bbox 414 2636 544 2701; x_wconf 81' lang='grc' dir='ltr'>υίὸς</span> <span class='ocrx_word' id='word_1_180' title='bbox 600 2634 713 2689; x_wconf 82' lang='grc' dir='ltr'><strong>τοῦ</strong></span> <span class='ocrx_word' id='word_1_181' title='bbox 746 2632 1083 2701; x_wconf 81' lang='grc' dir='ltr'>ἀνθρώπου,</span> <span class='ocrx_word' id='word_1_182' title='bbox 1120 2634 1154 2685; x_wconf 87' lang='grc' dir='ltr'><strong>ό</strong></span> <span class='ocrx_word' id='word_1_183' title='bbox 1199 2630 1267 2684; x_wconf 85' lang='grc' dir='ltr'>δὲ</span> <span class='ocrx_word' id='word_1_184' title='bbox 1291 2631 1475 2701; x_wconf 75' lang='grc' dir='ltr'>ἀγρός</span> <span class='ocrx_word' id='word_1_185' title='bbox 1506 2630 1677 2683; x_wconf 82' lang='grc' dir='ltr'>ἐστιν</span> <span class='ocrx_word' id='word_1_186' title='bbox 1709 2631 1741 2681; x_wconf 83' lang='grc' dir='ltr'><em>ὁ</em></span> 
     </span>
    </p>
   </div>
   <div class='ocr_carea' id='block_1_28' title="bbox 198 2720 1742 2798">
    <p class='ocr_par' dir='ltr' id='par_1_28' title="bbox 198 2720 1742 2798">
     <span class='ocr_line' id='line_1_28' title="bbox 198 2720 1742 2798; baseline -0.005 -15"><span class='ocrx_word' id='word_1_187' title='bbox 198 2730 403 2798; x_wconf 74' lang='grc' dir='ltr'>κόσμος.</span> <span class='ocrx_word' id='word_1_188' title='bbox 435 2732 531 2783; x_wconf 68' lang='lat' dir='ltr'><strong>“Ov</strong></span> <span class='ocrx_word' id='word_1_189' title='bbox 560 2730 623 2782; x_wconf 84' lang='grc' dir='ltr'>ὲν</span> <span class='ocrx_word' id='word_1_190' title='bbox 647 2731 713 2798; x_wconf 82' lang='grc' dir='ltr'>τῇ</span> <span class='ocrx_word' id='word_1_191' title='bbox 740 2726 1091 2780; x_wconf 86' lang='grc' dir='ltr'>ἀποτυπώσει</span> <span class='ocrx_word' id='word_1_192' title='bbox 1121 2726 1221 2794; x_wconf 89' lang='grc' dir='ltr'><strong>τῆς</strong></span> <span class='ocrx_word' id='word_1_193' title='bbox 1238 2722 1558 2794; x_wconf 84' lang='grc' dir='ltr'>παραϐολῆς</span> <span class='ocrx_word' id='word_1_194' title='bbox 1574 2720 1742 2791; x_wconf 81' lang='grc' dir='ltr'>ἀγρὸν</span> 
     </span>
    </p>
   </div>
   <div class='ocr_carea' id='block_1_29' title="bbox 199 2811 1743 2888">
    <p class='ocr_par' dir='ltr' id='par_1_29' title="bbox 199 2811 1743 2888">
     <span class='ocr_line' id='line_1_29' title="bbox 199 2811 1743 2888; baseline -0.005 -15"><span class='ocrx_word' id='word_1_195' title='bbox 199 2818 330 2873; x_wconf 81' lang='grc' dir='ltr'>αὑτοῦ</span> <span class='ocrx_word' id='word_1_196' title='bbox 354 2816 487 2883; x_wconf 80' lang='grc' dir='ltr'>εἷπε,</span> <span class='ocrx_word' id='word_1_197' title='bbox 526 2820 724 2871; x_wconf 86' lang='grc' dir='ltr'>τοῦτον</span> <span class='ocrx_word' id='word_1_198' title='bbox 750 2820 810 2871; x_wconf 83' lang='grc' dir='ltr'>ὲν</span> <span class='ocrx_word' id='word_1_199' title='bbox 855 2820 924 2888; x_wconf 81' lang='grc' dir='ltr'>τῇ</span> <span class='ocrx_word' id='word_1_200' title='bbox 957 2815 1260 2879; x_wconf 83' lang='grc' dir='ltr'>ἀναπτύξει</span> <span class='ocrx_word' id='word_1_201' title='bbox 1308 2815 1513 2883; x_wconf 89' lang='grc' dir='ltr'>κόσμον</span> <span class='ocrx_word' id='word_1_202' title='bbox 1541 2811 1743 2881; x_wconf 86' lang='grc' dir='ltr'>ὀνομά-</span> 
     </span>
    </p>
   </div>
   <div class='ocr_carea' id='block_1_30' title="bbox 200 2902 1742 2983">
    <p class='ocr_par' dir='ltr' id='par_1_30' title="bbox 200 2902 1742 2983">
     <span class='ocr_line' id='line_1_30' title="bbox 200 2902 1742 2983; baseline -0.005 -18"><span class='ocrx_word' id='word_1_203' title='bbox 200 2912 283 2976; x_wconf 81' lang='grc' dir='ltr'>ζων</span> <span class='ocrx_word' id='word_1_204' title='bbox 310 2913 393 2965; x_wconf 78' lang='grc' dir='ltr'><strong>καὶ</strong></span> <span class='ocrx_word' id='word_1_205' title='bbox 437 2911 642 2983; x_wconf 82' lang='grc' dir='ltr'>δηλῶν,</span> <span class='ocrx_word' id='word_1_206' title='bbox 685 2911 787 2964; x_wconf 88' lang='grc' dir='ltr'><strong>οὐκ</strong></span> <span class='ocrx_word' id='word_1_207' title='bbox 826 2910 992 2964; x_wconf 81' lang='grc' dir='ltr'>ἄλλου</span> <span class='ocrx_word' id='word_1_208' title='bbox 1032 2909 1202 2973; x_wconf 82' lang='grc' dir='ltr'>τινὸς,</span> <span class='ocrx_word' id='word_1_209' title='bbox 1238 2907 1355 2962; x_wconf 73' lang='grc' dir='ltr'>ἀλλ’</span> <span class='ocrx_word' id='word_1_210' title='bbox 1388 2906 1557 2960; x_wconf 82' lang='grc' dir='ltr'>αὐτοῦ</span> <span class='ocrx_word' id='word_1_211' title='bbox 1604 2902 1742 2958; x_wconf 80' lang='grc' dir='ltr'>εἶναι</span> 
     </span>
    </p>
   </div>
   <div class='ocr_carea' id='block_1_31' title="bbox 198 2993 1733 3075">
    <p class='ocr_par' dir='ltr' id='par_1_31' title="bbox 198 2993 1733 3075">
     <span class='ocr_line' id='line_1_31' title="bbox 198 2993 1733 3075; baseline -0.005 -19"><span class='ocrx_word' id='word_1_212' title='bbox 198 3004 267 3056; x_wconf 73' lang='grc' dir='ltr'>τὸν</span> <span class='ocrx_word' id='word_1_213' title='bbox 285 3004 545 3075; x_wconf 84' lang='grc' dir='ltr'>περίγειον</span> <span class='ocrx_word' id='word_1_214' title='bbox 587 3004 816 3073; x_wconf 86' lang='grc' dir='ltr'>κόσμον,</span> <span class='ocrx_word' id='word_1_215' title='bbox 847 3004 905 3057; x_wconf 84' lang='grc' dir='ltr'><strong>ἐν</strong></span> <span class='ocrx_word' id='word_1_216' title='bbox 936 2993 981 3070; x_wconf 83' lang='grc' dir='ltr'><strong>ᾧ</strong></span> <span class='ocrx_word' id='word_1_217' title='bbox 1015 3001 1111 3055; x_wconf 75' lang='grc' dir='ltr'>καὶ</span> <span class='ocrx_word' id='word_1_218' title='bbox 1156 2998 1488 3070; x_wconf 83' lang='grc' dir='ltr'>σωματικῶς</span> <span class='ocrx_word' id='word_1_219' title='bbox 1538 2996 1733 3068; x_wconf 88' lang='grc' dir='ltr'>παρὼν</span> 
     </span>
    </p>
   </div>
   <div class='ocr_carea' id='block_1_32' title="bbox 200 3083 1741 3164">
    <p class='ocr_par' dir='ltr' id='par_1_32' title="bbox 200 3083 1741 3164">
     <span class='ocr_line' id='line_1_32' title="bbox 200 3083 1741 3164; baseline -0.003 -20"><span class='ocrx_word' id='word_1_220' title='bbox 200 3090 269 3144; x_wconf 71' lang='grc' dir='ltr'>τὸν</span> <span class='ocrx_word' id='word_1_221' title='bbox 308 3094 396 3163; x_wconf 79' lang='grc' dir='ltr'><strong>τῆς</strong></span> <span class='ocrx_word' id='word_1_222' title='bbox 443 3093 729 3164; x_wconf 82' lang='grc' dir='ltr'>σωτηρίας</span> <span class='ocrx_word' id='word_1_223' title='bbox 775 3091 1052 3161; x_wconf 81' lang='grc' dir='ltr'>διέσπειρε</span> <span class='ocrx_word' id='word_1_224' title='bbox 1101 3090 1281 3158; x_wconf 84' lang='grc' dir='ltr'>λόγον.</span> <span class='ocrx_word' id='word_1_225' title='bbox 1352 3089 1527 3141; x_wconf 85' lang='grc' dir='ltr'>Ὅταν</span> <span class='ocrx_word' id='word_1_226' title='bbox 1586 3083 1678 3141; x_wconf 84' lang='grc' dir='ltr'><strong>οῦν</strong></span> <span class='ocrx_word' id='word_1_227' title='bbox 1706 3088 1741 3157; x_wconf 82' lang='grc' dir='ltr'>ἡ</span> 
     </span>
    </p>
   </div>
   <div class='ocr_carea' id='block_1_33' title="bbox 1847 607 3427 680">
    <p class='ocr_par' dir='ltr' id='par_1_33' title="bbox 1847 607 3427 680">
     <span class='ocr_line' id='line_1_33' title="bbox 1847 607 3427 680; baseline 0.004 -19"><span class='ocrx_word' id='word_1_228' title='bbox 1847 607 2087 661; x_wconf 84' lang='lat' dir='ltr'><strong>Proinde</strong></span> <span class='ocrx_word' id='word_1_229' title='bbox 2144 617 2201 661; x_wconf 90' lang='lat' dir='ltr'><strong>et</strong></span> <span class='ocrx_word' id='word_1_230' title='bbox 2238 608 2530 676; x_wconf 85' lang='lat' dir='ltr'><strong>praesentis</strong></span> <span class='ocrx_word' id='word_1_231' title='bbox 2582 607 2718 680; x_wconf 83' lang='lat' dir='ltr'><strong>legis</strong></span> <span class='ocrx_word' id='word_1_232' title='bbox 2768 611 2980 664; x_wconf 82' lang='lat' dir='ltr'><strong>semina</strong></span> <span class='ocrx_word' id='word_1_233' title='bbox 3030 612 3084 664; x_wconf 89' lang='lat' dir='ltr'><strong>in</strong></span> <span class='ocrx_word' id='word_1_234' title='bbox 3145 614 3427 668; x_wconf 85' lang='lat' dir='ltr'><strong>creatione</strong></span> 
     </span>
    </p>
   </div>
   <div class='ocr_carea' id='block_1_34' title="bbox 1847 701 3426 775">
    <p class='ocr_par' dir='ltr' id='par_1_34' title="bbox 1847 701 3426 775">
     <span class='ocr_line' id='line_1_34' title="bbox 1847 701 3426 775; baseline 0.001 -20"><span class='ocrx_word' id='word_1_235' title='bbox 1847 702 1967 771; x_wconf 85' lang='lat' dir='ltr'><strong>ipsa</strong></span> <span class='ocrx_word' id='word_1_236' title='bbox 1997 701 2191 767; x_wconf 88' lang='lat' dir='ltr'><strong>Filius,</strong></span> <span class='ocrx_word' id='word_1_237' title='bbox 2226 701 2375 754; x_wconf 84' lang='lat' dir='ltr'><strong>Patri</strong></span> <span class='ocrx_word' id='word_1_238' title='bbox 2398 701 2544 769; x_wconf 92' lang='lat' dir='ltr'><strong>quod</strong></span> <span class='ocrx_word' id='word_1_239' title='bbox 2570 701 2637 755; x_wconf 89' lang='lat' dir='ltr'><strong>ad</strong></span> <span class='ocrx_word' id='word_1_240' title='bbox 2661 703 2958 757; x_wconf 80' lang='lat' dir='ltr'><strong>essentiam</strong></span> <span class='ocrx_word' id='word_1_241' title='bbox 2988 704 3236 772; x_wconf 76' lang='lat' dir='ltr'><strong>aequalis.</strong></span> <span class='ocrx_word' id='word_1_242' title='bbox 3268 720 3426 775; x_wconf 87' lang='lat' dir='ltr'><strong>spar-</strong></span> 
     </span>
    </p>
   </div>
   <div class='ocr_carea' id='block_1_35' title="bbox 1846 793 3429 864">
    <p class='ocr_par' dir='ltr' id='par_1_35' title="bbox 1846 793 3429 864">
     <span class='ocr_line' id='line_1_35' title="bbox 1846 793 3429 864; baseline 0.004 -19"><span class='ocrx_word' id='word_1_243' title='bbox 1846 793 1942 864; x_wconf 88' lang='lat' dir='ltr'><strong>git,</strong></span> <span class='ocrx_word' id='word_1_244' title='bbox 1967 807 2137 848; x_wconf 81' lang='lat' dir='ltr'><strong>came</strong></span> <span class='ocrx_word' id='word_1_245' title='bbox 2184 807 2314 846; x_wconf 89' lang='lat' dir='ltr'><strong>vero</strong></span> <span class='ocrx_word' id='word_1_246' title='bbox 2336 800 2524 846; x_wconf 88' lang='lat' dir='ltr'><strong>nostra</strong></span> <span class='ocrx_word' id='word_1_247' title='bbox 2568 801 2864 861; x_wconf 90' lang='lat' dir='ltr'><strong>assumpta,</strong></span> <span class='ocrx_word' id='word_1_248' title='bbox 2897 803 2949 847; x_wconf 90' lang='lat' dir='ltr'><strong>et</strong></span> <span class='ocrx_word' id='word_1_249' title='bbox 3001 793 3141 847; x_wconf 84' lang='lat' dir='ltr'><strong>inter</strong></span> <span class='ocrx_word' id='word_1_250' title='bbox 3176 795 3429 851; x_wconf 86' lang='lat' dir='ltr'><strong>homines</strong></span> 
     </span>
    </p>
   </div>
   <div class='ocr_carea' id='block_1_36' title="bbox 1847 883 3428 954">
    <p class='ocr_par' dir='ltr' id='par_1_36' title="bbox 1847 883 3428 954">
     <span class='ocr_line' id='line_1_36' title="bbox 1847 883 3428 954; baseline 0.001 -15"><span class='ocrx_word' id='word_1_251' title='bbox 1847 894 1908 939; x_wconf 92' lang='lat' dir='ltr'><strong>ut</strong></span> <span class='ocrx_word' id='word_1_252' title='bbox 1952 886 2117 939; x_wconf 91' lang='lat' dir='ltr'><strong>homo</strong></span> <span class='ocrx_word' id='word_1_253' title='bbox 2156 891 2428 946; x_wconf 89' lang='lat' dir='ltr'><strong>versatus,</strong></span> <span class='ocrx_word' id='word_1_254' title='bbox 2478 883 2661 938; x_wconf 82' lang='lat' dir='ltr'><strong>verbis</strong></span> <span class='ocrx_word' id='word_1_255' title='bbox 2719 883 2853 953; x_wconf 91' lang='lat' dir='ltr'><strong>ipsis</strong></span> <span class='ocrx_word' id='word_1_256' title='bbox 2906 885 3156 938; x_wconf 83' lang='lat' dir='ltr'><strong>eamdem</strong></span> <span class='ocrx_word' id='word_1_257' title='bbox 3210 884 3428 954; x_wconf 84' lang='lat' dir='ltr'><strong>perﬁcit</strong></span> 
     </span>
    </p>
   </div>
   <div class='ocr_carea' id='block_1_37' title="bbox 1845 974 3427 1046">
    <p class='ocr_par' dir='ltr' id='par_1_37' title="bbox 1845 974 3427 1046">
     <span class='ocr_line' id='line_1_37' title="bbox 1845 974 3427 1046; baseline 0 -15"><span class='ocrx_word' id='word_1_258' title='bbox 1845 985 2011 1046; x_wconf 90' lang='lat' dir='ltr'><strong>atque</strong></span> <span class='ocrx_word' id='word_1_259' title='bbox 2033 975 2278 1044; x_wconf 85' lang='lat' dir='ltr'><strong>exponit.</strong></span> <span class='ocrx_word' id='word_1_260' title='bbox 2334 974 2396 1028; x_wconf 88' lang='lat' dir='ltr'><strong>Et</strong></span> <span class='ocrx_word' id='word_1_261' title='bbox 2444 974 2569 1043; x_wconf 89' lang='lat' dir='ltr'><strong>quis</strong></span> <span class='ocrx_word' id='word_1_262' title='bbox 2597 990 2708 1029; x_wconf 90' lang='lat' dir='ltr'><strong>non</strong></span> <span class='ocrx_word' id='word_1_263' title='bbox 2733 976 3110 1041; x_wconf 78' lang='lat' dir='ltr'><strong>exhorrescat,</strong></span> <span class='ocrx_word' id='word_1_264' title='bbox 3157 978 3244 1031; x_wconf 86' lang='lat' dir='ltr'><strong>vel</strong></span> <span class='ocrx_word' id='word_1_265' title='bbox 3271 993 3427 1032; x_wconf 90' lang='lat' dir='ltr'><strong>crea-</strong></span> 
     </span>
    </p>
   </div>
   <div class='ocr_carea' id='block_1_38' title="bbox 1848 1067 3430 1137">
    <p class='ocr_par' dir='ltr' id='par_1_38' title="bbox 1848 1067 3430 1137">
     <span class='ocr_line' id='line_1_38' title="bbox 1848 1067 3430 1137; baseline 0.001 -15"><span class='ocrx_word' id='word_1_266' title='bbox 1848 1071 2053 1123; x_wconf 88' lang='lat' dir='ltr'><strong>tionem</strong></span> <span class='ocrx_word' id='word_1_267' title='bbox 2078 1078 2345 1133; x_wconf 86' lang='lat' dir='ltr'><strong>nostram,</strong></span> <span class='ocrx_word' id='word_1_268' title='bbox 2395 1069 2482 1123; x_wconf 83' lang='lat' dir='ltr'><strong>vel</strong></span> <span class='ocrx_word' id='word_1_269' title='bbox 2520 1067 2729 1132; x_wconf 80' lang='lat' dir='ltr'><strong>Mosen,</strong></span> <span class='ocrx_word' id='word_1_270' title='bbox 2765 1068 2852 1122; x_wconf 92' lang='lat' dir='ltr'><strong>vel</strong></span> <span class='ocrx_word' id='word_1_271' title='bbox 2884 1068 3072 1121; x_wconf 91' lang='lat' dir='ltr'><strong>mundi</strong></span> <span class='ocrx_word' id='word_1_272' title='bbox 3103 1070 3430 1137; x_wconf 81' lang='lat' dir='ltr'><strong>productio-</strong></span> 
     </span>
    </p>
   </div>
   <div class='ocr_carea' id='block_1_39' title="bbox 1843 1160 3426 1229">
    <p class='ocr_par' dir='ltr' id='par_1_39' title="bbox 1843 1160 3426 1229">
     <span class='ocr_line' id='line_1_39' title="bbox 1843 1160 3426 1229; baseline -0.001 -14"><span class='ocrx_word' id='word_1_273' title='bbox 1843 1177 1971 1215; x_wconf 89' lang='lat' dir='ltr'><strong>nem</strong></span> <span class='ocrx_word' id='word_1_274' title='bbox 2004 1177 2115 1215; x_wconf 93' lang='lat' dir='ltr'><strong>non</strong></span> <span class='ocrx_word' id='word_1_275' title='bbox 2147 1161 2324 1215; x_wconf 91' lang='lat' dir='ltr'><strong>solum</strong></span> <span class='ocrx_word' id='word_1_276' title='bbox 2348 1160 2415 1214; x_wconf 89' lang='lat' dir='ltr'><strong>ad</strong></span> <span class='ocrx_word' id='word_1_277' title='bbox 2443 1161 2786 1214; x_wconf 89' lang='lat' dir='ltr'><strong>contrarium</strong></span> <span class='ocrx_word' id='word_1_278' title='bbox 2821 1160 3152 1229; x_wconf 86' lang='lat' dir='ltr'><strong>principium</strong></span> <span class='ocrx_word' id='word_1_279' title='bbox 3196 1161 3426 1226; x_wconf 81' lang='lat' dir='ltr'><strong>referre,</strong></span> 
     </span>
    </p>
   </div>
   <div class='ocr_carea' id='block_1_40' title="bbox 1844 1252 3427 1324">
    <p class='ocr_par' dir='ltr' id='par_1_40' title="bbox 1844 1252 3427 1324">
     <span class='ocr_line' id='line_1_40' title="bbox 1844 1252 3427 1324; baseline -0.002 -14"><span class='ocrx_word' id='word_1_280' title='bbox 1844 1255 1941 1310; x_wconf 83' lang='lat' dir='ltr'><strong>sed</strong></span> <span class='ocrx_word' id='word_1_281' title='bbox 1985 1263 2042 1309; x_wconf 91' lang='lat' dir='ltr'><strong>et</strong></span> <span class='ocrx_word' id='word_1_282' title='bbox 2076 1254 2415 1324; x_wconf 82' lang='lat' dir='ltr'><strong>blasphemis</strong></span> <span class='ocrx_word' id='word_1_283' title='bbox 2460 1253 2730 1321; x_wconf 69' lang='lat' dir='ltr'><strong>ejusmodi</strong></span> <span class='ocrx_word' id='word_1_284' title='bbox 2768 1252 3214 1323; x_wconf 82' lang='lat' dir='ltr'><strong>cogitationibus,</strong></span> <span class='ocrx_word' id='word_1_285' title='bbox 3264 1254 3427 1307; x_wconf 90' lang='lat' dir='ltr'><strong>anni-</strong></span> 
     </span>
    </p>
   </div>
   <div class='ocr_carea' id='block_1_41' title="bbox 1846 1345 3425 1417">
    <p class='ocr_par' dir='ltr' id='par_1_41' title="bbox 1846 1345 3425 1417">
     <span class='ocr_line' id='line_1_41' title="bbox 1846 1345 3425 1417; baseline -0.001 -16"><span class='ocrx_word' id='word_1_286' title='bbox 1846 1356 1996 1402; x_wconf 90' lang='lat' dir='ltr'><strong>tente</strong></span> <span class='ocrx_word' id='word_1_287' title='bbox 2023 1347 2189 1410; x_wconf 89' lang='lat' dir='ltr'><strong>malo,</strong></span> <span class='ocrx_word' id='word_1_288' title='bbox 2251 1346 2608 1417; x_wconf 88' lang='lat' dir='ltr'><strong>indulgendo,</strong></span> <span class='ocrx_word' id='word_1_289' title='bbox 2640 1346 2727 1399; x_wconf 90' lang='lat' dir='ltr'><strong>vel</strong></span> <span class='ocrx_word' id='word_1_290' title='bbox 2760 1345 2909 1399; x_wconf 85' lang='lat' dir='ltr'><strong>brevi</strong></span> <span class='ocrx_word' id='word_1_291' title='bbox 2947 1353 3192 1416; x_wconf 79' lang='lat' dir='ltr'><strong>tempore</strong></span> <span class='ocrx_word' id='word_1_292' title='bbox 3223 1346 3425 1416; x_wconf 86' lang='lat' dir='ltr'><strong>imple-</strong></span> 
     </span>
    </p>
   </div>
   <div class='ocr_carea' id='block_1_42' title="bbox 1846 1440 3429 1510">
    <p class='ocr_par' dir='ltr' id='par_1_42' title="bbox 1846 1440 3429 1510">
     <span class='ocr_line' id='line_1_42' title="bbox 1846 1440 3429 1510; baseline 0 -15"><span class='ocrx_word' id='word_1_293' title='bbox 1846 1442 1972 1495; x_wconf 89' lang='lat' dir='ltr'><strong>tatis</strong></span> <span class='ocrx_word' id='word_1_294' title='bbox 1999 1442 2257 1495; x_wconf 87' lang='lat' dir='ltr'><strong>lluctibus</strong></span> <span class='ocrx_word' id='word_1_295' title='bbox 2280 1448 2522 1494; x_wconf 87' lang='lat' dir='ltr'><strong>mentem</strong></span> <span class='ocrx_word' id='word_1_296' title='bbox 2550 1440 2890 1509; x_wconf 87' lang='lat' dir='ltr'><strong>permittere,</strong></span> <span class='ocrx_word' id='word_1_297' title='bbox 2922 1455 3024 1495; x_wconf 89' lang='lat' dir='ltr'><strong>nec</strong></span> <span class='ocrx_word' id='word_1_298' title='bbox 3054 1440 3234 1509; x_wconf 85' lang='lat' dir='ltr'><strong>potius</strong></span> <span class='ocrx_word' id='word_1_299' title='bbox 3263 1456 3429 1510; x_wconf 87' lang='lat' dir='ltr'><strong>quam</strong></span> 
     </span>
    </p>
   </div>
   <div class='ocr_carea' id='block_1_43' title="bbox 1844 1531 3429 1602">
    <p class='ocr_par' dir='ltr' id='par_1_43' title="bbox 1844 1531 3429 1602">
     <span class='ocr_line' id='line_1_43' title="bbox 1844 1531 3429 1602; baseline 0.001 -16"><span class='ocrx_word' id='word_1_300' title='bbox 1844 1532 2108 1586; x_wconf 81' lang='lat' dir='ltr'><strong>citissime</strong></span> <span class='ocrx_word' id='word_1_301' title='bbox 2142 1532 2313 1601; x_wconf 87' lang='lat' dir='ltr'><strong>ipsam</strong></span> <span class='ocrx_word' id='word_1_302' title='bbox 2355 1533 2765 1602; x_wconf 73' lang='lat' dir='ltr'><strong>aggressionem</strong></span> <span class='ocrx_word' id='word_1_303' title='bbox 2796 1531 3024 1597; x_wconf 85' lang='lat' dir='ltr'><strong>evitare,</strong></span> <span class='ocrx_word' id='word_1_304' title='bbox 3053 1542 3260 1587; x_wconf 88' lang='lat' dir='ltr'><strong>etcum</strong></span> <span class='ocrx_word' id='word_1_305' title='bbox 3294 1548 3429 1588; x_wconf 88' lang='lat' dir='ltr'><strong>con-</strong></span> 
     </span>
    </p>
   </div>
   <div class='ocr_carea' id='block_1_44' title="bbox 1842 1622 2408 1677">
    <p class='ocr_par' dir='ltr' id='par_1_44' title="bbox 1842 1622 2408 1677">
     <span class='ocr_line' id='line_1_44' title="bbox 1842 1622 2408 1677; baseline -0.007 0"><span class='ocrx_word' id='word_1_306' title='bbox 1842 1623 2089 1677; x_wconf 84' lang='lat' dir='ltr'><strong>tentione</strong></span> <span class='ocrx_word' id='word_1_307' title='bbox 2121 1622 2363 1676; x_wconf 75' lang='lat' dir='ltr'><strong>aversari</strong></span> <span class='ocrx_word' id='word_1_308' title='bbox 2386 1622 2408 1674; x_wconf 88' lang='lat'><strong>?</strong></span> 
     </span>
    </p>
   </div>
   <div class='ocr_carea' id='block_1_45' title="bbox 1912 1710 3428 1781">
    <p class='ocr_par' dir='ltr' id='par_1_45' title="bbox 1912 1710 3428 1781">
     <span class='ocr_line' id='line_1_45' title="bbox 1912 1710 3428 1781; baseline 0.004 -18"><span class='ocrx_word' id='word_1_309' title='bbox 1912 1710 2153 1769; x_wconf 59' lang='lat' dir='ltr'><strong>XXXIV.</strong></span> <span class='ocrx_word' id='word_1_310' title='bbox 2190 1711 2392 1766; x_wconf 63' lang='lat' dir='ltr'><strong>Praeter</strong></span> <span class='ocrx_word' id='word_1_311' title='bbox 2409 1728 2469 1767; x_wconf 89' lang='lat' dir='ltr'><strong>ea</strong></span> <span class='ocrx_word' id='word_1_312' title='bbox 2492 1726 2621 1766; x_wconf 91' lang='lat' dir='ltr'><strong>vero</strong></span> <span class='ocrx_word' id='word_1_313' title='bbox 2673 1727 2795 1781; x_wconf 66' lang='lat' dir='ltr'><strong>quae</strong></span> <span class='ocrx_word' id='word_1_314' title='bbox 2843 1712 2988 1767; x_wconf 89' lang='lat' dir='ltr'><strong>dicta</strong></span> <span class='ocrx_word' id='word_1_315' title='bbox 3059 1723 3210 1780; x_wconf 87' lang='lat' dir='ltr'><strong>sunt,</strong></span> <span class='ocrx_word' id='word_1_316' title='bbox 3236 1714 3428 1769; x_wconf 80' lang='lat' dir='ltr'><strong>Domi-</strong></span> 
     </span>
    </p>
   </div>
   <div class='ocr_carea' id='block_1_46' title="bbox 1843 1803 3429 1875">
    <p class='ocr_par' dir='ltr' id='par_1_46' title="bbox 1843 1803 3429 1875">
     <span class='ocr_line' id='line_1_46' title="bbox 1843 1803 3429 1875; baseline 0.004 -19"><span class='ocrx_word' id='word_1_317' title='bbox 1843 1818 1948 1857; x_wconf 90' lang='lat' dir='ltr'><strong>nus</strong></span> <span class='ocrx_word' id='word_1_318' title='bbox 1967 1803 2160 1860; x_wconf 84' lang='lat' dir='ltr'><strong>.videns</strong></span> <span class='ocrx_word' id='word_1_319' title='bbox 2194 1803 2483 1867; x_wconf 89' lang='lat' dir='ltr'><strong>mundum,</strong></span> <span class='ocrx_word' id='word_1_320' title='bbox 2517 1804 2763 1875; x_wconf 76' lang='lat' dir='ltr'><strong>agnoscit</strong></span> <span class='ocrx_word' id='word_1_321' title='bbox 2791 1819 2973 1869; x_wconf 90' lang='lat' dir='ltr'><strong>suum,</strong></span> <span class='ocrx_word' id='word_1_322' title='bbox 2994 1805 3175 1859; x_wconf 88' lang='lat' dir='ltr'><strong>ethoc</strong></span> <span class='ocrx_word' id='word_1_323' title='bbox 3204 1807 3429 1862; x_wconf 90' lang='lat' dir='ltr'><strong>nomine</strong></span> 
     </span>
    </p>
   </div>
   <div class='ocr_carea' id='block_1_47' title="bbox 1845 1895 3423 1967">
    <p class='ocr_par' dir='ltr' id='par_1_47' title="bbox 1845 1895 3423 1967">
     <span class='ocr_line' id='line_1_47' title="bbox 1845 1895 3423 1967; baseline 0.001 -18"><span class='ocrx_word' id='word_1_324' title='bbox 1845 1896 2147 1964; x_wconf 87' lang='lat' dir='ltr'><strong>appellans,</strong></span> <span class='ocrx_word' id='word_1_325' title='bbox 2181 1910 2481 1963; x_wconf 84' lang='lat' dir='ltr'><strong>agnoscere</strong></span> <span class='ocrx_word' id='word_1_326' title='bbox 2504 1911 2565 1950; x_wconf 90' lang='lat' dir='ltr'><strong>se</strong></span> <span class='ocrx_word' id='word_1_327' title='bbox 2597 1897 2858 1951; x_wconf 88' lang='lat' dir='ltr'><strong>declarat.</strong></span> <span class='ocrx_word' id='word_1_328' title='bbox 2890 1895 3083 1951; x_wconf 84' lang='lat' dir='ltr'><strong>Nonne</strong></span> <span class='ocrx_word' id='word_1_329' title='bbox 3112 1897 3294 1967; x_wconf 88' lang='lat' dir='ltr'><strong>itaque</strong></span> <span class='ocrx_word' id='word_1_330' title='bbox 3320 1898 3423 1963; x_wconf 90' lang='lat' dir='ltr'><strong>illi,</strong></span> 
     </span>
    </p>
   </div>
   <div class='ocr_carea' id='block_1_48' title="bbox 1844 1986 3429 2059">
    <p class='ocr_par' dir='ltr' id='par_1_48' title="bbox 1844 1986 3429 2059">
     <span class='ocr_line' id='line_1_48' title="bbox 1844 1986 3429 2059; baseline 0.003 -19"><span class='ocrx_word' id='word_1_331' title='bbox 1844 1987 1935 2057; x_wconf 92' lang='lat' dir='ltr'><strong>qui</strong></span> <span class='ocrx_word' id='word_1_332' title='bbox 1955 2004 2079 2041; x_wconf 89' lang='lat' dir='ltr'><strong>eum</strong></span> <span class='ocrx_word' id='word_1_333' title='bbox 2109 1986 2235 2042; x_wconf 86' lang='lat' dir='ltr'><strong>forti</strong></span> <span class='ocrx_word' id='word_1_334' title='bbox 2264 1988 2439 2057; x_wconf 91' lang='lat' dir='ltr'><strong>ipsius</strong></span> <span class='ocrx_word' id='word_1_335' title='bbox 2461 1989 2647 2043; x_wconf 90' lang='lat' dir='ltr'><strong>manui</strong></span> <span class='ocrx_word' id='word_1_336' title='bbox 2685 1988 3032 2053; x_wconf 88' lang='lat' dir='ltr'><strong>subtrahunt,</strong></span> <span class='ocrx_word' id='word_1_337' title='bbox 3056 1990 3173 2059; x_wconf 89' lang='lat' dir='ltr'><strong>ipsa</strong></span> <span class='ocrx_word' id='word_1_338' title='bbox 3206 2006 3429 2059; x_wconf 89' lang='lat' dir='ltr'><strong>quoque</strong></span> 
     </span>
    </p>
   </div>
   <div class='ocr_carea' id='block_1_49' title="bbox 1843 2078 3428 2151">
    <p class='ocr_par' dir='ltr' id='par_1_49' title="bbox 1843 2078 3428 2151">
     <span class='ocr_line' id='line_1_49' title="bbox 1843 2078 3428 2151; baseline 0.001 -18"><span class='ocrx_word' id='word_1_339' title='bbox 1843 2078 2289 2133; x_wconf 87' lang='lat' dir='ltr'><strong>Christianorum</strong></span> <span class='ocrx_word' id='word_1_340' title='bbox 2318 2079 2683 2148; x_wconf 88' lang='lat' dir='ltr'><strong>appellatione</strong></span> <span class='ocrx_word' id='word_1_341' title='bbox 2719 2079 2927 2151; x_wconf 85' lang='lat' dir='ltr'><strong>indigni</strong></span> <span class='ocrx_word' id='word_1_342' title='bbox 2966 2089 3016 2134; x_wconf 87' lang='lat' dir='ltr'><strong>el</strong></span> <span class='ocrx_word' id='word_1_343' title='bbox 3048 2080 3297 2148; x_wconf 76' lang='lat' dir='ltr'><strong>privandi</strong></span> <span class='ocrx_word' id='word_1_344' title='bbox 3342 2082 3428 2135; x_wconf 91' lang='lat' dir='ltr'><strong>vi-</strong></span> 
     </span>
    </p>
   </div>
   <div class='ocr_carea' id='block_1_50' title="bbox 1842 2167 3428 2229">
    <p class='ocr_par' dir='ltr' id='par_1_50' title="bbox 1842 2167 3428 2229">
     <span class='ocr_line' id='line_1_50' title="bbox 1842 2167 3428 2229; baseline 0.004 -6"><span class='ocrx_word' id='word_1_345' title='bbox 1842 2168 2155 2223; x_wconf 87' lang='lat' dir='ltr'><strong>debuntur?</strong></span> <span class='ocrx_word' id='word_1_346' title='bbox 2197 2167 2516 2223; x_wconf 88' lang='lat' dir='ltr'><strong>Parabolam</strong></span> <span class='ocrx_word' id='word_1_347' title='bbox 2567 2170 2712 2224; x_wconf 91' lang='lat' dir='ltr'><strong>enim</strong></span> <span class='ocrx_word' id='word_1_348' title='bbox 2745 2172 2814 2226; x_wconf 90' lang='lat' dir='ltr'><strong>de</strong></span> <span class='ocrx_word' id='word_1_349' title='bbox 2848 2171 3158 2226; x_wconf 90' lang='lat' dir='ltr'><strong>seminante</strong></span> <span class='ocrx_word' id='word_1_350' title='bbox 3219 2172 3428 2229; x_wconf 86' lang='lat' dir='ltr'><strong>bonum</strong></span> 
     </span>
    </p>
   </div>
   <div class='ocr_carea' id='block_1_51' title="bbox 1844 2261 3424 2331">
    <p class='ocr_par' dir='ltr' id='par_1_51' title="bbox 1844 2261 3424 2331">
     <span class='ocr_line' id='line_1_51' title="bbox 1844 2261 3424 2331; baseline 0.002 -16"><span class='ocrx_word' id='word_1_351' title='bbox 1844 2276 2030 2315; x_wconf 89' lang='lat' dir='ltr'><strong>semen</strong></span> <span class='ocrx_word' id='word_1_352' title='bbox 2055 2261 2111 2314; x_wconf 89' lang='lat' dir='ltr'><strong>in</strong></span> <span class='ocrx_word' id='word_1_353' title='bbox 2137 2276 2264 2331; x_wconf 90' lang='lat' dir='ltr'><strong>agro</strong></span> <span class='ocrx_word' id='word_1_354' title='bbox 2287 2277 2407 2326; x_wconf 89' lang='lat' dir='ltr'><strong>suo,</strong></span> <span class='ocrx_word' id='word_1_355' title='bbox 2438 2270 2494 2316; x_wconf 93' lang='lat' dir='ltr'><strong>et</strong></span> <span class='ocrx_word' id='word_1_356' title='bbox 2525 2263 2861 2317; x_wconf 86' lang='lat' dir='ltr'><strong>zizaniorum</strong></span> <span class='ocrx_word' id='word_1_357' title='bbox 2894 2264 3424 2330; x_wconf 86' lang='lat' dir='ltr'><strong>disseminationem,</strong></span> 
     </span>
    </p>
   </div>
   <div class='ocr_carea' id='block_1_52' title="bbox 1843 2352 3424 2425">
    <p class='ocr_par' dir='ltr' id='par_1_52' title="bbox 1843 2352 3424 2425">
     <span class='ocr_line' id='line_1_52' title="bbox 1843 2352 3424 2425; baseline 0.004 -22"><span class='ocrx_word' id='word_1_358' title='bbox 1843 2366 2007 2420; x_wconf 89' lang='lat' dir='ltr'><strong>quam</strong></span> <span class='ocrx_word' id='word_1_359' title='bbox 2061 2352 2266 2415; x_wconf 90' lang='lat' dir='ltr'><strong>malus,</strong></span> <span class='ocrx_word' id='word_1_360' title='bbox 2315 2352 2724 2407; x_wconf 87' lang='lat' dir='ltr'><strong>dormientibus</strong></span> <span class='ocrx_word' id='word_1_361' title='bbox 2800 2354 3106 2418; x_wconf 89' lang='lat' dir='ltr'><strong>insidiatus,</strong></span> <span class='ocrx_word' id='word_1_362' title='bbox 3164 2355 3424 2425; x_wconf 82' lang='lat' dir='ltr'><strong>suscepit,</strong></span> 
     </span>
    </p>
   </div>
   <div class='ocr_carea' id='block_1_53' title="bbox 1844 2436 3423 2515">
    <p class='ocr_par' dir='ltr' id='par_1_53' title="bbox 1844 2436 3423 2515">
     <span class='ocr_line' id='line_1_53' title="bbox 1844 2436 3423 2515; baseline 0.001 -18"><span class='ocrx_word' id='word_1_363' title='bbox 1844 2442 2129 2511; x_wconf 90' lang='lat' dir='ltr'><strong>discipulis</strong></span> <span class='ocrx_word' id='word_1_364' title='bbox 2142 2443 2277 2507; x_wconf 90' lang='lat' dir='ltr'><strong>suis,</strong></span> <span class='ocrx_word' id='word_1_365' title='bbox 2297 2451 2588 2512; x_wconf 88' lang='lat' dir='ltr'><strong>utramque</strong></span> <span class='ocrx_word' id='word_1_366' title='bbox 2604 2443 2849 2498; x_wconf 90' lang='lat' dir='ltr'><strong>discendi</strong></span> <span class='ocrx_word' id='word_1_367' title='bbox 2863 2445 3092 2513; x_wconf 59' lang='lat' dir='ltr'><strong>cupidis,</strong></span> <span class='ocrx_word' id='word_1_368' title='bbox 3112 2436 3423 2515; x_wconf 81' lang='lat' dir='ltr'><strong>explicans:</strong></span> 
     </span>
    </p>
   </div>
   <div class='ocr_carea' id='block_1_54' title="bbox 1844 2533 3428 2609">
    <p class='ocr_par' dir='ltr' id='par_1_54' title="bbox 1844 2533 3428 2609">
     <span class='ocr_line' id='line_1_54' title="bbox 1844 2533 3428 2609; baseline 0.003 -20"><span class='ocrx_word' id='word_1_369' title='bbox 1844 2533 2053 2599; x_wconf 85' lang='lat' dir='ltr'><strong>Serens,</strong></span> <span class='ocrx_word' id='word_1_370' title='bbox 2080 2534 2277 2604; x_wconf 84' lang='lat' dir='ltr'><strong>inquit,</strong></span> <span class='ocrx_word' id='word_1_371' title='bbox 2308 2536 2499 2588; x_wconf 87' lang='lat' dir='ltr'><strong>bonum</strong></span> <span class='ocrx_word' id='word_1_372' title='bbox 2528 2552 2702 2589; x_wconf 83' lang='lat' dir='ltr'><strong>semen</strong></span> <span class='ocrx_word' id='word_1_373' title='bbox 2730 2536 2874 2604; x_wconf 77' lang='lat' dir='ltr'><strong>ﬁlius</strong></span> <span class='ocrx_word' id='word_1_374' title='bbox 2908 2538 3134 2591; x_wconf 79' lang='lat' dir='ltr'><strong>hominis</strong></span> <span class='ocrx_word' id='word_1_375' title='bbox 3158 2547 3252 2602; x_wconf 82' lang='lat' dir='ltr'><strong>est,</strong></span> <span class='ocrx_word' id='word_1_376' title='bbox 3298 2555 3428 2609; x_wconf 80' lang='lat' dir='ltr'><strong>ager</strong></span> 
     </span>
    </p>
   </div>
   <div class='ocr_carea' id='block_1_55' title="bbox 1844 2625 3427 2697">
    <p class='ocr_par' dir='ltr' id='par_1_55' title="bbox 1844 2625 3427 2697">
     <span class='ocr_line' id='line_1_55' title="bbox 1844 2625 3427 2697; baseline 0.001 -18"><span class='ocrx_word' id='word_1_377' title='bbox 1844 2642 1965 2679; x_wconf 80' lang='lat' dir='ltr'><strong>vero</strong></span> <span class='ocrx_word' id='word_1_378' title='bbox 1993 2634 2066 2679; x_wconf 84' lang='lat' dir='ltr'><strong>est</strong></span> <span class='ocrx_word' id='word_1_379' title='bbox 2086 2626 2311 2679; x_wconf 83' lang='lat' dir='ltr'><strong>mundus</strong></span> <span class='ocrx_word' id='word_1_380' title='bbox 2335 2628 2405 2678; x_wconf 76' lang='grc'><strong>⁸⁵.</strong></span> <span class='ocrx_word' id='word_1_381' title='bbox 2436 2625 2610 2690; x_wconf 83' lang='lat' dir='ltr'><strong>Quem</strong></span> <span class='ocrx_word' id='word_1_382' title='bbox 2645 2626 2698 2678; x_wconf 91' lang='lat' dir='ltr'><strong>in</strong></span> <span class='ocrx_word' id='word_1_383' title='bbox 2716 2641 2927 2679; x_wconf 90' lang='lat' dir='ltr'><strong>summa</strong></span> <span class='ocrx_word' id='word_1_384' title='bbox 2946 2627 3217 2695; x_wconf 76' lang='lat' dir='ltr'><strong>parabola:</strong></span> <span class='ocrx_word' id='word_1_385' title='bbox 3238 2644 3427 2697; x_wconf 80' lang='lat' dir='ltr'><strong>agrum</strong></span> 
     </span>
    </p>
   </div>
   <div class='ocr_carea' id='block_1_56' title="bbox 1844 2716 3427 2786">
    <p class='ocr_par' dir='ltr' id='par_1_56' title="bbox 1844 2716 3427 2786">
     <span class='ocr_line' id='line_1_56' title="bbox 1844 2716 3427 2786; baseline 0.002 -17"><span class='ocrx_word' id='word_1_386' title='bbox 1844 2730 2004 2769; x_wconf 88' lang='lat' dir='ltr'><strong>suum</strong></span> <span class='ocrx_word' id='word_1_387' title='bbox 2036 2717 2264 2781; x_wconf 86' lang='lat' dir='ltr'><strong>dixerat,</strong></span> <span class='ocrx_word' id='word_1_388' title='bbox 2296 2732 2421 2770; x_wconf 89' lang='lat' dir='ltr'><strong>eum</strong></span> <span class='ocrx_word' id='word_1_389' title='bbox 2458 2717 2513 2769; x_wconf 93' lang='lat' dir='ltr'><strong>in</strong></span> <span class='ocrx_word' id='word_1_390' title='bbox 2556 2716 2921 2786; x_wconf 84' lang='lat' dir='ltr'><strong>explicatione</strong></span> <span class='ocrx_word' id='word_1_391' title='bbox 2949 2718 3216 2772; x_wconf 90' lang='lat' dir='ltr'><strong>mundum</strong></span> <span class='ocrx_word' id='word_1_392' title='bbox 3245 2728 3427 2783; x_wconf 87' lang='lat' dir='ltr'><strong>vocat,</strong></span> 
     </span>
    </p>
   </div>
   <div class='ocr_carea' id='block_1_57' title="bbox 1844 2807 3427 2879">
    <p class='ocr_par' dir='ltr' id='par_1_57' title="bbox 1844 2807 3427 2879">
     <span class='ocr_line' id='line_1_57' title="bbox 1844 2807 3427 2879; baseline 0.001 -17"><span class='ocrx_word' id='word_1_393' title='bbox 1844 2818 2010 2878; x_wconf 90' lang='lat' dir='ltr'><strong>atque</strong></span> <span class='ocrx_word' id='word_1_394' title='bbox 2045 2808 2148 2861; x_wconf 92' lang='lat' dir='ltr'><strong>hoc</strong></span> <span class='ocrx_word' id='word_1_395' title='bbox 2187 2809 2307 2877; x_wconf 88' lang='lat' dir='ltr'><strong>ipso</strong></span> <span class='ocrx_word' id='word_1_396' title='bbox 2348 2807 2685 2875; x_wconf 83' lang='lat' dir='ltr'><strong>manifestat,</strong></span> <span class='ocrx_word' id='word_1_397' title='bbox 2716 2823 2827 2862; x_wconf 90' lang='lat' dir='ltr'><strong>non</strong></span> <span class='ocrx_word' id='word_1_398' title='bbox 2855 2809 3083 2863; x_wconf 90' lang='lat' dir='ltr'><strong>alterius</strong></span> <span class='ocrx_word' id='word_1_399' title='bbox 3117 2809 3427 2879; x_wconf 87' lang='lat' dir='ltr'><strong>cujusdam,</strong></span> 
     </span>
    </p>
   </div>
   <div class='ocr_carea' id='block_1_58' title="bbox 1854 2896 3432 2968">
    <p class='ocr_par' dir='ltr' id='par_1_58' title="bbox 1854 2896 3432 2968">
     <span class='ocr_line' id='line_1_58' title="bbox 1854 2896 3432 2968; baseline -0.002 -14"><span class='ocrx_word' id='word_1_400' title='bbox 1854 2900 1951 2954; x_wconf 90' lang='lat' dir='ltr'><strong>sed</strong></span> <span class='ocrx_word' id='word_1_401' title='bbox 1973 2914 2133 2953; x_wconf 91' lang='lat' dir='ltr'><strong>suum</strong></span> <span class='ocrx_word' id='word_1_402' title='bbox 2174 2913 2295 2952; x_wconf 89' lang='lat' dir='ltr'><strong>esse</strong></span> <span class='ocrx_word' id='word_1_403' title='bbox 2319 2898 2586 2952; x_wconf 82' lang='lat' dir='ltr'><strong>mundum</strong></span> <span class='ocrx_word' id='word_1_404' title='bbox 2630 2905 2969 2961; x_wconf 84' lang='lat' dir='ltr'><strong>terrestrem,</strong></span> <span class='ocrx_word' id='word_1_405' title='bbox 3001 2896 3056 2951; x_wconf 92' lang='lat' dir='ltr'><strong>in</strong></span> <span class='ocrx_word' id='word_1_406' title='bbox 3085 2913 3196 2967; x_wconf 89' lang='lat' dir='ltr'><strong>quo</strong></span> <span class='ocrx_word' id='word_1_407' title='bbox 3234 2913 3432 2968; x_wconf 87' lang='lat' dir='ltr'><strong>corpo-</strong></span> 
     </span>
    </p>
   </div>
   <div class='ocr_carea' id='block_1_59' title="bbox 1847 2988 3433 3060">
    <p class='ocr_par' dir='ltr' id='par_1_59' title="bbox 1847 2988 3433 3060">
     <span class='ocr_line' id='line_1_59' title="bbox 1847 2988 3433 3060; baseline -0.001 -15"><span class='ocrx_word' id='word_1_408' title='bbox 1847 3007 1907 3045; x_wconf 91' lang='lat' dir='ltr'><strong>re</strong></span> <span class='ocrx_word' id='word_1_409' title='bbox 1932 3005 2178 3060; x_wconf 71' lang='lat' dir='ltr'><strong>prazsens</strong></span> <span class='ocrx_word' id='word_1_410' title='bbox 2198 2992 2426 3044; x_wconf 88' lang='lat' dir='ltr'><strong>verbum</strong></span> <span class='ocrx_word' id='word_1_411' title='bbox 2458 2989 2652 3045; x_wconf 89' lang='lat' dir='ltr'><strong>salutis</strong></span> <span class='ocrx_word' id='word_1_412' title='bbox 2672 2988 2958 3058; x_wconf 86' lang='lat' dir='ltr'><strong>sparserit.</strong></span> <span class='ocrx_word' id='word_1_413' title='bbox 2992 2988 3223 3054; x_wconf 87' lang='lat' dir='ltr'><strong>Quando</strong></span> <span class='ocrx_word' id='word_1_414' title='bbox 3250 2989 3433 3060; x_wconf 83' lang='lat' dir='ltr'><strong>igitur</strong></span> 
     </span>
    </p>
   </div>
   <div class='ocr_carea' id='block_1_60' title="bbox 1846 3080 3427 3145">
    <p class='ocr_par' dir='ltr' id='par_1_60' title="bbox 1846 3080 3427 3145">
     <span class='ocr_line' id='line_1_60' title="bbox 1846 3080 3427 3145; baseline -0.001 -8"><span class='ocrx_word' id='word_1_415' title='bbox 1846 3083 2049 3138; x_wconf 87' lang='lat' dir='ltr'><strong>veritas</strong></span> <span class='ocrx_word' id='word_1_416' title='bbox 2078 3082 2343 3136; x_wconf 88' lang='lat' dir='ltr'><strong>mundum</strong></span> <span class='ocrx_word' id='word_1_417' title='bbox 2380 3097 2540 3136; x_wconf 91' lang='lat' dir='ltr'><strong>suum</strong></span> <span class='ocrx_word' id='word_1_418' title='bbox 2593 3095 2716 3135; x_wconf 89' lang='lat' dir='ltr'><strong>esse</strong></span> <span class='ocrx_word' id='word_1_419' title='bbox 2764 3081 2916 3145; x_wconf 88' lang='lat' dir='ltr'><strong>dicit,</strong></span> <span class='ocrx_word' id='word_1_420' title='bbox 2976 3080 3123 3136; x_wconf 90' lang='lat' dir='ltr'><strong>idem</strong></span> <span class='ocrx_word' id='word_1_421' title='bbox 3177 3096 3311 3136; x_wconf 88' lang='lat' dir='ltr'><strong>vero</strong></span> <span class='ocrx_word' id='word_1_422' title='bbox 3370 3089 3427 3135; x_wconf 89' lang='lat' dir='ltr'><strong>et</strong></span> 
     </span>
    </p>
   </div>
   <div class='ocr_carea' id='block_1_61' title="bbox 200 3169 1741 3255">
    <p class='ocr_par' dir='ltr' id='par_1_61' title="bbox 200 3176 1741 3254">
     <span class='ocr_line' id='line_1_61' title="bbox 200 3176 1741 3254; baseline -0.003 -19"><span class='ocrx_word' id='word_1_423' title='bbox 200 3183 389 3254; x_wconf 83' lang='grc' dir='ltr'>ἀλήθεια</span> <span class='ocrx_word' id='word_1_424' title='bbox 428 3184 521 3237; x_wconf 80' lang='grc' dir='ltr'><strong>τὸν</strong></span> <span class='ocrx_word' id='word_1_425' title='bbox 554 3183 769 3253; x_wconf 84' lang='grc' dir='ltr'>κόσμον</span> <span class='ocrx_word' id='word_1_426' title='bbox 798 3181 967 3236; x_wconf 87' lang='grc' dir='ltr'>αὑτοῦ</span> <span class='ocrx_word' id='word_1_427' title='bbox 1002 3180 1136 3252; x_wconf 81' lang='grc' dir='ltr'>λέγῃ</span> <span class='ocrx_word' id='word_1_428' title='bbox 1186 3176 1349 3247; x_wconf 80' lang='grc' dir='ltr'>εἶναι,</span> <span class='ocrx_word' id='word_1_429' title='bbox 1381 3180 1535 3248; x_wconf 73' lang='grc' dir='ltr'>ἔλεγε</span> <span class='ocrx_word' id='word_1_430' title='bbox 1564 3178 1621 3232; x_wconf 80' lang='grc' dir='ltr'>δὲ</span> <span class='ocrx_word' id='word_1_431' title='bbox 1650 3179 1741 3231; x_wconf 72' lang='grc' dir='ltr'><strong>καὶ</strong></span> 
     </span>
    </p>
   </div>
   <div class='ocr_carea' id='block_1_62' title="bbox 1847 3169 3433 3255">
    <p class='ocr_par' dir='ltr' id='par_1_62' title="bbox 1848 3169 3433 3242">
     <span class='ocr_line' id='line_1_62' title="bbox 1848 3169 3433 3242; baseline 0.001 -17"><span class='ocrx_word' id='word_1_432' title='bbox 1848 3173 2023 3226; x_wconf 87' lang='lat' dir='ltr'><strong>malus</strong></span> <span class='ocrx_word' id='word_1_433' title='bbox 2047 3172 2301 3236; x_wconf 74' lang='lat' dir='ltr'><strong>allii-mat,</strong></span> <span class='ocrx_word' id='word_1_434' title='bbox 2334 3186 2505 3242; x_wconf 81' lang='lat' dir='ltr'><strong>regna</strong></span> <span class='ocrx_word' id='word_1_435' title='bbox 2549 3170 2735 3224; x_wconf 91' lang='lat' dir='ltr'><strong>omnia</strong></span> <span class='ocrx_word' id='word_1_436' title='bbox 2780 3169 2887 3225; x_wconf 91' lang='lat' dir='ltr'><strong>sibi</strong></span> <span class='ocrx_word' id='word_1_437' title='bbox 2927 3170 3181 3239; x_wconf 89' lang='lat' dir='ltr'><strong>subjecta</strong></span> <span class='ocrx_word' id='word_1_438' title='bbox 3224 3169 3433 3226; x_wconf 86' lang='lat' dir='ltr'><strong>habere</strong></span> 
     </span>
    </p>
   </div>
   <div class='ocr_carea' id='block_1_63' title="bbox 200 3269 1745 3346">
    <p class='ocr_par' dir='ltr' id='par_1_63' title="bbox 200 3269 1745 3346">
     <span class='ocr_line' id='line_1_63' title="bbox 200 3269 1745 3346; baseline -0.003 -20"><span class='ocrx_word' id='word_1_439' title='bbox 200 3275 476 3346; x_wconf 70' lang='grc' dir='ltr'>ὀπονηρὸς,</span> <span class='ocrx_word' id='word_1_440' title='bbox 534 3275 705 3346; x_wconf 78' lang='grc' dir='ltr'>ἡνίκα</span> <span class='ocrx_word' id='word_1_441' title='bbox 737 3273 836 3337; x_wconf 81' lang='grc' dir='ltr'><strong>τὰς</strong></span> <span class='ocrx_word' id='word_1_442' title='bbox 883 3273 1159 3344; x_wconf 85' lang='grc' dir='ltr'>βασιλείας</span> <span class='ocrx_word' id='word_1_443' title='bbox 1213 3272 1395 3335; x_wconf 88' lang='grc' dir='ltr'>πάσας</span> <span class='ocrx_word' id='word_1_444' title='bbox 1438 3269 1745 3341; x_wconf 81' lang='grc' dir='ltr'>κατηλαζο-</span> 
     </span>
    </p>
   </div>
   <div class='ocr_carea' id='block_1_64' title="bbox 202 3361 1747 3437">
    <p class='ocr_par' dir='ltr' id='par_1_64' title="bbox 202 3361 1747 3437">
     <span class='ocr_line' id='line_1_64' title="bbox 202 3361 1747 3437; baseline -0.002 -20"><span class='ocrx_word' id='word_1_445' title='bbox 202 3366 353 3418; x_wconf 83' lang='grc' dir='ltr'>νεύετο</span> <span class='ocrx_word' id='word_1_446' title='bbox 382 3366 734 3437; x_wconf 81' lang='grc' dir='ltr'>ὑποχειρίους</span> <span class='ocrx_word' id='word_1_447' title='bbox 760 3366 909 3435; x_wconf 78' lang='grc' dir='ltr'>ἔχειν</span> <span class='ocrx_word' id='word_1_448' title='bbox 932 3381 945 3393; x_wconf 86' lang='grc'><strong>·</strong></span> <span class='ocrx_word' id='word_1_449' title='bbox 978 3367 1027 3418; x_wconf 85' lang='grc' dir='ltr'><strong>οί</strong></span> <span class='ocrx_word' id='word_1_450' title='bbox 1057 3365 1115 3425; x_wconf 80' lang='grc' dir='ltr'>δὲ</span> <span class='ocrx_word' id='word_1_451' title='bbox 1141 3367 1207 3436; x_wconf 84' lang='grc' dir='ltr'>τῇ</span> <span class='ocrx_word' id='word_1_452' title='bbox 1240 3365 1417 3436; x_wconf 85' lang='grc' dir='ltr'>τόλμῃ</span> <span class='ocrx_word' id='word_1_453' title='bbox 1443 3363 1543 3433; x_wconf 89' lang='grc' dir='ltr'><strong>τῆς</strong></span> <span class='ocrx_word' id='word_1_454' title='bbox 1571 3361 1747 3432; x_wconf 88' lang='grc' dir='ltr'>γλώτ-</span> 
     </span>
    </p>
   </div>
   <div class='ocr_carea' id='block_1_65' title="bbox 203 3450 1742 3528">
    <p class='ocr_par' dir='ltr' id='par_1_65' title="bbox 203 3450 1742 3528">
     <span class='ocr_line' id='line_1_65' title="bbox 203 3450 1742 3528; baseline -0.006 -17"><span class='ocrx_word' id='word_1_455' title='bbox 203 3474 281 3527; x_wconf 75' lang='grc' dir='ltr'><strong>της</strong></span> <span class='ocrx_word' id='word_1_456' title='bbox 302 3456 591 3528; x_wconf 72' lang='grc' dir='ltr'>ἀφαιροῦσι</span> <span class='ocrx_word' id='word_1_457' title='bbox 665 3457 766 3527; x_wconf 82' lang='grc' dir='ltr'>μὲν</span> <span class='ocrx_word' id='word_1_458' title='bbox 824 3455 987 3509; x_wconf 85' lang='grc' dir='ltr'>αὑτὸν</span> <span class='ocrx_word' id='word_1_459' title='bbox 1044 3455 1139 3508; x_wconf 89' lang='grc' dir='ltr'><strong>τοῦ</strong></span> <span class='ocrx_word' id='word_1_460' title='bbox 1156 3453 1338 3508; x_wconf 87' lang='grc' dir='ltr'>κοινοῦ</span> <span class='ocrx_word' id='word_1_461' title='bbox 1371 3453 1610 3507; x_wconf 85' lang='grc' dir='ltr'>Κτίστου</span> <span class='ocrx_word' id='word_1_462' title='bbox 1646 3450 1742 3504; x_wconf 77' lang='grc' dir='ltr'><strong>καὶ</strong></span> 
     </span>
    </p>
   </div>
   <div class='ocr_carea' id='block_1_66' title="bbox 204 3540 1747 3621">
    <p class='ocr_par' dir='ltr' id='par_1_66' title="bbox 204 3540 1747 3621">
     <span class='ocr_line' id='line_1_66' title="bbox 204 3540 1747 3621; baseline -0.002 -19"><span class='ocrx_word' id='word_1_463' title='bbox 204 3551 529 3621; x_wconf 78' lang='grc' dir='ltr'>Δημιουργοῦ,</span> <span class='ocrx_word' id='word_1_464' title='bbox 568 3550 971 3605; x_wconf 84' lang='grc' dir='ltr'>ὑποϐάλλονται</span> <span class='ocrx_word' id='word_1_465' title='bbox 1012 3549 1070 3602; x_wconf 86' lang='grc' dir='ltr'><strong>δὲ</strong></span> <span class='ocrx_word' id='word_1_466' title='bbox 1098 3548 1177 3619; x_wconf 85' lang='grc' dir='ltr'><strong>τῷ</strong></span> <span class='ocrx_word' id='word_1_467' title='bbox 1219 3546 1474 3617; x_wconf 82' lang='grc' dir='ltr'>διαϐόλῳ,</span> <span class='ocrx_word' id='word_1_468' title='bbox 1508 3540 1618 3617; x_wconf 84' lang='grc' dir='ltr'>ἆρα</span> <span class='ocrx_word' id='word_1_469' title='bbox 1645 3547 1747 3599; x_wconf 83' lang='grc' dir='ltr'><strong>οὐκ</strong></span> 
     </span>
    </p>
   </div>
   <div class='ocr_carea' id='block_1_67' title="bbox 204 3637 1748 3713">
    <p class='ocr_par' dir='ltr' id='par_1_67' title="bbox 204 3637 1748 3713">
     <span class='ocr_line' id='line_1_67' title="bbox 204 3637 1748 3713; baseline -0.002 -19"><span class='ocrx_word' id='word_1_470' title='bbox 204 3645 265 3705; x_wconf 84' lang='grc' dir='ltr'><strong>είς</strong></span> <span class='ocrx_word' id='word_1_471' title='bbox 290 3644 467 3712; x_wconf 73' lang='grc' dir='ltr'>ψεῦδος</span> <span class='ocrx_word' id='word_1_472' title='bbox 512 3645 617 3713; x_wconf 85' lang='grc' dir='ltr'><strong>μὲν</strong></span> <span class='ocrx_word' id='word_1_473' title='bbox 668 3642 1073 3713; x_wconf 78' lang='grc' dir='ltr'>ἀπορρίπτουσι</span> <span class='ocrx_word' id='word_1_474' title='bbox 1119 3641 1217 3713; x_wconf 83' lang='grc' dir='ltr'>τὴν</span> <span class='ocrx_word' id='word_1_475' title='bbox 1249 3640 1533 3712; x_wconf 85' lang='grc' dir='ltr'>ἀλήθειαν,</span> <span class='ocrx_word' id='word_1_476' title='bbox 1574 3639 1667 3693; x_wconf 81' lang='grc' dir='ltr'><strong>τὸν</strong></span> <span class='ocrx_word' id='word_1_477' title='bbox 1701 3637 1748 3691; x_wconf 83' lang='grc' dir='ltr'>δ’</span> 
     </span>
    </p>
   </div>
   <div class='ocr_carea' id='block_1_68' title="bbox 203 3730 1747 3804">
    <p class='ocr_par' dir='ltr' id='par_1_68' title="bbox 203 3730 1747 3804">
     <span class='ocr_line' id='line_1_68' title="bbox 203 3730 1747 3804; baseline -0.001 -19"><span class='ocrx_word' id='word_1_478' title='bbox 203 3733 406 3803; x_wconf 77' lang='grc' dir='ltr'>ἀρχηγὸν</span> <span class='ocrx_word' id='word_1_479' title='bbox 434 3734 527 3788; x_wconf 89' lang='grc' dir='ltr'><strong>τοῦ</strong></span> <span class='ocrx_word' id='word_1_480' title='bbox 566 3733 803 3804; x_wconf 72' lang='grc' dir='ltr'>ψεύδους</span> <span class='ocrx_word' id='word_1_481' title='bbox 835 3732 1064 3804; x_wconf 81' lang='grc' dir='ltr'>ἀληθείᾳ</span> <span class='ocrx_word' id='word_1_482' title='bbox 1094 3732 1233 3803; x_wconf 83' lang='grc' dir='ltr'><strong>μετά</strong></span> <span class='ocrx_word' id='word_1_483' title='bbox 1257 3731 1357 3802; x_wconf 88' lang='grc' dir='ltr'><strong>τῆς</strong></span> <span class='ocrx_word' id='word_1_484' title='bbox 1389 3731 1557 3802; x_wconf 81' lang='grc' dir='ltr'>ἄλλης</span> <span class='ocrx_word' id='word_1_485' title='bbox 1586 3730 1747 3801; x_wconf 84' lang='grc' dir='ltr'>δόξης</span> 
     </span>
    </p>
   </div>
   <div class='ocr_carea' id='block_1_69' title="bbox 204 3823 1745 3894">
    <p class='ocr_par' dir='ltr' id='par_1_69' title="bbox 204 3823 1745 3894">
     <span class='ocr_line' id='line_1_69' title="bbox 204 3823 1745 3894; baseline -0.001 -15"><span class='ocrx_word' id='word_1_486' title='bbox 204 3826 564 3891; x_wconf 73' lang='grc' dir='ltr'>καλλωπίζουσι</span> <span class='ocrx_word' id='word_1_487' title='bbox 610 3828 706 3879; x_wconf 70' lang='grc' dir='ltr'><strong>καὶ</strong></span> <span class='ocrx_word' id='word_1_488' title='bbox 763 3824 858 3879; x_wconf 86' lang='grc' dir='ltr'><strong>τοῦ</strong></span> <span class='ocrx_word' id='word_1_489' title='bbox 919 3826 1017 3894; x_wconf 81' lang='grc' dir='ltr'>μὲν</span> <span class='ocrx_word' id='word_1_490' title='bbox 1078 3828 1352 3877; x_wconf 84' lang='grc' dir='ltr'>Δεσπότου</span> <span class='ocrx_word' id='word_1_491' title='bbox 1417 3824 1637 3878; x_wconf 88' lang='grc' dir='ltr'>συλοῦσι</span> <span class='ocrx_word' id='word_1_492' title='bbox 1683 3823 1745 3877; x_wconf 87' lang='grc' dir='ltr'><strong>τὸ</strong></span> 
     </span>
    </p>
   </div>
   <div class='ocr_carea' id='block_1_70' title="bbox 204 3916 1743 3990">
    <p class='ocr_par' dir='ltr' id='par_1_70' title="bbox 204 3916 1743 3990">
     <span class='ocr_line' id='line_1_70' title="bbox 204 3916 1743 3990; baseline 0 -21"><span class='ocrx_word' id='word_1_493' title='bbox 204 3919 371 3987; x_wconf 75' lang='grc' dir='ltr'>κτῆμα,</span> <span class='ocrx_word' id='word_1_494' title='bbox 400 3919 535 3990; x_wconf 82' lang='grc' dir='ltr'><strong>μετά</strong></span> <span class='ocrx_word' id='word_1_495' title='bbox 562 3918 663 3972; x_wconf 87' lang='grc' dir='ltr'><strong>τοῦ</strong></span> <span class='ocrx_word' id='word_1_496' title='bbox 713 3916 916 3990; x_wconf 78' lang='grc' dir='ltr'>λῃστοῦ</span> <span class='ocrx_word' id='word_1_497' title='bbox 955 3917 1010 3971; x_wconf 83' lang='grc' dir='ltr'>δὲ</span> <span class='ocrx_word' id='word_1_498' title='bbox 1044 3917 1310 3985; x_wconf 87' lang='grc' dir='ltr'>γίνονται,</span> <span class='ocrx_word' id='word_1_499' title='bbox 1356 3916 1450 3970; x_wconf 77' lang='grc' dir='ltr'>καὶ</span> <span class='ocrx_word' id='word_1_500' title='bbox 1480 3917 1570 3971; x_wconf 83' lang='grc' dir='ltr'><strong>τὸν</strong></span> <span class='ocrx_word' id='word_1_501' title='bbox 1604 3918 1743 3970; x_wconf 87' lang='grc' dir='ltr'>ἀπο-</span> 
     </span>
    </p>
   </div>
   <div class='ocr_carea' id='block_1_71' title="bbox 206 4000 1742 4081">
    <p class='ocr_par' dir='ltr' id='par_1_71' title="bbox 206 4000 1742 4081">
     <span class='ocr_line' id='line_1_71' title="bbox 206 4000 1742 4081; baseline 0.003 -22"><span class='ocrx_word' id='word_1_502' title='bbox 206 4009 339 4079; x_wconf 75' lang='grc' dir='ltr'>σάτην</span> <span class='ocrx_word' id='word_1_503' title='bbox 357 4012 447 4064; x_wconf 80' lang='grc' dir='ltr'>καὶ</span> <span class='ocrx_word' id='word_1_504' title='bbox 479 4011 777 4081; x_wconf 89' lang='grc' dir='ltr'>μαστιγίαν</span> <span class='ocrx_word' id='word_1_505' title='bbox 829 4012 924 4063; x_wconf 80' lang='grc' dir='ltr'>καὶ</span> <span class='ocrx_word' id='word_1_506' title='bbox 958 4010 1252 4080; x_wconf 86' lang='grc' dir='ltr'>ἀγνώμονα</span> <span class='ocrx_word' id='word_1_507' title='bbox 1282 4000 1389 4062; x_wconf 85' lang='grc' dir='ltr'>τῶν</span> <span class='ocrx_word' id='word_1_508' title='bbox 1437 4008 1742 4080; x_wconf 85' lang='grc' dir='ltr'>ὁμοδούλων</span> 
     </span>
    </p>
   </div>
   <div class='ocr_carea' id='block_1_72' title="bbox 203 4094 1741 4172">
    <p class='ocr_par' dir='ltr' id='par_1_72' title="bbox 203 4094 1741 4172">
     <span class='ocr_line' id='line_1_72' title="bbox 203 4094 1741 4172; baseline 0.002 -23"><span class='ocrx_word' id='word_1_509' title='bbox 203 4099 555 4171; x_wconf 82' lang='grc' dir='ltr'>ἀναγορεύουσι</span> <span class='ocrx_word' id='word_1_510' title='bbox 584 4100 816 4172; x_wconf 86' lang='grc' dir='ltr'>κύριον;</span> <span class='ocrx_word' id='word_1_511' title='bbox 878 4099 989 4152; x_wconf 79' lang='grc' dir='ltr'><strong>Καὶ</strong></span> <span class='ocrx_word' id='word_1_512' title='bbox 1022 4100 1139 4162; x_wconf 81' lang='grc' dir='ltr'><strong>πῶς</strong></span> <span class='ocrx_word' id='word_1_513' title='bbox 1164 4099 1230 4152; x_wconf 83' lang='grc' dir='ltr'>ἂν</span> <span class='ocrx_word' id='word_1_514' title='bbox 1276 4094 1421 4154; x_wconf 75' lang='grc' dir='ltr'>οὗτοι</span> <span class='ocrx_word' id='word_1_515' title='bbox 1451 4102 1544 4152; x_wconf 78' lang='grc' dir='ltr'><strong>τὸν</strong></span> <span class='ocrx_word' id='word_1_516' title='bbox 1565 4098 1741 4171; x_wconf 81' lang='grc' dir='ltr'>ἀληθῆ</span> 
     </span>
    </p>
   </div>
   <div class='ocr_carea' id='block_1_73' title="bbox 205 4190 1745 4263">
    <p class='ocr_par' dir='ltr' id='par_1_73' title="bbox 205 4190 1745 4263">
     <span class='ocr_line' id='line_1_73' title="bbox 205 4190 1745 4263; baseline 0.001 -19"><span class='ocrx_word' id='word_1_517' title='bbox 205 4191 277 4244; x_wconf 81' lang='grc' dir='ltr'>καὶ</span> <span class='ocrx_word' id='word_1_518' title='bbox 318 4193 691 4263; x_wconf 78' lang='grc' dir='ltr'>φιλάνθρωπον</span> <span class='ocrx_word' id='word_1_519' title='bbox 723 4190 947 4261; x_wconf 71' lang='grc' dir='ltr'>ὕψονται</span> <span class='ocrx_word' id='word_1_520' title='bbox 993 4190 1221 4262; x_wconf 83' lang='grc' dir='ltr'>Κύριον,</span> <span class='ocrx_word' id='word_1_521' title='bbox 1277 4192 1378 4262; x_wconf 87' lang='grc' dir='ltr'><strong>τῆς</strong></span> <span class='ocrx_word' id='word_1_522' title='bbox 1428 4193 1745 4260; x_wconf 86' lang='grc' dir='ltr'>τυραννίδος</span> 
     </span>
    </p>
   </div>
   <div class='ocr_carea' id='block_1_74' title="bbox 205 4282 1745 4354">
    <p class='ocr_par' dir='ltr' id='par_1_74' title="bbox 205 4282 1745 4354">
     <span class='ocr_line' id='line_1_74' title="bbox 205 4282 1745 4354; baseline 0.003 -22"><span class='ocrx_word' id='word_1_523' title='bbox 205 4286 459 4353; x_wconf 78' lang='grc' dir='ltr'>συνεργοὺς</span> <span class='ocrx_word' id='word_1_524' title='bbox 495 4285 593 4337; x_wconf 75' lang='grc' dir='ltr'>καὶ</span> <span class='ocrx_word' id='word_1_525' title='bbox 632 4283 933 4354; x_wconf 82' lang='grc' dir='ltr'>ὑπηρέτας,</span> <span class='ocrx_word' id='word_1_526' title='bbox 971 4282 1171 4350; x_wconf 86' lang='grc' dir='ltr'>μᾶλλον</span> <span class='ocrx_word' id='word_1_527' title='bbox 1200 4282 1256 4335; x_wconf 82' lang='grc' dir='ltr'>δὲ</span> <span class='ocrx_word' id='word_1_528' title='bbox 1302 4283 1587 4353; x_wconf 82' lang='grc' dir='ltr'>ἀρχηγοὺς</span> <span class='ocrx_word' id='word_1_529' title='bbox 1613 4284 1745 4337; x_wconf 78' lang='grc' dir='ltr'>ἑαυ-</span> 
     </span>
    </p>
   </div>
   <div class='ocr_carea' id='block_1_75' title="bbox 202 4370 1742 4447">
    <p class='ocr_par' dir='ltr' id='par_1_75' title="bbox 202 4370 1742 4447">
     <span class='ocr_line' id='line_1_75' title="bbox 202 4370 1742 4447; baseline 0.001 -21"><span class='ocrx_word' id='word_1_530' title='bbox 202 4375 300 4437; x_wconf 77' lang='grc' dir='ltr'>τοὺς</span> <span class='ocrx_word' id='word_1_531' title='bbox 334 4376 825 4447; x_wconf 73' lang='grc' dir='ltr'>ἀπογραψάμενοι;</span> <span class='ocrx_word' id='word_1_532' title='bbox 866 4373 1079 4437; x_wconf 82' lang='grc' dir='ltr'>Ἀλλως</span> <span class='ocrx_word' id='word_1_533' title='bbox 1104 4392 1165 4427; x_wconf 89' lang='grc' dir='ltr'><strong>τε</strong></span> <span class='ocrx_word' id='word_1_534' title='bbox 1200 4373 1276 4441; x_wconf 84' lang='grc' dir='ltr'><strong>δὲ,</strong></span> <span class='ocrx_word' id='word_1_535' title='bbox 1307 4375 1466 4445; x_wconf 78' lang='grc' dir='ltr'>εἴπερ</span> <span class='ocrx_word' id='word_1_536' title='bbox 1497 4374 1573 4446; x_wconf 82' lang='grc' dir='ltr'>μὴ</span> <span class='ocrx_word' id='word_1_537' title='bbox 1600 4370 1742 4445; x_wconf 77' lang='grc' dir='ltr'>ἦσαν</span> 
     </span>
    </p>
   </div>
   <div class='ocr_carea' id='block_1_76' title="bbox 204 4464 1739 4536">
    <p class='ocr_par' dir='ltr' id='par_1_76' title="bbox 204 4464 1739 4536">
     <span class='ocr_line' id='line_1_76' title="bbox 204 4464 1739 4536; baseline 0.003 -21"><span class='ocrx_word' id='word_1_538' title='bbox 204 4466 242 4516; x_wconf 78' lang='grc' dir='ltr'>οἱ</span> <span class='ocrx_word' id='word_1_539' title='bbox 265 4466 404 4535; x_wconf 78' lang='grc' dir='ltr'>ἀγροὶ</span> <span class='ocrx_word' id='word_1_540' title='bbox 432 4469 523 4522; x_wconf 75' lang='grc' dir='ltr'><strong>καὶ</strong></span> <span class='ocrx_word' id='word_1_541' title='bbox 556 4470 584 4521; x_wconf 88' lang='grc' dir='ltr'><strong>ό</strong></span> <span class='ocrx_word' id='word_1_542' title='bbox 619 4468 821 4533; x_wconf 86' lang='grc' dir='ltr'>κόσμος</span> <span class='ocrx_word' id='word_1_543' title='bbox 846 4465 939 4519; x_wconf 88' lang='grc' dir='ltr'><strong>τοῦ</strong></span> <span class='ocrx_word' id='word_1_544' title='bbox 976 4464 1185 4534; x_wconf 85' lang='grc' dir='ltr'>ἀγαθοῦ</span> <span class='ocrx_word' id='word_1_545' title='bbox 1220 4467 1314 4519; x_wconf 79' lang='grc' dir='ltr'><strong>καὶ</strong></span> <span class='ocrx_word' id='word_1_546' title='bbox 1352 4465 1739 4536; x_wconf 79' lang='grc' dir='ltr'>φιλανθρώπου</span> 
     </span>
    </p>
   </div>
   <div class='ocr_carea' id='block_1_77' title="bbox 1847 3262 3433 3337">
    <p class='ocr_par' dir='ltr' id='par_1_77' title="bbox 1847 3262 3433 3337">
     <span class='ocr_line' id='line_1_77' title="bbox 1847 3262 3433 3337; baseline -0.001 -18"><span class='ocrx_word' id='word_1_547' title='bbox 1847 3265 2145 3337; x_wconf 65' lang='lat' dir='ltr'><strong>gloriatus:</strong></span> <span class='ocrx_word' id='word_1_548' title='bbox 2180 3266 2235 3318; x_wconf 92' lang='lat' dir='ltr'><strong>hi</strong></span> <span class='ocrx_word' id='word_1_549' title='bbox 2269 3272 2452 3318; x_wconf 88' lang='lat' dir='ltr'><strong>autem</strong></span> <span class='ocrx_word' id='word_1_550' title='bbox 2486 3262 3058 3318; x_wconf 86' lang='lat' dir='ltr'><strong>bominestemerariis</strong></span> <span class='ocrx_word' id='word_1_551' title='bbox 3082 3262 3280 3334; x_wconf 85' lang='lat' dir='ltr'><strong>linguis</strong></span> <span class='ocrx_word' id='word_1_552' title='bbox 3302 3277 3433 3317; x_wconf 90' lang='lat' dir='ltr'><strong>eum</strong></span> 
     </span>
    </p>
   </div>
   <div class='ocr_carea' id='block_1_78' title="bbox 1848 3353 3433 3424">
    <p class='ocr_par' dir='ltr' id='par_1_78' title="bbox 1848 3353 3433 3424">
     <span class='ocr_line' id='line_1_78' title="bbox 1848 3353 3433 3424; baseline -0.003 -11"><span class='ocrx_word' id='word_1_553' title='bbox 1848 3358 2125 3413; x_wconf 90' lang='lat' dir='ltr'><strong>communi</strong></span> <span class='ocrx_word' id='word_1_554' title='bbox 2174 3356 2423 3410; x_wconf 85' lang='lat' dir='ltr'><strong>Creatori</strong></span> <span class='ocrx_word' id='word_1_555' title='bbox 2462 3371 2526 3409; x_wconf 90' lang='lat' dir='ltr'><strong>ac</strong></span> <span class='ocrx_word' id='word_1_556' title='bbox 2571 3354 2850 3410; x_wconf 86' lang='lat' dir='ltr'><strong>Conditori</strong></span> <span class='ocrx_word' id='word_1_557' title='bbox 2900 3354 3232 3424; x_wconf 88' lang='lat' dir='ltr'><strong>subripiunt,</strong></span> <span class='ocrx_word' id='word_1_558' title='bbox 3266 3353 3433 3409; x_wconf 87' lang='lat' dir='ltr'><strong>vicis-</strong></span> 
     </span>
    </p>
   </div>
   <div class='ocr_carea' id='block_1_79' title="bbox 1848 3446 3431 3519">
    <p class='ocr_par' dir='ltr' id='par_1_79' title="bbox 1848 3446 3431 3519">
     <span class='ocr_line' id='line_1_79' title="bbox 1848 3446 3431 3519; baseline -0.001 -15"><span class='ocrx_word' id='word_1_559' title='bbox 1848 3451 2063 3519; x_wconf 89' lang='lat' dir='ltr'><strong>simque</strong></span> <span class='ocrx_word' id='word_1_560' title='bbox 2094 3448 2311 3503; x_wconf 90' lang='lat' dir='ltr'><strong>diabolo</strong></span> <span class='ocrx_word' id='word_1_561' title='bbox 2360 3447 2658 3510; x_wconf 87' lang='lat' dir='ltr'><strong>vindicant,</strong></span> <span class='ocrx_word' id='word_1_562' title='bbox 2690 3461 2874 3502; x_wconf 85' lang='lat' dir='ltr'><strong>nonne</strong></span> <span class='ocrx_word' id='word_1_563' title='bbox 2922 3446 3086 3502; x_wconf 91' lang='lat' dir='ltr'><strong>iidem</strong></span> <span class='ocrx_word' id='word_1_564' title='bbox 3143 3446 3431 3502; x_wconf 87' lang='lat' dir='ltr'><strong>veritatem</strong></span> 
     </span>
    </p>
   </div>
   <div class='ocr_carea' id='block_1_80' title="bbox 1849 3537 3428 3602">
    <p class='ocr_par' dir='ltr' id='par_1_80' title="bbox 1849 3537 3428 3602">
     <span class='ocr_line' id='line_1_80' title="bbox 1849 3537 3428 3602; baseline -0.003 -5"><span class='ocrx_word' id='word_1_565' title='bbox 1849 3543 1903 3597; x_wconf 92' lang='lat' dir='ltr'><strong>in</strong></span> <span class='ocrx_word' id='word_1_566' title='bbox 1929 3541 2274 3596; x_wconf 88' lang='lat' dir='ltr'><strong>mendacium</strong></span> <span class='ocrx_word' id='word_1_567' title='bbox 2307 3546 2660 3602; x_wconf 88' lang='lat' dir='ltr'><strong>convertunt,</strong></span> <span class='ocrx_word' id='word_1_568' title='bbox 2685 3537 2953 3593; x_wconf 88' lang='lat' dir='ltr'><strong>mendacii</strong></span> <span class='ocrx_word' id='word_1_569' title='bbox 2983 3553 3116 3593; x_wconf 92' lang='lat' dir='ltr'><strong>vero</strong></span> <span class='ocrx_word' id='word_1_570' title='bbox 3143 3547 3428 3593; x_wconf 88' lang='lat' dir='ltr'><strong>auctorem</strong></span> 
     </span>
    </p>
   </div>
   <div class='ocr_carea' id='block_1_81' title="bbox 1848 3628 3431 3702">
    <p class='ocr_par' dir='ltr' id='par_1_81' title="bbox 1848 3628 3431 3702">
     <span class='ocr_line' id='line_1_81' title="bbox 1848 3628 3431 3702; baseline -0.003 -14"><span class='ocrx_word' id='word_1_571' title='bbox 1848 3634 2097 3689; x_wconf 87' lang='lat' dir='ltr'><strong>veritatis</strong></span> <span class='ocrx_word' id='word_1_572' title='bbox 2142 3632 2485 3701; x_wconf 89' lang='lat' dir='ltr'><strong>aliarumque</strong></span> <span class='ocrx_word' id='word_1_573' title='bbox 2532 3647 2718 3685; x_wconf 89' lang='lat' dir='ltr'><strong>rerum</strong></span> <span class='ocrx_word' id='word_1_574' title='bbox 2763 3630 2931 3702; x_wconf 89' lang='lat' dir='ltr'><strong>gloria</strong></span> <span class='ocrx_word' id='word_1_575' title='bbox 2964 3640 3184 3693; x_wconf 90' lang='lat' dir='ltr'><strong>ornant,</strong></span> <span class='ocrx_word' id='word_1_576' title='bbox 3226 3645 3290 3685; x_wconf 89' lang='lat' dir='ltr'><strong>ac</strong></span> <span class='ocrx_word' id='word_1_577' title='bbox 3321 3628 3431 3684; x_wconf 92' lang='lat' dir='ltr'><strong>Do-</strong></span> 
     </span>
    </p>
   </div>
   <div class='ocr_carea' id='block_1_82' title="bbox 1848 3722 3431 3793">
    <p class='ocr_par' dir='ltr' id='par_1_82' title="bbox 1848 3722 3431 3793">
     <span class='ocr_line' id='line_1_82' title="bbox 1848 3722 3431 3793; baseline -0.003 -11"><span class='ocrx_word' id='word_1_578' title='bbox 1848 3727 2004 3782; x_wconf 89' lang='lat' dir='ltr'><strong>mino</strong></span> <span class='ocrx_word' id='word_1_579' title='bbox 2035 3725 2257 3793; x_wconf 88' lang='lat' dir='ltr'><strong>quidem</strong></span> <span class='ocrx_word' id='word_1_580' title='bbox 2284 3740 2380 3780; x_wconf 87' lang='lat' dir='ltr'><strong>sua</strong></span> <span class='ocrx_word' id='word_1_581' title='bbox 2397 3723 2675 3788; x_wconf 84' lang='lat' dir='ltr'><strong>auferunt,</strong></span> <span class='ocrx_word' id='word_1_582' title='bbox 2704 3722 3021 3791; x_wconf 86' lang='lat' dir='ltr'><strong>etpraedoni</strong></span> <span class='ocrx_word' id='word_1_583' title='bbox 3052 3736 3111 3775; x_wconf 91' lang='lat' dir='ltr'><strong>se</strong></span> <span class='ocrx_word' id='word_1_584' title='bbox 3133 3722 3431 3793; x_wconf 87' lang='lat' dir='ltr'><strong>jungentes</strong></span> 
     </span>
    </p>
   </div>
   <div class='ocr_carea' id='block_1_83' title="bbox 1846 3812 3429 3888">
    <p class='ocr_par' dir='ltr' id='par_1_83' title="bbox 1846 3812 3429 3888">
     <span class='ocr_line' id='line_1_83' title="bbox 1846 3812 3429 3888; baseline -0.004 -15"><span class='ocrx_word' id='word_1_585' title='bbox 1846 3825 2172 3888; x_wconf 87' lang='lat' dir='ltr'><strong>apostatam,</strong></span> <span class='ocrx_word' id='word_1_586' title='bbox 2206 3823 2261 3869; x_wconf 87' lang='lat' dir='ltr'><strong>et</strong></span> <span class='ocrx_word' id='word_1_587' title='bbox 2293 3814 2594 3884; x_wconf 85' lang='lat' dir='ltr'><strong>mastigiam</strong></span> <span class='ocrx_word' id='word_1_588' title='bbox 2634 3820 2690 3866; x_wconf 91' lang='lat' dir='ltr'><strong>et</strong></span> <span class='ocrx_word' id='word_1_589' title='bbox 2714 3812 3093 3866; x_wconf 76' lang='lat' dir='ltr'><strong>refractarium</strong></span> <span class='ocrx_word' id='word_1_590' title='bbox 3124 3826 3429 3866; x_wconf 88' lang='lat' dir='ltr'><strong>conservo-</strong></span> 
     </span>
    </p>
   </div>
   <div class='ocr_carea' id='block_1_84' title="bbox 1847 3902 3422 3967">
    <p class='ocr_par' dir='ltr' id='par_1_84' title="bbox 1847 3902 3422 3967">
     <span class='ocr_line' id='line_1_84' title="bbox 1847 3902 3422 3967; baseline -0.004 -3"><span class='ocrx_word' id='word_1_591' title='bbox 1847 3925 1969 3964; x_wconf 89' lang='lat' dir='ltr'><strong>rum</strong></span> <span class='ocrx_word' id='word_1_592' title='bbox 1993 3923 2213 3963; x_wconf 92' lang='lat' dir='ltr'><strong>suorum</strong></span> <span class='ocrx_word' id='word_1_593' title='bbox 2245 3907 2526 3961; x_wconf 90' lang='lat' dir='ltr'><strong>dominum</strong></span> <span class='ocrx_word' id='word_1_594' title='bbox 2553 3902 2935 3958; x_wconf 89' lang='lat' dir='ltr'><strong>constituunt?</strong></span> <span class='ocrx_word' id='word_1_595' title='bbox 2966 3902 3253 3967; x_wconf 88' lang='lat' dir='ltr'><strong>Quomodo</strong></span> <span class='ocrx_word' id='word_1_596' title='bbox 3284 3917 3422 3957; x_wconf 88' lang='lat' dir='ltr'><strong>vero</strong></span> 
     </span>
    </p>
   </div>
   <div class='ocr_carea' id='block_1_85' title="bbox 1847 3994 3430 4066">
    <p class='ocr_par' dir='ltr' id='par_1_85' title="bbox 1847 3994 3430 4066">
     <span class='ocr_line' id='line_1_85' title="bbox 1847 3994 3430 4066; baseline -0.004 -11"><span class='ocrx_word' id='word_1_597' title='bbox 1847 4002 1924 4055; x_wconf 91' lang='lat' dir='ltr'><strong>illi</strong></span> <span class='ocrx_word' id='word_1_598' title='bbox 1964 4015 2155 4056; x_wconf 88' lang='lat' dir='ltr'><strong>verum</strong></span> <span class='ocrx_word' id='word_1_599' title='bbox 2186 3998 2582 4066; x_wconf 79' lang='lat' dir='ltr'><strong>hominumque</strong></span> <span class='ocrx_word' id='word_1_600' title='bbox 2611 3994 3047 4049; x_wconf 83' lang='lat' dir='ltr'><strong>amantissimum</strong></span> <span class='ocrx_word' id='word_1_601' title='bbox 3076 3994 3245 4049; x_wconf 90' lang='lat' dir='ltr'><strong>Deum</strong></span> <span class='ocrx_word' id='word_1_602' title='bbox 3274 3994 3430 4049; x_wconf 91' lang='lat' dir='ltr'><strong>vide-</strong></span> 
     </span>
    </p>
   </div>
   <div class='ocr_carea' id='block_1_86' title="bbox 1845 4085 3428 4162">
    <p class='ocr_par' dir='ltr' id='par_1_86' title="bbox 1845 4085 3428 4162">
     <span class='ocr_line' id='line_1_86' title="bbox 1845 4085 3428 4162; baseline -0.004 -14"><span class='ocrx_word' id='word_1_603' title='bbox 1845 4095 2006 4157; x_wconf 85' lang='lat' dir='ltr'><strong>bunt,</strong></span> <span class='ocrx_word' id='word_1_604' title='bbox 2030 4092 2123 4162; x_wconf 90' lang='lat' dir='ltr'><strong>qui</strong></span> <span class='ocrx_word' id='word_1_605' title='bbox 2156 4106 2215 4146; x_wconf 92' lang='lat' dir='ltr'><strong>se</strong></span> <span class='ocrx_word' id='word_1_606' title='bbox 2246 4091 2394 4161; x_wconf 91' lang='lat' dir='ltr'><strong>ipsos</strong></span> <span class='ocrx_word' id='word_1_607' title='bbox 2418 4087 2721 4159; x_wconf 88' lang='lat' dir='ltr'><strong>tyrannidis</strong></span> <span class='ocrx_word' id='word_1_608' title='bbox 2759 4087 2904 4140; x_wconf 88' lang='lat' dir='ltr'><strong>illius</strong></span> <span class='ocrx_word' id='word_1_609' title='bbox 2927 4085 3107 4140; x_wconf 90' lang='lat' dir='ltr'><strong>socios</strong></span> <span class='ocrx_word' id='word_1_610' title='bbox 3133 4096 3187 4140; x_wconf 89' lang='lat' dir='ltr'><strong>et</strong></span> <span class='ocrx_word' id='word_1_611' title='bbox 3235 4101 3428 4142; x_wconf 90' lang='lat' dir='ltr'><strong>servos</strong></span> 
     </span>
    </p>
   </div>
   <div class='ocr_carea' id='block_1_87' title="bbox 1845 4176 3428 4256">
    <p class='ocr_par' dir='ltr' id='par_1_87' title="bbox 1845 4176 3428 4256">
     <span class='ocr_line' id='line_1_87' title="bbox 1845 4176 3428 4256; baseline -0.008 -15"><span class='ocrx_word' id='word_1_612' title='bbox 1845 4186 1934 4241; x_wconf 90' lang='lat' dir='ltr'><strong>vel</strong></span> <span class='ocrx_word' id='word_1_613' title='bbox 1955 4185 2137 4256; x_wconf 90' lang='lat' dir='ltr'><strong>potius</strong></span> <span class='ocrx_word' id='word_1_614' title='bbox 2159 4180 2467 4252; x_wconf 89' lang='lat' dir='ltr'><strong>primipilos</strong></span> <span class='ocrx_word' id='word_1_615' title='bbox 2492 4178 2821 4251; x_wconf 87' lang='lat' dir='ltr'><strong>gesserunt?</strong></span> <span class='ocrx_word' id='word_1_616' title='bbox 2853 4177 3011 4241; x_wconf 83' lang='lat' dir='ltr'><strong>Quod</strong></span> <span class='ocrx_word' id='word_1_617' title='bbox 3042 4177 3087 4230; x_wconf 90' lang='lat' dir='ltr'><strong>si</strong></span> <span class='ocrx_word' id='word_1_618' title='bbox 3140 4192 3272 4230; x_wconf 91' lang='lat' dir='ltr'><strong>vero</strong></span> <span class='ocrx_word' id='word_1_619' title='bbox 3313 4176 3428 4247; x_wconf 84' lang='lat' dir='ltr'><strong>agri</strong></span> 
     </span>
    </p>
   </div>
   <div class='ocr_carea' id='block_1_88' title="bbox 1846 4267 3431 4340">
    <p class='ocr_par' dir='ltr' id='par_1_88' title="bbox 1846 4267 3431 4340">
     <span class='ocr_line' id='line_1_88' title="bbox 1846 4267 3431 4340; baseline -0.006 -8"><span class='ocrx_word' id='word_1_620' title='bbox 1846 4286 1902 4332; x_wconf 88' lang='lat' dir='ltr'><strong>et</strong></span> <span class='ocrx_word' id='word_1_621' title='bbox 1935 4276 2177 4331; x_wconf 89' lang='lat' dir='ltr'><strong>mundus</strong></span> <span class='ocrx_word' id='word_1_622' title='bbox 2214 4273 2344 4328; x_wconf 89' lang='lat' dir='ltr'><strong>boni</strong></span> <span class='ocrx_word' id='word_1_623' title='bbox 2393 4272 2791 4340; x_wconf 87' lang='lat' dir='ltr'><strong>hominumque</strong></span> <span class='ocrx_word' id='word_1_624' title='bbox 2843 4267 3203 4322; x_wconf 87' lang='lat' dir='ltr'><strong>amantissimi</strong></span> <span class='ocrx_word' id='word_1_625' title='bbox 3232 4267 3431 4323; x_wconf 86' lang='lat' dir='ltr'><strong>Serva-</strong></span> 
     </span>
    </p>
   </div>
   <div class='ocr_carea' id='block_1_89' title="bbox 1846 4359 3428 4430">
    <p class='ocr_par' dir='ltr' id='par_1_89' title="bbox 1846 4359 3428 4430">
     <span class='ocr_line' id='line_1_89' title="bbox 1846 4359 3428 4430; baseline -0.008 -6"><span class='ocrx_word' id='word_1_626' title='bbox 1846 4369 1983 4424; x_wconf 89' lang='lat' dir='ltr'><strong>toris</strong></span> <span class='ocrx_word' id='word_1_627' title='bbox 2016 4366 2191 4422; x_wconf 90' lang='lat' dir='ltr'><strong>nostri</strong></span> <span class='ocrx_word' id='word_1_628' title='bbox 2218 4381 2326 4420; x_wconf 89' lang='lat' dir='ltr'><strong>non</strong></span> <span class='ocrx_word' id='word_1_629' title='bbox 2354 4373 2503 4426; x_wconf 90' lang='lat' dir='ltr'><strong>sunt,</strong></span> <span class='ocrx_word' id='word_1_630' title='bbox 2528 4362 2623 4417; x_wconf 83' lang='lat' dir='ltr'><strong>sed</strong></span> <span class='ocrx_word' id='word_1_631' title='bbox 2655 4361 2840 4430; x_wconf 91' lang='lat' dir='ltr'><strong>potius</strong></span> <span class='ocrx_word' id='word_1_632' title='bbox 2870 4360 3075 4413; x_wconf 90' lang='lat' dir='ltr'><strong>malum</strong></span> <span class='ocrx_word' id='word_1_633' title='bbox 3098 4359 3428 4429; x_wconf 89' lang='lat' dir='ltr'><strong>principium</strong></span> 
     </span>
    </p>
   </div>
   <div class='ocr_carea' id='block_1_90' title="bbox 1845 4444 3428 4517">
    <p class='ocr_par' dir='ltr' id='par_1_90' title="bbox 1845 4444 3428 4517">
     <span class='ocr_line' id='line_1_90' title="bbox 1845 4444 3428 4517; baseline -0.008 -6"><span class='ocrx_word' id='word_1_634' title='bbox 1845 4457 2064 4511; x_wconf 87' lang='lat' dir='ltr'><strong>illorum</strong></span> <span class='ocrx_word' id='word_1_635' title='bbox 2110 4454 2454 4508; x_wconf 90' lang='lat' dir='ltr'><strong>dominatum</strong></span> <span class='ocrx_word' id='word_1_636' title='bbox 2494 4449 2798 4517; x_wconf 84' lang='lat' dir='ltr'><strong>distribuit,</strong></span> <span class='ocrx_word' id='word_1_637' title='bbox 2851 4448 3127 4516; x_wconf 90' lang='lat' dir='ltr'><strong>quomodo</strong></span> <span class='ocrx_word' id='word_1_638' title='bbox 3166 4445 3293 4511; x_wconf 91' lang='lat' dir='ltr'><strong>illis,</strong></span> <span class='ocrx_word' id='word_1_639' title='bbox 3332 4444 3428 4515; x_wconf 90' lang='lat' dir='ltr'><strong>qui</strong></span> 
     </span>
    </p>
   </div>
   <div class='ocr_carea' id='block_1_91' title="bbox 204 4539 1741 4631">
    <p class='ocr_par' dir='ltr' id='par_1_91' title="bbox 204 4556 1741 4631">
     <span class='ocr_line' id='line_1_91' title="bbox 204 4556 1741 4631; baseline 0.001 -21"><span class='ocrx_word' id='word_1_640' title='bbox 204 4556 411 4629; x_wconf 75' lang='grc' dir='ltr'>Σωτῆρος</span> <span class='ocrx_word' id='word_1_641' title='bbox 438 4560 620 4631; x_wconf 78' lang='grc' dir='ltr'>ἡμῶν,</span> <span class='ocrx_word' id='word_1_642' title='bbox 656 4560 772 4614; x_wconf 81' lang='grc' dir='ltr'>ἀλλ’</span> <span class='ocrx_word' id='word_1_643' title='bbox 798 4561 831 4630; x_wconf 84' lang='grc' dir='ltr'>ἡ</span> <span class='ocrx_word' id='word_1_644' title='bbox 878 4559 1150 4629; x_wconf 81' lang='grc' dir='ltr'>φαυλότης</span> <span class='ocrx_word' id='word_1_645' title='bbox 1182 4558 1362 4612; x_wconf 83' lang='grc' dir='ltr'>αὑτῶν</span> <span class='ocrx_word' id='word_1_646' title='bbox 1388 4556 1741 4629; x_wconf 86' lang='grc' dir='ltr'>διεκληροῦτο</span> 
     </span>
    </p>
   </div>
   <div class='ocr_carea' id='block_1_92' title="bbox 1847 4539 3428 4631">
    <p class='ocr_par' dir='ltr' id='par_1_92' title="bbox 1847 4541 3428 4615">
     <span class='ocr_line' id='line_1_92' title="bbox 1847 4541 3428 4615; baseline -0.008 -13"><span class='ocrx_word' id='word_1_647' title='bbox 1847 4548 1919 4602; x_wconf 88' lang='lat' dir='ltr'><strong>ob</strong></span> <span class='ocrx_word' id='word_1_648' title='bbox 1946 4562 2146 4601; x_wconf 83' lang='lat' dir='ltr'><strong>nomen</strong></span> <span class='ocrx_word' id='word_1_649' title='bbox 2182 4546 2303 4615; x_wconf 88' lang='lat' dir='ltr'><strong>ejus</strong></span> <span class='ocrx_word' id='word_1_650' title='bbox 2330 4544 2675 4613; x_wconf 84' lang='lat' dir='ltr'><strong>reliquerunt</strong></span> <span class='ocrx_word' id='word_1_651' title='bbox 2701 4541 2891 4595; x_wconf 90' lang='lat' dir='ltr'><strong>domos</strong></span> <span class='ocrx_word' id='word_1_652' title='bbox 2923 4547 2977 4593; x_wconf 93' lang='lat' dir='ltr'><strong>et</strong></span> <span class='ocrx_word' id='word_1_653' title='bbox 3006 4551 3185 4609; x_wconf 86' lang='lat' dir='ltr'><strong>agros,</strong></span> <span class='ocrx_word' id='word_1_654' title='bbox 3221 4546 3277 4590; x_wconf 89' lang='lat' dir='ltr'><strong>et</strong></span> <span class='ocrx_word' id='word_1_655' title='bbox 3302 4552 3428 4607; x_wconf 90' lang='lat' dir='ltr'><strong>cog-</strong></span> 
     </span>
    </p>
   </div>
   <div class='ocr_carea' id='block_1_93' title="bbox 204 4643 1741 4719">
    <p class='ocr_par' dir='ltr' id='par_1_93' title="bbox 204 4643 1741 4719">
     <span class='ocr_line' id='line_1_93' title="bbox 204 4643 1741 4719; baseline 0.002 -22"><span class='ocrx_word' id='word_1_656' title='bbox 204 4643 280 4714; x_wconf 78' lang='grc' dir='ltr'>τήν</span> <span class='ocrx_word' id='word_1_657' title='bbox 304 4650 608 4719; x_wconf 83' lang='grc' dir='ltr'>κυριότητα,</span> <span class='ocrx_word' id='word_1_658' title='bbox 641 4649 757 4713; x_wconf 83' lang='grc' dir='ltr'><strong>πῶς</strong></span> <span class='ocrx_word' id='word_1_659' title='bbox 794 4651 908 4711; x_wconf 92' lang='grc' dir='ltr'>τοῖς</span> <span class='ocrx_word' id='word_1_660' title='bbox 937 4649 1125 4701; x_wconf 73' lang='grc' dir='ltr'>ἕνεκεν</span> <span class='ocrx_word' id='word_1_661' title='bbox 1156 4647 1252 4701; x_wconf 86' lang='grc' dir='ltr'><strong>τοῦ</strong></span> <span class='ocrx_word' id='word_1_662' title='bbox 1284 4648 1543 4718; x_wconf 86' lang='grc' dir='ltr'>ὀνόματος</span> <span class='ocrx_word' id='word_1_663' title='bbox 1576 4647 1741 4702; x_wconf 86' lang='grc' dir='ltr'>αὐτοῦ</span> 
     </span>
    </p>
   </div>
   <div class='ocr_carea' id='block_1_94' title="bbox 204 4738 1743 4811">
    <p class='ocr_par' dir='ltr' id='par_1_94' title="bbox 204 4738 1743 4811">
     <span class='ocr_line' id='line_1_94' title="bbox 204 4738 1743 4811; baseline 0.003 -23"><span class='ocrx_word' id='word_1_664' title='bbox 204 4738 552 4795; x_wconf 82' lang='grc' dir='ltr'>καταλιποῦσιν</span> <span class='ocrx_word' id='word_1_665' title='bbox 580 4742 761 4804; x_wconf 83' lang='grc' dir='ltr'>οἰκίας</span> <span class='ocrx_word' id='word_1_666' title='bbox 788 4743 884 4795; x_wconf 82' lang='grc' dir='ltr'>καὶ</span> <span class='ocrx_word' id='word_1_667' title='bbox 913 4741 1137 4811; x_wconf 81' lang='grc' dir='ltr'>ἀγροὺς,</span> <span class='ocrx_word' id='word_1_668' title='bbox 1172 4741 1267 4793; x_wconf 74' lang='grc' dir='ltr'>καὶ</span> <span class='ocrx_word' id='word_1_669' title='bbox 1291 4741 1389 4810; x_wconf 85' lang='grc' dir='ltr'><strong>τῆς</strong></span> <span class='ocrx_word' id='word_1_670' title='bbox 1418 4740 1743 4811; x_wconf 83' lang='grc' dir='ltr'>σωματικῆς</span> 
     </span>
    </p>
   </div>
   <div class='ocr_carea' id='block_1_95' title="bbox 206 4826 1739 4901">
    <p class='ocr_par' dir='ltr' id='par_1_95' title="bbox 206 4826 1739 4901">
     <span class='ocr_line' id='line_1_95' title="bbox 206 4826 1739 4901; baseline 0.002 -25"><span class='ocrx_word' id='word_1_671' title='bbox 206 4830 483 4894; x_wconf 78' lang='grc' dir='ltr'>συγγενείας</span> <span class='ocrx_word' id='word_1_672' title='bbox 499 4832 568 4885; x_wconf 86' lang='grc' dir='ltr'>τὰ</span> <span class='ocrx_word' id='word_1_673' title='bbox 584 4830 892 4901; x_wconf 88' lang='grc' dir='ltr'>τιμιώτατα</span> <span class='ocrx_word' id='word_1_674' title='bbox 919 4829 1061 4883; x_wconf 85' lang='grc' dir='ltr'><strong>κατά</strong></span> <span class='ocrx_word' id='word_1_675' title='bbox 1082 4828 1181 4896; x_wconf 82' lang='grc' dir='ltr'><strong>τὴν</strong></span> <span class='ocrx_word' id='word_1_676' title='bbox 1198 4830 1255 4881; x_wconf 81' lang='grc' dir='ltr'>ὲν</span> <span class='ocrx_word' id='word_1_677' title='bbox 1276 4827 1355 4898; x_wconf 84' lang='grc' dir='ltr'>τῷ</span> <span class='ocrx_word' id='word_1_678' title='bbox 1388 4829 1615 4897; x_wconf 89' lang='grc' dir='ltr'>παρόντι</span> <span class='ocrx_word' id='word_1_679' title='bbox 1639 4826 1739 4898; x_wconf 85' lang='grc' dir='ltr'><strong>βίῳ</strong></span> 
     </span>
    </p>
   </div>
   <div class='ocr_carea' id='block_1_96' title="bbox 210 4918 1740 4992">
    <p class='ocr_par' dir='ltr' id='par_1_96' title="bbox 210 4918 1740 4992">
     <span class='ocr_line' id='line_1_96' title="bbox 210 4918 1740 4992; baseline 0.001 -23"><span class='ocrx_word' id='word_1_680' title='bbox 210 4918 616 4986; x_wconf 70' lang='grc' dir='ltr'>μισθαποδοσίαν,</span> <span class='ocrx_word' id='word_1_681' title='bbox 674 4924 777 4975; x_wconf 84' lang='grc' dir='ltr'><strong>οὑκ</strong></span> <span class='ocrx_word' id='word_1_682' title='bbox 828 4922 1148 4992; x_wconf 85' lang='grc' dir='ltr'>ἀφαιρεῖται</span> <span class='ocrx_word' id='word_1_683' title='bbox 1195 4920 1322 4982; x_wconf 82' lang='grc' dir='ltr'>τοὺς</span> <span class='ocrx_word' id='word_1_684' title='bbox 1360 4919 1587 4990; x_wconf 81' lang='grc' dir='ltr'>ἀγροὺς,</span> <span class='ocrx_word' id='word_1_685' title='bbox 1616 4918 1740 4971; x_wconf 77' lang='grc' dir='ltr'>οὕτε</span> 
     </span>
    </p>
   </div>
   <div class='ocr_carea' id='block_1_97' title="bbox 208 5009 1739 5084">
    <p class='ocr_par' dir='ltr' id='par_1_97' title="bbox 208 5009 1739 5084">
     <span class='ocr_line' id='line_1_97' title="bbox 208 5009 1739 5084; baseline 0.003 -24"><span class='ocrx_word' id='word_1_686' title='bbox 208 5009 331 5075; x_wconf 73' lang='grc' dir='ltr'>ἄλλα,</span> <span class='ocrx_word' id='word_1_687' title='bbox 388 5015 485 5068; x_wconf 85' lang='grc' dir='ltr'>ὅσα</span> <span class='ocrx_word' id='word_1_688' title='bbox 532 5016 634 5084; x_wconf 86' lang='grc' dir='ltr'><strong>τῆς</strong></span> <span class='ocrx_word' id='word_1_689' title='bbox 678 5014 943 5084; x_wconf 77' lang='grc' dir='ltr'>αἰσθητῆς</span> <span class='ocrx_word' id='word_1_690' title='bbox 987 5014 1101 5066; x_wconf 87' lang='grc' dir='ltr'>ὲστι</span> <span class='ocrx_word' id='word_1_691' title='bbox 1153 5010 1407 5077; x_wconf 88' lang='grc' dir='ltr'>κτίσεως,</span> <span class='ocrx_word' id='word_1_692' title='bbox 1468 5011 1607 5065; x_wconf 86' lang='grc' dir='ltr'><strong>ἀλλά</strong></span> <span class='ocrx_word' id='word_1_693' title='bbox 1642 5011 1739 5064; x_wconf 79' lang='grc' dir='ltr'><strong>καὶ</strong></span> 
     </span>
    </p>
   </div>
   <div class='ocr_carea' id='block_1_98' title="bbox 209 5098 1743 5175">
    <p class='ocr_par' dir='ltr' id='par_1_98' title="bbox 209 5098 1743 5175">
     <span class='ocr_line' id='line_1_98' title="bbox 209 5098 1743 5175; baseline 0.001 -22"><span class='ocrx_word' id='word_1_694' title='bbox 209 5098 320 5154; x_wconf 78' lang='grc' dir='ltr'>αὐτὰ</span> <span class='ocrx_word' id='word_1_695' title='bbox 353 5104 425 5175; x_wconf 80' lang='grc' dir='ltr'>τῷ</span> <span class='ocrx_word' id='word_1_696' title='bbox 470 5104 995 5159; x_wconf 78' lang='grc' dir='ltr'>ἐκατονταπλασίονι</span> <span class='ocrx_word' id='word_1_697' title='bbox 1036 5100 1439 5172; x_wconf 86' lang='grc' dir='ltr'>περιλαμϐάνει</span> <span class='ocrx_word' id='word_1_698' title='bbox 1464 5099 1621 5171; x_wconf 88' lang='grc' dir='ltr'>δώρῳ</span> <span class='ocrx_word' id='word_1_699' title='bbox 1648 5102 1743 5154; x_wconf 78' lang='grc' dir='ltr'><strong>καὶ</strong></span> 
     </span>
    </p>
   </div>
   <div class='ocr_carea' id='block_1_99' title="bbox 210 5189 1741 5266">
    <p class='ocr_par' dir='ltr' id='par_1_99' title="bbox 210 5189 1741 5266">
     <span class='ocr_line' id='line_1_99' title="bbox 210 5189 1741 5266; baseline 0.011 -25"><span class='ocrx_word' id='word_1_700' title='bbox 210 5189 525 5265; x_wconf 83' lang='grc' dir='ltr'>ἀντιδίδωσιν,</span> <span class='ocrx_word' id='word_1_701' title='bbox 583 5192 663 5258; x_wconf 80' lang='grc' dir='ltr'><strong>οἷς</strong></span> <span class='ocrx_word' id='word_1_702' title='bbox 705 5195 1043 5266; x_wconf 83' lang='grc' dir='ltr'>κληρονομία</span> <span class='ocrx_word' id='word_1_703' title='bbox 1085 5195 1119 5264; x_wconf 82' lang='grc' dir='ltr'>ἠ</span> <span class='ocrx_word' id='word_1_704' title='bbox 1174 5191 1393 5255; x_wconf 78' lang='grc' dir='ltr'>αἰώνιος</span> <span class='ocrx_word' id='word_1_705' title='bbox 1449 5191 1583 5263; x_wconf 73' lang='grc' dir='ltr'><strong>ζωὴ,</strong></span> <span class='ocrx_word' id='word_1_706' title='bbox 1645 5192 1741 5245; x_wconf 68' lang='grc' dir='ltr'><strong>καὶ</strong></span> 
     </span>
    </p>
   </div>
   <div class='ocr_carea' id='block_1_100' title="bbox 211 5278 1740 5355">
    <p class='ocr_par' dir='ltr' id='par_1_100' title="bbox 211 5278 1740 5355">
     <span class='ocr_line' id='line_1_100' title="bbox 211 5278 1740 5355; baseline 0.003 -23"><span class='ocrx_word' id='word_1_707' title='bbox 211 5281 529 5355; x_wconf 72' lang='grc' dir='ltr'>φιλοτιμεῖται</span> <span class='ocrx_word' id='word_1_708' title='bbox 567 5288 781 5349; x_wconf 89' lang='grc' dir='ltr'>τούτοις</span> <span class='ocrx_word' id='word_1_709' title='bbox 829 5288 956 5349; x_wconf 84' lang='grc' dir='ltr'>τοὺς</span> <span class='ocrx_word' id='word_1_710' title='bbox 1006 5284 1244 5355; x_wconf 85' lang='grc' dir='ltr'>θερμοὺς</span> <span class='ocrx_word' id='word_1_711' title='bbox 1289 5283 1549 5354; x_wconf 82' lang='grc' dir='ltr'>ὲραστάς,</span> <span class='ocrx_word' id='word_1_712' title='bbox 1602 5278 1677 5337; x_wconf 82' lang='grc' dir='ltr'>ὧν</span> <span class='ocrx_word' id='word_1_713' title='bbox 1705 5285 1740 5355; x_wconf 82' lang='grc' dir='ltr'><strong>ἡ</strong></span> 
     </span>
    </p>
   </div>
   <div class='ocr_carea' id='block_1_101' title="bbox 210 5372 1741 5451">
    <p class='ocr_par' dir='ltr' id='par_1_101' title="bbox 210 5372 1741 5451">
     <span class='ocr_line' id='line_1_101' title="bbox 210 5372 1741 5451; baseline 0.006 -30"><span class='ocrx_word' id='word_1_714' title='bbox 210 5372 367 5440; x_wconf 76' lang='grc' dir='ltr'>κτίσις,</span> <span class='ocrx_word' id='word_1_715' title='bbox 397 5380 442 5431; x_wconf 81' lang='grc' dir='ltr'><strong>εί</strong></span> <span class='ocrx_word' id='word_1_716' title='bbox 502 5380 599 5451; x_wconf 76' lang='grc' dir='ltr'><strong>μὲν</strong></span> <span class='ocrx_word' id='word_1_717' title='bbox 630 5377 744 5448; x_wconf 81' lang='grc'><strong>(56)</strong></span> <span class='ocrx_word' id='word_1_718' title='bbox 776 5373 919 5447; x_wconf 79' lang='grc' dir='ltr'>ἦσαν</span> <span class='ocrx_word' id='word_1_719' title='bbox 969 5374 1172 5446; x_wconf 83' lang='grc' dir='ltr'>φαῦλα,</span> <span class='ocrx_word' id='word_1_720' title='bbox 1198 5373 1293 5426; x_wconf 78' lang='grc' dir='ltr'>καὶ</span> <span class='ocrx_word' id='word_1_721' title='bbox 1326 5374 1490 5428; x_wconf 80' lang='grc' dir='ltr'>αὐτὸν</span> <span class='ocrx_word' id='word_1_722' title='bbox 1541 5373 1609 5429; x_wconf 84' lang='grc' dir='ltr'><strong>ἂν</strong></span> <span class='ocrx_word' id='word_1_723' title='bbox 1632 5375 1741 5429; x_wconf 88' lang='grc' dir='ltr'>ἀπ-</span> 
     </span>
    </p>
   </div>
   <div class='ocr_carea' id='block_1_102' title="bbox 263 5484 1364 5558">
    <p class='ocr_par' dir='ltr' id='par_1_102' title="bbox 263 5484 1364 5558">
     <span class='ocr_line' id='line_1_102' title="bbox 263 5484 1364 5558; baseline -0.004 -17"><span class='ocrx_word' id='word_1_724' title='bbox 263 5484 299 5516; x_wconf 80' lang='lat'><strong><em>“</em></strong></span> <span class='ocrx_word' id='word_1_725' title='bbox 322 5486 500 5547; x_wconf 75' lang='lat' dir='ltr'><strong>Matth.</strong></span> <span class='ocrx_word' id='word_1_726' title='bbox 532 5507 654 5558; x_wconf 76' lang='lat' dir='ltr'><strong>xm,</strong></span> <span class='ocrx_word' id='word_1_727' title='bbox 679 5490 768 5546; x_wconf 78' lang='grc'><strong>57.</strong></span> <span class='ocrx_word' id='word_1_728' title='bbox 846 5488 892 5520; x_wconf 72' lang='grc'><strong>⁸⁸</strong></span> <span class='ocrx_word' id='word_1_729' title='bbox 912 5486 1107 5543; x_wconf 84' lang='lat' dir='ltr'><strong>Matth.</strong></span> <span class='ocrx_word' id='word_1_730' title='bbox 1136 5501 1253 5552; x_wconf 72' lang='lat' dir='ltr'><strong>nx,</strong></span> <span class='ocrx_word' id='word_1_731' title='bbox 1274 5484 1364 5541; x_wconf 71' lang='lat'><strong>29.</strong></span> 
     </span>
    </p>
   </div>
   <div class='ocr_carea' id='block_1_103' title="bbox 1842 4626 3425 4703">
    <p class='ocr_par' dir='ltr' id='par_1_103' title="bbox 1842 4626 3425 4703">
     <span class='ocr_line' id='line_1_103' title="bbox 1842 4626 3425 4703; baseline -0.008 -11"><span class='ocrx_word' id='word_1_732' title='bbox 1842 4638 2086 4692; x_wconf 89' lang='lat' dir='ltr'><strong>nationis</strong></span> <span class='ocrx_word' id='word_1_733' title='bbox 2143 4634 2414 4690; x_wconf 88' lang='lat' dir='ltr'><strong>naturalis</strong></span> <span class='ocrx_word' id='word_1_734' title='bbox 2464 4631 2885 4703; x_wconf 86' lang='lat' dir='ltr'><strong>praeclarissima</strong></span> <span class='ocrx_word' id='word_1_735' title='bbox 2926 4644 3157 4699; x_wconf 68' lang='lat' dir='ltr'><strong>quaeque</strong></span> <span class='ocrx_word' id='word_1_736' title='bbox 3204 4626 3425 4695; x_wconf 67' lang='lat' dir='ltr'><strong>praemia</strong></span> 
     </span>
    </p>
   </div>
   <div class='ocr_carea' id='block_1_104' title="bbox 1841 4723 3427 4792">
    <p class='ocr_par' dir='ltr' id='par_1_104' title="bbox 1841 4723 3427 4792">
     <span class='ocr_line' id='line_1_104' title="bbox 1841 4723 3427 4792; baseline -0.008 -7"><span class='ocrx_word' id='word_1_737' title='bbox 1841 4730 1898 4785; x_wconf 91' lang='lat' dir='ltr'><strong>in</strong></span> <span class='ocrx_word' id='word_1_738' title='bbox 1926 4731 2033 4785; x_wconf 90' lang='lat' dir='ltr'><strong>hac</strong></span> <span class='ocrx_word' id='word_1_739' title='bbox 2062 4730 2172 4784; x_wconf 83' lang='lat' dir='ltr'><strong>vita</strong></span> <span class='ocrx_word' id='word_1_740' title='bbox 2210 4728 2707 4788; x_wconf 86' lang='lat' dir='ltr'><strong>distribuens,non</strong></span> <span class='ocrx_word' id='word_1_741' title='bbox 2728 4723 2921 4779; x_wconf 90' lang='lat' dir='ltr'><strong>adimit</strong></span> <span class='ocrx_word' id='word_1_742' title='bbox 2954 4736 3133 4792; x_wconf 89' lang='lat' dir='ltr'><strong>agros,</strong></span> <span class='ocrx_word' id='word_1_743' title='bbox 3165 4735 3272 4774; x_wconf 90' lang='lat' dir='ltr'><strong>nec</strong></span> <span class='ocrx_word' id='word_1_744' title='bbox 3319 4734 3427 4774; x_wconf 71' lang='lat' dir='ltr'><strong>cae-</strong></span> 
     </span>
    </p>
   </div>
   <div class='ocr_carea' id='block_1_105' title="bbox 1845 4812 3428 4893">
    <p class='ocr_par' dir='ltr' id='par_1_105' title="bbox 1845 4812 3428 4893">
     <span class='ocr_line' id='line_1_105' title="bbox 1845 4812 3428 4893; baseline -0.008 -15"><span class='ocrx_word' id='word_1_745' title='bbox 1845 4832 1959 4879; x_wconf 86' lang='lat' dir='ltr'><strong>tera</strong></span> <span class='ocrx_word' id='word_1_746' title='bbox 1994 4838 2116 4893; x_wconf 79' lang='lat' dir='ltr'><strong>quae</strong></span> <span class='ocrx_word' id='word_1_747' title='bbox 2134 4822 2201 4877; x_wconf 91' lang='lat' dir='ltr'><strong>ad</strong></span> <span class='ocrx_word' id='word_1_748' title='bbox 2233 4819 2523 4875; x_wconf 85' lang='lat' dir='ltr'><strong>sensibiles</strong></span> <span class='ocrx_word' id='word_1_749' title='bbox 2568 4825 2851 4871; x_wconf 88' lang='lat' dir='ltr'><strong>creaturas</strong></span> <span class='ocrx_word' id='word_1_750' title='bbox 2874 4815 3173 4884; x_wconf 87' lang='lat' dir='ltr'><strong>pertinent,</strong></span> <span class='ocrx_word' id='word_1_751' title='bbox 3226 4812 3324 4866; x_wconf 83' lang='lat' dir='ltr'><strong>sed</strong></span> <span class='ocrx_word' id='word_1_752' title='bbox 3370 4820 3428 4866; x_wconf 89' lang='lat' dir='ltr'><strong>et</strong></span> 
     </span>
    </p>
   </div>
   <div class='ocr_carea' id='block_1_106' title="bbox 1842 4902 3422 4984">
    <p class='ocr_par' dir='ltr' id='par_1_106' title="bbox 1842 4902 3422 4984">
     <span class='ocr_line' id='line_1_106' title="bbox 1842 4902 3422 4984; baseline -0.008 -14"><span class='ocrx_word' id='word_1_753' title='bbox 1842 4916 1936 4971; x_wconf 88' lang='lat' dir='ltr'><strong>illa</strong></span> <span class='ocrx_word' id='word_1_754' title='bbox 1959 4914 2256 4984; x_wconf 87' lang='lat' dir='ltr'><strong>centuplici</strong></span> <span class='ocrx_word' id='word_1_755' title='bbox 2283 4913 2508 4983; x_wconf 79' lang='lat' dir='ltr'><strong>praemio</strong></span> <span class='ocrx_word' id='word_1_756' title='bbox 2530 4905 2964 4978; x_wconf 89' lang='lat' dir='ltr'><strong>comprehendit,</strong></span> <span class='ocrx_word' id='word_1_757' title='bbox 2986 4919 3050 4958; x_wconf 87' lang='lat' dir='ltr'><strong>ac</strong></span> <span class='ocrx_word' id='word_1_758' title='bbox 3079 4903 3269 4958; x_wconf 89' lang='lat' dir='ltr'><strong>tribuit</strong></span> <span class='ocrx_word' id='word_1_759' title='bbox 3296 4902 3422 4969; x_wconf 90' lang='lat' dir='ltr'><strong>illis,</strong></span> 
     </span>
    </p>
   </div>
   <div class='ocr_carea' id='block_1_107' title="bbox 1839 4993 3425 5077">
    <p class='ocr_par' dir='ltr' id='par_1_107' title="bbox 1839 4993 3425 5077">
     <span class='ocr_line' id='line_1_107' title="bbox 1839 4993 3425 5077; baseline -0.008 -16"><span class='ocrx_word' id='word_1_760' title='bbox 1839 5022 2071 5077; x_wconf 89' lang='lat' dir='ltr'><strong>quorum</strong></span> <span class='ocrx_word' id='word_1_761' title='bbox 2108 5005 2401 5060; x_wconf 81' lang='lat' dir='ltr'><strong>haereditas</strong></span> <span class='ocrx_word' id='word_1_762' title='bbox 2431 5010 2516 5057; x_wconf 89' lang='lat' dir='ltr'><strong>est</strong></span> <span class='ocrx_word' id='word_1_763' title='bbox 2543 5000 2657 5056; x_wconf 89' lang='lat' dir='ltr'><strong>vita</strong></span> <span class='ocrx_word' id='word_1_764' title='bbox 2690 5006 2895 5054; x_wconf 71' lang='lat' dir='ltr'><strong>aeterna</strong></span> <span class='ocrx_word' id='word_1_765' title='bbox 2920 4996 2987 5063; x_wconf 64' lang='grc'><strong>⁸⁸,</strong></span> <span class='ocrx_word' id='word_1_766' title='bbox 3028 4993 3306 5065; x_wconf 89' lang='lat' dir='ltr'><strong>quomodo</strong></span> <span class='ocrx_word' id='word_1_767' title='bbox 3329 4993 3425 5049; x_wconf 90' lang='lat' dir='ltr'><strong>iis-</strong></span> 
     </span>
    </p>
   </div>
   <div class='ocr_carea' id='block_1_108' title="bbox 1838 5096 3425 5157">
    <p class='ocr_par' dir='ltr' id='par_1_108' title="bbox 1838 5096 3425 5157">
     <span class='ocr_line' id='line_1_108' title="bbox 1838 5096 3425 5157; baseline -0.008 -4"><span class='ocrx_word' id='word_1_768' title='bbox 1838 5098 1963 5153; x_wconf 93' lang='lat' dir='ltr'><strong>dem</strong></span> <span class='ocrx_word' id='word_1_769' title='bbox 1995 5106 2249 5151; x_wconf 89' lang='lat' dir='ltr'><strong>strenuos</strong></span> <span class='ocrx_word' id='word_1_770' title='bbox 2279 5110 2409 5150; x_wconf 77' lang='lat' dir='ltr'><strong>SUOS</strong></span> <span class='ocrx_word' id='word_1_771' title='bbox 2455 5100 2729 5147; x_wconf 88' lang='lat' dir='ltr'><strong>amatores</strong></span> <span class='ocrx_word' id='word_1_772' title='bbox 2759 5096 2981 5154; x_wconf 89' lang='lat' dir='ltr'><strong>mactat,</strong></span> <span class='ocrx_word' id='word_1_773' title='bbox 3007 5101 3242 5157; x_wconf 90' lang='lat' dir='ltr'><strong>quorum</strong></span> <span class='ocrx_word' id='word_1_774' title='bbox 3270 5100 3425 5141; x_wconf 86' lang='lat' dir='ltr'><strong>crea-</strong></span> 
     </span>
    </p>
   </div>
   <div class='ocr_carea' id='block_1_109' title="bbox 1838 5185 3422 5256">
    <p class='ocr_par' dir='ltr' id='par_1_109' title="bbox 1838 5185 3422 5256">
     <span class='ocr_line' id='line_1_109' title="bbox 1838 5185 3422 5256; baseline -0.011 -9"><span class='ocrx_word' id='word_1_775' title='bbox 1838 5191 1935 5256; x_wconf 91' lang='lat' dir='ltr'><strong>tio,</strong></span> <span class='ocrx_word' id='word_1_776' title='bbox 1968 5191 2013 5246; x_wconf 91' lang='lat' dir='ltr'><strong>si</strong></span> <span class='ocrx_word' id='word_1_777' title='bbox 2055 5189 2196 5244; x_wconf 88' lang='lat' dir='ltr'><strong>mala</strong></span> <span class='ocrx_word' id='word_1_778' title='bbox 2226 5187 2441 5253; x_wconf 85' lang='lat' dir='ltr'><strong>fuisset,</strong></span> <span class='ocrx_word' id='word_1_779' title='bbox 2471 5185 2653 5255; x_wconf 90' lang='lat' dir='ltr'><strong>ipsum</strong></span> <span class='ocrx_word' id='word_1_780' title='bbox 2696 5196 2918 5253; x_wconf 89' lang='lat' dir='ltr'><strong>quoque</strong></span> <span class='ocrx_word' id='word_1_781' title='bbox 2944 5194 3136 5234; x_wconf 87' lang='lat' dir='ltr'><strong>eorum</strong></span> <span class='ocrx_word' id='word_1_782' title='bbox 3177 5192 3422 5232; x_wconf 91' lang='lat' dir='ltr'><strong>amorem</strong></span> 
     </span>
    </p>
   </div>
   <div class='ocr_carea' id='block_1_110' title="bbox 1837 5269 3423 5354">
    <p class='ocr_par' dir='ltr' id='par_1_110' title="bbox 1837 5269 3423 5354">
     <span class='ocr_line' id='line_1_110' title="bbox 1837 5269 3423 5354; baseline -0.01 -15"><span class='ocrx_word' id='word_1_783' title='bbox 1837 5283 1983 5354; x_wconf 85' lang='lat' dir='ltr'><strong>apud</strong></span> <span class='ocrx_word' id='word_1_784' title='bbox 2006 5298 2103 5338; x_wconf 89' lang='lat' dir='ltr'><strong>eos</strong></span> <span class='ocrx_word' id='word_1_785' title='bbox 2123 5278 2516 5337; x_wconf 76' lang='lat' dir='ltr'><strong>exstinxisset?</strong></span> <span class='ocrx_word' id='word_1_786' title='bbox 2537 5275 2823 5341; x_wconf 88' lang='lat' dir='ltr'><strong>Quomodo</strong></span> <span class='ocrx_word' id='word_1_787' title='bbox 2840 5272 3051 5344; x_wconf 84' lang='lat' dir='ltr'><strong>praemii</strong></span> <span class='ocrx_word' id='word_1_788' title='bbox 3083 5269 3423 5341; x_wconf 89' lang='lat' dir='ltr'><strong>rependendi</strong></span> 
     </span>
    </p>
   </div>
   <div class='ocr_carea' id='block_1_111' title="bbox 1840 5360 3421 5448">
    <p class='ocr_par' dir='ltr' id='par_1_111' title="bbox 1840 5360 3421 5448">
     <span class='ocr_line' id='line_1_111' title="bbox 1840 5360 3421 5448; baseline -0.011 -16"><span class='ocrx_word' id='word_1_789' title='bbox 1840 5386 2054 5448; x_wconf 88' lang='lat' dir='ltr'><strong>partem</strong></span> <span class='ocrx_word' id='word_1_790' title='bbox 2087 5391 2154 5431; x_wconf 90' lang='lat' dir='ltr'><strong>ea</strong></span> <span class='ocrx_word' id='word_1_791' title='bbox 2183 5373 2337 5440; x_wconf 77' lang='lat' dir='ltr'><strong>facit,</strong></span> <span class='ocrx_word' id='word_1_792' title='bbox 2368 5387 2489 5443; x_wconf 83' lang='lat' dir='ltr'><strong>quae</strong></span> <span class='ocrx_word' id='word_1_793' title='bbox 2524 5385 2594 5426; x_wconf 88' lang='lat' dir='ltr'><strong>ne</strong></span> <span class='ocrx_word' id='word_1_794' title='bbox 2621 5368 2846 5440; x_wconf 90' lang='lat' dir='ltr'><strong>quidem</strong></span> <span class='ocrx_word' id='word_1_795' title='bbox 2863 5366 2932 5421; x_wconf 90' lang='lat' dir='ltr'><strong>ab</strong></span> <span class='ocrx_word' id='word_1_796' title='bbox 2955 5364 3113 5420; x_wconf 90' lang='lat' dir='ltr'><strong>initio</strong></span> <span class='ocrx_word' id='word_1_797' title='bbox 3140 5360 3421 5434; x_wconf 87' lang='lat' dir='ltr'><strong>possidere</strong></span> 
     </span>
    </p>
   </div>
   <div class='ocr_carea' id='block_1_112' title="bbox 1276 5617 2320 5676">
    <p class='ocr_par' dir='ltr' id='par_1_112' title="bbox 1276 5617 2320 5676">
     <span class='ocr_line' id='line_1_112' title="bbox 1276 5617 2320 5676; baseline -0.002 0"><span class='ocrx_word' id='word_1_798' title='bbox 1276 5619 1518 5676; x_wconf 74' lang='lat' dir='ltr'><strong>VARUE</strong></span> <span class='ocrx_word' id='word_1_799' title='bbox 1548 5617 1941 5675; x_wconf 80' lang='lat' dir='ltr'><strong>LECTIONES</strong></span> <span class='ocrx_word' id='word_1_800' title='bbox 1966 5619 2055 5676; x_wconf 88' lang='lat' dir='ltr'><strong>ET</strong></span> <span class='ocrx_word' id='word_1_801' title='bbox 2084 5618 2320 5676; x_wconf 64' lang='grc' dir='ltr'><strong>ΝΟΤᾸΕ.</strong></span> 
     </span>
    </p>
   </div>
   <div class='ocr_carea' id='block_1_113' title="bbox 265 5753 1737 5829">
    <p class='ocr_par' dir='ltr' id='par_1_113' title="bbox 265 5753 1737 5829">
     <span class='ocr_line' id='line_1_113' title="bbox 265 5753 1737 5829; baseline -0.002 -16"><span class='ocrx_word' id='word_1_802' title='bbox 265 5753 358 5825; x_wconf 78' lang='grc'><strong>(55)</strong></span> <span class='ocrx_word' id='word_1_803' title='bbox 390 5760 601 5828; x_wconf 85' lang='grc' dir='ltr'>Νόμου.</span> <span class='ocrx_word' id='word_1_804' title='bbox 648 5759 1037 5829; x_wconf 88' lang='lat' dir='ltr'><strong>Superscripta</strong></span> <span class='ocrx_word' id='word_1_805' title='bbox 1077 5760 1132 5813; x_wconf 92' lang='lat' dir='ltr'><strong>in</strong></span> <span class='ocrx_word' id='word_1_806' title='bbox 1191 5757 1381 5829; x_wconf 87' lang='lat' dir='ltr'><strong>codice</strong></span> <span class='ocrx_word' id='word_1_807' title='bbox 1420 5756 1505 5829; x_wconf 90' lang='lat' dir='ltr'><strong>ab_</strong></span> <span class='ocrx_word' id='word_1_808' title='bbox 1545 5755 1737 5810; x_wconf 85' lang='lat' dir='ltr'><strong>eadem</strong></span> 
     </span>
    </p>
   </div>
   <div class='ocr_carea' id='block_1_114' title="bbox 215 5826 1708 5909">
    <p class='ocr_par' dir='ltr' id='par_1_114' title="bbox 215 5826 1708 5909">
     <span class='ocr_line' id='line_1_114' title="bbox 215 5826 1708 5909; baseline 0.002 -31"><span class='ocrx_word' id='word_1_809' title='bbox 215 5836 344 5880; x_wconf 84' lang='lat' dir='ltr'><strong>manu</strong></span> <span class='ocrx_word' id='word_1_810' title='bbox 365 5826 477 5885; x_wconf 75' lang='lat' dir='ltr'><strong>erat</strong></span> <span class='ocrx_word' id='word_1_811' title='bbox 494 5847 595 5888; x_wconf 78' lang='lat' dir='ltr'><strong>vox</strong></span> <span class='ocrx_word' id='word_1_812' title='bbox 628 5826 826 5903; x_wconf 80' lang='grc' dir='ltr'>λόγου;</span> <span class='ocrx_word' id='word_1_813' title='bbox 860 5826 962 5888; x_wconf 77' lang='lat' dir='ltr'><strong>sed</strong></span> <span class='ocrx_word' id='word_1_814' title='bbox 987 5829 1154 5886; x_wconf 88' lang='lat' dir='ltr'><strong>malui</strong></span> <span class='ocrx_word' id='word_1_815' title='bbox 1184 5828 1425 5909; x_wconf 76' lang='lat' dir='ltr'><strong>retinere</strong></span> <span class='ocrx_word' id='word_1_816' title='bbox 1460 5826 1708 5883; x_wconf 83' lang='lat' dir='ltr'><strong>alteram.</strong></span> 
     </span>
    </p>
   </div>
   <div class='ocr_carea' id='block_1_115' title="bbox 1912 5739 3419 5819">
    <p class='ocr_par' dir='ltr' id='par_1_115' title="bbox 1912 5739 3419 5819">
     <span class='ocr_line' id='line_1_115' title="bbox 1912 5739 3419 5819; baseline -0.007 -14"><span class='ocrx_word' id='word_1_817' title='bbox 1912 5750 2025 5819; x_wconf 84' lang='lat'><strong>(56)</strong></span> <span class='ocrx_word' id='word_1_818' title='bbox 2056 5752 2126 5805; x_wconf 86' lang='lat' dir='ltr'><strong>El</strong></span> <span class='ocrx_word' id='word_1_819' title='bbox 2161 5750 2295 5819; x_wconf 82' lang='grc' dir='ltr'>μέν.</span> <span class='ocrx_word' id='word_1_820' title='bbox 2336 5751 2417 5819; x_wconf 88' lang='lat' dir='ltr'><strong>_Ita</strong></span> <span class='ocrx_word' id='word_1_821' title='bbox 2450 5748 2690 5803; x_wconf 88' lang='lat' dir='ltr'><strong>scribere</strong></span> <span class='ocrx_word' id='word_1_822' title='bbox 2728 5747 2892 5819; x_wconf 78' lang='lat' dir='ltr'><strong>jussit</strong></span> <span class='ocrx_word' id='word_1_823' title='bbox 2928 5759 3121 5819; x_wconf 80' lang='lat' dir='ltr'><strong>sensus</strong></span> <span class='ocrx_word' id='word_1_824' title='bbox 3162 5751 3217 5797; x_wconf 87' lang='lat' dir='ltr'><strong>et</strong></span> <span class='ocrx_word' id='word_1_825' title='bbox 3248 5739 3419 5797; x_wconf 84' lang='lat' dir='ltr'><strong>series</strong></span> 
     </span>
    </p>
   </div>
   <div class='ocr_carea' id='block_1_116' title="bbox 1839 5814 3414 5892">
    <p class='ocr_par' dir='ltr' id='par_1_116' title="bbox 1839 5814 3414 5892">
     <span class='ocr_line' id='line_1_116' title="bbox 1839 5814 3414 5892; baseline -0.01 -13"><span class='ocrx_word' id='word_1_826' title='bbox 1839 5814 2134 5879; x_wconf 81' lang='lat' dir='ltr'><strong>verborum</strong></span> <span class='ocrx_word' id='word_1_827' title='bbox 2161 5814 2273 5892; x_wconf 64' lang='lat' dir='ltr'><strong>&#39;pro</strong></span> <span class='ocrx_word' id='word_1_828' title='bbox 2308 5816 2485 5889; x_wconf 72' lang='grc' dir='ltr'>εἶπεν,</span> <span class='ocrx_word' id='word_1_829' title='bbox 2511 5819 2659 5891; x_wconf 88' lang='lat' dir='ltr'><strong>quod</strong></span> <span class='ocrx_word' id='word_1_830' title='bbox 2688 5814 2743 5874; x_wconf 80' lang='lat' dir='ltr'><strong>in</strong></span> <span class='ocrx_word' id='word_1_831' title='bbox 2772 5817 2960 5873; x_wconf 86' lang='lat' dir='ltr'><strong>codice</strong></span> <span class='ocrx_word' id='word_1_832' title='bbox 2984 5814 3252 5886; x_wconf 89' lang='lat' dir='ltr'><strong>scriptum</strong></span> <span class='ocrx_word' id='word_1_833' title='bbox 3276 5821 3414 5868; x_wconf 86' lang='lat' dir='ltr'><strong>erat.</strong></span> 
     </span>
    </p>
   </div>
  </div>
