3886 6486
451 420 558 484 263

1557 411 1819 474 ΡΗΟΤΙΙ
1852 407 2364 471 PATRIARCIUE
2396 407 2515 473 ΟΡ.

3615 405 3722 469 ξω

452 527 880 597 licebat?Mu1to
906 529 1092 598 itaque
1135 521 1546 596 magisjustitia
1589 520 1927 591 requirebat,
1963 519 2036 574 ob

2151 516 2374 571 ισϐἐννυ
2400 514 2499 568 τὸν
2542 512 2743 585 ἔρωτα,
2795 515 2888 568 καὶ
2923 515 3300 584 μεροποιεῑται
3322 512 3424 583 τῆς
3454 513 3718 587 ἀμοιϐῆς,

454 637 578 692 quae
614 621 702 676 his
729 636 839 675 non
869 619 1134 674 darentur
1156 617 1304 680 talia,
1331 614 1542 685 praemii
1564 614 1703 676 loco,
1728 611 1851 666 aliis
1874 611 2040 666 etiam

455 714 822 768 auferrentnr.
855 711 1145 777 Quomodo
1177 709 1421 778 denique
1450 707 1633 761 locum
1690 704 1892 759 habere
1940 718 2041 772 po-

2153 609 2191 663 ἃ
2221 608 2358 679 μηδὲ
2403 607 2503 677 τὴν
2531 605 2707 677 ἀρχὴν
2730 605 2839 660 ἔδει
2875 605 3195 665 κεκτῆσθαι.
3228 604 3443 658 Μᾶλλον
3476 604 3581 674 μὲν
3608 601 3721 667 οὖν,

2139 700 2208 752 δι’
2233 699 2274 753 ἃ
2312 698 2409 752 καὶ
2431 696 2541 750 τῶν
2568 697 2746 752 ἄλλων
2771 699 2799 750 ὁ
2830 695 3042 767 μισθὸς,
3073 695 3174 765 οὐχ
3197 690 3280 758 οἷς
3307 694 3519 764 δοθείη,
3541 694 3723 757 ἄλλοις

458 812 584 866 test,
642 810 703 858 ut
749 801 1038 871 sapientia,
1065 815 1290 855 omnem
1344 798 1613 852 rationem
1648 810 1921 865 superans
1975 809 2041 849 ea

2151 789 2494 862 ἱφαιρεθείη,
2532 789 2691 861 φέρει
2729 788 2791 842 τὸ
2837 787 3071 842 δίκαιον.
3116 785 3228 841 Ποῦ
3275 786 3334 839 δὲ
3379 784 3574 857 χώραν
3612 786 3723 855 ἔχει

455 912 578 967 quze
625 910 656 949 a
686 895 829 950 malo
863 894 1108 964 profecta
1152 900 1301 956 sunt,
1339 905 1463 945 cum
1498 888 1664 944 bonis
1709 887 1827 943 suis
1881 886 2042 941 donis

2151 885 2459 937 πυντάττειν
2516 883 2620 949 τὴν
2689 880 2873 935 πάντα
2908 879 3035 934 νοῦν
3089 879 3474 951 ὑπερέχουσαν
3530 877 3723 946 σοφίαν

455 988 774 1058 conjungat,
829 987 1100 1057 siquidem
1152 984 1270 1057 agri
1315 995 1682 1057 agrorumque
1730 989 2031 1051 proventus

2151 977 2258 1039 ταῖς
2307 973 2661 1043 ἀγαθοποιοϊς
2716 973 2888 1044 αὐτῆς
2934 973 3187 1043 δωρεαῖς,
3222 971 3259 1025 ἃ.
3308 971 3410 1042 τῆς
3447 968 3719 1040 πονηρίας

455 1080 580 1135 mali
608 1086 797 1134 essent
813 1077 1104 1149 principii?

2131 1068 2301 1130 ἐστὶν,
2350 1067 2510 1138 ειπερ
2541 1062 2686 1138 ἦσαν
2743 1068 2793 1120 οἱ
2847 1067 3012 1137 ἀγροὶ
3052 1066 3146 1120 καὶ
3178 1064 3246 1119 τὰ
3274 1066 3333 1118 ὲν
3364 1067 3483 1127 τοῖς
3534 1063 3723 1132 ἀγροῖς

2131 1158 2596 1229 δημιουργήματα
2620 1158 2758 1229 (57).

1594 1278 1834 1337 VABIE
1853 1278 2238 1335 LECTIONES
2276 1278 2365 1332 ET
2384 1274 2613 1333 NOTAE.

528 1403 641 1475 (37)
670 1403 1186 1475 Anniam-rvinam.
1211 1401 1482 1458 Videntur
1493 1401 1584 1458 hic
1606 1401 1864 1475 nonnulla
1882 1400 2029 1475 desi-

2134 1400 2556 1471 compellatione
2605 1399 2824 1471 dicendi
2875 1399 3037 1453 linem
3086 1397 3362 1471 facturum
3420 1394 3723 1471 fuisse._ln

458 1465 657 1528 derari.
684 1465 820 1528 Nam
848 1465 903 1528 et
935 1465 1218 1543 'a'brnptus
1259 1489 1441 1527 sermo
1472 1481 1577 1538 est,
1629 1481 1699 1543 et"
1730 1471 2029 1543 verisimile
2135 1465 2505 1543 ipso-quoque
2536 1487 2641 1524 ms.
2666 1470 2850 1543 nulla.
2885 1484 3008 1538 qute
3051 1469 3184 1543 alias
3209 1482 3536 1534 comparere
3565 1465 3722 1532 solet,

458 1543 521 1598 ﬁt
566 1543 822 1599 Pholium
877 1539 1124 1599 nostrum
1170 1558 1312 1598 nova
1352 1543 1588 1613 quadam
1635 1542 1706 1598 ad
1737 1542 2028 1597 Arsenium
2136 1539 2461 1611 coluplionis
2483 1540 2723 1611 impositi
2748 1548 2879 1593 nota
2908 1539 3308 1617 inveniebatur.

2394 1747 3689 1781 _——-_—.=_-=__————-—____‘—======

468 1751 2668 1793 mw:

1259 1938 1831 2057 ΦΩΤΙΟΥ
1944 1939 2935 2057 ΠΑΤΡΙΑΡΧΟΥ

1985 2153 2203 2208 ΔΟΓΟΣ

602 2448 607 2451 ι
670 2320 933 2409 ΠΕΡΙ
986 2316 1205 2407 ΤΗΣ
1257 2315 1488 2407 ΤΟΥ
1528 2314 1873 2406 ΑΙῚΟΥ
1935 2315 2632 2409 ΠΝΕΥΜΑΤΟΣ
2694 2316 3511 2411 ΜΥΣΤΑΓΩΓΙΑΣ.

1223 2656 1779 2792 ΡΗΟΤΙΙ
1889 2651 2969 2790 ΡΑΤΒΙΑΒΟΗᾸΞ

1985 2895 2216 2959 LIBER

844 3087 1008 3176 DE
1081 3024 1745 3177 SPIRITUS
1812 3083 2309 3176 SANCTI
2386 3080 3335 3182 MYSTAGOGIA.

749 3277 943 3346 QUEM
992 3276 1198 3334 NOTIS
1248 3275 1485 3332 VARIIS
1552 3273 2052 3332 ILLUSTRATUM
2121 3275 2212 3329 AC
2269 3272 2741 3331 TBEOLOGICAE
2796 3272 2980 3331 CRlSl
3039 3272 3451 3330 SUBJECTUM

1910 3411 2085 3447 νιιιλιυε
2109 3409 2268 3445 εοιοιι·

1597 3510 1664 3575 J.
1715 3507 2561 3573 mammosa-Han
2579 3550 2599 3585 .

818 3640 877 3696 S.
909 3640 1103 3698 Theol.
1142 3640 1348 3698 Doctor
1373 3641 1729 3712 ejusdemque
1766 3642 1824 3696 in
1861 3639 2314 3713 Wirceburgensi
2352 3639 2438 3696 lit.
2474 3639 2850 3697 Universitate
2885 3638 3170 3696 Professor
3208 3637 3273 3693 P.
3303 3636 3370 3691 0.

1224 3755 1526 3820 Batisbonaa,
1559 3754 1910 3809 IDCCCLVII.
1941 3755 1996 3805 8‘
2025 3755 2266 3819 Sumptus
2294 3754 2416 3808 fecit
2442 3754 2503 3809 ϐ.
2534 3754 2786 3820 Iosephus
2815 3757 2970 3808 Mauz.

2056 3864 2135 3916 μ..

1105 4027 1192 4115 J.
1264 4026 2391 4123 HERGENROETHERI
2471 4028 3157 4121 PREFA’I‘IO.

545 4230 591 4286 ι.
631 4229 709 4286 De
732 4227 930 4285 Photio
974 4226 1100 4299 ipso
1126 4226 1267 4283 nihil
1306 4235 1411 4293 est,
1467 4227 1611 4299 quod
1651 4228 1710 4285 in
1757 4227 2051 4301 praesentia
2078 4232 2126 4291 B
2153 4230 2442 4289 historiam
2463 4246 2574 4287 non
2601 4231 2676 4287 ita
2705 4243 2915 4300 pnnem
2938 4227 3143 4286 Gallico
3171 4243 3427 4285 sermone
3475 4228 3545 4285 cl.
3576 4228 3724 4299 Jager

473 4321 675 4377 dicam.
717 4320 953 4377 liberius
980 4319 1127 4375 enim
1154 4318 1223 4375 de
1248 4320 1371 4389 ejus
1426 4319 1537 4375 vita
1585 4327 1643 4374 et
1690 4319 1907 4391 scriptis
1932 4336 2049 4374 am-

472 4415 633 4488 pliori
665 4429 828 4485 opere
859 4428 978 4467 sum
1011 4422 1255 4477 acturus,
1314 4412 1460 4482 quod
1505 4412 1618 4467 Deo
1660 4412 1896 4483 propitio
1937 4426 2051 4467 uno

471 4509 715 4565 alterove
771 4505 974 4561 abhinc
998 4520 1146 4559 anno
1184 4503 1359 4558 lucem
1408 4503 1650 4558 visurum
1696 4518 1817 4559 esse
1866 4519 2047 4575 spero.

470 4600 610 4656 Illud
645 4598 927 4655 monuisse
961 4595 1215 4662 sufﬁciat,
1262 4595 1411 4651 viros
1430 4594 1744 4664 catholicos,
1794 4595 1924 4651 dum
1964 4596 2051 4651 di-

471 4708 594 4747 rum
618 4691 852 4748 schisma
872 4705 970 4761 per
991 4704 1116 4744 eum
1148 4688 1205 4742 in
1219 4702 1333 4742 suae
1353 4686 1525 4757 ipsius
1553 4687 1729 4758 gentis
1752 4686 2050 4758 perniciem

475 4785 791 4846 excitatum,
817 4796 1047 4853 quaeque
1079 4778 1205 4835 illud
1258 4779 1523 4850 praeibam
1548 4794 1613 4835 ac
1649 4780 2053 4835 comitabantur

477 4874 739 4940 facinora,
763 4889 829 4928 ex
860 4873 1046 4927 animo
1066 4871 1429 4935 detestantur,
1468 4869 1641 4925 nihilo
1670 4878 1850 4925 tamen
1876 4872 2053 4926 secius

477 4966 698 5020 maximi
730 4980 945 5034 semper
992 4963 1190 5018 fecisse
1240 4953 1432 5016 miram
1478 4960 1599 5031 ejus
1661 4961 2048 5027 eruditionem,

476 5054 637 5123 cujus
658 5063 854 5123 praeter
873 5052 1292 5109 celeberrimum
1333 5049 1705 5121 Myriobiblion
1729 5051 1816 5107 vel
1841 5051 2055 5120 Amphi-

476 5144 736 5200 lochianw
789 5144 1099 5215 quwstiones
1160 5157 1327 5213 opera
1352 5141 1473 5197 Em.
1522 5141 1676 5207 Maii,
1734 5142 2054 5200 immortalis

478 5235 759 5291 memoriae
786 5234 911 5300 viri,
942 5234 1177 5289 maxima
1201 5232 1421 5288 demum
1451 5248 1518 5288 ex
1550 5242 1704 5303 parte
1734 5235 1938 5304 publici
1960 5236 2054 5305 ju-

475 5328 554 5383 ris
578 5325 734 5381 factae
759 5323 1130 5380 testimonium
1171 5322 1377 5378 faciunt
1428 5323 1802 5392 luculentum;
1847 5325 2053 5381 nemini

475 5416 675 5475 deinde
698 5432 821 5473 esse
851 5415 1099 5483 dubium,
1123 5415 1256 5486 quin
1288 5431 1355 5471 ex
1383 5422 1637 5472 accurata
1667 5418 1784 5487 ejus
1821 5417 2053 5473 historia

474 5522 593 5566 tum
626 5509 938 5580 dogmatum
956 5517 1071 5563 tum
1096 5507 1356 5564 Ecclesiae
1384 5508 1557 5579 ipsius
1584 5509 1810 5565 annales
1839 5509 2055 5581 egregie

472 5598 652 5669 iuvari
681 5608 735 5654 et
756 5597 1015 5654 illustrari
1047 5596 1277 5669 possint.
1318 5598 1482 5668 Atqui
1522 5596 1702 5654 Pbotii
1726 5597 2053 5670 patriarchae

547 5756 616 5823 (‘)
657 5754 892 5810 Histoire
914 5755 981 5809 de
1010 5752 1254 5823 Plutia,
1302 5750 1607 5823 patriarcha
1643 5753 1707 5807 de
1744 5751 2052 5809 Constanti-

481 5822 652 5895 napis,
683 5840 779 5897 par
809 5824 879 5880 Μ.
909 5823 1088 5881 l’abbe'
1112 5822 1292 5894 Jager,
1338 5822 1626 5879 Chanoine
1651 5823 1942 5881 ltonoraire
1981 5824 2050 5882 de

2152 4323 2428 4396 eleganter
2478 4338 2590 4378 non
2638 4321 2821 4377 minus
2867 4336 3035 4392 quam
3072 4321 3303 4377 solerter
3337 4320 3720 4391 pertractavit;

2151 4415 2298 4486 quod
2326 4429 2518 4470 recens
2535 4428 2676 4484 opus
2704 4412 2769 4485 (ί)
2793 4413 3032 4468 auctoris
3056 4427 3221 4483 scopo
3237 4413 3721 4477 accommodatum,

2155 4522 2258 4562 usu
2288 4505 2688 4562 Photianarum
2725 4504 3079 4575 epistolarum
3106 4504 3487 4575 sagacissimo,
3532 4503 3723 4573 insigni

2154 4598 2373 4657 illorum
2400 4608 2709 4671 temporum
2736 4597 2940 4664 studio,
2976 4596 3186 4668 judicio
3211 4598 3344 4652 satis
3365 4607 3552 4664 acuto,
3598 4613 3722 4651 nar—

2153 4692 2307 4747 randi
2338 4700 2456 4746 arte
2479 4690 2695 4762 egregia
2729 4690 2959 4760 aliisque
2986 4689 3326 4745 ornamentis
3354 4704 3478 4745 esse
3534 4686 3723 4760 praedi-

2155 4795 2268 4840 tum
2295 4781 2441 4838 haud
2468 4782 2722 4837 dilIiteor.
2748 4782 3004 4837 Attamen
3028 4789 3393 4851 prazterquam
3408 4780 3572 4849 quod,
3610 4794 3721 4833 mea

2152 4872 2375 4943 quidem
2404 4869 2696 4936 sententia,
2727 4870 2978 4941 ampliori
3009 4868 3190 4925 adhuc
3217 4870 3339 4926 usui
3357 4885 3477 4925 esse
3504 4878 3722 4940 possunt

2154 4962 2463 5034 Byzantium
2486 4962 2735 5017 Historiae
2773 4962 2974 5029 fontes,
3033 4977 3098 5016 ac
3119 4960 3423 5032 praesertim
3459 4960 3719 5020 Cedreno,

2153 5054 2363 5109 Zonara
2387 5065 2441 5109 et
2462 5053 2624 5125 Glyca
2648 5054 2805 5126 longe
2835 5054 3185 5120 vetustiores,
3226 5053 3482 5125 quodque
3506 5053 3721 5107 univer-

2154 5144 2258 5200 sim
2308 5144 2547 5199 nationis
2594 5154 2797 5199 nostra:
2825 5143 3244 5215 historiograplti
3298 5142 3621 5198 strictiorem
3663 5156 3720 5196 ac

2155 5237 2505 5301 severiorem,
2578 5232 2707 5291 licet
2787 5235 2989 5289 minori
3056 5243 3345 5291 venustate
3410 5235 3717 5307 fulgentem,

2157 5326 2433 5383 scribendi
2487 5328 2707 5383 modum
2756 5326 3188 5396 methodumque
3245 5336 3541 5389 sectantur,
3593 5324 3717 5379 mibi

2155 5435 2334 5490 neque
2360 5420 2414 5475 in
2444 5419 2717 5486 omnibus,
2771 5435 2891 5489 quae
2942 5429 3259 5487 occurrunt,
3336 5414 3719 5490 quaestionibus

2157 5512 2347 5567 eadem
2377 5527 2534 5567 mens
2563 5523 2647 5568 est
2692 5513 2945 5583 idemque
2980 5512 3268 5583 judicium,
3323 5529 3500 5583 neque
3531 5525 3716 5580 scopus

2159 5606 2542 5679 meus(utpote
2558 5606 2722 5661 latius
2760 5622 3078 5671 excurrens,
3124 5606 3180 5661 in
3217 5605 3286 5661 iis
3338 5621 3467 5661 vero
3511 5601 3714 5674 potissi-

2158 5754 2389 5827 Pariset
2409 5754 2707 5827 de‘Nancy,
2747 5755 3069 5827 professeur
3101 5756 3383 5812 d’histoire
3426 5756 3457 5811 it
3496 5755 3545 5810 la
3592 5752 3711 5808 Scr-

2156 5826 2357 5895 bonne,
2399 5824 2700 5895 2'édition,
2729 5824 2992 5892 Paris,A.
3028 5824 3224 5892 Vaton,
3276 5826 3428 5883 1854.
