3886 6424
456 360 557 424 267

1585 351 1846 415 ΡΗΟΤΙΙ
1884 351 2392 415 ΡΑΤΒῙΑΒΟΗΕ
2431 354 2523 416 GP

3600 353 3708 420 268

456 484 554 525 sua
618 471 862 522 vetustas
920 452 1345 533 emendatioque
1378 461 1749 516 commendat.
1815 462 2031 517 Titulus
2058 467 2105 524 Α
2132 461 2243 518 Leo
2274 461 2366 527 Ill,
2394 459 2723 518 Benedicttis
2742 461 2839 529 Ill,
2862 459 3105 518 Joannes
3129 455 3249 516 Vlll
3280 500 3295 524 .
3318 459 3591 519 Adrianus
3613 463 3711 520 Ill.

456 557 637 630 operis
659 564 744 612 est
775 573 790 609 :
821 554 960 625 Περὶ
999 553 1096 608 ’τοῦ⁹
1151 553 1312 621 ἁγίου
1356 554 1453 607 καὶ
1485 551 1750 617 ζωοποιοῦ
1778 552 2032 624 Πνεῦμα-

454 667 548 713 voc;
577 648 710 719 (15).
739 644 944 709 Φὼτιος
991 644 1128 715 ἐλέῳ
1156 644 1294 697 Θεοῦ
1341 644 1639 706 ἐπίσκοπος
1688 644 2035 697 Κωνσταντι-

456 741 760 803 νουπῶιεως
788 738 916 800 νέας
959 734 1179 807 Ῥώμης
1211 735 1292 808 τῷ
1336 734 1619 805 ὀσιωτάτῳ
1653 734 2035 807 εὐλαϐεστάτῳ

458 832 745 902 ὲπισκόπῳ
775 829 915 901 Βέδᾳ
947 829 1082 901 (16),
1109 829 1170 882 ἐν
1201 826 1393 900 Κυρίῳ
1432 826 1665 898 χαίρειν.
1708 826 1796 880 Ἐν
1822 827 2035 892 πολλοῖς

464 927 566 997 μέν
591 927 730 978 εἰσιν
777 925 826 977 οἱ
871 922 1115 992 ἔλεγχοι,
1137 938 1195 975 κ.
1235 937 1289 977 τ.
1327 920 1380 973 λ.
1415 919 1563 974 Illico
1592 918 1820 994 Photius
1847 918 2036 988 sophi-

460 1026 633 1073 smata
675 1024 885 1086 septem
942 1029 1105 1085 supra
1174 1012 1397 1083 triginta
1447 1026 1548 1082 pro
1592 1025 1694 1066 suo
1745 1024 1934 1065 errore
1967 1010 2036 1065 de

458 1108 633 1164 sancti
663 1108 903 1178 Spiritus
935 1121 969 1161 a
1007 1106 1124 1161 solo
1160 1103 1323 1159 Patre
1366 1101 1724 1173 processione
1756 1101 2033 1171 proponit,

456 1216 575 1269 quae
594 1198 801 1268 jamdiu
824 1196 1166 1267 sophismata
1199 1194 1258 1248 in
1293 1192 1498 1248 Graecia
1522 1191 1704 1246 Allatii
1734 1190 2035 1245 orthodoxa

458 1306 679 1347 necnon
748 1290 891 1359 apud
942 1288 1089 1342 alios
1158 1286 1445 1357 theologos
1508 1284 1744 1339 refutata
1810 1282 2033 1339 scimus.

462 1383 594 1437 Exin
619 1380 899 1436 tricesimo
945 1387 1141 1434 octavo
1172 1378 1411 1448 capitulo
1446 1375 1638 1445 objicit
1673 1375 1777 1430 sibi
1810 1373 2036 1428 Pbotius

458 1471 608 1525 Pauli
632 1470 877 1525 effatum.
908 1469 1053 1525 Misit
1084 1469 1225 1523 Deus
1251 1468 1511 1537 Spiritum
1541 1464 1672 1519 Filii
1700 1466 1816 1531 sui,
1842 1465 1908 1520 de
1928 1478 2037 1534 quo

458 1563 605 1618 dicto
636 1561 992 1617 ratiocinator
1028 1576 1198 1630 usque
1224 1560 1290 1614 ad
1314 1558 1788 1630 quadragesimum
1817 1558 2035 1612 tertium

459 1636 781 1722 capitulum.
833 1651 967 1706 Exin
1023 1644 1340 1706 Latinorum
1406 1647 1663 1714 Patrum,
1723 1647 2034 1713 Ambrosii,

2133 552 2448 624 (Nicolaum
2482 552 2528 620 Ι,
2565 552 2865 608 Adrianum
2914 550 2984 617 ll,
3033 560 3091 607 et
3133 550 3403 606 Marinum
3442 551 3489 620 Ι,
3517 561 3714 626 utpote

2132 645 2237 701 sibi
2269 644 2532 711 infensos,
2574 643 2766 699 reticet
2797 659 2966 713 pravo
3016 658 3119 699 nec
3147 658 3377 714 prorsus
3425 644 3713 702 tolerando

2132 736 2387 791 artificio.
2432 734 2649 806 Rcapsc
2687 735 2902 805 priores
2930 735 3070 791 duos
3102 735 3323 792 reticeri
3371 751 3402 790 a
3429 735 3715 795 Pbotianis

2133 826 2322 882 solitos
2370 826 2618 896 queritur
2657 825 2889 881 Allatius
2926 825 2995 881 de
3036 840 3191 882 cons.
3233 843 3289 897 p.
3347 825 3509 897 590.)
3558 827 3713 883 lllam

2133 920 2300 975 etiam
2342 918 2653 990 clypeorum
2694 915 3067 971 Romanorum
3113 915 3489 988 famigeratum
3535 916 3715 971 histo-

2134 1014 2299 1077 riam,
2342 1011 2542 1083 quibus
2592 1010 2898 1082 symbolum
2943 1009 3271 1080 inscriptum
3315 1019 3455 1074 erat,
3494 1007 3717 1080 attingit

2134 1106 2365 1162 Photius
2398 1119 2453 1175 p.
2482 1102 2609 1169 5η,
2636 1117 2803 1171 super
2830 1117 2935 1172 qua
2964 1100 3226 1172 legendus
3260 1098 3452 1157 saltem
3481 1100 3720 1156 Allatius

2134 1199 2204 1255 de
2230 1212 2386 1254 cons.
2424 1211 2481 1267 p.
2525 1194 2649 1260 580.
2690 1194 2787 1249 581
2841 1201 2897 1249 et
2943 1190 3133 1248 contra
3187 1192 3533 1264 Hotting..p.
3586 1192 3714 1248 418.

2134 1293 2266 1349 Post
2304 1290 2422 1345 haec
2459 1287 2664 1344 additis
2688 1285 2879 1358 paucis
2920 1284 3422 1357 epicherematibus
3448 1283 3619 1341 finem
3648 1283 3719 1339 li-

2136 1383 2280 1440 bello
2317 1376 2548 1452 imponit
2570 1379 2703 1451 (18).

2208 1472 2303 1532 IV.
2340 1472 2468 1528 Haec
2507 1471 2694 1527 brevis
2737 1469 3011 1541 synopsis,
3045 1469 3173 1525 licet
3213 1484 3323 1524 non
3352 1468 3721 1539 undequtaque

2136 1574 2390 1623 accurata
2442 1565 2646 1633 (neque
2684 1562 2833 1626 enim
2887 1562 3010 1618 aliis
3075 1562 3528 1634 gravioribusque
3572 1562 3722 1617 curis

2136 1664 2461 1726 occupatum
2478 1655 2658 1709 virum
2681 1652 3179 1709 eminentissimum
3204 1654 3433 1708 multum
3449 1653 3717 1724 temporis

458 1744 749 1816 Augustini
798 1752 964 1813 atque
1010 1741 1327 1812 llieronymi
1362 1740 1530 1796 verba
1583 1740 1869 1796 sententiae
1921 1755 2035 1795 suae
2063 1808 2105 1816 -
2139 1745 2303 1815 hujus
2327 1744 2509 1815 operis
2538 1741 2757 1798 lectioni
2792 1742 3049 1798 tribuisse
3068 1742 3401 1799 credendum
3422 1742 3554 1812 est),
3585 1743 3719 1798 satis

463 1834 822 1906 repugnantia
845 1833 1033 1889 Graece
1058 1834 1264 1904 profert
1295 1832 1433 1904 (l7),
1465 1847 1698 1902 quorum
1727 1831 2034 1886 auctoritati
2063 1808 2110 1866 Β
2140 1808 2320 1893 tamen
2352 1808 2491 1906 opus
2511 1845 2757 1892 nostrum
2783 1833 3049 1891 describit
3071 1834 3303 1905 ejusque
3332 1808 3718 1905 argumentum

458 1944 531 1983 ne
577 1929 923 1998 acquiescat,
977 1924 1212 1980 ridiculo
1254 1933 1309 1978 et
1363 1922 1671 1994 pernicioso
1717 1931 2040 1994 argumento

442 2021 653 2086 utitur,
701 2034 900 2088 nempe
936 2015 1082 2088 quod
1120 2017 1209 2072 alii
1253 2030 1473 2086 quoque
1528 2014 1886 2072 ecclesiastici
1935 2013 2038 2070 Pa-

462 2124 577 2169 tres
622 2127 818 2181 parum
849 2119 1101 2165 accurate
1134 2109 1202 2164 de
1222 2107 1345 2163 aliis
1374 2107 1533 2162 rebus
1555 2106 1832 2161 interdum
1867 2104 2035 2159 loruti

457 2203 693 2270 fuerint;
735 2217 876 2272 quos
931 2200 1076 2254 inter
1112 2198 1268 2270 ponit
1319 2197 1660 2254 Clementem
1693 2195 2036 2263 Romanum,

462 2293 776 2365 Dionysium
807 2293 986 2357 Alex.,
1016 2290 1375 2353 Mcthodium,
1410 2288 1749 2355 Pantaenum,
1783 2287 2037 2342 Clemen-

458 2394 569 2441 tetn
613 2384 796 2450 Alex.,
844 2382 1108 2449 Pierium,
1169 2380 1546 2451 Pamphilum,
1602 2379 2036 2452 Theognostum,

461 2477 749 2541 Irenaeum,
796 2474 1181 2545 llippolytum,
1233 2473 1491 2528 Basilium
1523 2490 1538 2528 :
1566 2472 1721 2541 quasi
1778 2487 1905 2527 vero
1936 2472 2039 2528 hac

461 2567 733 2623 sermonis
774 2565 984 2620 ratione
1019 2563 1238 2619 Patrum
1281 2580 1453 2635 prope
1491 2564 1763 2619 universa:
1798 2564 2037 2618 auctori-

465 2658 564 2713 tati
609 2658 831 2727 impune
889 2656 1144 2711 resistere
1200 2670 1312 2708 non
1371 2656 1662 2724 possimus.
1711 2651 1881 2708 Porro
1929 2668 2039 2706 non

463 2760 576 2806 tres
609 2749 728 2804 illos
748 2748 924 2803 solum
956 2746 1178 2802 Latinos
1211 2744 1420 2809 Patres,
1448 2745 1541 2800 sed
1566 2744 1867 2815 permultos
1889 2744 2041 2800 Grae-

463 2857 559 2897 cos
603 2839 920 2895 orthodoxa:
970 2838 1258 2894 sententia:
1284 2836 1486 2903 favere,
1519 2851 1643 2891 cum
1691 2837 1913 2892 aliunde
1946 2852 2041 2892 ex-

463 2934 736 3005 ploratum
766 2941 886 2997 est,
931 2942 1045 2985 tum
1094 2945 1324 3002 magnus
1377 2945 1571 2985 eorum
1613 2946 1876 2985 numerus
1913 2946 2042 2985 coa-

465 3036 716 3081 cervatur
750 3024 808 3079 in
839 3022 1101 3078 vaticanis
1132 3021 1409 3077 codicibus
1442 3021 1568 3086 606,
1598 3038 1653 3092 p.
1676 3022 1781 3077 QtO
1809 3038 1948 3092 seq.,
1987 3031 2042 3077 et

2139 1930 2485 1986 determinat.
2518 1926 2596 1982 Ex
2629 1928 2714 1982 his
2735 1937 2898 1998 atque
2926 1942 2993 1982 ex
3037 1925 3203 1982 variis
3234 1926 3415 1981 Photii
3448 1925 3721 1999 fragmen-

2139 2023 2228 2087 tis,
2256 2037 2378 2093 qua:
2405 2036 2472 2075 ex
2501 2019 2680 2074 Allatii
2708 2019 3049 2091 aliorumque
3090 2017 3510 2090 allegationibus
3556 2017 3719 2073 colle-

2137 2127 2319 2183 geram
2351 2125 2582 2181 quaeque
2610 2125 2807 2180 magna
2845 2124 2914 2164 ex
2967 2117 3122 2179 parte
3177 2107 3498 2163 Monacensi
3540 2108 3718 2163 textui

2138 2201 2363 2256 omnino
2395 2198 2787 2271 congruebant.
2815 2198 3016 2253 certior
3049 2198 3209 2268 plane
3239 2198 3416 2253 factus
3441 2213 3590 2263 sum,
3615 2196 3718 2252 hoc

2138 2293 2196 2348 in
2220 2292 2410 2347 codice
2442 2290 2628 2346 Photii
2657 2290 2838 2361 ipsum
2893 2289 3046 2344 illum
3070 2289 3319 2345 exhiberi
3348 2289 3578 2354 librum,
3626 2288 3717 2359 qui

2139 2383 2296 2440 facile
2323 2383 2489 2437 latere
2534 2382 2628 2438 diu
2668 2390 2903 2453 poterat,
2926 2397 3039 2438 non
3090 2383 3268 2438 solum
3327 2382 3456 2452 quia
3500 2396 3626 2457 qua:
3664 2381 3717 2435 in

2140 2473 2411 2545 principio
2437 2472 2584 2528 afol.
2624 2473 2731 2528 M9
2771 2472 2946 2528 tribus
2998 2458 3141 2526 fere.
3164 2471 3375 2544 paginis
3436 2472 3717 2542 leguntur,

2135 2566 2245 2635 jam
2271 2565 2410 2635 typis
2447 2563 2661 2635 vulgata
2691 2571 2849 2618 erant
2878 2562 3048 2634 (quod
3103 2570 3286 2617 tamen
3317 2561 3462 2617 haud
3506 2561 3624 2617 scio
3652 2575 3719 2618 an

2141 2659 2325 2729 plures
2373 2655 2905 2725 animadverterint),
2966 2654 3253 2725 sequentia
3309 2663 3498 2708 autem
3568 2653 3717 2708 nullo

2140 2752 2309 2807 rubro
2339 2751 2599 2821 nullaque
2646 2744 2995 2804 luculehtiori
3029 2747 3317 2817 scriptum
3368 2747 3711 2815 distinction:

2141 2852 2347 2910 notata,
2377 2859 2503 2899 cum
2540 2842 2668 2898 novi
2714 2842 2898 2911 operis
2955 2838 3146 2895 titulus
3188 2837 3597 2909 inspicientium
3635 2837 3720 2892 fu-

2141 2946 2292 3009 geret
2318 2936 2525 3001 oculos,
2566 2934 2634 2991 ad
2690 2934 2835 2989 idem
2897 2932 3174 3004 pertinere
3219 2931 3483 3001 scriptum
3530 2945 3718 2985 cense-

2143 3029 2373 3095 bantur;
2404 3042 2594 3100 verum
2628 3041 2748 3081 eam
2773 3024 2955 3095 potius
2982 3023 3054 3078 ob
3086 3036 3330 3086 causam,
3362 3020 3493 3090 quia
3526 3019 3720 3074 biblio-

468 3114 705 3212 “15th
841 3129 955 3184 ch-
981 3113 1116 3167 Elin
1155 3112 1385 3212 thlius
1418 3129 1448 3167 8
1480 3114 1721 3212 column:
1759 3115 1880 3168 θοάς
1913 3129 2037 3184 pag-
2067 3153 2109 3212 ο
2145 3121 2472 3193 graphorum
2520 3119 2691 3184 falsm,
2718 3126 2779 3172 ut
2815 3131 2916 3188 ego
2938 3124 3094 3186 puto,
3147 3112 3353 3167 notitia:
3387 3110 3443 3165 in
3476 3123 3716 3165 errorem

466 3207 573 3263 501
640 3206 830 3276 incipit
885 3219 1172 3260 recensere
1220 3203 1498 3259 Romanos
1565 3204 1890 3270 Pontiﬁces,
1946 3205 2037 3274 qui

464 3297 875 3368 processionem
911 3295 1148 3366 Spiritus
1181 3295 1357 3350 sancti
1397 3296 1516 3350 sine
1546 3296 1913 3351 additamento
1951 3295 2042 3350 Fi-

467 3391 653 3459 lioque,
693 3388 950 3442 dixerunt
1016 3386 1198 3456 (quod
1245 3395 1623 3457 argumentum
1689 3387 1917 3444 Allatius
1973 3387 2043 3443 de

467 3495 619 3534 cons.
671 3495 728 3548 p.
762 3479 865 3534 585
898 3478 980 3532 vel
1024 3478 1128 3533 hoc
1163 3493 1273 3533 uno
1305 3493 1571 3548 responso
1610 3478 1742 3533 satis
1779 3479 2039 3547 infirmat,

467 3570 615 3641 quod
649 3569 704 3623 hi
749 3586 860 3624 non
893 3568 1169 3624 dixerint:
1200 3586 1232 3623 α
1277 3568 1388 3622 solo
1433 3569 1614 3635 Patre,
1644 3569 1739 3625 scd
1772 3586 1805 3624 a
1844 3569 2041 3636 Patre,

467 3669 525 3717 et
549 3661 768 3731 quidem
818 3669 946 3715 ante
988 3667 1172 3714 natam
1202 3664 1343 3714 hanc
1377 3660 1807 3714 controversiam
1835 3661 1914 3715 sic
1941 3660 2044 3731 ipsi

469 3762 585 3808 tute
621 3750 1044 3821 loquebantur).
1095 3748 1239 3804 Sunt
1286 3756 1469 3804 autem
1518 3749 1573 3803 hi
1606 3749 1751 3819 apud
1790 3750 2044 3805 Photium
2094 3798 2095 3801 η

470 3842 757 3914 pontifices
797 3860 813 3896 :
857 3841 1156 3905 Damasus,
1211 3839 1570 3906 Ccelestinus,
1619 3840 1729 3896 Leo
1787 3840 2043 3913 Magnus,

471 3935 727 4008 Vigilius,
775 3933 1025 4006 Agatho,
1068 3932 1363 4005 Gregorius
1412 3932 1678 4005 Magnus,
1719 3932 2044 4002 Zacharias,

545 4088 768 4162 (ιελ-Νθ
802 4090 951 4146 hunc
980 4091 1231 4162 titulum,
1263 4090 1311 4147 ei
1338 4090 1715 4162 praeferamus,
1753 4105 1916 4162 quem
1943 4091 2049 4162 (ex

473 4160 595 4219 cod.
639 4160 825 4216 'Vatic.
866 4161 1043 4232 1925)
1092 4160 1374 4232 praefixum
1421 4161 1586 4217 habet
1615 4160 1786 4216 editio
1826 4160 2045 4229 nostra,

475 4232 707 4287 suadent
739 4242 853 4285 tum
877 4231 1109 4286 aliorum
1137 4232 1385 4286 codicum
1411 4233 1728 4297 auctoritas,
1758 4239 1873 4285 tum
1911 4246 2049 4286 con-

474 4302 659 4356 cilium
720 4315 771 4355 a.
818 4302 955 4356 1156
1000 4301 1469 4370 Constantinopoli
1520 4301 1849 4355 celebratum
1885 4300 2047 4370 (Mai,

473 4370 910 4451 SpieilegaRom.
936 4380 975 4424 t.
1004 4370 1075 4434 X,
1104 4386 1169 4451 p._
1188 4370 1258 4426 38
1286 4385 1401 4451 seq.
1420 4369 1438 4438 )
1459 4411 1471 4432 ,
1507 4372 1651 4451 quod
1678 4369 2049 4451 testimonium

473 4440 701 4511 profert
722 4440 935 4511 Φωτίου
969 4440 1311 4510 πατριάρχου
1350 4441 1414 4492 ὲκ
1449 4440 1545 4511 τοῦ
1576 4440 1752 4511 ,λόγου
1781 4443 1909 4510 περὶ
1949 4441 2050 4510 τῆς

471 4508 567 4564 τοῦ
605 4508 762 4579 ἁγίου
799 4508 1119 4580 Πνεύματος
1152 4508 1541 4580 equarum;
1570 4510 1626 4563 in
1654 4508 2047 4580 nostro—opere

471 4590 796 4636 contentum
843 4578 987 4649 (vide
1024 4578 1163 4649 cap.‘
1196 4578 1288 4645 27,
1348 4589 1460 4633 tum
1510 4580 1708 4634 Nicette
1763 4578 2046 4635 Choniatze

472 4650 721 4721 allegatio
750 4650 806 4721 in
824 4648 1101 4721 Laurent.
1132 4649 1267 4721 bibl.
1297 4649 1433 4721 plut.
1461 4648 1551 4715 IX,
1580 4650 1703 4706 cod.
1732 4650 1823 4704 24.
1857 4665 1912 4720 p.
1940 4650 2046 4705 382

473 4719 726 4791 (Bandin,
760 4720 891 4775 bibl.
928 4721 1095 4791 Laur.
1130 4719 1367 4791 mi“).

544 4789 654 4860 (I6)
698 4788 871 4869 Supra
897 4790 1049 4869 sic;
1079 4787 1609 4869 scribiturjrditewv.
1648 4787 1791 4869 ilum
1842 4804 1898 4859 p.
1939 4789 2047 4845 500

473 4857 591 4927 seq.
636 4857 871 4918 constat.
897 4857 1047 4915 hunc
1099 4858 1297 4913 Bcdam
1351 4857 1520 4912 fuisse
1575 4857 1943 4916 orthodoth
1990 4869 2047 4914 et

472 4927 755 5005 Photianis
792 4930 1040 5005 partibus
1066 4927 1466 5005 adversantem,
1507 4928 1619 5005 imo
1654 4938 1708 5005 et
1753 4938 2043 5005 tractatum

478 4998 551 5071 l_)_e
578 4996 811 5071 Spiritus
828 5000 1004 5071 sancti
1041 4996 1260 5071 _a‘Fitio
1303 4998 1975 5071 processioneecl-ipsisse.
2016 5018 2035 5052 ι

472 5066 559 5137 Μ.
584 5098 649 5109 -
675 5067 960 5137 Inscriptio
990 5068 1057 5137 ad
1079 5066 1279 5122 Bedam
1306 5066 1465 5123 deest
1486 5069 1541 5122 in
1569 5068 1692 5124 aliis
1718 5066 2037 5135 codicibus;

474 5154 503 5189 .1
535 5135 743 5190 Joanne
782 5135 963 5191 autem
1014 5136 1188 5192 Becco
1226 5139 1428 5193 citatur
1470 5137 1624 5193 locus
1668 5138 1814 5193 idem
1854 5139 1944 5194 ille
1977 5139 2046 5195 de

473 5204 687 5261 Joanne
710 5204 850 5273 Vill,
881 5207 948 5261 ad
975 5221 1137 5276 quem
1180 5223 1347 5277 supra
1401 5218 1726 5277 provocarat
1761 5207 1957 5274 Maius,
1986 5219 2047 5265 ut

478 5286 701 5348 exstans
750 5278 808 5329 ὲν
836 5279 949 5348 τοῖς
984 5277 1123 5348 πρὸς
1152 5277 1431 5348 Εὐσέϐιον
1478 5277 1657 5347 λόγοις
1700 5277 1843 5348 (Lib.
1871 5295 1954 5347 ιιι,
1977 5278 2044 5333 ad

479 5341 830 5418 Theodorum
874 5341 1045 5418 Sugd.
1078 5347 1247 5416 episc.
1290 5364 1339 5402 c.
1375 5348 1409 5401 4
1453 5341 1855 5404 Grienor'thod.
1886 5341 1949 5403 t.'
1973 5349 2041 5414 ll,

527 5457 539 5487 .
574 5416 695 5482 158,
726 5416 868 5479 159).
898 5416 1164 5472 Praeterea
1192 5433 1339 5483 eum,
1370 5434 1532 5487 quem
1572 5419 1812 5473 ~Photius
1858 5420 1960 5474 hoc
1992 5421 2046 5474 in

478 5433 539 5540 Γ.
574 5433 695 5482 me,
726 5433 868 5479 mu).
898 5433 1164 5472 Praeterea
1192 5433 1339 5483 eum,
1370 5434 1532 5487 quem
1572 5433 1812 5473 -ιιιιοιιαε
1858 5433 1960 5474 noc
1992 5435 2046 5474 ιιι

502 5486 621 5559 ibro
647 5487 955 5559 alloquitur,
1003 5496 1291 5559 tractatum
1324 5502 1423 5557 pro
1456 5488 1691 5557 Spiritus
1719 5489 1892 5543 sancti
1918 5505 2047 5559 pro—

475 5557 776 5628 cessione‘a
807 5556 942 5612 Filio
974 5556 1369 5625 composuisse,
1401 5556 1582 5628 negari
1617 5573 1728 5612 non
1768 5556 2046 5615 immerito

470 5636 672 5696 potest.
701 5625 852 5699 Nam,
872 5637 984 5683 tum
1012 5628 1064 5680 in
1093 5628 1200 5681 fine
1230 5637 1343 5681 tum
1374 5629 1427 5699 in
1460 5625 1578 5697 ipso
1612 5630 1838 5699 exordio
1862 5631 2045 5699 operis

473 5699 670 5750 asserit
700 5696 947 5761 Photins,
982 5699 1130 5752 hunc
1153 5713 1182 5750 a
1212 5712 1272 5751 se.
1302 5696 1562 5767 petivisse
1610 5696 2043 5755 confutationem

474 5767 742 5837 dogmatis
771 5767 1175 5842 Latinorumet
1195 5769 1363 5827 verba
1388 5767 1502 5835 illa,
1533 5783 1653 5839 quae
1676 5771 1835 5827 toties
1858 5768 1913 5826 in
1939 5770 2045 5837 dis-

2142 3212 2363 3269 obvium
2394 3211 2463 3267 de
2493 3210 2601 3265 alio
2632 3209 2857 3265 omnino
2880 3206 3061 3267 Photii
3098 3212 3333 3260 tractatu
3361 3202 3712 3258 inducebant.

2142 3304 2317 3371 Quem
2344 3303 2489 3357 enim
2520 3302 2609 3357 isti
2643 3301 2755 3373 (19)
2788 3305 3083 3355 recensent
3124 3296 3303 3351 Photii
3335 3296 3539 3351 librum
3581 3293 3718 3347 κατὰ

2142 3390 2390 3451 Λατίνων
2428 3396 2556 3465 περὶ
2580 3395 2674 3448 τοῦ
2704 3394 3022 3463 Πνεύματος
3049 3390 3207 3460 ἁγίου
3258 3389 3419 3460 cujus
3451 3386 3668 3442 initium
3697 3404 3716 3441 :

2144 3489 2241 3553 Τίς
2269 3488 2405 3552 ὅλως
2436 3487 2726 3557 ἀνάσχοιτο
2768 3484 2879 3537 τῶν
2927 3486 2986 3537 ὲν
3037 3484 3389 3552 Χριστιανοϊς
3419 3479 3717 3533 τελούντων

2145 3581 2238 3637 ἐπὶ
2273 3580 2372 3651 τῆς
2409 3578 2571 3647 ἁγίας
2608 3575 2840 3649 Τριάδος
2868 3575 2963 3630 δύο
3010 3575 3255 3643 εἰσάγειν
3304 3574 3476 3637 αἴτια,
3526 3571 3718 3642 quibus

2146 3671 2338 3726 iisdem
2370 3670 2573 3734 verbis,
2609 3669 2687 3723 uti
2719 3667 2956 3723 diximus
2986 3665 3033 3738 (§
3066 3665 3149 3737 2),
3200 3665 3394 3736 incipit
3441 3664 3622 3719 Photii
3651 3663 3714 3717 dc

2146 3760 2335 3816 eadem
2394 3758 2621 3813 materia
2674 3758 3075 3829 argumentatio
3128 3756 3184 3811 in
3243 3758 3408 3826 epist.
3468 3754 3526 3819 2,
3588 3753 3717 3808 edit.

2147 3852 2407 3917 Londin.,
2437 3867 2562 3907 eum
2622 3850 2711 3906 vix
2745 3850 3076 3921 peculiarem
3116 3848 3364 3919 ejusdem
3399 3845 3718 3918 patriarcha:

2148 3943 2336 3999 haberi
2355 3956 2513 4013 posse
2528 3949 2839 4006 tractatum,
2864 3940 2960 3995 sed
2978 3948 3188 4010 partem
3211 3928 3333 3993 esse
3350 3951 3420 3991 ex
3440 3936 3547 3991 hac
3567 3949 3720 4006 ency-

2150 4092 2430 4166 putatione
2481 4100 2793 4166 recurrunt,
2826 4101 2919 4146 tua
2954 4092 3303 4161 sophismata,
3332 4092 3717 4166 tua__impietns,

2148 4160 2410 4228 uecordia,
2430 4171 2561 4227 etc.,
2592 4162 2647 4216 in
2675 4178 2874 4230 genere
2898 4160 3225 4217 assertorem
3254 4161 3556 4231 quemlibet
3583 4160 3719 4231 illius

2150 4234 2415 4290 doctrinae
2474 4232 2794 4301 respiciunt,
2820 4248 2981 4301 quem
3029 4230 3309 4286 oratorum
3364 4247 3521 4286 more
3561 4230 3717 4287 veluti

2151 4304 2253 4359 sibi
2287 4311 2613 4373 praesentem
2656 4301 2885 4373 Photins
2940 4303 3111 4373 lingit,
3141 4316 3254 4373 no_n_
3296 4316 3427 4357 vero
3475 4302 3543 4373 ad
3598 4315 3718 4373 eum

2150 4370 2450 4445 pertinent,
2482 4372 2575 4441 qui
2605 4372 2802 4427 librum
2834 4372 2956 4445 ipse
2992 4370 3176 4445 mittit.
3212 4371 3404 4445 Neque
3451 4371 3521 4426 ad
3568 4370 3719 4425 aliter

2153 4441 2501 4499 statuendum
2542 4457 2645 4496 nos
2676 4450 2875 4512 cogunt
2905 4441 3015 4507 illa,
3046 4443 3111 4496 ad
3142 4457 3264 4512 qua:
3298 4442 3479 4512 Maius
3525 4455 3716 4512 provo-

2079 4504 2124 4560 Β
2149 4523 2237 4569 cat
2289 4512 2565 4582 (Golumn.
2596 4512 2717 4582 cod.
2744 4504 2807 4582 'p.
2833 4512 2958 4567 500.
3002 4504 3128 4566 scil.
3159 4504 3292 4581 "cap.
3341 4510 3452 4582 70),
3489 4504 3717 4582 auctoris

2147 4579 2337 4647 verba,
2368 4596 2491 4651 qua:
2520 4581 2715 4637 eodem
2747 4579 2907 4652 pacto
2946 4584 3078 4637 satis
3124 4579 3413 4637 commode
3464 4579 3713 4651 explicari

2185 4660 2396 4708 OSSlllll.

2146 4668 2477 4792 Ροῗῗξῖὶὲοιι
2509 4720 2639 4777 citat
2668 4720 2892 4776 Photius
2920 4723 3112 4776 horum
3135 4720 3356 4776 Patrum
3386 4730 3587 4785 textus,
3622 4717 3711 4774 sed

2151 4791 2331 4864 potius
2362 4791 2538 4864 variis
2560 4807 2627 4846 ex
2652 4793 2959 4864 rationibus
2982 4801 3228 4864 textuum
3253 4792 3631 4864 auctoritatem
3657 4798 3709 4843 et

2148 4860 2488 4918 authentiam
2526 4861 2831 4932 impugnat.
2889 4862 3064 4917 Unius
3087 4861 3329 4932 Gregorii
3378 4860 3446 4932 Μ.
3475 4861 3709 4932 ιθειίιιιοτ

2147 4933 2301 4987 ιιίιιιιι
2322 4928 2637 5001 explicitum
2668 4928 2848 5000 affert,
2866 4932 3115 4988 version‘e
3148 4928 3329 4987 tamen
3375 4931 3444 4985 ab
3471 4928 3707 5001 originali

2150 5010 2300 5060 textu
2322 5002 2629 5056 dilferente.

2220 5073 2334 5144 (l8)
2368 5070 2425 5145 l_n
2456 5072 2818 5145 sequentibus,
2841 5070 3013 5145 Maius
3056 5086 3119 5126 ea
3150 5071 3378 5145 profert,
3407 5085 3529 5145 quae
3576 5069 3709 5145 Pho-

2149 5138 2259 5198 tius
2283 5138 2688 5210 p'erhonorifice
2716 5141 2847 5197 dicit
2871 5140 2939 5197 de
2982 5138 3236 5208 Damaso,
3265 5138 3449 5196 Leone
3498 5142 3541 5204 l,
3579 5138 3709 5207 Vigi-

2147 5211 2563 5283 l_io,Agathonc,
2588 5211 2846 5283 Gregorio
2870 5212 2911 5278 Ι,
2953 5212 3236 5283 Zacharia.
3273 5212 3453 5283 Leone
3482 5210 3706 5283 juniore,

2148 5279 2444 5337 Benedicto
2478 5280 2564 5347 ΙΙΙ,
2590 5279 2754 5351 atque
2768 5282 2979 5337 Joanne
3038 5280 3172 5349 Vlll,
3200 5282 3428 5337 summis
3447 5279 3708 5351 pontifici-

2147 5352 2271 5434 bus,
2296 5361 2352 5406 et
2387 5352 2443 5405 in
2470 5352 2536 5408 iis
2587 5350 3473 5434 potissimumnimmoratnr,‘quae
3520 5350 3586 5429 de
3614 5350 3709 5402 hoc

2148 5431 2425 5493 postremo
2457 5420 2712 5492 pontiﬁce
2734 5424 2916 5477 habet.
2947 5424 3055 5493 Sed
3074 5423 3264 5493 harum
3284 5420 3706 5493 Observationum

2147 5489 2389 5563 potiores
2432 5489 2894 5563 accommodatius
2945 5491 3049 5561 ipsi
3085 5491 3356 5547 Pbotiano
3385 5490 3552 5545 textui
3579 5489 3706 5544 infra

2149 5562 2507 5634 apponendas
2525 5576 2657 5634 (esse
2674 5565 3011 5618 censuimus.

2219 5627 2332 5703 ita)
2388 5632 2642 5703 Lambec.
2705 5634 2962 5687 Biblioth.
3007 5631 3305 5703 Caesarat.
3354 5632 3440 5693 ιιι.
3491 5648 3545 5702 p.
3589 5627 3701 5703 soi.

2148 5703 2255 5773 505
2294 5696 2384 5757 ed.
2435 5702 2638 5773 Kcllar.
2680 5703 2983 5767 Fabricius,
3015 5702 3155 5773 Bibl.
3200 5702 3292 5762 Gr.
3340 5704 3435 5761 lib.
3458 5696 3511 5773 νς
3547 5717 3593 5758 c.
3620 5696 3703 5762 55»

2148 5771 2289 5844 §16,
2325 5787 2384 5829 ιι.
2410 5773 2478 5843 5;
2513 5781 2554 5829 t.
2587 5772 2679 5844 XI,
2717 5789 2771 5845 p.
2793 5774 2863 5833 29
2900 5773 2987 5831 οὐ.
3018 5772 3167 5832 Harl.
3414 5786 3417 5789 ‘
