3886 6424
196 410 281 476 2E9

743 402 842 490 DE
882 405 943 465 S.
985 400 1348 461 SPIRITUS
1375 396 1880 459 MYSTAGOGIA.
1908 422 1975 431 --
2008 398 2065 457 J.
2104 397 2343 461 HERG.
2373 397 2792 458 PREFATIO.

3290 393 3401 458 270

196 525 299 579 rlica
321 519 636 586 decerptam,
668 513 864 567 additis
894 512 1169 565 interdum
1213 510 1495 564 nonnullis
1518 526 1582 563 ex
1604 509 1723 563 aliis
1751 512 1801 568 Α
1829 506 1903 561 illi
1931 525 1946 573 ;
1996 506 2297 577 sphalmata
2347 508 2697 562 amanuensis
2742 508 2873 561 hinc
2917 508 3121 576 pariter
3156 517 3403 562 correcta

192 613 391 683 ejusdem
437 603 924 667 lucubrationibus,
982 601 1095 669 jam
1145 600 1355 669 pridem
1406 600 1717 669 suspicatus

192 706 396 763 fueram;
431 694 665 765 suspicio
719 708 872 756 vero,
910 691 1047 744 mihi
1105 692 1319 752 saltem,
1360 690 1413 743 in
1448 705 1717 745 summam

189 792 573 865 probabilitatem
607 785 838 848 transiit,
880 798 1004 837 cum
1054 798 1164 835 non
1210 783 1384 834 solum
1434 782 1717 851 praefatum

190 886 542 941 llonacensem,
579 876 671 930 sed
705 885 760 930 et
804 874 954 927 illum
990 873 1167 943 ipsum
1214 871 1715 935 Vindobonensem,

187 976 406 1036 codicem,
441 971 529 1024 cui
574 968 690 1023 fere
740 967 840 1022 soli
878 966 1218 1029 innitebatur
1256 963 1490 1017 Fabricii
1543 978 1721 1017 asser-

189 1072 245 1121 tio
280 1065 393 1134 (20),
420 1062 836 1131 perlustrassem
862 1057 1075 1126 aliaque
1110 1056 1307 1110 indicia
1341 1054 1721 1124 deprehende-

188 1174 294 1219 rem,
337 1170 448 1223 qua:
476 1154 620 1206 ilem
649 1152 716 1205 de
769 1150 1047 1203 nonnullis
1089 1164 1310 1218 quoque
1348 1148 1469 1202 aliis
1511 1147 1719 1202 codici-

187 1251 263 1303 laus
287 1248 382 1317 (ξι)
407 1246 692 1299 dicendum
719 1258 841 1297 esse
868 1241 1195 1297 confirmare
1218 1241 1561 1294 videbantur.
1584 1241 1721 1296 llinc

187 1358 237 1396 ex
259 1338 622 1391 l'botianorum
658 1350 886 1404 operum
924 1332 1168 1403 catalogo
1201 1332 1471 1402 ejusmodi
1505 1333 1720 1387 librum

184 1427 558 1495 expungendum
586 1440 809 1479 censeo.
1196 1484 1219 1511 .
1524 1414 1529 1419 ’

240 1519 294 1572 V.
322 1517 417 1571 Sed
442 1518 507 1571 ad
538 1533 655 1570 rem
681 1526 925 1570 nostram
966 1524 1330 1569 revertamur.
1368 1514 1719 1570 Monacensis

183 1613 340 1673 codex,
366 1609 438 1662 uti
474 1609 684 1662 dictum
711 1618 816 1673 est,
836 1623 945 1662 non
968 1616 1144 1661 totum
1169 1606 1347 1661 Photii
1372 1608 1569 1661 librum
1591 1623 1723 1677 sup-

185 1702 383 1772 peditat;
418 1700 622 1753 desinit
658 1698 755 1763 ibi,
790 1699 882 1752 ubi
914 1699 1244 1767 respondere
1276 1707 1507 1752 conatur
1533 1698 1598 1751 ad
1630 1715 1720 1751 ar-

185 1804 451 1864 gumentum
478 1806 544 1845 ex
578 1792 879 1855 Ambrosii,
901 1790 1211 1862 llieronymi
1238 1800 1400 1859 atque
1429 1791 1719 1861 Augustini

184 1884 459 1938 auctoritate
490 1882 747 1951 petitum,
790 1882 1019 1950 praecise
1056 1896 1182 1934 eum
1211 1881 1265 1933 in
1302 1881 1478 1934 locum
1505 1922 1519 1946 ,
1556 1897 1717 1950 quem

184 1990 274 2043 mp.
308 1972 365 2026 67
400 1972 733 2035 notavimus,
766 1972 858 2025 ubi
891 1986 1011 2039 cap.
1042 1972 1111 2026 54
1158 1972 1247 2026 ille
1274 1972 1555 2027 exorditur
1582 1972 1716 2042 (22).

185 2066 286 2133 Quae
311 2066 459 2135 igitur
479 2064 535 2118 in
566 2073 761 2119 nostro
787 2064 978 2119 codice
1007 2065 1257 2129 deerant,
1294 2079 1356 2118 ea
1391 2080 1456 2118 ex
1486 2063 1626 2129 aliis,
1657 2078 1722 2118 ac

186 2155 435 2224 pnesertim
460 2169 526 2208 ex
560 2152 860 2214 Vaticanis,
896 2152 1196 2221 supplenda
1227 2152 1503 2222 simulque
1538 2162 1719 2206 textus

184 2246 477 2301 collationem
520 2245 916 2299 instituendam
954 2258 1135 2313 operae
1161 2243 1397 2312 pretium
1422 2245 1576 2300 duxi.
1613 2227 1722 2299 Sed

186 2352 279 2388 eum
310 2333 519 2389 Romam
549 2334 707 2389 adire
728 2349 839 2387 non
858 2348 1097 2402 possmn,
1123 2333 1355 2386 aliorum
1381 2332 1460 2387 uti
1486 2333 1722 2403 cogebar

186 2440 316 2496 opera
359 2436 408 2480 et
466 2426 766 2479 industria.
821 2424 981 2478 Viros
1054 2432 1239 2477 tamen
1295 2425 1721 2479 humanissimos

186 2530 338 2573 nactus
367 2535 503 2585 sum,
545 2519 645 2588 qui
675 2517 748 2572 ibi
783 2532 1006 2571 manum
1053 2516 1206 2586 operi
1255 2516 1621 2571 admoverunt
1667 2524 1723 2569 et

188 2622 428 2681 utrumque
475 2611 681 2681 partim
708 2610 897 2664 labore
941 2608 1163 2678 proprio
1205 2608 1410 2677 partim
1453 2622 1553 2676 per
1583 2607 1719 2661 seri-

189 2718 355 2772 plorem
374 2704 445 2757 rei
464 2705 599 2757 satis
622 2718 851 2774 gnarum
870 2701 1106 2755 libenter
1122 2700 1513 2769 praestiterunt.
1542 2700 1719 2768 Atque

186 2797 410 2851 adhibitus
438 2796 492 2848 in
526 2796 725 2865 primis
763 2793 868 2848 fuit
901 2794 1072 2848 codex
1107 2792 1404 2847 Vaticanus
1434 2792 1590 2856 1925,
1624 2790 1719 2859 qui

185 2902 309 2944 antea
336 2890 520 2943 Lollini
566 2889 769 2954 fuerat,
802 2889 1000 2945 Allatio
1028 2891 1168 2945 bene
1206 2897 1391 2953 notus,
1424 2888 1564 2942 idem
1604 2887 1713 2951 ille,

185 3002 231 3037 er
250 3000 340 3053 quo
367 2983 735 3053 Amphilochia
768 2982 942 3045 edidit
985 2982 1156 3036 Maius
1186 3020 1201 3043 ,
1246 2980 1610 3051 Bombycinus
1654 2996 1719 3036 ac

185 3076 325 3129 seculi
354 3075 519 3129 ferme
552 3090 680 3139 xui,
730 3075 1006 3143 eleganter
1032 3073 1258 3127 omnino
1297 3073 1533 3141 scriptus
1564 3073 1673 3143 (23)
1699 3090 1714 3139 ;

184 3168 337 3221 deinde
384 3166 669 3220 Palatinus
707 3166 775 3220 ab
822 3165 1015 3220 iisdem
1068 3164 1242 3219 doctis
1285 3164 1418 3217 viris
1466 3164 1789 3248 laudatusC

184 3257 219 3326 (ἑ
236 3260 296 3323 5),
324 3259 404 3326 qui
434 3258 524 3311 illo
558 3257 741 3311 adhuc
765 3257 926 3325 paulo
946 3256 1224 3325 antiquior
1244 3270 1364 3309 esse
1387 3254 1583 3309 fertur.
1615 3255 1720 3311 lta-

183 3350 526 3417 qucpriorem.
569 3363 802 3416 eamque
847 3347 1110 3415 majorem
1145 3347 1323 3415 operis
1355 3356 1566 3415 partem
1609 3357 1722 3402 tres

182 3441 354 3494 codices
379 3441 835 3509 suppeditarunt;
871 3438 1164 3492 Vaticanus
1185 3454 1307 3491 cum
1329 3437 1539 3492 Monac.
1568 3448 1714 3492 textu

182 3546 308 3593 ante,
346 3540 399 3584 ut
448 3547 581 3585 vere
628 3530 819 3585 testari
858 3544 1080 3599 possunt
1114 3568 1129 3593 ,
1184 3544 1346 3597 quam
1402 3529 1719 3584 fidelissime

180 3624 408 3691 exscripto
450 3625 691 3678 collatus
721 3622 825 3677 fuit
870 3638 934 3676 ac
979 3621 1259 3676 Palatinus
1304 3622 1359 3675 in
1409 3622 1715 3677 subsidium

180 3723 389 3779 vocatus;
441 3715 647 3768 deinde
697 3714 969 3783 posterior
1016 3728 1142 3782 pars
1196 3727 1260 3766 ex
1300 3710 1475 3767 Vatic.
1522 3714 1716 3781 eodem

182 3804 311 3859 £205
338 3806 388 3860 b.
414 3838 483 3846 —
512 3807 624 3860 208
653 3808 708 3861 b.
743 3812 1062 3876 deprompta
1085 3815 1185 3869 est,
1211 3821 1335 3859 cum
1368 3821 1477 3875 quo
1497 3822 1716 3860 rursum

180 3897 519 3953 conferebatur
554 3892 858 3953 Palatinus.
900 3899 1095 3952 Mirum
1145 3899 1200 3951 in
1242 3898 1465 3952 modum
1499 3898 1607 3953 duo
1634 3898 1714 3952 ilii

181 3982 366 4041 Romani
392 3989 615 4043 codices
647 3990 790 4042 inter
832 4004 892 4043 se
923 3990 1297 4054 conveniunt;
1345 3990 1712 4058 Monacensis,

181 4088 369 4148 utroque
392 4082 601 4150 junior,
643 4081 827 4150 plures
855 4080 990 4133 alias
1011 4081 1255 4135 ostendit
1282 4081 1576 4148 lectiones,
1610 4096 1712 4136 ne-

180 4185 260 4236 que
301 4180 473 4226 tamen
524 4173 597 4243 (si
645 4173 840 4226 menda
899 4172 1188 4242 scriptoris
1234 4173 1443 4244 demas)
1487 4175 1712 4230 omnino

180 4263 510 4330 spernendus;
554 4262 720 4331 hujus
753 4262 976 4317 lacunas
1020 4269 1075 4316 et
1120 4263 1302 4317 hiatus
1351 4265 1712 4334 expleverunt

230 4373 323 4443 (Ξο)
349 4374 552 4449 llevera
590 4375 708 4449 cod.
739 4374 1044 4449 Vindobon.
1081 4376 1177 4431 Gr.
1208 4377 1510 4449 tlieol.ﬂl(i8
1540 4378 1708 4449 (juxta

179 4443 979 4517 nilimuﬁesselq”Lambeccio
1032 4455 1115 4499 est
1156 4447 1277 4517 eod.
1324 4447 1454 4517 64),
1506 4443 1572 4501 ιιῖ
1615 4449 1707 4502 25.

179 4513 208 4561 f.
255 4512 345 4595 552
367 4543 387 4553 -
414 4516 520 4569 554
563 4515 637 4567 nil
684 4516 830 4595 aliud
872 4517 1143 4595 continet,
1177 4516 1279 4595 nisi
1314 4512 1447 4595 haec
1474 4520 1588 4587 ipsa
1612 4535 1705 4595 cp.
1736 4537 1789 4595 ι)

179 4585 419 4651 encyclicze
449 4593 795 4657 argumenta,
826 4594 884 4638 ut
926 4601 1025 4654 ego
1058 4586 1390 4657 Vindobonm
1418 4585 1533 4657 ipse
1573 4585 1707 4651 vidi,

179 4655 723 4727 etaecurateiproinde
770 4657 1069 4727 respondet
1111 4656 1339 4727 iis,qu:e
1385 4655 1451 4710 ιιι
1488 4658 1711 4727 praefato

180 4717 348 4775 llonac.
374 4724 413 4776 f.
466 4717 573 4779 4'49
603 4743 652 4777 a.
699 4754 724 4765 -
757 4717 1208 4778 LSU'occurrunt.
1238 4717 1463 4780 initium
1490 4717 1709 4781 'utrobi-

179 4804 300 4855 que:
343 4795 432 4865 Ti;
465 4796 719 4865 6).m;,rut
773 4810 972 4863 supra;
1016 4795 1137 4847 linis
1186 4814 1200 4849 :
1252 4797 1364 4865 Τὴν
1396 4799 1580 4865 κοινὴν
1617 4815 1714 4850 τα-

182 4864 474 4931 ςξιευομένων
518 4864 852 4916 συνέλευσιν.
895 4865 1162 4917 Caeterum
1212 4864 1416 4919 textum
1473 4864 1593 4919 libri
1634 4867 1712 4921 De

179 4926 365 5003 Spiritus
394 4936 451 4987 5.
488 4937 838 5003 mystagogia,
873 4934 926 4986 in
967 4936 1033 4987 iis
1062 4933 1321 4989 Caesarea:
1376 4936 1712 4991 bibliothecae

179 5002 413 5056 codicibus
431 5005 524 5073 qui
554 5007 704 5073 juxta
724 5004 996 5073 catalogus
1020 5005 1123 5058 bne
1151 5006 1422 5072 pertinere
1445 5009 1713 5060 videban-

180 5077 265 5147 tur,
291 5087 387 5125 non
416 5076 619 5147 mperi;
642 5076 883 5142 quinque
911 5076 1250 5147 solummodo
1269 5086 1547 5147 segmenta
1570 5077 1712 5130 inter

178 5142 295 5192 varia
312 5155 559 5213 excerpta
588 5144 642 5197 in
664 5146 876 5198 duobus
900 5160 1030 5198 mss.
1048 5143 1161 5208 (Gr.
1189 5142 1357 5201 theol:
1379 5145 1483 5199 249
1510 5156 1564 5200 et
1586 5147 1711 5213 524)

181 5221 336 5264 nactus
390 5230 550 5277 sum,
599 5230 752 5283 aeque
826 5215 1164 5277 brevissima,
1230 5230 1350 5283 qua:
1412 5215 1525 5269 suis
1581 5216 1713 5271 locis

180 5284 327 5401 (ἕξιν.
356 5283 406 5347 5,
440 5286 493 5349 6,
530 5284 619 5348 61,
653 5287 740 5350 68,
772 5283 859 5354 95)
895 5283 950 5336 iu
987 5285 1087 5338 hac
1114 5284 1354 5340 editione
1394 5297 1524 5340 sunt
1553 5288 1739 5369 adlii-A

234 5424 328 5496 (gl)
360 5425 438 5478 Cf.
492 5442 545 5478 v.
597 5442 647 5496 g.
711 5424 1012 5479 Morellinm
1073 5425 1213 5480 Bibl.
1262 5441 1393 5481 mss.
1439 5426 1632 5481 Venet.
1669 5425 1712 5493 ῐ,

181 5504 224 5558 p.
246 5492 310 5565 _9_5
334 5496 395 5565 de
423 5497 544 5551 eod.
570 5492 841 5550 Marciano
872 5497 993 5560 l67,
1019 5505 1071 5549 et
1102 5496 1292 5565 infra§
1325 5499 1378 5559 6,
1412 5505 1526 5551 not.
1561 5498 1615 5550 5.

237 5563 332 5626 (2:!)
360 5564 554 5621 Divisio
577 5568 817 5635 capitum
845 5566 1055 5619 Monac.
1079 5563 1286 5620 codicis
1308 5567 1375 5620 ab
1403 5568 1487 5620 illa
1508 5566 1713 5630 differt,

183 5643 278 5697 quae
302 5634 348 5686 in
383 5636 524 5698 aliis,
552 5647 601 5691 et
638 5634 962 5690 nominatim
994 5636 1047 5687 in
1093 5636 1213 5689 cod.
1245 5636 1460 5690 Colum.
1505 5651 1535 5690 a
1577 5636 1715 5690 Maio

184 5702 406 5775 adhibito.
446 5710 747 5775 reperitur;
785 5708 914 5760 dum
965 5706 1057 5760 ille
1100 5721 1269 5775 usque
1296 5708 1362 5761 ad
1391 5723 1515 5761 eum
1548 5748 1562 5771 ,
1608 5721 1717 5775 quo

184 5773 583 5899 ἓξίἰηίῑὶηιοςὺω
622 5777 839 5832 nonnisi
863 5777 931 5832 55
960 5778 1136 5847 capita
1165 5773 1440 5845 numerat,
1468 5778 1569 5834 iste
1601 5773 1714 5849 jam

217 5859 224 5871 ε
273 5857 295 5896 c
348 5866 431 5899 -o.

217 5857 321 5897 ὶωῡι
348 5857 431 5900 4οο

1822 605 1970 661 sunt,
2004 597 2059 650 in
2088 596 2291 665 quibus
2319 596 2565 666 quaedam
2600 608 2755 651 erant
2785 590 3007 651 sensum
3038 597 3261 650 omnino
3280 614 3408 667 per-

1825 690 2139 757 turbantia;
2198 698 2281 743 ter
2333 690 2552 745 circiter
2613 690 2854 761 integras
2910 691 3083 744 lineas
3143 691 3405 744 omiserat

1822 781 2058 850 scriptor
2086 781 2177 835 ille
2207 781 2390 835 saeculi
2416 798 2505 847 xv,
2536 791 2598 835 ut
2618 782 2868 847 videtur,
2918 781 3171 835 exeuntis
3202 782 3283 835 vel
3313 798 3404 834 xvi

1823 871 2081 925 ineuntis.
2116 873 2268 926 Adeo
2298 887 2428 927 vero
2454 888 2513 927 se
2550 874 2969 928 commendabat
2990 873 3165 928 Vatie.
3199 883 3403 937 textus,

1822 973 1884 1018 ttt
1910 964 2131 1018 nonnisi
2174 965 2523 1034 paucissimis
2558 965 2612 1019 in
2651 966 2786 1019 locis
2821 967 2890 1021 ab
2922 982 2988 1021 co
3033 968 3403 1022 recedendum

1822 1070 1945 1109 esse
1970 1055 2068 1109 rati
2106 1056 2297 1110 simus.
2337 1056 2476 1110 Huic
2515 1058 2697 1127 itaque
2749 1058 2914 1112 textui
2949 1059 3247 1129 generatim
3281 1061 3409 1114 ado-

1822 1155 1978 1216 ptato
2007 1147 2290 1202 variantes
2325 1149 2588 1205 lectiones
2616 1159 2730 1204 tum
2772 1151 2825 1203 in
2869 1149 3082 1204 Monac.
3118 1159 3173 1204 et
3208 1152 3402 1217 Palat.,

1823 1246 1936 1291 tum
1972 1238 2193 1293 aliunde
2226 1251 2456 1309 repertae
2501 1242 2763 1310 appositae
2807 1241 2998 1308 fuere;
3034 1242 3407 1312 interpunctio

1822 1347 1922 1402 pro
1952 1334 2370 1401 opportunitate
2409 1336 2705 1388 constituta
2733 1373 2747 1397 ,
2782 1334 3055 1388 scribendi
3086 1350 3205 1388 mos
3249 1337 3409 1405 hodie

1825 1422 2059 1477 usitatus
2091 1424 2415 1493 regulariter
2437 1408 2689 1479 servatus
2725 1432 2830 1487 est,
2864 1423 2918 1477 in
2947 1424 3137 1493 paucis
3166 1433 3410 1479 tantum--

1824 1515 1986 1569 modo
2030 1516 2118 1569 vel
2161 1515 2384 1585 majoris
2431 1515 2837 1585 perspicuitatis
2872 1516 2959 1569 vel
3006 1517 3412 1570 commoditatis

1824 1606 2129 1675 gratia‘vel
2174 1607 2243 1659 ob
2281 1606 2416 1660 alias
2467 1608 2600 1661 satis
2662 1606 2852 1673 obvias
2911 1607 3151 1661 rationes
3212 1608 3412 1661 dereli-

1827 1706 1950 1751 ctus
1971 1697 2108 1767 (24).
2139 1699 2471 1753 Divisionem
2501 1699 2740 1769 capitum
2764 1714 2963 1753 novam
2991 1699 3406 1763 adornavimus,

1826 1791 2058 1845 retentis
2115 1791 2258 1846 inter
2314 1806 2487 1846 uncos
2540 1791 2817 1859 capitibus
2867 1790 3071 1845 codicis
3117 1792 3406 1852 Vaticani,

1825 1880 2001 1950 iisque
2040 1878 2243 1935 Gratcis
2275 1882 2525 1934 numeris
2560 1881 2861 1950 designatis
2911 1881 3042 1951 (25).
3092 1881 3152 1935 In
3198 1883 3409 1952 prolixa

1824 1972 1913 2025 illa
1945 1973 2014 2027 de
2036 1971 2212 2027 Galat.
2246 1989 2320 2032 tv,
2352 1972 2406 2038 6,
2432 1973 2574 2026 sicut
2605 1973 2660 2026 in
2695 1973 2949 2042 sequenti
2980 1974 3047 2028 de
3071 1974 3279 2028 Latinis
3305 1973 3409 2028 Pa-

1826 2063 2001 2118 tribus
2024 2064 2420 2132 disputatione,
2457 2062 2751 2118 Vaticanus
2777 2065 2937 2118 novis
2967 2080 3182 2118 rursum
3216 2065 3412 2119 litteris

1826 2153 2198 2223 paragraphos
2227 2154 2577 2221 distinxerat,
2607 2170 2728 2224 qua:
2756 2154 2966 2225 pariter
3002 2154 3057 2208 in
3083 2154 3185 2209 hac
3212 2156 3411 2210 editio-

1824 2261 1893 2301 ne
1928 2247 2153 2300 servata:
2180 2246 2356 2301 fuere.
3232 2239 3239 2247 ’

1897 2335 1986 2391 VI.
2016 2337 2154 2391 lllud
2191 2352 2321 2391 vero
2351 2336 2587 2393 maxime
2623 2338 2899 2405 ingratum
2945 2347 3085 2404 erat,
3118 2341 3263 2409 quod
3302 2341 3408 2395 Co-

1824 2426 2170 2481 lumnensem
2198 2427 2445 2482 codicem
2500 2429 2568 2482 ab
2599 2427 2665 2483 Α.
2700 2429 2839 2483 Maio
2866 2430 3169 2485 adhibitum
3210 2433 3407 2487 saltem

1823 2519 2055 2572 aliorum
2090 2534 2255 2588 opera
2304 2520 2595 2573 consulere
2646 2521 2832 2574 datum
2878 2537 2991 2576 non
3035 2535 3169 2577 erat.
3231 2523 3408 2594 Hujus

1824 2609 1971 2663 enim
1997 2624 2289 2664 numerum
2319 2610 2615 2665 cardinalis
2642 2612 2787 2666 haud
2823 2612 3132 2678 indicarat,
3176 2631 3408 2684 quzeqne

1822 2701 1956 2754 mihi
1985 2701 2069 2755 bis
2101 2717 2165 2756 ac
2188 2705 2350 2757 tertio
2379 2703 2613 2758 sollicite
2648 2719 2747 2773 per
2774 2704 2986 2760 litteras
3014 2707 3315 2775 requirenti
3340 2724 3408 2762 ex

1823 2793 1983 2848 codd.
2010 2793 2263 2850 Column.
2284 2795 2462 2849 indice
2480 2796 2878 2857 referebantur,
2897 2811 3049 2865 Spem
3076 2797 3409 2866 penitusau-

1822 2884 2072 2938 ferebant
2091 2885 2205 2939 fore
2225 2894 2285 2939 ut
2306 2886 2397 2940 ille
2418 2901 2541 2941 mox
2560 2887 2739 2941 adhuc
2760 2887 3063 2959 detegatur.
3094 2886 3203 2942 Hac
3227 2888 3408 2958 itaque

1822 2992 1919 3046 spe
1966 2978 2215 3047 deposita
2260 2979 2486 3032 editioni
2517 2980 2655 3034 liber
2679 2981 2968 3036 mandatus
3014 2991 3116 3044 est,
3152 2999 3253 3036 nec
3278 2984 3405 3037 diu--

1822 3068 1930 3122 tius
1942 3067 2310 3121 cunctandum
2331 3068 2657 3133 existimavi,
2676 3069 2977 3139 praesertim
2999 3086 3121 3126 cum
3153 3072 3271 3127 aliae
3318 3090 3406 3128 me

1823 3176 1967 3215 cura:
1993 3161 2060 3214 ab
2097 3162 2199 3214 boc
2231 3160 2369 3215 libro
2392 3171 2699 3225 avocarent,
2729 3162 2895 3232 digno
2931 3173 3112 3219 tamen
3141 3167 3364 3221 omnino
3385 3209 3404 3234 ,

1820 3251 1912 3320 qui
1943 3250 2174 3304 eruditis
2196 3250 2480 3304 oll'eratur.
2504 3250 2612 3305 Sed
2643 3268 2765 3307 cum
2797 3254 2908 3323 jam
2946 3256 3047 3309 sub
3075 3258 3229 3325 prelo
3254 3268 3405 3314 esset

1822 3343 2002 3397 Photii
2033 3350 2248 3402 textus,
2284 3342 2393 3396 imo
2419 3359 2551 3397 vero
2582 3345 2818 3398 maxima
2853 3361 2917 3400 ex
2949 3356 3103 3417 parte
3141 3364 3398 3418 excusus,

1826 3434 2043 3487 tandem
2083 3434 2284 3499 allatus,
2312 3443 2395 3489 est
2423 3435 2673 3496 nuntius.
2704 3436 2947 3491 codicem
2979 3454 3008 3491 a
3045 3438 3183 3493 Maio
3210 3441 3401 3495 landan
3464 3475 3467 3480 ι
3494 3430 3497 3431 ν

1826 3532 1939 3577 tum
1969 3538 2091 3578 esse
2112 3523 2395 3579 inventum
2425 3525 2479 3578 in
2502 3526 2622 3580 cod.
2661 3525 2778 3581 Col.
2817 3528 2886 3581 58
2930 3530 3021 3598 (al.
3052 3530 3165 3600 54),
3195 3534 3398 3591 memb.

1823 3616 1969 3681 ἰπὶ-4,
1995 3618 2276 3686 eleganter
2298 3618 2636 3687 conscripto,
2677 3619 2767 3689 qui
2804 3621 3029 3690 paginas
3065 3622 3240 3693 ipsius
3274 3624 3400 3679 Maii

1821 3722 1984 3760 manu
2013 3706 2283 3777 signatas,
2330 3708 2632 3762 secundum
2661 3725 2799 3777 quas
2848 3710 3025 3766 Photii
3073 3714 3237 3768 verba
3282 3716 3399 3784 ipse

1821 3798 2109 3863 citaverat,
2137 3799 2190 3851 in
2222 3799 2325 3853 hoc
2346 3807 2585 3853 tractatu
2618 3801 2904 3868 ostendat;
2946 3812 3001 3856 et
3034 3804 3181 3859 hunc
3214 3806 3286 3859 ibi
3314 3807 3399 3859 in-

1820 3894 2032 3958 tegrum
2057 3900 2271 3944 exstare
2291 3904 2323 3943 a
2349 3906 2468 3961 pag.
2484 3891 2584 3944 271
2618 3907 2791 3961 usque
2811 3893 2877 3947 ad
2901 3910 3023 3963 pag.
3054 3895 3178 3958 517,
3204 3912 3397 3964 quem-

1818 3980 2109 4035 admodum
2152 3980 2300 4034 etin
2370 3980 2547 4037 Vatic.
2600 3994 2655 4037 et
2709 3983 2882 4040 Palat.
2939 3984 3098 4041 Hune
3150 3987 3397 4043 codicem

1817 4074 1910 4143 qui
1947 4073 2309 4142 inspexerunt
2335 4073 2496 4142 periti
2523 4074 2725 4129 saeculo
2771 4076 2984 4131 decimo
3039 4079 3203 4133 tertio
3255 4079 3398 4134 assi-

1817 4166 2090 4238 gnandum
2121 4165 2456 4219 arbitrantur
2485 4165 2622 4236 (26).
2658 4168 2733 4221 Ea
2764 4184 2873 4234 res,
2901 4186 3020 4239 qua:
3052 4181 3251 4241 praeter
3279 4189 3398 4230 om-

1817 4274 1944 4315 nem
1987 4257 2454 4327 exspectationem
2504 4268 2808 4327 evenerat,
2857 4278 3096 4318 mcerore
3142 4265 3307 4319 simul
3342 4275 3403 4321 ct

1888 4373 2002 4443 (25)
2035 4370 2169 4446 Vide
2202 4370 2401 4431 Maium
2430 4372 2465 4425 l.
2489 4370 2725 4446 cal’rmf.
2762 4373 3093 4446 dePhotio§
3122 4377 3172 4440 l,
3201 4394 3251 4446 p.
3280 4395 3391 4432 xrv.

1892 4440 2003 4514 (2.4)
2041 4442 2212 4514 Νρᾼν,
2242 4458 2293 4510 g.
2324 4457 2493 4514 aegre
2534 4440 2671 4514 ferat
2712 4445 2961 4514 eruditus
3011 4440 3215 4512 lcetor,
3262 4451 3392 4503 dum

1818 4511 1940 4585 cap.
1970 4514 2054 4576 l9,
2091 4512 2178 4585 56,
2204 4513 2289 4573 76,
2322 4511 2375 4564 in
2403 4511 2707 4585 pspnvdrs;
2732 4513 2873 4566 videt
2901 4515 3007 4569 iota
3026 4518 3388 4585 subscriptum

1815 4581 1959 4657 quod
1992 4583 2295 4657 severiores
2319 4581 2653 4657 grannnatiei
2681 4598 2965 4657 removere
2997 4587 3189 4640 solent.
3234 4581 3389 4652 Quod

1814 4651 2023 4725 spectat
2047 4652 2113 4706 ad
2147 4666 2335 4705 vocem
2370 4651 2485 4725 illo;
2515 4652 2635 4725 (pro
2675 4654 2833 4723 υἰος),
2866 4670 2929 4707 ea
2956 4671 3054 4709 vos
3082 4651 3392 4725 sexcenties

1813 4721 1928 4780 fere
1954 4725 2367 4796 bicoccurrens
2386 4721 2702 4796 abbreviate
2733 4721 2988 4796 primitus
3012 4724 3171 4778 nobis
3189 4728 3390 4796 scripta

1814 4797 2011 4858 fuerat,
2048 4794 2259 4859 isthue
2287 4792 2477 4844 calami
2502 4791 2700 4844 ductus
2730 4791 2939 4846 facilior
2961 4810 3025 4847 ex
3054 4811 3185 4848 mss.
3220 4806 3275 4850 et
3298 4791 3391 4853 ve-

1815 4867 2104 4920 tustiornm
2137 4860 2663 4934 librorum__l_ectione
2686 4862 2966 4917 familiaris
2987 4866 3391 4934 quodammodo

1814 4937 2040 4990 eﬂ‘ectns
2067 4942 2152 4986 est
2178 4940 2233 4986 et
2261 4931 2490 4985 consilio
2515 4938 2762 4984 retentus
2784 4972 2798 4994 ,
2827 4948 2897 4986 ne
2945 4931 3021 4987 in_
3043 4938 3389 4992 emendando

1814 5003 2110 5073 exemplari
2174 5001 2511 5073 perturbatio
2571 5012 2881 5073 augeretur.
2916 5004 3083 5058 Licet.
3128 5022 3258 5061 vero
3290 5012 3391 5065 iste

1816 5071 2087 5131 scribendi
2110 5073 2306 5127 modus
2322 5071 2390 5124 ab
2405 5072 2835 5126 aceuratioribus
2852 5075 3185 5130 editionibns
3206 5093 3367 5133 aman

1815 5147 1976 5200 datus
2019 5143 2202 5207 fuerit,
2251 5152 2433 5195 tamen
2477 5142 2738 5211 exemplis
2783 5159 2894 5196 non
2929 5155 3076 5200 caret
3127 5146 3182 5201 in
3237 5150 3387 5203 libris

1816 5214 2214 5287 sareuloetiarn
2236 5212 2730 5287 itostros)'_u_lgatis.
2763 5211 2923 5280 (Vide
2970 5214 3141 5287 Scotti
3169 5217 3387 5287 Amp/ii-

1817 5285 2134 5357 loc/{.Pltot.
2167 5280 2395 5349 Neapoli
2430 5280 2652 5351 18l4’p.
2690 5283 2807 5357 5_et
2835 5285 3087 5357 passim.)

1888 5355 2001 5426 (25)
2024 5353 2118 5408 llis
2148 5360 2469 5426 argumenta
2499 5353 2812 5426 praesertim
2833 5372 2899 5409 ex
2930 5353 3138 5411 ratione
3172 5358 3384 5413 theolo-

1817 5423 1934 5498 gica
1958 5427 2244 5498 des_um_pt_a
2266 5430 2391 5498 apte
2416 5423 2735 5498 plerumque
2764 5424 3194 5498 distinguuntur.

1891 5496 2002 5567 (26)
2034 5491 2328 5567 Excipiunt
2352 5491 2545 5567 i_r_t_hoc
2587 5494 2776 5548 codice
2811 5491 2988 5550 Photii
3022 5498 3217 5551 librum
3263 5499 3383 5567 epi—

1818 5560 1968 5621 stola:
1985 5560 2239 5631 ejusdem
2268 5562 2333 5634 ad
2362 5560 2646 5634 Nicolaum
2671 5579 2865 5634 papam
2887 5607 2901 5631 ,
2933 5567 2999 5620 ad
3038 5560 3383 5623 meonomum

1819 5636 2174 5707 Antiochenae
2210 5632 2899 5707 Ecclesiae_,_ad‘Bulgari-.e
2937 5637 3235 5707 principem
3258 5679 3273 5703 ,
3313 5640 3379 5693 ad

1818 5706 2048 5759 Bardam
2101 5708 2263 5767 (lies,
2294 5704 2360 5759 ad
2400 5702 2855 5769 Micltaelem'lll,
2898 5702 2952 5759 et
2991 5708 3067 5759 ad
3113 5702 3381 5763 "Basilium

1818 5775 2167 5829 Macedonem
2199 5777 2328 5844 imp.
2357 5777 2434 5844 (p.
2462 5774 2891 5847 517-}10),_quaa
2912 5793 3101 5831 omnes
3130 5778 3241 5847 jam
3273 5780 3384 5833 vul-

1819 5791 2167 5829 MaCCﬂOIIClll
2199 5791 2328 5844 llllp.
2357 5791 2434 5844 (p.
2462 5791 2519 5829 01
2544 5791 2747 5842 ι-4ιυ),
2772 5791 2891 5898 (ἔαξε
2912 5793 3101 5831 01111105
3130 5793 3241 5847 ]ί1111
3273 5791 3383 5833 γυι-

1819 5855 1953 5917 gata:
1985 5854 2114 5901 sunt
2143 5855 2339 5915 partim
2373 5847 2441 5899 ab
2469 5844 2731 5903 Antliimo
2763 5844 2783 5900 Ι
2812 5847 3073 5917 liemnie.,
3112 5848 3314 5920 partim
3349 5867 3383 5905 ει
