3886 6466
452 393 554 460 2H

1595 393 1862 456 PHOTII
1900 389 2411 453 PATRIARCIIE
2449 391 2559 452 CP.

3611 402 3708 467 272

448 507 648 580 gaudio
679 520 766 562 me
796 506 1016 576 aﬂ'ecit;
1047 520 1288 565 mmrore
1321 505 1567 577 quidem,
1595 506 1743 579 quod
1775 514 1882 560 tam
1913 518 2040 560 sero
2069 506 2113 564 A
2144 501 2303 556 nobis
2346 501 2699 558 transmissas
2747 501 2862 574 (28)
2915 503 3369 574 complectentem
3394 523 3410 573 ;
3461 511 3709 569 asterisco

429 603 620 658 ccodex
672 603 775 658 iste
835 613 1092 672 repertus
1171 612 1257 658 est
1292 643 1308 668 ,
1379 601 1575 674 gaudio
1639 615 1817 664 vero,
1893 599 2038 669 quod

451 694 674 748 tandem
760 703 1035 763 repertus.
1095 693 1293 754 illico.
1347 692 1600 763 quamvis
1679 706 1843 762 quem
1909 701 2040 745 tunc

449 801 622 839 unum
652 800 842 855 rogare
866 785 1019 856 potui
1045 786 1223 840 virum
1251 785 1536 851 eximium,
1579 791 1696 838 tum
1725 781 2037 838 communis

447 877 642 948 patriae
685 885 798 932 tum
862 877 1117 932 amicitia:
1163 892 1314 948 purae.
1357 876 1596 931 vinculis
1648 874 1788 930 mihi
1842 873 2036 927 intime

444 971 733 1042 junctum,
773 971 886 1041 jam
922 970 1258 1040 importunis
1310 971 1448 1024 meis
1500 966 2037 1037 interpellationibus

445 1067 582 1120 satis
609 1063 966 1135 defatigatum
1007 1063 1254 1118 ulteriori
1298 1062 1548 1118 molestia
1582 1059 1801 1115 allicere
1841 1057 2036 1113 formi-

443 1156 654 1220 darem,
687 1156 934 1224 potiores
967 1164 1148 1209 tamen
1174 1153 1340 1224 hujus
1373 1151 1499 1208 libri
1529 1151 1808 1206 variantes
1837 1148 2037 1204 lectio-

443 1264 548 1304 nes
586 1247 1148 1320 colligendascensui,
1175 1246 1375 1316 quibus
1394 1243 1661 1299 nonnulla
1686 1239 2036 1298 emendariet

443 1339 704 1394 illustrari
729 1353 891 1408 posse
923 1352 1039 1392 non
1070 1337 1346 1392 immerito
1368 1334 1642 1405 judicavi;
1676 1333 1912 1402 ideoque
1938 1331 2036 1386 de-

443 1431 647 1486 siderio
687 1431 940 1492 timorem
970 1438 1287 1500 superante,
1312 1437 1374 1483 ut
1400 1437 1457 1484 et
1487 1428 1595 1483 hoc
1621 1425 1759 1480 mihi
1789 1431 2032 1494 praestet,

441 1523 591 1579 nulla
621 1523 909 1592 interjecta
939 1537 1094 1576 mora
1123 1521 1191 1576 ab
1219 1521 1398 1575 amico
1437 1518 1711 1590 ﬂagitavi.
1766 1515 1880 1571 Nec
1916 1515 2036 1569 fru-

442 1623 596 1671 stra:
630 1630 756 1668 mox
781 1613 975 1668 annuit
1008 1613 1098 1668 ille
1141 1628 1242 1683 pro
1271 1611 1474 1684 insigni
1511 1626 1610 1666 sua
1643 1611 1700 1665 in
1741 1623 1829 1664 me
1851 1610 2036 1663 bene-

441 1707 684 1762 volentia
709 1723 734 1768 τ
757 1707 832 1761 ita
869 1721 981 1760 non
1024 1705 1146 1760 sine
1183 1704 1364 1760 fructu
1401 1713 1659 1775 quartum
1697 1703 1848 1758 hunc
1877 1699 2033 1756 codi-

440 1814 588 1860 cem.
619 1806 888 1869 quantum
933 1805 1153 1868 tempus
1201 1811 1267 1851 ac
1305 1812 1394 1851 res
1438 1796 1574 1866 ipsae
1621 1791 2028 1865 permittebant,

2141 602 2323 648 autem
2359 608 2454 649 eas
2478 595 2742 649 lectiones
2767 595 3084 651 notavimus
3106 635 3123 662 ,
3155 613 3278 666 qua:
3321 599 3376 652 in
3404 607 3603 656 textum
3631 619 3710 658 rc-

2141 685 2406 756 cipiendze
2456 685 2804 741 videbantur.
2855 686 3048 754 Quoad
3090 703 3178 743 res
3221 697 3385 760 atque
3427 697 3709 752 sententias

2140 784 2331 830 notatu
2357 775 2521 846 digna
2552 791 2662 830 non
2683 785 3005 843 occurrunt,
3043 777 3088 833 si
3121 779 3338 834 titulum
3360 782 3709 854 excipiasjam

2139 885 2305 940 supra
2354 867 2403 940 (§
2421 871 2475 937 '5)
2523 870 2858 941 descriptum
2893 881 2950 928 et
2991 873 3331 930 mentionem
3373 877 3578 944 morbi,
3611 895 3712 948 quo

2140 977 2199 1017 se
2224 962 2506 1017 detentum
2550 962 2682 1019 dicit
2710 973 2904 1019 auctor
2941 967 3085 1035 (cap.
3122 967 3214 1032 96,
3257 977 3374 1022 not.
3417 967 3514 1040 5);
3560 986 3712 1024 exor-

2139 1055 2288 1109 dium
2322 1054 2480 1124 plane
2527 1054 2670 1109 idcm
2704 1066 2788 1110 est
2834 1067 2894 1111 ut
2939 1058 2995 1111 in
3035 1058 3158 1113 aliis
3203 1059 3524 1123 codicibus,
3577 1062 3710 1118 idem

2138 1161 2354 1216 quoque
2379 1145 2502 1200 finis
2526 1163 2540 1211 ;
2575 1161 2754 1216 neque
2782 1148 3015 1217 reperiri
3044 1149 3322 1219 quidpiam
3360 1153 3556 1221 potuit,
3576 1155 3712 1224 quod

2139 1250 2227 1289 res
2257 1233 2414 1290 Beda:
2446 1235 2715 1306 episcopi,
2743 1237 2830 1291 cui
2857 1237 2962 1292 hoc
2989 1237 3042 1292 in
3060 1239 3248 1294 codice
3272 1240 3406 1296 liber
3427 1241 3714 1313 inscriptus

2137 1333 2242 1392 est,
2274 1326 2469 1381 melius
2497 1341 2562 1382 ac
2592 1327 2892 1397 perfectius
2927 1330 3303 1386 adumbraret.
3349 1331 3477 1388 Haec
3511 1336 3712 1404 pmiora

2137 1426 2285 1482 sunt,
2317 1433 2439 1486 qua:
2472 1417 2541 1472 de
2569 1418 2694 1480 .Col.
2736 1418 2926 1475 codice
2958 1420 3053 1475 diu
3103 1422 3370 1492 requisito
3402 1434 3457 1479 et
3500 1425 3710 1480 tandem

2136 1509 2207 1563 ab
2238 1510 2418 1564 amico
2449 1525 2604 1579 aeque
2634 1503 2798 1565 dbcto
2835 1527 2900 1566 ac
2939 1513 3192 1568 modesto
3233 1514 3466 1571 feliciter
3505 1517 3711 1573 detecto

2135 1599 2622 1655 animadvertenda
2655 1601 2850 1656 habeo.
2874 1602 3062 1673 Neque
3095 1605 3184 1660 hic
3206 1607 3359 1660 stetit
3385 1609 3586 1678 egregii
3616 1610 3712 1665 viri

2135 1689 2310 1756 labor,
2339 1691 2434 1746 sed
2458 1707 2554 1746 sua
2588 1702 2784 1762 sponte
2839 1694 2954 1750 alia.
2973 1696 3135 1765 hujus
3167 1698 3351 1766 operis
3386 1717 3521 1754 mss.
3578 1702 3714 1756 inve-

2135 1779 2254 1836 nire
2276 1791 2551 1854 satagens,
2575 1793 2631 1838 et
2657 1783 2920 1840 Ottobon.
2948 1787 3070 1842 cod.
3105 1803 3162 1841 n.
3195 1787 3264 1842 27
3284 1799 3476 1845 nactus
3501 1801 3606 1852 est.
3625 1794 3712 1862 qui

440 1893 707 1948 adhibere
738 1892 919 1946 adhuc
959 1891 1136 1946 licuit.
1185 1890 1355 1946 Porro
1387 1889 1777 1944 Columnensis
1819 1887 1989 1942 codex
2011 1925 2028 1951 ,
2062 1852 2104 1907 Β
2134 1881 2315 1927 ῑδηιθῐι
2347 1873 2478 1928 "um
2521 1875 2757 1944 amplius
2796 1877 2917 1931 “Sili
2951 1887 3104 1943 erat;
3140 1893 3267 1933 nam
3298 1881 3553 1937 eumdem
3597 1899 3712 1939 om-

441 1997 503 2042 ut
522 1987 632 2056 jam
659 1985 828 2039 Maius
851 1984 1195 2047 observarat,
1212 1982 1494 2053 exemplar
1513 1979 1832 2051 suppeditat
1851 1993 2032 2034 emen-

440 2074 828 2138 datissimum;
860 2073 1112 2143 pluribus
1142 2071 1197 2126 in
1229 2071 1367 2126 locis
1403 2086 1528 2126 cum
1575 2068 1892 2126 Monacensi
1927 2081 2030 2122 no-

440 2174 556 2220 stro
582 2165 811 2219 omnino
860 2161 1198 2226 concerdat,
1243 2160 1445 2229 saepius
1471 2201 1486 2226 ,
1538 2159 1632 2214 ubi
1664 2158 1842 2212 varias
1886 2156 2031 2211 inter

438 2257 710 2312 lectiones
735 2253 1050 2325 eligendum
1083 2252 1244 2308 nobis
1281 2262 1435 2317 erat,
1479 2250 1772 2324 lectionem
1801 2264 1832 2304 a
1865 2246 2030 2302 nubis

438 2349 751 2419 adoptatam
773 2346 1080 2412 confirmat,
1113 2345 1167 2398 in
1189 2343 1312 2399 aliis
1338 2358 1469 2398 vero
1497 2341 1659 2408 locis,
1681 2341 1860 2411 iisque
1888 2355 2030 2411 pau-

439 2441 717 2505 cioribus,
767 2439 928 2493 nobis
987 2436 1316 2509 refragatur.
1373 2435 1566 2490 Plures
1613 2449 1746 2489 sane
1779 2432 2029 2503 ejusdem

441 2533 706 2589 lectiones
734 2531 1019 2601 amplexus
1047 2545 1230 2585 essem
1261 2569 1276 2593 ,
1330 2528 1379 2584 si
1433 2527 1570 2583 mihi
1621 2536 1784 2582 antea
1825 2534 2032 2596 praasto

439 2623 696 2679 fuissent.
737 2621 945 2677 Verum
995 2621 1127 2675 dum
1168 2620 1235 2675 iis
1265 2619 1543 2682 carebam,
1580 2617 1752 2672 nimia
1795 2617 2030 2672 fortasse

439 2714 718 2769 anxietate
749 2711 973 2776 ductus,
1004 2711 1262 2783 religioni
1305 2711 1440 2766 mihi
1468 2709 1742 2766 ducebam
1765 2748 1782 2774 ,
1836 2719 2031 2764 contra

441 2821 574 2862 mss.
600 2805 1012 2870 auctoritatem,
1049 2804 1232 2876 prouti
1268 2813 1402 2860 tunc
1434 2804 1712 2874 explorata
1743 2811 1879 2869 erat,
1907 2802 2030 2856 sine

441 2912 611 2952 causa
689 2894 1012 2965 gravissima
1085 2895 1378 2949 immutare
1427 2903 1670 2960 textum;
1722 2908 1828 2949 nec
1863 2906 2030 2947 causa

441 2986 575 3040 satis
598 2984 778 3057 gravis
817 2984 957 3039 mihi
993 2984 1287 3039 videbatur
1317 2983 1486 3039 dictio
1532 2983 1718 3038 minus
1750 2981 2029 3038 interdum

441 3079 713 3134 concinna
745 3086 911 3146 atque
949 3077 1115 3131 etiam
1149 3077 1626 3147 grammaticarum
1664 3074 2028 3146 quarumdam

439 3168 619 3239 legum
648 3167 937 3241 neglectio,
963 3184 1084 3239 qua:
1115 3167 1273 3222 facile
1295 3168 1348 3221 in
1375 3166 1704 3238 posterioris
1718 3165 2029 3222 Grmcitatis

437 3269 740 3324 auctorem,
768 3274 1006 3329 eumque
1031 3259 1158 3314 licet
1201 3258 1656 3324 eruditissimum,
1684 3269 1866 3315 tamen
1904 3273 2024 3314 ser-

437 3351 617 3406 monis
645 3350 934 3422 clegantize
971 3364 1036 3404 ac
1067 3349 1292 3420 puritati
1325 3349 1471 3404 haud
1500 3365 1836 3422 magnOpere
1874 3348 2028 3404 dedi-

436 3452 574 3506 tum,
608 3442 718 3496 imo
740 3442 796 3496 in
827 3442 1123 3497 scribendo
1159 3444 1312 3513 justo
1340 3441 1803 3514 negligentiorem
1831 3450 1920 3507 et,
1966 3450 2028 3497 ut

435 3533 554 3602 ipse
608 3532 812 3588 indicat
853 3532 1098 3602 (Pratfat.
1160 3533 1214 3587 in
1279 3533 1610 3604 Amphiloch.
1681 3532 1885 3599 ρεισκε.
1932 3532 2022 3588 ed.

435 3623 608 3679 Scotti
639 3639 766 3696 pag.
791 3625 844 3694 5)
872 3667 887 3691 ,
930 3624 1074 3692 λέξει
1104 3625 1508 3696 ἐξειργασμένῃ
1558 3624 1928 3690 καλλωπίζειν
1955 3622 2027 3678 τὰ

433 3715 792 3785 συντάγματα
847 3716 1070 3786 penitus
1103 3725 1457 3787 respuentem
1483 3757 1498 3782 ,
1539 3717 1740 3772 cadere
1796 3719 2027 3773 omnino

430 3813 751 3875 potuerunt.
778 3802 936 3860 Nunc
961 3811 1146 3860 autem
1181 3806 1468 3860 nonnullis
1511 3804 1749 3871 Monac.,
1795 3806 1942 3861 sicut
1966 3815 2026 3861 et

431 3897 632 3966 Palat.,
653 3887 984 3954 lectionibus
1010 3913 1216 3954 novum
1251 3899 1420 3954 robur
1439 3915 1510 3954 ex
1541 3900 1755 3955 Colum.
1787 3900 2020 3964 accedit,

431 3987 687 4044 duriores
716 3989 969 4058 quaedam
1014 3990 1248 4060 phrases
1290 4005 1565 4062 vocesque
1613 3991 1972 4047 emolliuntur
2003 4029 2021 4057 ,

433 4080 712 4136 interdum
742 4090 800 4135 et
820 4081 1023 4137 clarius
1053 4080 1233 4137 Photii
1275 4099 1430 4139 mens
1457 4084 1712 4155 patescit.
1751 4083 1860 4140 Sed
1905 4085 2023 4140 haec

431 4171 651 4227 nonnisi
677 4186 852 4242 pauca
889 4172 1018 4227 libri
1051 4173 1166 4228 loca
1201 4172 1464 4230 afficiunt.
1499 4174 1619 4231 Jam
1664 4189 1831 4242 vero,
1872 4175 2022 4245 quod

434 4279 603 4317 unum
631 4263 814 4319 adhuc
846 4274 1110 4334 praestare
1137 4266 1442 4335 potuimus,
1503 4267 1797 4336 praestituri
1858 4268 2024 4322 abso-

430 4354 560 4407 lutae
582 4368 646 4408 ac
667 4353 924 4423 perfecte
954 4355 1067 4425 jam
1111 4357 1294 4425 operis
1318 4355 1547 4410 editioni
1576 4356 1907 4411 variantium
1939 4356 2019 4410 le-

430 4447 680 4501 ctionum
711 4445 1019 4518 catalogum
1064 4449 1436 4518 praemisimus
1484 4449 1598 4520 (‘27)
1621 4490 1637 4513 ,
1674 4458 1874 4518 praeter
1899 4464 2017 4514 cas,

2133 1967 2267 2020 nino
2298 1975 2482 2036 typum
2519 1983 2629 2036 pra:
2655 1984 2712 2023 se
2739 1967 2845 2024 fert
2873 1984 2938 2024 ac
2965 1969 3308 2026 Monacensis
3328 1983 3519 2031 noster
3547 1985 3600 2031 et
3627 1994 3716 2033 ve-

2131 2055 2230 2110 luti
2268 2071 2565 2124 germanus
2597 2061 2850 2130 ejusdem
2892 2061 3066 2118 frater
3115 2063 3402 2122 habendus
3449 2077 3536 2122 est
3581 2069 3709 2139 (29).

2131 2149 2402 2204 Craterum
2426 2151 2696 2223 insignem
2723 2169 2842 2207 eam
2876 2153 3281 2222 liberalitatem,
3304 2173 3411 2228 qua
3446 2157 3714 2216 Vaticame

2131 2240 2483 2298 bibliotheca:
2533 2243 2776 2300 thesauri
2817 2246 3191 2302 Romanorum
3243 2250 3566 2319 pontificum
3615 2254 3712 2308 im-

2131 2348 2301 2404 pensa
2334 2350 2465 2390 cura
2488 2336 2705 2392 collecti
2732 2346 2786 2393 et
2817 2335 3146 2409 locupletati
3209 2341 3441 2398 eruditis
3467 2343 3582 2414 jam
3611 2347 3709 2400 du-

2131 2427 2262 2482 dum
2283 2428 2484 2498 aperiri
2509 2430 2782 2495 solebant,
2815 2445 2918 2502 ego
2949 2432 3084 2487 satis
3106 2431 3435 2504 abundeque
3457 2450 3580 2490 sum
3615 2452 3711 2491 cx-

2131 2526 2350 2587 pcrtus,
2397 2534 2631 2589 eamque
2663 2528 2816 2592 grata
2866 2530 3052 2577 mente
3096 2522 3316 2590 recolo;
3351 2525 3540 2582 multis
3597 2544 3712 2583 eam

2131 2608 2451 2677 praeconiis.
2480 2611 2867 2687 celebrandam
2897 2623 3170 2684 putarem,
3201 2615 3308 2671 nisi
3336 2616 3460 2673 orbi
3483 2634 3551 2674 ea
3573 2629 3716 2675 esset

2130 2699 2415 2755 notissima
2438 2712 2494 2756 et
2518 2703 2676 2758 laude
2701 2705 2892 2774 quavis
2923 2707 3082 2778 longe
3102 2709 3372 2778 superior.

2203 2789 2479 2874 νημαι
2527 2794 2667 2850 ratio
2712 2797 2872 2853 nobis
2912 2798 3191 2854 reddenda
3220 2809 3306 2855 est
3350 2800 3418 2856 de
3467 2800 3560 2866 iis,
3595 2819 3713 2872 qua:

2134 2881 2190 2936 in
2215 2884 2360 2940 notis
2382 2884 2565 2942 Photii
2600 2887 2741 2944 libro
2783 2887 2968 2944 addita
3011 2889 3182 2946 fuere.
3214 2889 3273 2946 In
3313 2892 3507 2962 primis
3529 2894 3720 2949 sedulo

2133 2977 2448 3032 notavimus
2481 2980 2661 3034 varias
2695 2981 2944 3050 ejusdem
2981 2992 3167 3052 partes
3221 2986 3386 3041 modo
3436 2987 3715 3044 breviores

2132 3061 2299 3117 modo
2328 3063 2628 3134 longiores,
2679 3081 2801 3136 quae
2844 3069 2990 3138 apud
3022 3070 3158 3125 alios
3197 3071 3576 3144 allegabantur
3621 3093 3716 3131 au-

2132 3161 2346 3222 ctores;
2385 3155 2585 3212 deinde
2624 3167 2681 3214 et
2719 3159 2875 3229 plura
2907 3160 3312 3233 subjunximus,
3362 3180 3487 3235 qua:
3536 3166 3714 3224 letii

2130 3245 2315 3301 verbis
2337 3255 2392 3303 et
2418 3251 2710 3306 sententiis
2726 3251 3068 3310 illustrandis
3087 3255 3202 3311 visa
3224 3268 3355 3313 sunt
3369 3270 3716 3330 opportuna;

2128 3336 2430 3404 prmsertim
2462 3353 2616 3404 vero,
2649 3355 2771 3410 quin
2798 3341 2934 3397 alibi
2965 3343 3084 3414 ipse
3112 3344 3165 3399 in
3194 3347 3444 3402 eamdem
3486 3359 3713 3404 sentcn-

2132 3427 2258 3482 tiam
2312 3429 2614 3500 disputavit
2650 3448 2882 3504 quaeque
2925 3451 2991 3490 ex
3035 3436 3141 3493 hoc
3195 3438 3336 3494 libro
3379 3443 3714 3512 posteriores

2127 3517 2444 3576 Graecorum
2481 3523 2962 3581 schismaticorum
2997 3528 3236 3601 theologi
3265 3531 3710 3603 desumpserunt.

2128 3608 2345 3666 Etenim
2372 3617 2628 3684 quamvis
2663 3615 2780 3672 hazc
2810 3616 2992 3675 Pbotii
3023 3620 3340 3679 dissertatio
3372 3625 3449 3678 nil
3473 3626 3591 3681 fere
3619 3643 3716 3681 no-

2127 3721 2402 3789 vumnec
2420 3707 2549 3776 alibi
2602 3710 2812 3767 dictum
2856 3714 3164 3778 Contineat,
3215 3731 3378 3772 suum
3429 3726 3613 3775 tamen
3647 3721 3715 3774 de

2127 3801 2482 3870 processione
2551 3803 2790 3875 Spiritus
2859 3807 3035 3863 sancti
3089 3809 3352 3880 placitum
3388 3813 3544 3867 nullo
3607 3813 3717 3867 alio

2126 3908 2293 3963 opere
2349 3908 2413 3948 ea
2477 3893 2760 3952 dialectica
2817 3897 3177 3968 dexteritate,
3233 3915 3298 3956 ea
3348 3904 3712 3973 expositionis

2128 3985 2378 4041 ubertate
2432 3988 2790 4044 corroborare
2836 4005 2901 4046 ac
2932 3992 3148 4048 munire
3176 3993 3330 4049 visus
3355 4004 3456 4057 est.
3493 3995 3714 4066 qualem

2125 4090 2262 4144 opus
2311 4085 2560 4133 nostrum
2608 4079 2882 4146 ostendit,
2945 4083 3096 4151 quod
3155 4083 3282 4138 ideo
3338 4085 3480 4140 inter
3528 4087 3715 4141 omnia

2125 4169 2375 4238 ejusdem
2410 4171 2626 4240 generis
2666 4171 2934 4228 Photiana
2973 4176 3234 4245 opuscula
3270 4177 3578 4248 principem
3609 4179 3713 4233 sibi

2125 4261 2366 4318 vindicat
2405 4263 2609 4319 locum.
2647 4265 3018 4330 Quamobrem
3048 4267 3239 4322 lectori
3289 4284 3400 4324 non
3433 4270 3718 4342 ingratum

2124 4363 2280 4425 puto,
2309 4356 2454 4426 quod
2489 4357 2540 4411 in
2570 4359 2716 4414 notis
2750 4359 2820 4414 ob
2842 4359 3032 4415 oculos
3062 4375 3272 4430 ponere
3304 4370 3537 4418 conatus
3565 4380 3710 4427 sum,

2123 4462 2245 4516 quae
2278 4447 2334 4501 in
2364 4447 2486 4504 aliis
2517 4449 2833 4519 hujusmodi
2866 4450 3046 4505 Pltotii
3084 4451 3240 4506 libris
3266 4467 3512 4508 consona
3554 4469 3716 4528 repe-

426 4555 548 4608 qua:
571 4540 688 4609 jam
716 4555 781 4593 ex
815 4539 956 4594 Maio
983 4539 1275 4610 descripta
1309 4539 1567 4605 fuerant,
1630 4540 1860 4610 illasque
1892 4553 2014 4610 qua:
2040 4550 2094 4608 ])
2123 4538 2367 4602 riantur,
2401 4555 2511 4608 quo
2542 4551 2703 4610 pacto
2767 4540 2897 4595 alibi
2948 4550 3206 4596 versutus
3258 4542 3348 4597 ille
3397 4543 3712 4597 scliismatis

426 4633 490 4688 ad
514 4633 637 4687 libri
663 4633 825 4688 finem
870 4633 1190 4688 referuntur
1219 4647 1489 4702 quasque,
1527 4641 1590 4686 ut
1629 4632 1814 4688 statim
1855 4647 2015 4687 accc.-

427 4724 627 4794 pimus,
659 4725 734 4780 ita
771 4726 839 4781 ad
883 4726 1060 4796 ipsum
1116 4734 1326 4780 textum
1378 4725 1772 4786 adhibuimus.
1821 4739 2018 4780 omnes

425 4859 496 4913 fl.
530 4859 884 4915 Montacutio.
913 4859 1030 4916 Hoc
1061 4861 1251 4915 codice
1277 4877 1414 4916 usus
1440 4870 1526 4914 est
1563 4859 1729 4914 Card.
1754 4859 1928 4915 Maius
1956 4861 2011 4915 in

425 4930 654 5002 edendis
678 4930 890 5002 Leontii
910 4931 1189 4999 Byzantini
1215 4932 1435 5000 scriptis
1454 4930 1548 5002 (cf.
1577 4930 1829 5002 Spicilgg.
1856 4929 2008 5002 Rom.

426 5007 468 5071 t.
505 4998 572 5061 X,
622 4999 780 5054 Praef.
824 5016 880 5071 p.
929 4998 982 5064 v,
1023 5012 1078 5055 et
1107 5011 1224 5060 not.
1256 4998 1343 5054 ad
1368 5019 1420 5071 p.
1455 4998 2011 5071 J51);‘et__Theodori

425 5069 790 5137 Mopsuesteni
827 5068 1178 5142 'Fragmentis
1227 5068 1396 5142 (Novit
1435 5068 1568 5128 Coll.
1608 5080 1648 5126 t.
1699 5068 1798 5138 Vl,
1845 5072 2009 5126 Praef.

425 5155 482 5208 p.
507 5149 724 5210 xxt|,_et
756 5156 808 5208 p.
842 5141 990 5210 298).
1238 5141 1242 5142 ⁷
1451 5154 1454 5158 ’

499 5209 609 5276 (27)
643 5208 760 5262 Jam
797 5208 959 5263 nunc
977 5211 1106 5266 istas
1135 5211 1414 5266 variantes
1434 5212 1700 5266 lectiones
1727 5211 2009 5280 proprium

424 5278 697 5352 adlocutn
729 5281 1075 5349 reponendas
1105 5283 1443 5337 curavimus.
1472 5283 1648 5352 (EDIT.
1687 5278 1844 5352 nov.)

496 5351 612 5415 (9.8)
641 5350 762 5415 Quo
788 5352 1145 5420 resicelerius
1173 5369 1236 5407 ac
1267 5350 1517 5408 securius
1539 5357 1713 5417 tierct,
1748 5350 1874 5405 folia
1894 5351 2007 5420 jam

425 5421 566 5492 typis
598 5422 862 5493 impressa
887 5419 1116 5493 Romam
1140 5423 1412 5488 misimus,
1443 5432 1500 5479 ct
1525 5424 1604 5479 sic
1625 5431 1883 5478 accurata
1900 5419 2011 5493 po-

424 5491 530 5544 tuit
554 5491 771 5545 collatio
799 5491 1032 5547 institui.

519 5561 610 5632 29)
666 5561 875 5616 Revera
925 5562 1187 5620 Ottobon.
1229 5565 1402 5619 codex
1437 5565 1508 5618 27
1534 5565 1777 5621 chartae.
1813 5565 1866 5620 in
1908 5564 2003 5620 fol.

423 5632 615 5703 eadem
653 5632 866 5703 ratione
908 5642 968 5686 ut
1003 5633 1213 5688 Monac.
1263 5635 1576 5703 suppeditat
1606 5635 1740 5690 Acta
1789 5636 2006 5690 concilii

424 5702 600 5776 octavi
625 5702 820 5776 (L228
841 5704 983 5776 seq.)
1001 5713 1066 5776 et
1089 5704 1282 5776 synodi
1311 5702 1590 5776 Photiante
1611 5721 1662 5760 a.
1685 5706 1790 5761 879
1815 5706 2006 5776 (12517

424 5770 589 5848 seq.)_;
619 5772 893 5848 deinde“.
922 5770 1029 5828 385
1052 5775 1104 5844 a)
1121 5770 1322 5830 eadem
1350 5775 1704 5848 inscriptione
1730 5786 1786 5848 et
1808 5770 2006 5831 iisdem

423 5837 606 5897 verbis
637 5841 705 5897 M
731 5837 821 5897 illa
839 5837 1176 5905 argumenta
1203 5859 1271 5902 ex
1299 5837 1573 5904 encvcliéa
1602 5861 1691 5913 ep.
1711 5846 2004 5916 desumpta

2122 4647 2324 4702 parens
2353 4633 2545 4687 eadem
2591 4644 2913 4704 argumenta
2944 4634 3233 4702 evolverit,
3255 4635 3456 4705 quibus
3499 4652 3563 4690 ea
3603 4636 3713 4690 for-

2123 4724 2227 4780 mis
2267 4739 2367 4794 pro
2419 4725 2624 4796 ingenii
2665 4726 3002 4782 fecunditate
3042 4726 3384 4795 iavesticrit,
3417 4744 3568 4785 novo
3595 4729 3711 4784 fere

2117 4859 2548 4934 (v'irle§2,iet_§
2589 4862 2642 4926 4,
2688 4869 2819 4934 not.
2852 4861 3212 4934 2)7exhibet‘;
3259 4863 3452 4934 eodem
3500 4865 3709 4934 pariter

2115 4942 2280 5006 pacto
2299 4931 2366 5006 ’(f.
2394 4931 2521 5006 '58:)
2554 4947 2679 5006 cum
2711 4933 2894 4987 verbis
2919 4933 3054 4987 illis:
3090 4931 3197 5006 Tin
3243 4933 3412 4987 αὑτοῦ
3444 4931 3575 5006 πέρι
3605 4936 3710 5006 τῆς

2114 5001 2210 5054 έεοῦ
2257 5001 2417 5074 civica
2464 5001 2788 5074 Πνξύματος
2841 5003 3232 5074 μυσταγωγίας
3275 5022 3330 5058 κ.
3370 5021 3420 5058 τ.
3468 5001 3528 5058 λζ
3565 5001 3715 5074 opus

2113 5081 2364 5160 nostrum
2396 5072 2715 5160 introducit,
2739 5073 2884 5160 qluod
2916 5081 2970 5160 et
3001 5074 3091 5128 hic
3119 5074 3370 5160 mutilum
3404 5072 3710 5160 reperitur,

2113 5151 2168 5197 et
2192 5143 2414 5212 quidem
2443 5142 2607 5214 f._4t)l
2633 5158 2684 5196 a.
2718 5143 2784 5197 ad
2811 5145 3058 5198 eamdem
3083 5145 3404 5214 particulam
3429 5142 3708 5200 ei'desinit

2113 5211 2260 5276 (vide
2289 5229 2440 5282 supr.
2476 5211 2584 5336 g2,
2620 5221 2734 5267 not.
2778 5214 2871 5284 5);
2918 5211 3166 5283 quinimo
3216 5216 3481 5269 lectiones
3533 5216 3708 5270 habet

2113 5283 2228 5336 fere
2254 5299 2447 5336 omnes
2513 5283 2798 5336 lonacensi
2849 5285 3175 5336 peculiares.
3208 5299 3277 5336 ne
3329 5285 3541 5336 mendis
3580 5286 3705 5336 uui-

2112 5283 2228 5339 fere
2254 5299 2447 5355 omnes
2482 5283 2819 5355 illonacensi'
2849 5285 3175 5355 peculiares,
3208 5299 3277 5338 ne
3329 5285 3541 5340 mendis
3580 5286 3705 5355 qui-

2111 5355 2234 5426 dem
2264 5353 2582 5426 scriptionis
2611 5355 2874 5426 exceptis.
2905 5354 2997 5409 Sic
3024 5370 3075 5410 c.
3103 5355 3160 5426 ri,
3196 5371 3252 5425 p.
3283 5355 3318 5410 5
3351 5356 3487 5426 (not.
3515 5353 3705 5426 1),'le-

2109 5425 2288 5495 gitur:
2332 5425 2710 5510 Πρλιστίχοιςς
2771 5425 2899 5480 ibid.
2947 5426 3027 5496 (η.
3063 5425 3149 5548 42:
3195 5425 3520 5512 γενήσεται;
3550 5425 3618 5480 ⁷ο.

2109 5511 2166 5548 n.
2193 5497 2228 5548 4
2261 5497 2340 5548 (η.
2367 5493 2422 5548 oi
2452 5510 2466 5548 :
2499 5495 2651 5548 τίς...
2685 5495 2942 5548 ἕτερος...
2977 5497 3057 5548 (n.
3124 5495 3178 5548 l:
3217 5497 3248 5548 ἠ
3281 5498 3503 5548 ἑκουσια
3535 5505 3595 5548 et
3623 5512 3704 5548 sne

2109 5493 2228 5566 p.74
2261 5497 2340 5562 (η.
2367 5493 2466 5566 5))
2499 5493 2651 5557 sic...
2685 5493 3057 5565 ἕτερος...⁷(η.
3085 5493 3178 5566 4);
3209 5493 3250 5565 ίὴ
3281 5493 3503 5549 ὲέωυσία
3535 5505 3595 5549 et
3623 5498 3706 5552 sic

2109 5565 2390 5637 deinceps.
2421 5565 2493 5620 lle
2518 5573 2680 5619 aetate
2707 5566 2914 5637 codicis
2948 5567 3082 5621 mihi
3117 5565 3380 5637 Scriptum
3435 5567 3535 5620 fuit
3570 5582 3704 5622 eum

2107 5636 2176 5690 ad
2213 5651 2338 5690 suae.
2377 5652 2468 5700 xv,
2516 5637 2598 5689 vel
2632 5635 2812 5707 potius
2877 5652 2967 5692 xw
3032 5635 3341 5707 pertinere;
3374 5637 3438 5707 ad
3501 5638 3702 5692 eadem

2108 5715 2354 5774 tempora
2386 5715 2599 5777 spectat
2658 5705 3049 5777 Monacensisf
3077 5707 3272 5761 Omnia
3313 5706 3519 5777 optimc
3553 5721 3700 5775 qua-

2107 5777 2302 5841 drant;
2339 5776 2406 5830 ad
2445 5791 2616 5830 unum
2639 5776 2798 5845 plane
2823 5778 3031 5835 fontem
3065 5776 3406 5834 reducuntur
3450 5787 3565 5832 tum
3600 5777 3702 5833 Ot-

2107 5847 2295 5906 tobon.
2332 5854 2447 5902 tum
2475 5845 2836 5903 Monacensis.
