  <div class='ocr_page' id='page_1' title='image "/cluster/home/n/w/nwhite01/storage/ocr_20150623/102:no.2/coo.31924054870062/150.png"; bbox 0 0 3886 6426; ppageno 0'>
   <div class='ocr_carea' id='block_1_1' title="bbox 170 395 2759 473">
    <p class='ocr_par' dir='ltr' id='par_1_1' title="bbox 170 395 2759 473">
     <span class='ocr_line' id='line_1_1' title="bbox 170 395 2759 473; baseline -0.002 0"><span class='ocrx_word' id='word_1_1' title='bbox 170 411 249 473; x_wconf 74' lang='grc' dir='ltr'><strong>9ἷ3</strong></span> <span class='ocrx_word' id='word_1_2' title='bbox 698 397 795 461; x_wconf 82' lang='lat' dir='ltr'><strong>DE</strong></span> <span class='ocrx_word' id='word_1_3' title='bbox 837 399 899 459; x_wconf 89' lang='lat' dir='ltr'><strong>S.</strong></span> <span class='ocrx_word' id='word_1_4' title='bbox 941 398 1303 460; x_wconf 83' lang='lat' dir='ltr'><strong>SPIRITUS</strong></span> <span class='ocrx_word' id='word_1_5' title='bbox 1335 396 1845 460; x_wconf 82' lang='lat' dir='ltr'><strong>MYSTAGOGIA.</strong></span> <span class='ocrx_word' id='word_1_6' title='bbox 1880 423 1948 433; x_wconf 85' lang='lat'><strong><em>—</em></strong></span> <span class='ocrx_word' id='word_1_7' title='bbox 1976 396 2034 459; x_wconf 84' lang='lat' dir='ltr'><strong>J.</strong></span> <span class='ocrx_word' id='word_1_8' title='bbox 2078 395 2313 459; x_wconf 84' lang='lat' dir='ltr'><strong>HERG.</strong></span> <span class='ocrx_word' id='word_1_9' title='bbox 2348 398 2759 467; x_wconf 58' lang='lat' dir='ltr'><strong>PREFATIO.</strong></span> 
     </span>
    </p>
   </div>
   <div class='ocr_carea' id='block_1_2' title="bbox 3274 394 3384 461">
    <p class='ocr_par' dir='ltr' id='par_1_2' title="bbox 3274 394 3384 461">
     <span class='ocr_line' id='line_1_2' title="bbox 3274 394 3384 461; baseline 0 0"><span class='ocrx_word' id='word_1_10' title='bbox 3274 394 3384 461; x_wconf 61' lang='grc'><strong>274</strong></span> 
     </span>
    </p>
   </div>
   <div class='ocr_carea' id='block_1_3' title="bbox 170 508 3381 591">
    <p class='ocr_par' dir='ltr' id='par_1_3' title="bbox 170 508 3381 591">
     <span class='ocr_line' id='line_1_3' title="bbox 170 508 3381 591; baseline 0 -22"><span class='ocrx_word' id='word_1_11' title='bbox 170 530 343 587; x_wconf 73' lang='lat' dir='ltr'><strong>semper</strong></span> <span class='ocrx_word' id='word_1_12' title='bbox 364 512 516 568; x_wconf 91' lang='lat' dir='ltr'><strong>modo</strong></span> <span class='ocrx_word' id='word_1_13' title='bbox 545 510 731 565; x_wconf 84' lang='lat' dir='ltr'><strong>eadem</strong></span> <span class='ocrx_word' id='word_1_14' title='bbox 756 510 920 578; x_wconf 84' lang='lat' dir='ltr'><strong>plane</strong></span> <span class='ocrx_word' id='word_1_15' title='bbox 953 508 1238 566; x_wconf 89' lang='lat' dir='ltr'><strong>lnculcans</strong></span> <span class='ocrx_word' id='word_1_16' title='bbox 1275 525 1340 564; x_wconf 93' lang='lat' dir='ltr'><strong>ac</strong></span> <span class='ocrx_word' id='word_1_17' title='bbox 1367 520 1480 565; x_wconf 66' lang='lat' dir='ltr'><strong>sum</strong></span> <span class='ocrx_word' id='word_1_18' title='bbox 1510 508 1689 591; x_wconf 79' lang='lat' dir='ltr'><strong>gentis</strong></span> <span class='ocrx_word' id='word_1_19' title='bbox 1723 522 1763 576; x_wconf 79' lang='grc' dir='ltr'>Α</span> <span class='ocrx_word' id='word_1_20' title='bbox 1794 509 2171 569; x_wconf 87' lang='lat' dir='ltr'><strong>additamcnto</strong></span> <span class='ocrx_word' id='word_1_21' title='bbox 2223 512 2387 566; x_wconf 89' lang='lat' dir='ltr'><strong>tribui</strong></span> <span class='ocrx_word' id='word_1_22' title='bbox 2440 513 2662 583; x_wconf 86' lang='lat' dir='ltr'><strong>poterit.</strong></span> <span class='ocrx_word' id='word_1_23' title='bbox 2702 513 2912 568; x_wconf 78' lang='lat' dir='ltr'><strong>Textus</strong></span> <span class='ocrx_word' id='word_1_24' title='bbox 2961 528 3089 568; x_wconf 90' lang='lat' dir='ltr'><strong>vero</strong></span> <span class='ocrx_word' id='word_1_25' title='bbox 3136 514 3381 584; x_wconf 64' lang='lat' dir='ltr'><strong>praadicti</strong></span> 
     </span>
    </p>
   </div>
   <div class='ocr_carea' id='block_1_4' title="bbox 166 601 1685 681">
    <p class='ocr_par' dir='ltr' id='par_1_4' title="bbox 166 601 1685 681">
     <span class='ocr_line' id='line_1_4' title="bbox 166 601 1685 681; baseline -0.007 -15"><span class='ocrx_word' id='word_1_26' title='bbox 166 610 477 681; x_wconf 74' lang='lat' dir='ltr'><strong>sophistarum</strong></span> <span class='ocrx_word' id='word_1_27' title='bbox 505 612 645 658; x_wconf 87' lang='lat' dir='ltr'><strong>artes</strong></span> <span class='ocrx_word' id='word_1_28' title='bbox 674 601 920 672; x_wconf 86' lang='lat' dir='ltr'><strong>undique</strong></span> <span class='ocrx_word' id='word_1_29' title='bbox 951 602 1213 657; x_wconf 80' lang='lat' dir='ltr'><strong>excolens</strong></span> <span class='ocrx_word' id='word_1_30' title='bbox 1236 612 1291 657; x_wconf 90' lang='lat' dir='ltr'><strong>et</strong></span> <span class='ocrx_word' id='word_1_31' title='bbox 1320 601 1685 672; x_wconf 91' lang='lat' dir='ltr'><strong>profundens.</strong></span> 
     </span>
    </p>
   </div>
   <div class='ocr_carea' id='block_1_5' title="bbox 164 693 1690 768">
    <p class='ocr_par' dir='ltr' id='par_1_5' title="bbox 164 693 1690 768">
     <span class='ocr_line' id='line_1_5' title="bbox 164 693 1690 768; baseline 0.001 -15"><span class='ocrx_word' id='word_1_32' title='bbox 164 703 294 759; x_wconf 79' lang='lat' dir='ltr'><strong>Porro</strong></span> <span class='ocrx_word' id='word_1_33' title='bbox 307 695 559 768; x_wconf 85' lang='lat' dir='ltr'><strong>ejusmodi</strong></span> <span class='ocrx_word' id='word_1_34' title='bbox 577 695 972 765; x_wconf 71' lang='lat' dir='ltr'><strong>comparationi</strong></span> <span class='ocrx_word' id='word_1_35' title='bbox 992 694 1302 748; x_wconf 85' lang='lat' dir='ltr'><strong>inserviunt</strong></span> <span class='ocrx_word' id='word_1_36' title='bbox 1324 714 1336 749; x_wconf 92' lang='lat'>:</span> <span class='ocrx_word' id='word_1_37' title='bbox 1364 693 1418 763; x_wconf 99' lang='lat'><strong>1)</strong></span> <span class='ocrx_word' id='word_1_38' title='bbox 1444 693 1690 764; x_wconf 80' lang='lat' dir='ltr'><strong>ejusdem</strong></span> 
     </span>
    </p>
   </div>
   <div class='ocr_carea' id='block_1_6' title="bbox 165 785 1692 859">
    <p class='ocr_par' dir='ltr' id='par_1_6' title="bbox 165 785 1692 859">
     <span class='ocr_line' id='line_1_6' title="bbox 165 785 1692 859; baseline -0.005 -10"><span class='ocrx_word' id='word_1_39' title='bbox 165 798 214 851; x_wconf 82' lang='lat' dir='ltr'><strong>ad</strong></span> <span class='ocrx_word' id='word_1_40' title='bbox 257 791 470 847; x_wconf 72' lang='lat' dir='ltr'><strong>Orientis</strong></span> <span class='ocrx_word' id='word_1_41' title='bbox 504 788 765 859; x_wconf 65' lang='lat' dir='ltr'><strong>praesules</strong></span> <span class='ocrx_word' id='word_1_42' title='bbox 797 787 1033 842; x_wconf 88' lang='lat' dir='ltr'><strong>celebris</strong></span> <span class='ocrx_word' id='word_1_43' title='bbox 1069 787 1161 848; x_wconf 84' lang='lat' dir='ltr'><strong>illa</strong></span> <span class='ocrx_word' id='word_1_44' title='bbox 1206 787 1506 858; x_wconf 71' lang='lat' dir='ltr'><strong>encyclica,</strong></span> <span class='ocrx_word' id='word_1_45' title='bbox 1533 785 1692 856; x_wconf 83' lang='lat' dir='ltr'><strong>cujus</strong></span> 
     </span>
    </p>
   </div>
   <div class='ocr_carea' id='block_1_7' title="bbox 162 880 1693 961">
    <p class='ocr_par' dir='ltr' id='par_1_7' title="bbox 162 880 1693 961">
     <span class='ocr_line' id='line_1_7' title="bbox 162 880 1693 961; baseline -0.007 -18"><span class='ocrx_word' id='word_1_46' title='bbox 162 890 246 961; x_wconf 84' lang='lat' dir='ltr'><strong>jam</strong></span> <span class='ocrx_word' id='word_1_47' title='bbox 267 884 580 941; x_wconf 84' lang='lat' dir='ltr'><strong>mentionem</strong></span> <span class='ocrx_word' id='word_1_48' title='bbox 608 881 841 937; x_wconf 82' lang='lat' dir='ltr'><strong>fecimus</strong></span> <span class='ocrx_word' id='word_1_49' title='bbox 874 880 947 951; x_wconf 59' lang='grc' dir='ltr'><strong>(ἐξ</strong></span> <span class='ocrx_word' id='word_1_50' title='bbox 968 880 1025 943; x_wconf 71' lang='grc'>2,</span> <span class='ocrx_word' id='word_1_51' title='bbox 1045 881 1101 950; x_wconf 74' lang='grc'>4)</span> <span class='ocrx_word' id='word_1_52' title='bbox 1139 895 1370 950; x_wconf 79' lang='lat' dir='ltr'><strong>quaeque</strong></span> <span class='ocrx_word' id='word_1_53' title='bbox 1406 895 1505 950; x_wconf 89' lang='lat' dir='ltr'><strong>pro</strong></span> <span class='ocrx_word' id='word_1_54' title='bbox 1536 886 1693 949; x_wconf 88' lang='lat' dir='ltr'><strong>parte</strong></span> 
     </span>
    </p>
   </div>
   <div class='ocr_carea' id='block_1_8' title="bbox 165 971 1694 1044">
    <p class='ocr_par' dir='ltr' id='par_1_8' title="bbox 165 971 1694 1044">
     <span class='ocr_line' id='line_1_8' title="bbox 165 971 1694 1044; baseline -0.005 -11"><span class='ocrx_word' id='word_1_55' title='bbox 165 981 314 1034; x_wconf 85' lang='lat' dir='ltr'><strong>saltem</strong></span> <span class='ocrx_word' id='word_1_56' title='bbox 335 978 433 1031; x_wconf 92' lang='lat' dir='ltr'><strong>huc</strong></span> <span class='ocrx_word' id='word_1_57' title='bbox 459 980 741 1044; x_wconf 87' lang='lat' dir='ltr'><strong>spectante</strong></span> <span class='ocrx_word' id='word_1_58' title='bbox 766 974 821 1027; x_wconf 92' lang='lat' dir='ltr'><strong>in</strong></span> <span class='ocrx_word' id='word_1_59' title='bbox 849 972 973 1027; x_wconf 90' lang='lat' dir='ltr'><strong>aliis</strong></span> <span class='ocrx_word' id='word_1_60' title='bbox 999 972 1289 1028; x_wconf 87' lang='lat' dir='ltr'><strong>codicibus</strong></span> <span class='ocrx_word' id='word_1_61' title='bbox 1320 971 1473 1043; x_wconf 91' lang='lat' dir='ltr'><strong>operi</strong></span> <span class='ocrx_word' id='word_1_62' title='bbox 1502 980 1694 1026; x_wconf 91' lang='lat' dir='ltr'><strong>nostro</strong></span> 
     </span>
    </p>
   </div>
   <div class='ocr_carea' id='block_1_9' title="bbox 165 1063 1694 1144">
    <p class='ocr_par' dir='ltr' id='par_1_9' title="bbox 165 1063 1694 1144">
     <span class='ocr_line' id='line_1_9' title="bbox 165 1063 1694 1144; baseline -0.005 -19"><span class='ocrx_word' id='word_1_63' title='bbox 165 1070 404 1144; x_wconf 76' lang='lat' dir='ltr'><strong>pneﬁgitur</strong></span> <span class='ocrx_word' id='word_1_64' title='bbox 453 1076 535 1137; x_wconf 77' lang='lat' dir='ltr'><strong>(ut</strong></span> <span class='ocrx_word' id='word_1_65' title='bbox 586 1067 641 1122; x_wconf 90' lang='lat' dir='ltr'><strong>in</strong></span> <span class='ocrx_word' id='word_1_66' title='bbox 679 1067 893 1121; x_wconf 83' lang='lat' dir='ltr'><strong>Monac.</strong></span> <span class='ocrx_word' id='word_1_67' title='bbox 937 1075 993 1121; x_wconf 91' lang='lat' dir='ltr'><strong>et</strong></span> <span class='ocrx_word' id='word_1_68' title='bbox 1042 1065 1231 1122; x_wconf 91' lang='lat' dir='ltr'><strong>Ottob.</strong></span> <span class='ocrx_word' id='word_1_69' title='bbox 1273 1066 1416 1133; x_wconf 90' lang='lat' dir='ltr'><strong>cit.),</strong></span> <span class='ocrx_word' id='word_1_70' title='bbox 1466 1064 1523 1118; x_wconf 93' lang='lat' dir='ltr'><strong>in</strong></span> <span class='ocrx_word' id='word_1_71' title='bbox 1572 1063 1694 1118; x_wconf 90' lang='lat' dir='ltr'><strong>aliis</strong></span> 
     </span>
    </p>
   </div>
   <div class='ocr_carea' id='block_1_10' title="bbox 166 1155 1696 1233">
    <p class='ocr_par' dir='ltr' id='par_1_10' title="bbox 166 1155 1696 1233">
     <span class='ocr_line' id='line_1_10' title="bbox 166 1155 1696 1233; baseline -0.007 -14"><span class='ocrx_word' id='word_1_72' title='bbox 166 1164 415 1233; x_wconf 77' lang='lat' dir='ltr'><strong>subjicitur,</strong></span> <span class='ocrx_word' id='word_1_73' title='bbox 437 1160 584 1215; x_wconf 89' lang='lat' dir='ltr'><strong>unde</strong></span> <span class='ocrx_word' id='word_1_74' title='bbox 616 1169 673 1215; x_wconf 91' lang='lat' dir='ltr'><strong>et</strong></span> <span class='ocrx_word' id='word_1_75' title='bbox 697 1160 835 1215; x_wconf 89' lang='lat' dir='ltr'><strong>liber</strong></span> <span class='ocrx_word' id='word_1_76' title='bbox 873 1167 1066 1214; x_wconf 87' lang='lat' dir='ltr'><strong>noster</strong></span> <span class='ocrx_word' id='word_1_77' title='bbox 1090 1158 1249 1226; x_wconf 81' lang='grc' dir='ltr'>λόγος</span> <span class='ocrx_word' id='word_1_78' title='bbox 1283 1163 1329 1211; x_wconf 84' lang='grc' dir='ltr'><strong>α’</strong></span> <span class='ocrx_word' id='word_1_79' title='bbox 1376 1155 1696 1211; x_wconf 77' lang='lat' dir='ltr'><strong>inscribitur</strong></span> 
     </span>
    </p>
   </div>
   <div class='ocr_carea' id='block_1_11' title="bbox 164 1245 1696 1321">
    <p class='ocr_par' dir='ltr' id='par_1_11' title="bbox 164 1245 1696 1321">
     <span class='ocr_line' id='line_1_11' title="bbox 164 1245 1696 1321; baseline -0.006 -14"><span class='ocrx_word' id='word_1_80' title='bbox 164 1254 317 1321; x_wconf 73' lang='lat' dir='ltr'><strong>(Vatic.</strong></span> <span class='ocrx_word' id='word_1_81' title='bbox 341 1252 425 1308; x_wconf 87' lang='lat' dir='ltr'><strong>cit.</strong></span> <span class='ocrx_word' id='word_1_82' title='bbox 459 1251 620 1305; x_wconf 76' lang='lat' dir='ltr'><strong>Aliat.</strong></span> <span class='ocrx_word' id='word_1_83' title='bbox 652 1269 700 1307; x_wconf 92' lang='lat' dir='ltr'><strong>c.</strong></span> <span class='ocrx_word' id='word_1_84' title='bbox 731 1249 971 1320; x_wconf 85' lang='lat' dir='ltr'><strong>ilotting.</strong></span> <span class='ocrx_word' id='word_1_85' title='bbox 1009 1265 1063 1319; x_wconf 93' lang='lat' dir='ltr'><strong>p.</strong></span> <span class='ocrx_word' id='word_1_86' title='bbox 1107 1248 1264 1316; x_wconf 89' lang='lat'><strong>196);</strong></span> <span class='ocrx_word' id='word_1_87' title='bbox 1292 1246 1487 1303; x_wconf 90' lang='lat' dir='ltr'><strong>deinde</strong></span> <span class='ocrx_word' id='word_1_88' title='bbox 1526 1246 1583 1313; x_wconf 74' lang='lat'><strong>2)</strong></span> <span class='ocrx_word' id='word_1_89' title='bbox 1616 1245 1696 1299; x_wconf 90' lang='lat' dir='ltr'><strong>al-</strong></span> 
     </span>
    </p>
   </div>
   <div class='ocr_carea' id='block_1_12' title="bbox 166 1334 1696 1411">
    <p class='ocr_par' dir='ltr' id='par_1_12' title="bbox 166 1334 1696 1411">
     <span class='ocr_line' id='line_1_12' title="bbox 166 1334 1696 1411; baseline -0.008 -11"><span class='ocrx_word' id='word_1_90' title='bbox 166 1358 249 1400; x_wconf 72' lang='lat' dir='ltr'><strong>tera</strong></span> <span class='ocrx_word' id='word_1_91' title='bbox 275 1344 329 1398; x_wconf 90' lang='lat' dir='ltr'><strong>ad</strong></span> <span class='ocrx_word' id='word_1_92' title='bbox 356 1341 753 1411; x_wconf 82' lang='lat' dir='ltr'><strong>Aquileiensem</strong></span> <span class='ocrx_word' id='word_1_93' title='bbox 786 1340 1088 1395; x_wconf 84' lang='lat' dir='ltr'><strong>antistitem</strong></span> <span class='ocrx_word' id='word_1_94' title='bbox 1118 1338 1367 1409; x_wconf 90' lang='lat' dir='ltr'><strong>cpistola,</strong></span> <span class='ocrx_word' id='word_1_95' title='bbox 1397 1352 1424 1390; x_wconf 94' lang='lat' dir='ltr'><strong>a</strong></span> <span class='ocrx_word' id='word_1_96' title='bbox 1461 1334 1696 1389; x_wconf 85' lang='lat' dir='ltr'><strong>Baronio</strong></span> 
     </span>
    </p>
   </div>
   <div class='ocr_carea' id='block_1_13' title="bbox 166 1427 1698 1502">
    <p class='ocr_par' dir='ltr' id='par_1_13' title="bbox 166 1427 1698 1502">
     <span class='ocr_line' id='line_1_13' title="bbox 166 1427 1698 1502; baseline -0.008 -9"><span class='ocrx_word' id='word_1_97' title='bbox 166 1440 230 1496; x_wconf 77' lang='lat' dir='ltr'><strong>(ad</strong></span> <span class='ocrx_word' id='word_1_98' title='bbox 273 1452 316 1490; x_wconf 86' lang='lat' dir='ltr'><strong>a.</strong></span> <span class='ocrx_word' id='word_1_99' title='bbox 347 1435 464 1502; x_wconf 77' lang='lat'><strong>883)</strong></span> <span class='ocrx_word' id='word_1_100' title='bbox 514 1432 730 1497; x_wconf 79' lang='lat' dir='ltr'><strong>Latine,</strong></span> <span class='ocrx_word' id='word_1_101' title='bbox 787 1446 817 1485; x_wconf 88' lang='lat' dir='ltr'><strong>a</strong></span> <span class='ocrx_word' id='word_1_102' title='bbox 855 1431 1183 1487; x_wconf 82' lang='lat' dir='ltr'><strong>Combefisio</strong></span> <span class='ocrx_word' id='word_1_103' title='bbox 1214 1438 1267 1484; x_wconf 90' lang='lat' dir='ltr'><strong>et</strong></span> <span class='ocrx_word' id='word_1_104' title='bbox 1316 1429 1384 1483; x_wconf 90' lang='lat' dir='ltr'><strong>ab</strong></span> <span class='ocrx_word' id='word_1_105' title='bbox 1432 1427 1698 1481; x_wconf 84' lang='lat' dir='ltr'><strong>Anthimo</strong></span> 
     </span>
    </p>
   </div>
   <div class='ocr_carea' id='block_1_14' title="bbox 168 1518 1697 1594">
    <p class='ocr_par' dir='ltr' id='par_1_14' title="bbox 168 1518 1697 1594">
     <span class='ocr_line' id='line_1_14' title="bbox 168 1518 1697 1594; baseline -0.009 -10"><span class='ocrx_word' id='word_1_106' title='bbox 168 1526 501 1584; x_wconf 80' lang='lat' dir='ltr'><strong>Rhemnicensi</strong></span> <span class='ocrx_word' id='word_1_107' title='bbox 535 1525 648 1594; x_wconf 82' lang='grc'>(50)</span> <span class='ocrx_word' id='word_1_108' title='bbox 677 1523 865 1579; x_wconf 80' lang='lat' dir='ltr'><strong>Graece</strong></span> <span class='ocrx_word' id='word_1_109' title='bbox 889 1523 1034 1577; x_wconf 89' lang='lat' dir='ltr'><strong>edita</strong></span> <span class='ocrx_word' id='word_1_110' title='bbox 1054 1540 1069 1589; x_wconf 88' lang='lat'><strong>;</strong></span> <span class='ocrx_word' id='word_1_111' title='bbox 1088 1538 1151 1577; x_wconf 89' lang='lat' dir='ltr'><strong>ac</strong></span> <span class='ocrx_word' id='word_1_112' title='bbox 1176 1521 1413 1590; x_wconf 90' lang='lat' dir='ltr'><strong>denique</strong></span> <span class='ocrx_word' id='word_1_113' title='bbox 1447 1519 1501 1588; x_wconf 79' lang='lat'><strong>5)</strong></span> <span class='ocrx_word' id='word_1_114' title='bbox 1532 1518 1697 1572; x_wconf 81' lang='lat' dir='ltr'><strong>breve</strong></span> 
     </span>
    </p>
   </div>
   <div class='ocr_carea' id='block_1_15' title="bbox 167 1609 1699 1687">
    <p class='ocr_par' dir='ltr' id='par_1_15' title="bbox 167 1609 1699 1687">
     <span class='ocr_line' id='line_1_15' title="bbox 167 1609 1699 1687; baseline -0.006 -15"><span class='ocrx_word' id='word_1_115' title='bbox 167 1620 263 1673; x_wconf 85' lang='lat' dir='ltr'><strong>illud</strong></span> <span class='ocrx_word' id='word_1_116' title='bbox 310 1616 643 1687; x_wconf 87' lang='lat' dir='ltr'><strong>opusculum,</strong></span> <span class='ocrx_word' id='word_1_117' title='bbox 680 1615 824 1685; x_wconf 91' lang='lat' dir='ltr'><strong>quod</strong></span> <span class='ocrx_word' id='word_1_118' title='bbox 871 1613 1199 1685; x_wconf 85' lang='lat' dir='ltr'><strong>Euthymius</strong></span> <span class='ocrx_word' id='word_1_119' title='bbox 1248 1613 1557 1683; x_wconf 81' lang='lat' dir='ltr'><strong>Zigabenus</strong></span> <span class='ocrx_word' id='word_1_120' title='bbox 1597 1609 1699 1663; x_wconf 87' lang='lat' dir='ltr'><strong>sub</strong></span> 
     </span>
    </p>
   </div>
   <div class='ocr_carea' id='block_1_16' title="bbox 168 1702 1695 1775">
    <p class='ocr_par' dir='ltr' id='par_1_16' title="bbox 168 1702 1695 1775">
     <span class='ocr_line' id='line_1_16' title="bbox 168 1702 1695 1775; baseline -0.003 -12"><span class='ocrx_word' id='word_1_121' title='bbox 168 1708 301 1763; x_wconf 79' lang='lat' dir='ltr'><strong>l&#39;hotii</strong></span> <span class='ocrx_word' id='word_1_122' title='bbox 328 1707 535 1762; x_wconf 87' lang='lat' dir='ltr'><strong>nomine</strong></span> <span class='ocrx_word' id='word_1_123' title='bbox 578 1705 860 1774; x_wconf 72' lang='lat' dir='ltr'><strong>Panoplim</strong></span> <span class='ocrx_word' id='word_1_124' title='bbox 910 1720 1025 1760; x_wconf 64' lang='lat' dir='ltr'><strong>suae</strong></span> <span class='ocrx_word' id='word_1_125' title='bbox 1065 1706 1149 1759; x_wconf 91' lang='lat' dir='ltr'><strong>tit.</strong></span> <span class='ocrx_word' id='word_1_126' title='bbox 1198 1704 1266 1759; x_wconf 91' lang='grc'><strong>15</strong></span> <span class='ocrx_word' id='word_1_127' title='bbox 1299 1704 1531 1758; x_wconf 83' lang='lat' dir='ltr'><strong>inseruit</strong></span> <span class='ocrx_word' id='word_1_128' title='bbox 1563 1702 1695 1775; x_wconf 84' lang='grc'>(51).</span> 
     </span>
    </p>
   </div>
   <div class='ocr_carea' id='block_1_17' title="bbox 166 1795 1699 1867">
    <p class='ocr_par' dir='ltr' id='par_1_17' title="bbox 166 1795 1699 1867">
     <span class='ocr_line' id='line_1_17' title="bbox 166 1795 1699 1867; baseline -0.001 -15"><span class='ocrx_word' id='word_1_129' title='bbox 166 1801 357 1853; x_wconf 71' lang='lat' dir='ltr'><strong>Grazcam</strong></span> <span class='ocrx_word' id='word_1_130' title='bbox 406 1798 566 1867; x_wconf 85' lang='lat' dir='ltr'><strong>hujus</strong></span> <span class='ocrx_word' id='word_1_131' title='bbox 620 1796 902 1866; x_wconf 77' lang='lat' dir='ltr'><strong>Panoplia:</strong></span> <span class='ocrx_word' id='word_1_132' title='bbox 946 1796 1244 1851; x_wconf 81' lang='lat' dir='ltr'><strong>editionem</strong></span> <span class='ocrx_word' id='word_1_133' title='bbox 1277 1809 1424 1849; x_wconf 88' lang='lat' dir='ltr'><strong>anno</strong></span> <span class='ocrx_word' id='word_1_134' title='bbox 1455 1795 1594 1852; x_wconf 90' lang='lat'><strong>1710</strong></span> <span class='ocrx_word' id='word_1_135' title='bbox 1644 1796 1699 1851; x_wconf 90' lang='lat' dir='ltr'><strong>in</strong></span> 
     </span>
    </p>
   </div>
   <div class='ocr_carea' id='block_1_18' title="bbox 1800 603 3382 676">
    <p class='ocr_par' dir='ltr' id='par_1_18' title="bbox 1800 603 3382 676">
     <span class='ocr_line' id='line_1_18' title="bbox 1800 603 3382 676; baseline 0.006 -20"><span class='ocrx_word' id='word_1_136' title='bbox 1800 603 1923 658; x_wconf 90' lang='lat' dir='ltr'><strong>cod.</strong></span> <span class='ocrx_word' id='word_1_137' title='bbox 1956 603 2214 669; x_wconf 57' lang='lat' dir='ltr'><strong>Caesarei,</strong></span> <span class='ocrx_word' id='word_1_138' title='bbox 2250 618 2373 659; x_wconf 90' lang='lat' dir='ltr'><strong>cum</strong></span> <span class='ocrx_word' id='word_1_139' title='bbox 2402 620 2511 674; x_wconf 89' lang='lat' dir='ltr'><strong>quo</strong></span> <span class='ocrx_word' id='word_1_140' title='bbox 2544 607 2680 660; x_wconf 85' lang='lat' dir='ltr'><strong>alter</strong></span> <span class='ocrx_word' id='word_1_141' title='bbox 2722 606 2968 676; x_wconf 88' lang='lat' dir='ltr'><strong>ejusdem</strong></span> <span class='ocrx_word' id='word_1_142' title='bbox 3015 606 3382 675; x_wconf 64' lang='lat' dir='ltr'><strong>bibliothecae,</strong></span> 
     </span>
    </p>
   </div>
   <div class='ocr_carea' id='block_1_19' title="bbox 1800 693 3387 773">
    <p class='ocr_par' dir='ltr' id='par_1_19' title="bbox 1800 693 3387 773">
     <span class='ocr_line' id='line_1_19' title="bbox 1800 693 3387 773; baseline 0.006 -25"><span class='ocrx_word' id='word_1_143' title='bbox 1800 693 1894 748; x_wconf 88' lang='lat' dir='ltr'><strong>Gr.</strong></span> <span class='ocrx_word' id='word_1_144' title='bbox 1928 695 2132 764; x_wconf 85' lang='lat' dir='ltr'><strong>philos.</strong></span> <span class='ocrx_word' id='word_1_145' title='bbox 2188 694 2294 750; x_wconf 72' lang='lat'><strong>258</strong></span> <span class='ocrx_word' id='word_1_146' title='bbox 2340 695 2691 765; x_wconf 86' lang='lat' dir='ltr'><strong>(Lambcecio</strong></span> <span class='ocrx_word' id='word_1_147' title='bbox 2748 698 2836 769; x_wconf 78' lang='grc'>45)</span> <span class='ocrx_word' id='word_1_148' title='bbox 2880 701 3200 768; x_wconf 80' lang='lat' dir='ltr'><strong>concordat,</strong></span> <span class='ocrx_word' id='word_1_149' title='bbox 3241 705 3387 773; x_wconf 87' lang='lat' dir='ltr'><strong>apud</strong></span> 
     </span>
    </p>
   </div>
   <div class='ocr_carea' id='block_1_20' title="bbox 1801 784 3388 864">
    <p class='ocr_par' dir='ltr' id='par_1_20' title="bbox 1801 784 3388 864">
     <span class='ocr_line' id='line_1_20' title="bbox 1801 784 3388 864; baseline 0.008 -27"><span class='ocrx_word' id='word_1_150' title='bbox 1801 784 2156 856; x_wconf 79' lang='lat' dir='ltr'><strong>Euthymium</strong></span> <span class='ocrx_word' id='word_1_151' title='bbox 2202 787 2366 842; x_wconf 89' lang='lat' dir='ltr'><strong>etiam</strong></span> <span class='ocrx_word' id='word_1_152' title='bbox 2412 798 2623 858; x_wconf 86' lang='lat' dir='ltr'><strong>prostat</strong></span> <span class='ocrx_word' id='word_1_153' title='bbox 2654 790 2830 858; x_wconf 87' lang='lat' dir='ltr'><strong>(brevi</strong></span> <span class='ocrx_word' id='word_1_154' title='bbox 2864 803 3093 862; x_wconf 80' lang='lat' dir='ltr'><strong>excepta</strong></span> <span class='ocrx_word' id='word_1_155' title='bbox 3125 809 3388 864; x_wconf 83' lang='lat' dir='ltr'><strong>paragra-</strong></span> 
     </span>
    </p>
   </div>
   <div class='ocr_carea' id='block_1_21' title="bbox 1802 877 3391 955">
    <p class='ocr_par' dir='ltr' id='par_1_21' title="bbox 1802 877 3391 955">
     <span class='ocr_line' id='line_1_21' title="bbox 1802 877 3391 955; baseline 0.006 -24"><span class='ocrx_word' id='word_1_156' title='bbox 1802 877 1936 947; x_wconf 87' lang='lat' dir='ltr'><strong>pho)</strong></span> <span class='ocrx_word' id='word_1_157' title='bbox 1971 894 2095 933; x_wconf 91' lang='lat' dir='ltr'><strong>cum</strong></span> <span class='ocrx_word' id='word_1_158' title='bbox 2124 880 2316 935; x_wconf 88' lang='lat' dir='ltr'><strong>eodem</strong></span> <span class='ocrx_word' id='word_1_159' title='bbox 2342 879 2525 937; x_wconf 87' lang='lat' dir='ltr'><strong>Photii</strong></span> <span class='ocrx_word' id='word_1_160' title='bbox 2556 883 2740 938; x_wconf 90' lang='lat' dir='ltr'><strong>libello</strong></span> <span class='ocrx_word' id='word_1_161' title='bbox 2764 885 3112 955; x_wconf 91' lang='lat' dir='ltr'><strong>conjunctus,</strong></span> <span class='ocrx_word' id='word_1_162' title='bbox 3142 886 3237 940; x_wconf 90' lang='lat' dir='ltr'><strong>sed</strong></span> <span class='ocrx_word' id='word_1_163' title='bbox 3269 896 3391 941; x_wconf 82' lang='lat' dir='ltr'><strong>tan-</strong></span> 
     </span>
    </p>
   </div>
   <div class='ocr_carea' id='block_1_22' title="bbox 1802 970 3389 1045">
    <p class='ocr_par' dir='ltr' id='par_1_22' title="bbox 1802 970 3389 1045">
     <span class='ocr_line' id='line_1_22' title="bbox 1802 970 3389 1045; baseline 0.006 -23"><span class='ocrx_word' id='word_1_164' title='bbox 1802 984 1965 1038; x_wconf 88' lang='lat' dir='ltr'><strong>quam</strong></span> <span class='ocrx_word' id='word_1_165' title='bbox 2000 970 2322 1039; x_wconf 88' lang='lat' dir='ltr'><strong>desumptus</strong></span> <span class='ocrx_word' id='word_1_166' title='bbox 2350 986 2417 1026; x_wconf 86' lang='lat' dir='ltr'><strong>ex</strong></span> <span class='ocrx_word' id='word_1_167' title='bbox 2466 971 2572 1026; x_wconf 86' lang='lat' dir='ltr'><strong>alio</strong></span> <span class='ocrx_word' id='word_1_168' title='bbox 2622 974 2850 1029; x_wconf 89' lang='lat' dir='ltr'><strong>omnino</strong></span> <span class='ocrx_word' id='word_1_169' title='bbox 2900 984 3156 1038; x_wconf 86' lang='lat' dir='ltr'><strong>auctore;</strong></span> <span class='ocrx_word' id='word_1_170' title='bbox 3204 976 3389 1045; x_wconf 87' lang='lat' dir='ltr'><strong>ibique</strong></span> 
     </span>
    </p>
   </div>
   <div class='ocr_carea' id='block_1_23' title="bbox 1804 1058 3393 1134">
    <p class='ocr_par' dir='ltr' id='par_1_23' title="bbox 1804 1058 3393 1134">
     <span class='ocr_line' id='line_1_23' title="bbox 1804 1058 3393 1134; baseline 0.003 -20"><span class='ocrx_word' id='word_1_171' title='bbox 1804 1060 1859 1114; x_wconf 92' lang='lat' dir='ltr'><strong>in</strong></span> <span class='ocrx_word' id='word_1_172' title='bbox 1902 1059 2009 1115; x_wconf 83' lang='lat' dir='ltr'><strong>fine</strong></span> <span class='ocrx_word' id='word_1_173' title='bbox 2042 1058 2276 1130; x_wconf 72' lang='lat' dir='ltr'><strong>(p.120)</strong></span> <span class='ocrx_word' id='word_1_174' title='bbox 2338 1062 2514 1116; x_wconf 86' lang='lat' dir='ltr'><strong>Alexii</strong></span> <span class='ocrx_word' id='word_1_175' title='bbox 2563 1063 2913 1134; x_wconf 85' lang='lat' dir='ltr'><strong>imperatoris</strong></span> <span class='ocrx_word' id='word_1_176' title='bbox 2961 1082 3085 1119; x_wconf 92' lang='lat' dir='ltr'><strong>cum</strong></span> <span class='ocrx_word' id='word_1_177' title='bbox 3129 1065 3393 1119; x_wconf 80' lang='lat' dir='ltr'><strong>Mediola-</strong></span> 
     </span>
    </p>
   </div>
   <div class='ocr_carea' id='block_1_24' title="bbox 1804 1152 3387 1227">
    <p class='ocr_par' dir='ltr' id='par_1_24' title="bbox 1804 1152 3387 1227">
     <span class='ocr_line' id='line_1_24' title="bbox 1804 1152 3387 1227; baseline 0.004 -20"><span class='ocrx_word' id='word_1_178' title='bbox 1804 1152 1961 1207; x_wconf 89' lang='lat' dir='ltr'><strong>nensi</strong></span> <span class='ocrx_word' id='word_1_179' title='bbox 2004 1152 2251 1207; x_wconf 70' lang='lat' dir='ltr'><strong>antistite</strong></span> <span class='ocrx_word' id='word_1_180' title='bbox 2302 1153 2635 1224; x_wconf 87' lang='lat' dir='ltr'><strong>disputantis</strong></span> <span class='ocrx_word' id='word_1_181' title='bbox 2685 1156 2831 1225; x_wconf 61' lang='lat' dir='ltr'><strong>(saec.</strong></span> <span class='ocrx_word' id='word_1_182' title='bbox 2889 1163 2984 1227; x_wconf 85' lang='lat' dir='ltr'><strong>xu)</strong></span> <span class='ocrx_word' id='word_1_183' title='bbox 3042 1157 3101 1211; x_wconf 78' lang='lat' dir='ltr'><strong>fit</strong></span> <span class='ocrx_word' id='word_1_184' title='bbox 3160 1159 3387 1213; x_wconf 89' lang='lat' dir='ltr'><strong>mentio.</strong></span> 
     </span>
    </p>
   </div>
   <div class='ocr_carea' id='block_1_25' title="bbox 1804 1243 3391 1318">
    <p class='ocr_par' dir='ltr' id='par_1_25' title="bbox 1804 1243 3391 1318">
     <span class='ocr_line' id='line_1_25' title="bbox 1804 1243 3391 1318; baseline 0.004 -21"><span class='ocrx_word' id='word_1_185' title='bbox 1804 1244 1969 1307; x_wconf 89' lang='lat' dir='ltr'><strong>Sane,</strong></span> <span class='ocrx_word' id='word_1_186' title='bbox 2004 1243 2084 1298; x_wconf 86' lang='lat' dir='ltr'><strong>uti</strong></span> <span class='ocrx_word' id='word_1_187' title='bbox 2119 1252 2327 1309; x_wconf 83' lang='lat' dir='ltr'><strong>exstat,</strong></span> <span class='ocrx_word' id='word_1_188' title='bbox 2375 1254 2574 1299; x_wconf 90' lang='lat' dir='ltr'><strong>neuter</strong></span> <span class='ocrx_word' id='word_1_189' title='bbox 2617 1254 2801 1301; x_wconf 83' lang='lat' dir='ltr'><strong>textus</strong></span> <span class='ocrx_word' id='word_1_190' title='bbox 2834 1247 2902 1302; x_wconf 92' lang='lat' dir='ltr'><strong>ad</strong></span> <span class='ocrx_word' id='word_1_191' title='bbox 2938 1247 3115 1302; x_wconf 88' lang='lat' dir='ltr'><strong>Photii</strong></span> <span class='ocrx_word' id='word_1_192' title='bbox 3148 1257 3391 1318; x_wconf 89' lang='lat' dir='ltr'><strong>tempora</strong></span> 
     </span>
    </p>
   </div>
   <div class='ocr_carea' id='block_1_26' title="bbox 1803 1336 3390 1411">
    <p class='ocr_par' dir='ltr' id='par_1_26' title="bbox 1803 1336 3390 1411">
     <span class='ocr_line' id='line_1_26' title="bbox 1803 1336 3390 1411; baseline 0.003 -21"><span class='ocrx_word' id='word_1_193' title='bbox 1803 1336 2085 1407; x_wconf 85' lang='lat' dir='ltr'><strong>pertingit,</strong></span> <span class='ocrx_word' id='word_1_194' title='bbox 2118 1352 2222 1392; x_wconf 90' lang='lat' dir='ltr'><strong>nec</strong></span> <span class='ocrx_word' id='word_1_195' title='bbox 2259 1336 2379 1392; x_wconf 90' lang='lat' dir='ltr'><strong>sine</strong></span> <span class='ocrx_word' id='word_1_196' title='bbox 2436 1339 2650 1393; x_wconf 85' lang='lat' dir='ltr'><strong>ratione</strong></span> <span class='ocrx_word' id='word_1_197' title='bbox 2695 1336 2888 1393; x_wconf 73' lang='lat' dir='ltr'><strong>totum&#39;</strong></span> <span class='ocrx_word' id='word_1_198' title='bbox 2910 1340 3178 1404; x_wconf 89' lang='lat' dir='ltr'><strong>libellum,</strong></span> <span class='ocrx_word' id='word_1_199' title='bbox 3208 1342 3301 1411; x_wconf 90' lang='lat' dir='ltr'><strong>qui</strong></span> <span class='ocrx_word' id='word_1_200' title='bbox 3338 1341 3390 1394; x_wconf 91' lang='lat' dir='ltr'><strong>in</strong></span> 
     </span>
    </p>
   </div>
   <div class='ocr_carea' id='block_1_27' title="bbox 1806 1430 3392 1505">
    <p class='ocr_par' dir='ltr' id='par_1_27' title="bbox 1806 1430 3392 1505">
     <span class='ocr_line' id='line_1_27' title="bbox 1806 1430 3392 1505; baseline 0.003 -22"><span class='ocrx_word' id='word_1_201' title='bbox 1806 1444 1939 1484; x_wconf 91' lang='lat' dir='ltr'><strong>mss.</strong></span> <span class='ocrx_word' id='word_1_202' title='bbox 1989 1430 2314 1501; x_wconf 88' lang='lat' dir='ltr'><strong>plerumque</strong></span> <span class='ocrx_word' id='word_1_203' title='bbox 2355 1447 2383 1486; x_wconf 90' lang='lat' dir='ltr'><strong>a</strong></span> <span class='ocrx_word' id='word_1_204' title='bbox 2414 1431 2594 1486; x_wconf 89' lang='lat' dir='ltr'><strong>Photii</strong></span> <span class='ocrx_word' id='word_1_205' title='bbox 2626 1432 2889 1502; x_wconf 88' lang='lat' dir='ltr'><strong>operibus</strong></span> <span class='ocrx_word' id='word_1_206' title='bbox 2921 1434 3203 1505; x_wconf 79' lang='lat' dir='ltr'><strong>sejunctas</strong></span> <span class='ocrx_word' id='word_1_207' title='bbox 3238 1450 3392 1490; x_wconf 80' lang='lat' dir='ltr'><strong>com-</strong></span> 
     </span>
    </p>
   </div>
   <div class='ocr_carea' id='block_1_28' title="bbox 1804 1524 3393 1596">
    <p class='ocr_par' dir='ltr' id='par_1_28' title="bbox 1804 1524 3393 1596">
     <span class='ocr_line' id='line_1_28' title="bbox 1804 1524 3393 1596; baseline 0.004 -22"><span class='ocrx_word' id='word_1_208' title='bbox 1804 1532 1982 1592; x_wconf 86' lang='lat' dir='ltr'><strong>paret,</strong></span> <span class='ocrx_word' id='word_1_209' title='bbox 2015 1531 2070 1577; x_wconf 90' lang='lat' dir='ltr'><strong>et</strong></span> <span class='ocrx_word' id='word_1_210' title='bbox 2103 1524 2254 1589; x_wconf 87' lang='lat' dir='ltr'><strong>alibi,</strong></span> <span class='ocrx_word' id='word_1_211' title='bbox 2302 1525 2466 1578; x_wconf 88' lang='lat' dir='ltr'><strong>etiam</strong></span> <span class='ocrx_word' id='word_1_212' title='bbox 2497 1525 2677 1594; x_wconf 87' lang='lat' dir='ltr'><strong>quoad</strong></span> <span class='ocrx_word' id='word_1_213' title='bbox 2719 1525 2961 1596; x_wconf 87' lang='lat' dir='ltr'><strong>priorem</strong></span> <span class='ocrx_word' id='word_1_214' title='bbox 3006 1535 3236 1596; x_wconf 90' lang='lat' dir='ltr'><strong>partem,</strong></span> <span class='ocrx_word' id='word_1_215' title='bbox 3290 1527 3393 1581; x_wconf 88' lang='lat' dir='ltr'><strong>sub</strong></span> 
     </span>
    </p>
   </div>
   <div class='ocr_carea' id='block_1_29' title="bbox 1805 1615 3393 1689">
    <p class='ocr_par' dir='ltr' id='par_1_29' title="bbox 1805 1615 3393 1689">
     <span class='ocr_line' id='line_1_29' title="bbox 1805 1615 3393 1689; baseline 0.002 -19"><span class='ocrx_word' id='word_1_216' title='bbox 1805 1616 2013 1671; x_wconf 82' lang='lat' dir='ltr'><strong>Nicolai</strong></span> <span class='ocrx_word' id='word_1_217' title='bbox 2046 1615 2422 1672; x_wconf 79' lang='lat' dir='ltr'><strong>Methonensis</strong></span> <span class='ocrx_word' id='word_1_218' title='bbox 2464 1619 2689 1673; x_wconf 91' lang='lat' dir='ltr'><strong>nomine</strong></span> <span class='ocrx_word' id='word_1_219' title='bbox 2721 1619 2904 1689; x_wconf 91' lang='lat' dir='ltr'><strong>prodit</strong></span> <span class='ocrx_word' id='word_1_220' title='bbox 2947 1619 3084 1689; x_wconf 79' lang='grc'>(55),</span> <span class='ocrx_word' id='word_1_221' title='bbox 3116 1620 3393 1689; x_wconf 86' lang='lat' dir='ltr'><strong>epitomen</strong></span> 
     </span>
    </p>
   </div>
   <div class='ocr_carea' id='block_1_30' title="bbox 1807 1708 3396 1780">
    <p class='ocr_par' dir='ltr' id='par_1_30' title="bbox 1807 1708 3396 1780">
     <span class='ocr_line' id='line_1_30' title="bbox 1807 1708 3396 1780; baseline 0.002 -17"><span class='ocrx_word' id='word_1_222' title='bbox 1807 1718 1863 1763; x_wconf 91' lang='lat' dir='ltr'><strong>et</strong></span> <span class='ocrx_word' id='word_1_223' title='bbox 1894 1709 2155 1779; x_wconf 73' lang='lat' dir='ltr'><strong>synopsin</strong></span> <span class='ocrx_word' id='word_1_224' title='bbox 2201 1724 2265 1763; x_wconf 83' lang='lat' dir='ltr'><strong>ex</strong></span> <span class='ocrx_word' id='word_1_225' title='bbox 2304 1708 2485 1764; x_wconf 86' lang='lat' dir='ltr'><strong>Photii</strong></span> <span class='ocrx_word' id='word_1_226' title='bbox 2540 1708 3007 1780; x_wconf 88' lang='lat' dir='ltr'><strong>disputationibus</strong></span> <span class='ocrx_word' id='word_1_227' title='bbox 3061 1711 3292 1766; x_wconf 83' lang='lat' dir='ltr'><strong>fortasse</strong></span> <span class='ocrx_word' id='word_1_228' title='bbox 3327 1713 3396 1766; x_wconf 87' lang='lat' dir='ltr'><strong>ab</strong></span> 
     </span>
    </p>
   </div>
   <div class='ocr_carea' id='block_1_31' title="bbox 1809 1798 3395 1871">
    <p class='ocr_par' dir='ltr' id='par_1_31' title="bbox 1809 1798 3395 1871">
     <span class='ocr_line' id='line_1_31' title="bbox 1809 1798 3395 1871; baseline 0.002 -17"><span class='ocrx_word' id='word_1_229' title='bbox 1809 1800 2004 1855; x_wconf 90' lang='lat' dir='ltr'><strong>eodem</strong></span> <span class='ocrx_word' id='word_1_230' title='bbox 2054 1798 2282 1855; x_wconf 84' lang='lat' dir='ltr'><strong>Nicolao</strong></span> <span class='ocrx_word' id='word_1_231' title='bbox 2334 1801 2674 1855; x_wconf 85' lang='lat' dir='ltr'><strong>elaboratam</strong></span> <span class='ocrx_word' id='word_1_232' title='bbox 2727 1801 2962 1857; x_wconf 87' lang='lat' dir='ltr'><strong>diceres.</strong></span> <span class='ocrx_word' id='word_1_233' title='bbox 3004 1799 3193 1871; x_wconf 80' lang='lat' dir='ltr'><strong>Neque</strong></span> <span class='ocrx_word' id='word_1_234' title='bbox 3243 1802 3395 1857; x_wconf 82' lang='lat' dir='ltr'><strong>Wal—</strong></span> 
     </span>
    </p>
   </div>
   <div class='ocr_carea' id='block_1_32' title="bbox 168 1891 3395 1963">
    <p class='ocr_par' dir='ltr' id='par_1_32' title="bbox 168 1891 3395 1963">
     <span class='ocr_line' id='line_1_32' title="bbox 168 1891 3395 1963; baseline -0 -16"><span class='ocrx_word' id='word_1_235' title='bbox 168 1893 391 1947; x_wconf 76' lang='lat' dir='ltr'><strong>Walachia</strong></span> <span class='ocrx_word' id='word_1_236' title='bbox 419 1892 776 1963; x_wconf 84' lang='lat' dir='ltr'><strong>publicatam,</strong></span> <span class='ocrx_word' id='word_1_237' title='bbox 808 1906 930 1960; x_wconf 71' lang='lat' dir='ltr'><strong>quae</strong></span> <span class='ocrx_word' id='word_1_238' title='bbox 961 1906 1068 1945; x_wconf 88' lang='lat' dir='ltr'><strong>una</strong></span> <span class='ocrx_word' id='word_1_239' title='bbox 1094 1892 1241 1946; x_wconf 89' lang='lat' dir='ltr'><strong>hunc</strong></span> <span class='ocrx_word' id='word_1_240' title='bbox 1264 1891 1482 1945; x_wconf 88' lang='lat' dir='ltr'><strong>titulum</strong></span> <span class='ocrx_word' id='word_1_241' title='bbox 1510 1900 1703 1946; x_wconf 90' lang='lat' dir='ltr'><strong>contra</strong></span> <span class='ocrx_word' id='word_1_242' title='bbox 1739 1891 1777 1946; x_wconf 89' lang='grc' dir='ltr'>Β</span> <span class='ocrx_word' id='word_1_243' title='bbox 1807 1894 1995 1949; x_wconf 90' lang='lat' dir='ltr'><strong>chium</strong></span> <span class='ocrx_word' id='word_1_244' title='bbox 2044 1903 2101 1948; x_wconf 90' lang='lat' dir='ltr'><strong>et</strong></span> <span class='ocrx_word' id='word_1_245' title='bbox 2147 1892 2456 1948; x_wconf 88' lang='lat' dir='ltr'><strong>Fabricium</strong></span> <span class='ocrx_word' id='word_1_246' title='bbox 2512 1900 2703 1948; x_wconf 90' lang='lat' dir='ltr'><strong>contra</strong></span> <span class='ocrx_word' id='word_1_247' title='bbox 2755 1893 3015 1947; x_wconf 88' lang='lat' dir='ltr'><strong>Allatium</strong></span> <span class='ocrx_word' id='word_1_248' title='bbox 3049 1893 3395 1947; x_wconf 86' lang='lat' dir='ltr'><strong>authentiam</strong></span> 
     </span>
    </p>
   </div>
   <div class='ocr_carea' id='block_1_33' title="bbox 169 1983 1700 2055">
    <p class='ocr_par' dir='ltr' id='par_1_33' title="bbox 169 1983 1700 2055">
     <span class='ocr_line' id='line_1_33' title="bbox 169 1983 1700 2055; baseline -0.001 -16"><span class='ocrx_word' id='word_1_249' title='bbox 169 1986 343 2040; x_wconf 65' lang='lat' dir='ltr'><strong>Latinos</strong></span> <span class='ocrx_word' id='word_1_250' title='bbox 388 1985 569 2040; x_wconf 64' lang='lat' dir='ltr'><strong>Graece</strong></span> <span class='ocrx_word' id='word_1_251' title='bbox 620 1984 846 2039; x_wconf 76' lang='lat' dir='ltr'><strong>exhibet</strong></span> <span class='ocrx_word' id='word_1_252' title='bbox 880 1984 1017 2055; x_wconf 71' lang='lat'><strong>(52),</strong></span> <span class='ocrx_word' id='word_1_253' title='bbox 1058 1983 1150 2038; x_wconf 92' lang='lat' dir='ltr'><strong>diu</strong></span> <span class='ocrx_word' id='word_1_254' title='bbox 1185 1983 1387 2039; x_wconf 79' lang='lat' dir='ltr'><strong>frustra</strong></span> <span class='ocrx_word' id='word_1_255' title='bbox 1416 1984 1700 2054; x_wconf 76' lang='lat' dir='ltr'><strong>quaesitam</strong></span> 
     </span>
    </p>
   </div>
   <div class='ocr_carea' id='block_1_34' title="bbox 169 2074 1702 2145">
    <p class='ocr_par' dir='ltr' id='par_1_34' title="bbox 169 2074 1702 2145">
     <span class='ocr_line' id='line_1_34' title="bbox 169 2074 1702 2145; baseline 0 -15"><span class='ocrx_word' id='word_1_256' title='bbox 169 2078 338 2132; x_wconf 81' lang='lat' dir='ltr'><strong>tandem</strong></span> <span class='ocrx_word' id='word_1_257' title='bbox 381 2074 719 2131; x_wconf 74' lang='lat' dir='ltr'><strong>Vindobonte</strong></span> <span class='ocrx_word' id='word_1_258' title='bbox 769 2075 984 2145; x_wconf 80' lang='lat' dir='ltr'><strong>inspexi</strong></span> <span class='ocrx_word' id='word_1_259' title='bbox 1014 2083 1221 2130; x_wconf 90' lang='lat' dir='ltr'><strong>etcum</strong></span> <span class='ocrx_word' id='word_1_260' title='bbox 1278 2075 1557 2131; x_wconf 89' lang='lat' dir='ltr'><strong>nonnullis</strong></span> <span class='ocrx_word' id='word_1_261' title='bbox 1584 2076 1702 2130; x_wconf 75' lang='lat' dir='ltr'><strong>Ca:-</strong></span> 
     </span>
    </p>
   </div>
   <div class='ocr_carea' id='block_1_35' title="bbox 170 2166 1703 2238">
    <p class='ocr_par' dir='ltr' id='par_1_35' title="bbox 170 2166 1703 2238">
     <span class='ocr_line' id='line_1_35' title="bbox 170 2166 1703 2238; baseline -0.001 -16"><span class='ocrx_word' id='word_1_262' title='bbox 170 2185 298 2223; x_wconf 68' lang='lat' dir='ltr'><strong>sareaa</strong></span> <span class='ocrx_word' id='word_1_263' title='bbox 339 2169 684 2233; x_wconf 67' lang='lat' dir='ltr'><strong>bibliotheca:</strong></span> <span class='ocrx_word' id='word_1_264' title='bbox 739 2184 873 2224; x_wconf 87' lang='lat' dir='ltr'><strong>mss.</strong></span> <span class='ocrx_word' id='word_1_265' title='bbox 914 2168 1142 2224; x_wconf 91' lang='lat' dir='ltr'><strong>contuli.</strong></span> <span class='ocrx_word' id='word_1_266' title='bbox 1175 2167 1231 2221; x_wconf 92' lang='lat' dir='ltr'><strong>Id</strong></span> <span class='ocrx_word' id='word_1_267' title='bbox 1267 2166 1323 2221; x_wconf 91' lang='lat' dir='ltr'><strong>in</strong></span> <span class='ocrx_word' id='word_1_268' title='bbox 1358 2168 1550 2238; x_wconf 89' lang='lat' dir='ltr'><strong>primis</strong></span> <span class='ocrx_word' id='word_1_269' title='bbox 1581 2168 1703 2222; x_wconf 90' lang='lat' dir='ltr'><strong>ani-</strong></span> 
     </span>
    </p>
   </div>
   <div class='ocr_carea' id='block_1_36' title="bbox 174 2253 1705 2332">
    <p class='ocr_par' dir='ltr' id='par_1_36' title="bbox 174 2253 1705 2332">
     <span class='ocr_line' id='line_1_36' title="bbox 174 2253 1705 2332; baseline -0.002 -15"><span class='ocrx_word' id='word_1_270' title='bbox 174 2253 403 2329; x_wconf 78' lang='lat' dir='ltr'><strong>madverti,</strong></span> <span class='ocrx_word' id='word_1_271' title='bbox 442 2280 553 2318; x_wconf 91' lang='lat' dir='ltr'><strong>non</strong></span> <span class='ocrx_word' id='word_1_272' title='bbox 588 2273 803 2319; x_wconf 88' lang='lat' dir='ltr'><strong>temere</strong></span> <span class='ocrx_word' id='word_1_273' title='bbox 831 2262 1092 2318; x_wconf 85' lang='lat' dir='ltr'><strong>Allatium</strong></span> <span class='ocrx_word' id='word_1_274' title='bbox 1128 2262 1293 2331; x_wconf 89' lang='lat' dir='ltr'><strong>hujus</strong></span> <span class='ocrx_word' id='word_1_275' title='bbox 1322 2261 1571 2332; x_wconf 91' lang='lat' dir='ltr'><strong>opusculi</strong></span> <span class='ocrx_word' id='word_1_276' title='bbox 1605 2276 1705 2315; x_wconf 58' lang='lat' dir='ltr'><strong>au.</strong></span> 
     </span>
    </p>
   </div>
   <div class='ocr_carea' id='block_1_37' title="bbox 172 2350 1704 2423">
    <p class='ocr_par' dir='ltr' id='par_1_37' title="bbox 172 2350 1704 2423">
     <span class='ocr_line' id='line_1_37' title="bbox 172 2350 1704 2423; baseline 0.001 -18"><span class='ocrx_word' id='word_1_277' title='bbox 172 2354 380 2406; x_wconf 82' lang='lat' dir='ltr'><strong>thentiam</strong></span> <span class='ocrx_word' id='word_1_278' title='bbox 410 2363 723 2423; x_wconf 88' lang='lat' dir='ltr'><strong>suspectam</strong></span> <span class='ocrx_word' id='word_1_279' title='bbox 764 2353 1059 2419; x_wconf 87' lang='lat' dir='ltr'><strong>habuisse,</strong></span> <span class='ocrx_word' id='word_1_280' title='bbox 1109 2351 1375 2422; x_wconf 91' lang='lat' dir='ltr'><strong>illudque,</strong></span> <span class='ocrx_word' id='word_1_281' title='bbox 1417 2350 1461 2406; x_wconf 88' lang='lat' dir='ltr'><strong>si</strong></span> <span class='ocrx_word' id='word_1_282' title='bbox 1513 2367 1704 2407; x_wconf 87' lang='lat' dir='ltr'><strong>revera</strong></span> 
     </span>
    </p>
   </div>
   <div class='ocr_carea' id='block_1_38' title="bbox 172 2441 1702 2513">
    <p class='ocr_par' dir='ltr' id='par_1_38' title="bbox 172 2441 1702 2513">
     <span class='ocr_line' id='line_1_38' title="bbox 172 2441 1702 2513; baseline 0 -16"><span class='ocrx_word' id='word_1_283' title='bbox 172 2442 311 2498; x_wconf 79' lang='lat' dir='ltr'><strong>Photii</strong></span> <span class='ocrx_word' id='word_1_284' title='bbox 340 2444 433 2509; x_wconf 90' lang='lat' dir='ltr'><strong>sit,</strong></span> <span class='ocrx_word' id='word_1_285' title='bbox 496 2444 695 2499; x_wconf 86' lang='lat' dir='ltr'><strong>saltem</strong></span> <span class='ocrx_word' id='word_1_286' title='bbox 750 2444 1142 2513; x_wconf 87' lang='lat' dir='ltr'><strong>interpolatum</strong></span> <span class='ocrx_word' id='word_1_287' title='bbox 1194 2457 1317 2498; x_wconf 90' lang='lat' dir='ltr'><strong>esse</strong></span> <span class='ocrx_word' id='word_1_288' title='bbox 1365 2441 1702 2509; x_wconf 88' lang='lat' dir='ltr'><strong>habendum,</strong></span> 
     </span>
    </p>
   </div>
   <div class='ocr_carea' id='block_1_39' title="bbox 174 2535 1705 2606">
    <p class='ocr_par' dir='ltr' id='par_1_39' title="bbox 174 2535 1705 2606">
     <span class='ocr_line' id='line_1_39' title="bbox 174 2535 1705 2606; baseline 0.001 -17"><span class='ocrx_word' id='word_1_289' title='bbox 174 2536 287 2589; x_wconf 88' lang='lat' dir='ltr'><strong>nullo</strong></span> <span class='ocrx_word' id='word_1_290' title='bbox 314 2551 429 2591; x_wconf 81' lang='lat' dir='ltr'><strong>vero</strong></span> <span class='ocrx_word' id='word_1_291' title='bbox 481 2545 653 2605; x_wconf 90' lang='lat' dir='ltr'><strong>pacto</strong></span> <span class='ocrx_word' id='word_1_292' title='bbox 687 2536 793 2591; x_wconf 92' lang='lat' dir='ltr'><strong>hoc</strong></span> <span class='ocrx_word' id='word_1_293' title='bbox 858 2535 1113 2606; x_wconf 88' lang='lat' dir='ltr'><strong>jejunum</strong></span> <span class='ocrx_word' id='word_1_294' title='bbox 1150 2542 1205 2589; x_wconf 88' lang='lat' dir='ltr'><strong>ct</strong></span> <span class='ocrx_word' id='word_1_295' title='bbox 1255 2535 1395 2590; x_wconf 81' lang='lat' dir='ltr'><strong>exile</strong></span> <span class='ocrx_word' id='word_1_296' title='bbox 1442 2535 1705 2605; x_wconf 89' lang='lat' dir='ltr'><strong>scriptum</strong></span> 
     </span>
    </p>
   </div>
   <div class='ocr_carea' id='block_1_40' title="bbox 175 2627 1707 2698">
    <p class='ocr_par' dir='ltr' id='par_1_40' title="bbox 175 2627 1707 2698">
     <span class='ocr_line' id='line_1_40' title="bbox 175 2627 1707 2698; baseline -0.001 -17"><span class='ocrx_word' id='word_1_297' title='bbox 175 2643 265 2681; x_wconf 86' lang='lat' dir='ltr'><strong>eum</strong></span> <span class='ocrx_word' id='word_1_298' title='bbox 289 2643 433 2698; x_wconf 87' lang='lat' dir='ltr'><strong>opere</strong></span> <span class='ocrx_word' id='word_1_299' title='bbox 458 2627 535 2682; x_wconf 82' lang='lat' dir='ltr'><strong>De</strong></span> <span class='ocrx_word' id='word_1_300' title='bbox 555 2627 793 2698; x_wconf 79' lang='lat' dir='ltr'><strong>Spiritus</strong></span> <span class='ocrx_word' id='word_1_301' title='bbox 820 2628 990 2681; x_wconf 80' lang='lat' dir='ltr'><strong>sancti</strong></span> <span class='ocrx_word' id='word_1_302' title='bbox 1019 2627 1347 2698; x_wconf 82' lang='lat' dir='ltr'><strong>mystagogia</strong></span> <span class='ocrx_word' id='word_1_303' title='bbox 1366 2640 1528 2695; x_wconf 87' lang='lat' dir='ltr'><strong>posse</strong></span> <span class='ocrx_word' id='word_1_304' title='bbox 1550 2641 1707 2680; x_wconf 89' lang='lat' dir='ltr'><strong>com-</strong></span> 
     </span>
    </p>
   </div>
   <div class='ocr_carea' id='block_1_41' title="bbox 178 2716 1707 2790">
    <p class='ocr_par' dir='ltr' id='par_1_41' title="bbox 178 2716 1707 2790">
     <span class='ocr_line' id='line_1_41' title="bbox 178 2716 1707 2790; baseline -0.001 -18"><span class='ocrx_word' id='word_1_305' title='bbox 178 2721 331 2787; x_wconf 75' lang='lat' dir='ltr'><strong>parari.</strong></span> <span class='ocrx_word' id='word_1_306' title='bbox 359 2720 525 2790; x_wconf 85' lang='lat' dir='ltr'><strong>Hujus</strong></span> <span class='ocrx_word' id='word_1_307' title='bbox 577 2720 895 2775; x_wconf 79' lang='lat' dir='ltr'><strong>brevissimi</strong></span> <span class='ocrx_word' id='word_1_308' title='bbox 929 2726 1195 2774; x_wconf 88' lang='lat' dir='ltr'><strong>tractatus</strong></span> <span class='ocrx_word' id='word_1_309' title='bbox 1236 2725 1443 2773; x_wconf 84' lang='lat' dir='ltr'><strong>textum</strong></span> <span class='ocrx_word' id='word_1_310' title='bbox 1480 2716 1707 2771; x_wconf 86' lang='lat' dir='ltr'><strong>editioni</strong></span> 
     </span>
    </p>
   </div>
   <div class='ocr_carea' id='block_1_42' title="bbox 179 2808 1706 2882">
    <p class='ocr_par' dir='ltr' id='par_1_42' title="bbox 179 2808 1706 2882">
     <span class='ocr_line' id='line_1_42' title="bbox 179 2808 1706 2882; baseline -0.002 -18"><span class='ocrx_word' id='word_1_311' title='bbox 179 2826 276 2865; x_wconf 74' lang='lat' dir='ltr'><strong>mea:</strong></span> <span class='ocrx_word' id='word_1_312' title='bbox 303 2812 730 2882; x_wconf 82' lang='lat' dir='ltr'><strong>subjungendum</strong></span> <span class='ocrx_word' id='word_1_313' title='bbox 764 2826 886 2867; x_wconf 88' lang='lat' dir='ltr'><strong>esse</strong></span> <span class='ocrx_word' id='word_1_314' title='bbox 925 2821 1077 2866; x_wconf 89' lang='lat' dir='ltr'><strong>ratus</strong></span> <span class='ocrx_word' id='word_1_315' title='bbox 1106 2825 1250 2875; x_wconf 88' lang='lat' dir='ltr'><strong>sum,</strong></span> <span class='ocrx_word' id='word_1_316' title='bbox 1284 2818 1396 2865; x_wconf 92' lang='lat' dir='ltr'><strong>tum</strong></span> <span class='ocrx_word' id='word_1_317' title='bbox 1444 2808 1574 2879; x_wconf 89' lang='lat' dir='ltr'><strong>quia</strong></span> <span class='ocrx_word' id='word_1_318' title='bbox 1596 2822 1706 2862; x_wconf 91' lang='lat' dir='ltr'><strong>non</strong></span> 
     </span>
    </p>
   </div>
   <div class='ocr_carea' id='block_1_43' title="bbox 180 2900 1710 2981">
    <p class='ocr_par' dir='ltr' id='par_1_43' title="bbox 180 2900 1710 2981">
     <span class='ocr_line' id='line_1_43' title="bbox 180 2900 1710 2981; baseline 0.001 -27"><span class='ocrx_word' id='word_1_319' title='bbox 180 2902 232 2955; x_wconf 82' lang='lat' dir='ltr'><strong>ita</strong></span> <span class='ocrx_word' id='word_1_320' title='bbox 253 2902 386 2958; x_wconf 86' lang='lat' dir='ltr'><strong>facile</strong></span> <span class='ocrx_word' id='word_1_321' title='bbox 411 2905 681 2970; x_wconf 89' lang='lat' dir='ltr'><strong>occurrit,</strong></span> <span class='ocrx_word' id='word_1_322' title='bbox 716 2911 832 2958; x_wconf 89' lang='lat' dir='ltr'><strong>tum</strong></span> <span class='ocrx_word' id='word_1_323' title='bbox 862 2904 992 2974; x_wconf 88' lang='lat' dir='ltr'><strong>quia</strong></span> <span class='ocrx_word' id='word_1_324' title='bbox 1022 2902 1199 2981; x_wconf 86' lang='lat' dir='ltr'><strong>lector</strong></span> <span class='ocrx_word' id='word_1_325' title='bbox 1223 2916 1320 2972; x_wconf 90' lang='lat' dir='ltr'><strong>per</strong></span> <span class='ocrx_word' id='word_1_326' title='bbox 1349 2916 1408 2956; x_wconf 91' lang='lat' dir='ltr'><strong>se</strong></span> <span class='ocrx_word' id='word_1_327' title='bbox 1433 2900 1501 2957; x_wconf 91' lang='lat' dir='ltr'><strong>de</strong></span> <span class='ocrx_word' id='word_1_328' title='bbox 1531 2915 1597 2955; x_wconf 94' lang='lat' dir='ltr'><strong>eo</strong></span> <span class='ocrx_word' id='word_1_329' title='bbox 1619 2900 1710 2971; x_wconf 84' lang='lat' dir='ltr'><strong>ju-</strong></span> 
     </span>
    </p>
   </div>
   <div class='ocr_carea' id='block_1_44' title="bbox 179 2993 1710 3066">
    <p class='ocr_par' dir='ltr' id='par_1_44' title="bbox 179 2993 1710 3066">
     <span class='ocr_line' id='line_1_44' title="bbox 179 2993 1710 3066; baseline 0.001 -20"><span class='ocrx_word' id='word_1_330' title='bbox 179 2993 329 3049; x_wconf 86' lang='lat' dir='ltr'><strong>dicium</strong></span> <span class='ocrx_word' id='word_1_331' title='bbox 349 2995 481 3052; x_wconf 89' lang='lat' dir='ltr'><strong>ferre</strong></span> <span class='ocrx_word' id='word_1_332' title='bbox 521 2996 886 3052; x_wconf 88' lang='lat' dir='ltr'><strong>desiderabit.</strong></span> <span class='ocrx_word' id='word_1_333' title='bbox 926 2996 999 3051; x_wconf 88' lang='lat' dir='ltr'><strong>De</strong></span> <span class='ocrx_word' id='word_1_334' title='bbox 1041 3012 1150 3066; x_wconf 90' lang='lat' dir='ltr'><strong>quo</strong></span> <span class='ocrx_word' id='word_1_335' title='bbox 1174 2994 1443 3066; x_wconf 89' lang='lat' dir='ltr'><strong>opusculo</strong></span> <span class='ocrx_word' id='word_1_336' title='bbox 1472 3008 1710 3064; x_wconf 68' lang='lat' dir='ltr'><strong>prtemo-</strong></span> 
     </span>
    </p>
   </div>
   <div class='ocr_carea' id='block_1_45' title="bbox 180 3084 1710 3167">
    <p class='ocr_par' dir='ltr' id='par_1_45' title="bbox 180 3084 1710 3167">
     <span class='ocr_line' id='line_1_45' title="bbox 180 3084 1710 3167; baseline 0.001 -30"><span class='ocrx_word' id='word_1_337' title='bbox 180 3086 316 3139; x_wconf 80' lang='lat' dir='ltr'><strong>nenda</strong></span> <span class='ocrx_word' id='word_1_338' title='bbox 338 3088 440 3142; x_wconf 74' lang='lat' dir='ltr'><strong>haec</strong></span> <span class='ocrx_word' id='word_1_339' title='bbox 457 3088 743 3143; x_wconf 89' lang='lat' dir='ltr'><strong>existimo.</strong></span> <span class='ocrx_word' id='word_1_340' title='bbox 768 3088 922 3167; x_wconf 84' lang='lat' dir='ltr'><strong>Prior</strong></span> <span class='ocrx_word' id='word_1_341' title='bbox 945 3104 1071 3158; x_wconf 86' lang='lat' dir='ltr'><strong>pars</strong></span> <span class='ocrx_word' id='word_1_342' title='bbox 1096 3088 1167 3157; x_wconf 91' lang='lat' dir='ltr'><strong>(e.</strong></span> <span class='ocrx_word' id='word_1_343' title='bbox 1196 3086 1337 3154; x_wconf 89' lang='lat'><strong>1-8),</strong></span> <span class='ocrx_word' id='word_1_344' title='bbox 1353 3101 1475 3156; x_wconf 66' lang='lat' dir='ltr'><strong>quae</strong></span> <span class='ocrx_word' id='word_1_345' title='bbox 1496 3084 1710 3140; x_wconf 84' lang='lat' dir='ltr'><strong>facilius</strong></span> 
     </span>
    </p>
   </div>
   <div class='ocr_carea' id='block_1_46' title="bbox 179 3177 1711 3250">
    <p class='ocr_par' dir='ltr' id='par_1_46' title="bbox 179 3177 1711 3250">
     <span class='ocr_line' id='line_1_46' title="bbox 179 3177 1711 3250; baseline 0.002 -22"><span class='ocrx_word' id='word_1_346' title='bbox 179 3177 444 3245; x_wconf 63' lang='lat' dir='ltr'><strong>patriarcha:</strong></span> <span class='ocrx_word' id='word_1_347' title='bbox 464 3189 661 3235; x_wconf 86' lang='lat' dir='ltr'><strong>nostro</strong></span> <span class='ocrx_word' id='word_1_348' title='bbox 680 3180 947 3235; x_wconf 89' lang='lat' dir='ltr'><strong>vindicari</strong></span> <span class='ocrx_word' id='word_1_349' title='bbox 977 3189 1178 3250; x_wconf 67' lang='lat' dir='ltr'><strong>potest.</strong></span> <span class='ocrx_word' id='word_1_350' title='bbox 1193 3179 1385 3233; x_wconf 89' lang='lat' dir='ltr'><strong>eodem</strong></span> <span class='ocrx_word' id='word_1_351' title='bbox 1414 3178 1529 3232; x_wconf 88' lang='lat' dir='ltr'><strong>fere</strong></span> <span class='ocrx_word' id='word_1_352' title='bbox 1551 3187 1711 3247; x_wconf 90' lang='lat' dir='ltr'><strong>pacto</strong></span> 
     </span>
    </p>
   </div>
   <div class='ocr_carea' id='block_1_47' title="bbox 1806 1985 3395 2057">
    <p class='ocr_par' dir='ltr' id='par_1_47' title="bbox 1806 1985 3395 2057">
     <span class='ocr_line' id='line_1_47' title="bbox 1806 1985 3395 2057; baseline -0.002 -15"><span class='ocrx_word' id='word_1_353' title='bbox 1806 1986 2055 2057; x_wconf 86' lang='lat' dir='ltr'><strong>Opusculi</strong></span> <span class='ocrx_word' id='word_1_354' title='bbox 2082 1985 2405 2041; x_wconf 87' lang='lat' dir='ltr'><strong>defensuros</strong></span> <span class='ocrx_word' id='word_1_355' title='bbox 2432 1985 2602 2040; x_wconf 90' lang='lat' dir='ltr'><strong>fuisse</strong></span> <span class='ocrx_word' id='word_1_356' title='bbox 2629 1986 2856 2041; x_wconf 90' lang='lat' dir='ltr'><strong>credere</strong></span> <span class='ocrx_word' id='word_1_357' title='bbox 2884 1986 3091 2052; x_wconf 79' lang='lat' dir='ltr'><strong>licebit,</strong></span> <span class='ocrx_word' id='word_1_358' title='bbox 3109 1986 3167 2041; x_wconf 92' lang='lat' dir='ltr'><strong>.si</strong></span> <span class='ocrx_word' id='word_1_359' title='bbox 3194 1986 3395 2039; x_wconf 88' lang='lat' dir='ltr'><strong>librum</strong></span> 
     </span>
    </p>
   </div>
   <div class='ocr_carea' id='block_1_48' title="bbox 1805 2074 3391 2146">
    <p class='ocr_par' dir='ltr' id='par_1_48' title="bbox 1805 2074 3391 2146">
     <span class='ocr_line' id='line_1_48' title="bbox 1805 2074 3391 2146; baseline -0.003 -16"><span class='ocrx_word' id='word_1_360' title='bbox 1805 2076 1885 2130; x_wconf 85' lang='lat' dir='ltr'><strong>De</strong></span> <span class='ocrx_word' id='word_1_361' title='bbox 1911 2075 2115 2144; x_wconf 83' lang='lat' dir='ltr'><strong>Spiritu</strong></span> <span class='ocrx_word' id='word_1_362' title='bbox 2132 2085 2316 2129; x_wconf 84' lang='lat' dir='ltr'><strong>sancto</strong></span> <span class='ocrx_word' id='word_1_363' title='bbox 2343 2091 2491 2134; x_wconf 91' lang='lat' dir='ltr'><strong>nunc</strong></span> <span class='ocrx_word' id='word_1_364' title='bbox 2510 2075 2747 2146; x_wconf 89' lang='lat' dir='ltr'><strong>primum</strong></span> <span class='ocrx_word' id='word_1_365' title='bbox 2775 2075 2983 2130; x_wconf 92' lang='lat' dir='ltr'><strong>editum</strong></span> <span class='ocrx_word' id='word_1_366' title='bbox 3010 2074 3391 2145; x_wconf 88' lang='lat' dir='ltr'><strong>perlegisscnt,</strong></span> 
     </span>
    </p>
   </div>
   <div class='ocr_carea' id='block_1_49' title="bbox 1805 2166 3395 2239">
    <p class='ocr_par' dir='ltr' id='par_1_49' title="bbox 1805 2166 3395 2239">
     <span class='ocr_line' id='line_1_49' title="bbox 1805 2166 3395 2239; baseline -0.002 -17"><span class='ocrx_word' id='word_1_367' title='bbox 1805 2169 1965 2238; x_wconf 89' lang='lat' dir='ltr'><strong>cujus</strong></span> <span class='ocrx_word' id='word_1_368' title='bbox 1986 2167 2239 2239; x_wconf 84' lang='lat' dir='ltr'><strong>synopsis</strong></span> <span class='ocrx_word' id='word_1_369' title='bbox 2265 2175 2319 2221; x_wconf 88' lang='lat' dir='ltr'><strong>et</strong></span> <span class='ocrx_word' id='word_1_370' title='bbox 2340 2167 2578 2238; x_wconf 89' lang='lat' dir='ltr'><strong>cpitome</strong></span> <span class='ocrx_word' id='word_1_371' title='bbox 2605 2166 2658 2222; x_wconf 93' lang='lat' dir='ltr'><strong>in</strong></span> <span class='ocrx_word' id='word_1_372' title='bbox 2695 2167 2800 2222; x_wconf 89' lang='lat' dir='ltr'><strong>hoc</strong></span> <span class='ocrx_word' id='word_1_373' title='bbox 2842 2166 3211 2238; x_wconf 87' lang='lat' dir='ltr'><strong>Euthymiano</strong></span> <span class='ocrx_word' id='word_1_374' title='bbox 3254 2180 3395 2235; x_wconf 85' lang='lat' dir='ltr'><strong>opu-</strong></span> 
     </span>
    </p>
   </div>
   <div class='ocr_carea' id='block_1_50' title="bbox 1806 2259 3396 2329">
    <p class='ocr_par' dir='ltr' id='par_1_50' title="bbox 1806 2259 3396 2329">
     <span class='ocr_line' id='line_1_50' title="bbox 1806 2259 3396 2329; baseline -0.002 -15"><span class='ocrx_word' id='word_1_375' title='bbox 1806 2259 1959 2314; x_wconf 90' lang='lat' dir='ltr'><strong>sculo</strong></span> <span class='ocrx_word' id='word_1_376' title='bbox 2006 2260 2364 2329; x_wconf 82' lang='lat' dir='ltr'><strong>conSpicitur.</strong></span> <span class='ocrx_word' id='word_1_377' title='bbox 2406 2260 2667 2314; x_wconf 84' lang='lat' dir='ltr'><strong>Attamen</strong></span> <span class='ocrx_word' id='word_1_378' title='bbox 2700 2274 2813 2315; x_wconf 93' lang='lat' dir='ltr'><strong>non</strong></span> <span class='ocrx_word' id='word_1_379' title='bbox 2858 2259 3078 2329; x_wconf 89' lang='lat' dir='ltr'><strong>penitus</strong></span> <span class='ocrx_word' id='word_1_380' title='bbox 3124 2272 3396 2329; x_wconf 84' lang='lat' dir='ltr'><strong>repugna-</strong></span> 
     </span>
    </p>
   </div>
   <div class='ocr_carea' id='block_1_51' title="bbox 1806 2348 3394 2419">
    <p class='ocr_par' dir='ltr' id='par_1_51' title="bbox 1806 2348 3394 2419">
     <span class='ocr_line' id='line_1_51' title="bbox 1806 2348 3394 2419; baseline -0.001 -16"><span class='ocrx_word' id='word_1_381' title='bbox 1806 2349 2002 2413; x_wconf 90' lang='lat' dir='ltr'><strong>verim,</strong></span> <span class='ocrx_word' id='word_1_382' title='bbox 2030 2348 2075 2404; x_wconf 91' lang='lat' dir='ltr'><strong>si</strong></span> <span class='ocrx_word' id='word_1_383' title='bbox 2103 2348 2227 2419; x_wconf 90' lang='lat' dir='ltr'><strong>quis</strong></span> <span class='ocrx_word' id='word_1_384' title='bbox 2257 2349 2404 2403; x_wconf 90' lang='lat' dir='ltr'><strong>hunc</strong></span> <span class='ocrx_word' id='word_1_385' title='bbox 2442 2348 2708 2412; x_wconf 90' lang='lat' dir='ltr'><strong>libellum,</strong></span> <span class='ocrx_word' id='word_1_386' title='bbox 2740 2358 2903 2419; x_wconf 89' lang='lat' dir='ltr'><strong>prout</strong></span> <span class='ocrx_word' id='word_1_387' title='bbox 2929 2364 3054 2404; x_wconf 90' lang='lat' dir='ltr'><strong>eum</strong></span> <span class='ocrx_word' id='word_1_388' title='bbox 3095 2349 3250 2418; x_wconf 89' lang='lat' dir='ltr'><strong>juxta</strong></span> <span class='ocrx_word' id='word_1_389' title='bbox 3281 2348 3394 2403; x_wconf 86' lang='lat' dir='ltr'><strong>Eu-</strong></span> 
     </span>
    </p>
   </div>
   <div class='ocr_carea' id='block_1_52' title="bbox 1810 2442 3397 2515">
    <p class='ocr_par' dir='ltr' id='par_1_52' title="bbox 1810 2442 3397 2515">
     <span class='ocr_line' id='line_1_52' title="bbox 1810 2442 3397 2515; baseline 0.001 -17"><span class='ocrx_word' id='word_1_390' title='bbox 1810 2442 2075 2515; x_wconf 87' lang='lat' dir='ltr'><strong>thymium</strong></span> <span class='ocrx_word' id='word_1_391' title='bbox 2106 2444 2168 2496; x_wconf 97' lang='grc'><strong>15</strong></span> <span class='ocrx_word' id='word_1_392' title='bbox 2187 2444 2443 2515; x_wconf 90' lang='lat' dir='ltr'><strong>capitulis</strong></span> <span class='ocrx_word' id='word_1_393' title='bbox 2466 2444 2787 2499; x_wconf 90' lang='lat' dir='ltr'><strong>distinctum</strong></span> <span class='ocrx_word' id='word_1_394' title='bbox 2812 2459 3031 2500; x_wconf 91' lang='lat' dir='ltr'><strong>rursum</strong></span> <span class='ocrx_word' id='word_1_395' title='bbox 3055 2444 3397 2515; x_wconf 88' lang='lat' dir='ltr'><strong>publicamus</strong></span> 
     </span>
    </p>
   </div>
   <div class='ocr_carea' id='block_1_53' title="bbox 1809 2534 3394 2607">
    <p class='ocr_par' dir='ltr' id='par_1_53' title="bbox 1809 2534 3394 2607">
     <span class='ocr_line' id='line_1_53' title="bbox 1809 2534 3394 2607; baseline 0 -18"><span class='ocrx_word' id='word_1_396' title='bbox 1809 2535 1886 2605; x_wconf 91' lang='lat' dir='ltr'><strong>(p.</strong></span> <span class='ocrx_word' id='word_1_397' title='bbox 1936 2534 2226 2605; x_wconf 77' lang='lat'><strong>113-117),</strong></span> <span class='ocrx_word' id='word_1_398' title='bbox 2289 2536 2531 2606; x_wconf 90' lang='lat' dir='ltr'><strong>potiusa</strong></span> <span class='ocrx_word' id='word_1_399' title='bbox 2561 2536 2836 2607; x_wconf 85' lang='lat' dir='ltr'><strong>sequioris</strong></span> <span class='ocrx_word' id='word_1_400' title='bbox 2888 2538 2988 2592; x_wconf 75' lang='lat' dir='ltr'><strong>:evi</strong></span> <span class='ocrx_word' id='word_1_401' title='bbox 3041 2538 3263 2592; x_wconf 88' lang='lat' dir='ltr'><strong>homine</strong></span> <span class='ocrx_word' id='word_1_402' title='bbox 3304 2536 3394 2591; x_wconf 86' lang='lat' dir='ltr'><strong>illa</strong></span> 
     </span>
    </p>
   </div>
   <div class='ocr_carea' id='block_1_54' title="bbox 1808 2626 3397 2700">
    <p class='ocr_par' dir='ltr' id='par_1_54' title="bbox 1808 2626 3397 2700">
     <span class='ocr_line' id='line_1_54' title="bbox 1808 2626 3397 2700; baseline 0.002 -21"><span class='ocrx_word' id='word_1_403' title='bbox 1808 2628 2169 2697; x_wconf 85' lang='lat' dir='ltr'><strong>paragrapho,</strong></span> <span class='ocrx_word' id='word_1_404' title='bbox 2210 2642 2332 2696; x_wconf 79' lang='lat' dir='ltr'><strong>quae</strong></span> <span class='ocrx_word' id='word_1_405' title='bbox 2371 2628 2438 2683; x_wconf 90' lang='lat' dir='ltr'><strong>de</strong></span> <span class='ocrx_word' id='word_1_406' title='bbox 2470 2626 2659 2699; x_wconf 78' lang='lat' dir='ltr'><strong>Sergio</strong></span> <span class='ocrx_word' id='word_1_407' title='bbox 2683 2629 2814 2700; x_wconf 84' lang='lat' dir='ltr'><strong>agit,</strong></span> <span class='ocrx_word' id='word_1_408' title='bbox 2844 2628 3261 2699; x_wconf 89' lang='lat' dir='ltr'><strong>locupletatum,</strong></span> <span class='ocrx_word' id='word_1_409' title='bbox 3284 2644 3397 2684; x_wconf 89' lang='lat' dir='ltr'><strong>non</strong></span> 
     </span>
    </p>
   </div>
   <div class='ocr_carea' id='block_1_55' title="bbox 1810 2717 3397 2788">
    <p class='ocr_par' dir='ltr' id='par_1_55' title="bbox 1810 2717 3397 2788">
     <span class='ocr_line' id='line_1_55' title="bbox 1810 2717 3397 2788; baseline 0.002 -17"><span class='ocrx_word' id='word_1_410' title='bbox 1810 2732 1943 2771; x_wconf 87' lang='lat' dir='ltr'><strong>vero</strong></span> <span class='ocrx_word' id='word_1_411' title='bbox 1964 2717 2190 2787; x_wconf 86' lang='lat' dir='ltr'><strong>penitus</strong></span> <span class='ocrx_word' id='word_1_412' title='bbox 2226 2717 2431 2772; x_wconf 88' lang='lat' dir='ltr'><strong>celebri</strong></span> <span class='ocrx_word' id='word_1_413' title='bbox 2459 2719 2790 2788; x_wconf 61' lang='lat' dir='ltr'><strong>patriarchae</strong></span> <span class='ocrx_word' id='word_1_414' title='bbox 2814 2719 3245 2788; x_wconf 83' lang='lat' dir='ltr'><strong>abjudicandum</strong></span> <span class='ocrx_word' id='word_1_415' title='bbox 3264 2734 3397 2774; x_wconf 84' lang='lat' dir='ltr'><strong>con-</strong></span> 
     </span>
    </p>
   </div>
   <div class='ocr_carea' id='block_1_56' title="bbox 1811 2807 3401 2866">
    <p class='ocr_par' dir='ltr' id='par_1_56' title="bbox 1811 2807 3401 2866">
     <span class='ocr_line' id='line_1_56' title="bbox 1811 2807 3401 2866; baseline 0.003 -4"><span class='ocrx_word' id='word_1_416' title='bbox 1811 2807 2007 2862; x_wconf 88' lang='lat' dir='ltr'><strong>suerit.</strong></span> <span class='ocrx_word' id='word_1_417' title='bbox 2034 2808 2235 2863; x_wconf 85' lang='lat' dir='ltr'><strong>Photio</strong></span> <span class='ocrx_word' id='word_1_418' title='bbox 2263 2809 2410 2864; x_wconf 89' lang='lat' dir='ltr'><strong>enim</strong></span> <span class='ocrx_word' id='word_1_419' title='bbox 2444 2810 2599 2864; x_wconf 90' lang='lat' dir='ltr'><strong>illum</strong></span> <span class='ocrx_word' id='word_1_420' title='bbox 2639 2810 2992 2866; x_wconf 87' lang='lat' dir='ltr'><strong>tribuendum</strong></span> <span class='ocrx_word' id='word_1_421' title='bbox 3019 2826 3142 2866; x_wconf 86' lang='lat' dir='ltr'><strong>esse</strong></span> <span class='ocrx_word' id='word_1_422' title='bbox 3168 2810 3401 2866; x_wconf 87' lang='lat' dir='ltr'><strong>suadere</strong></span> 
     </span>
    </p>
   </div>
   <div class='ocr_carea' id='block_1_57' title="bbox 1812 2901 3400 2974">
    <p class='ocr_par' dir='ltr' id='par_1_57' title="bbox 1812 2901 3400 2974">
     <span class='ocr_line' id='line_1_57' title="bbox 1812 2901 3400 2974; baseline 0.003 -19"><span class='ocrx_word' id='word_1_423' title='bbox 1812 2910 2082 2973; x_wconf 88' lang='lat' dir='ltr'><strong>possunt:</strong></span> <span class='ocrx_word' id='word_1_424' title='bbox 2144 2901 2209 2972; x_wconf 92' lang='lat'><strong>1)</strong></span> <span class='ocrx_word' id='word_1_425' title='bbox 2261 2902 2422 2957; x_wconf 90' lang='lat' dir='ltr'><strong>Becci</strong></span> <span class='ocrx_word' id='word_1_426' title='bbox 2498 2912 2665 2972; x_wconf 85' lang='lat' dir='ltr'><strong>atque</strong></span> <span class='ocrx_word' id='word_1_427' title='bbox 2726 2903 3004 2974; x_wconf 84' lang='lat' dir='ltr'><strong>Euthymii</strong></span> <span class='ocrx_word' id='word_1_428' title='bbox 3066 2902 3400 2967; x_wconf 84' lang='lat' dir='ltr'><strong>auctoritas,</strong></span> 
     </span>
    </p>
   </div>
   <div class='ocr_carea' id='block_1_58' title="bbox 1814 2995 3401 3066">
    <p class='ocr_par' dir='ltr' id='par_1_58' title="bbox 1814 2995 3401 3066">
     <span class='ocr_line' id='line_1_58' title="bbox 1814 2995 3401 3066; baseline 0.001 -17"><span class='ocrx_word' id='word_1_429' title='bbox 1814 3002 1929 3049; x_wconf 89' lang='lat' dir='ltr'><strong>tum</strong></span> <span class='ocrx_word' id='word_1_430' title='bbox 1957 2995 2014 3065; x_wconf 76' lang='lat'><strong>‘2)</strong></span> <span class='ocrx_word' id='word_1_431' title='bbox 2058 3003 2187 3049; x_wconf 90' lang='lat' dir='ltr'><strong>nota</strong></span> <span class='ocrx_word' id='word_1_432' title='bbox 2218 2995 2398 3051; x_wconf 89' lang='lat' dir='ltr'><strong>Photii</strong></span> <span class='ocrx_word' id='word_1_433' title='bbox 2425 2995 2480 3049; x_wconf 91' lang='lat' dir='ltr'><strong>in</strong></span> <span class='ocrx_word' id='word_1_434' title='bbox 2509 2997 2613 3051; x_wconf 90' lang='lat' dir='ltr'><strong>hac</strong></span> <span class='ocrx_word' id='word_1_435' title='bbox 2645 2997 2875 3051; x_wconf 87' lang='lat' dir='ltr'><strong>materia</strong></span> <span class='ocrx_word' id='word_1_436' title='bbox 2904 2996 3055 3051; x_wconf 90' lang='lat' dir='ltr'><strong>varie</strong></span> <span class='ocrx_word' id='word_1_437' title='bbox 3074 2995 3401 3066; x_wconf 82' lang='lat' dir='ltr'><strong>expolienda</strong></span> 
     </span>
    </p>
   </div>
   <div class='ocr_carea' id='block_1_59' title="bbox 1814 3088 3404 3158">
    <p class='ocr_par' dir='ltr' id='par_1_59' title="bbox 1814 3088 3404 3158">
     <span class='ocr_line' id='line_1_59' title="bbox 1814 3088 3404 3158; baseline 0.002 -17"><span class='ocrx_word' id='word_1_438' title='bbox 1814 3088 2078 3143; x_wconf 88' lang='lat' dir='ltr'><strong>sedulitas</strong></span> <span class='ocrx_word' id='word_1_439' title='bbox 2103 3088 2331 3158; x_wconf 89' lang='lat' dir='ltr'><strong>ejusque</strong></span> <span class='ocrx_word' id='word_1_440' title='bbox 2361 3103 2502 3152; x_wconf 90' lang='lat' dir='ltr'><strong>mos,</strong></span> <span class='ocrx_word' id='word_1_441' title='bbox 2524 3088 2688 3147; x_wconf 87' lang='lat' dir='ltr'><strong>modo</strong></span> <span class='ocrx_word' id='word_1_442' title='bbox 2708 3089 2931 3143; x_wconf 87' lang='lat' dir='ltr'><strong>brevius</strong></span> <span class='ocrx_word' id='word_1_443' title='bbox 2956 3089 3120 3144; x_wconf 87' lang='lat' dir='ltr'><strong>modo</strong></span> <span class='ocrx_word' id='word_1_444' title='bbox 3144 3089 3404 3144; x_wconf 90' lang='lat' dir='ltr'><strong>enuclea—</strong></span> 
     </span>
    </p>
   </div>
   <div class='ocr_carea' id='block_1_60' title="bbox 1815 3179 3404 3261">
    <p class='ocr_par' dir='ltr' id='par_1_60' title="bbox 1815 3179 3404 3261">
     <span class='ocr_line' id='line_1_60' title="bbox 1815 3179 3404 3261; baseline 0 -26"><span class='ocrx_word' id='word_1_445' title='bbox 1815 3179 1925 3235; x_wconf 87' lang='lat' dir='ltr'><strong>tius</strong></span> <span class='ocrx_word' id='word_1_446' title='bbox 1951 3179 2141 3235; x_wconf 88' lang='lat' dir='ltr'><strong>eadem</strong></span> <span class='ocrx_word' id='word_1_447' title='bbox 2164 3180 2504 3250; x_wconf 85' lang='lat' dir='ltr'><strong>proferendi,</strong></span> <span class='ocrx_word' id='word_1_448' title='bbox 2531 3190 2648 3235; x_wconf 90' lang='lat' dir='ltr'><strong>tum</strong></span> <span class='ocrx_word' id='word_1_449' title='bbox 2674 3183 2728 3250; x_wconf 90' lang='grc'><strong>5)</strong></span> <span class='ocrx_word' id='word_1_450' title='bbox 2759 3181 3125 3253; x_wconf 88' lang='lat' dir='ltr'><strong>plurimorum</strong></span> <span class='ocrx_word' id='word_1_451' title='bbox 3140 3182 3404 3261; x_wconf 83' lang='lat' dir='ltr'><strong>codicum</strong></span> 
     </span>
    </p>
   </div>
   <div class='ocr_carea' id='block_1_61' title="bbox 179 3253 3407 3343">
    <p class='ocr_par' dir='ltr' id='par_1_61' title="bbox 179 3253 3407 3343">
     <span class='ocr_line' id='line_1_61' title="bbox 179 3253 3407 3343; baseline 0.002 -22"><span class='ocrx_word' id='word_1_452' title='bbox 179 3268 345 3336; x_wconf 74' lang='lat' dir='ltr'><strong>legitur</strong></span> <span class='ocrx_word' id='word_1_453' title='bbox 368 3274 503 3341; x_wconf 86' lang='lat' dir='ltr'><strong>apud</strong></span> <span class='ocrx_word' id='word_1_454' title='bbox 553 3272 606 3328; x_wconf 83' lang='lat' dir='ltr'><strong>J.</strong></span> <span class='ocrx_word' id='word_1_455' title='bbox 645 3272 901 3337; x_wconf 86' lang='lat' dir='ltr'><strong>Beccum,</strong></span> <span class='ocrx_word' id='word_1_456' title='bbox 933 3273 1026 3342; x_wconf 87' lang='lat' dir='ltr'><strong>qui</strong></span> <span class='ocrx_word' id='word_1_457' title='bbox 1053 3272 1254 3326; x_wconf 71' lang='lat' dir='ltr'><strong>sarculo</strong></span> <span class='ocrx_word' id='word_1_458' title='bbox 1280 3288 1399 3338; x_wconf 79' lang='lat' dir='ltr'><strong>xm,</strong></span> <span class='ocrx_word' id='word_1_459' title='bbox 1437 3270 1542 3325; x_wconf 87' lang='lat' dir='ltr'><strong>hoc</strong></span> <span class='ocrx_word' id='word_1_460' title='bbox 1575 3285 1712 3340; x_wconf 89' lang='lat' dir='ltr'><strong>opu-</strong></span> <span class='ocrx_word' id='word_1_461' title='bbox 1736 3253 1781 3316; x_wconf 69' lang='grc' dir='ltr'>Ο</span> <span class='ocrx_word' id='word_1_462' title='bbox 1819 3272 2127 3343; x_wconf 88' lang='lat' dir='ltr'><strong>inscriptio,</strong></span> <span class='ocrx_word' id='word_1_463' title='bbox 2181 3272 2383 3341; x_wconf 90' lang='lat' dir='ltr'><strong>quibus</strong></span> <span class='ocrx_word' id='word_1_464' title='bbox 2435 3270 2474 3326; x_wconf 92' lang='lat' dir='ltr'><strong>ii</strong></span> <span class='ocrx_word' id='word_1_465' title='bbox 2528 3272 2830 3342; x_wconf 72' lang='lat' dir='ltr'><strong>prazvalcre</strong></span> <span class='ocrx_word' id='word_1_466' title='bbox 2880 3272 2971 3326; x_wconf 80' lang='lat' dir='ltr'><strong>vix</strong></span> <span class='ocrx_word' id='word_1_467' title='bbox 3011 3256 3260 3342; x_wconf 85' lang='lat' dir='ltr'><strong>possunt,</strong></span> <span class='ocrx_word' id='word_1_468' title='bbox 3312 3272 3407 3341; x_wconf 88' lang='lat' dir='ltr'><strong>qui</strong></span> 
     </span>
    </p>
   </div>
   <div class='ocr_carea' id='block_1_62' title="bbox 181 3363 1711 3436">
    <p class='ocr_par' dir='ltr' id='par_1_62' title="bbox 181 3363 1711 3436">
     <span class='ocr_line' id='line_1_62' title="bbox 181 3363 1711 3436; baseline 0.002 -22"><span class='ocrx_word' id='word_1_469' title='bbox 181 3363 343 3418; x_wconf 88' lang='lat' dir='ltr'><strong>sculum</strong></span> <span class='ocrx_word' id='word_1_470' title='bbox 368 3363 537 3421; x_wconf 88' lang='lat' dir='ltr'><strong>Photii</strong></span> <span class='ocrx_word' id='word_1_471' title='bbox 571 3367 801 3422; x_wconf 89' lang='lat' dir='ltr'><strong>nomine</strong></span> <span class='ocrx_word' id='word_1_472' title='bbox 852 3365 1171 3436; x_wconf 88' lang='lat' dir='ltr'><strong>insignitum</strong></span> <span class='ocrx_word' id='word_1_473' title='bbox 1204 3365 1563 3421; x_wconf 88' lang='lat' dir='ltr'><strong>refellendum</strong></span> <span class='ocrx_word' id='word_1_474' title='bbox 1606 3364 1711 3419; x_wconf 91' lang='lat' dir='ltr'><strong>sibi</strong></span> 
     </span>
    </p>
   </div>
   <div class='ocr_carea' id='block_1_63' title="bbox 182 3454 1713 3526">
    <p class='ocr_par' dir='ltr' id='par_1_63' title="bbox 182 3454 1713 3526">
     <span class='ocr_line' id='line_1_63' title="bbox 182 3454 1713 3526; baseline 0.001 -20"><span class='ocrx_word' id='word_1_475' title='bbox 182 3457 362 3525; x_wconf 84' lang='lat' dir='ltr'><strong>sumpsit</strong></span> <span class='ocrx_word' id='word_1_476' title='bbox 399 3457 567 3526; x_wconf 82' lang='lat' dir='ltr'><strong>(Orat.</strong></span> <span class='ocrx_word' id='word_1_477' title='bbox 598 3459 665 3512; x_wconf 84' lang='lat' dir='ltr'><strong>de</strong></span> <span class='ocrx_word' id='word_1_478' title='bbox 695 3474 787 3512; x_wconf 87' lang='lat' dir='ltr'><strong>un.</strong></span> <span class='ocrx_word' id='word_1_479' title='bbox 839 3454 986 3510; x_wconf 80' lang='lat' dir='ltr'><strong>Eccl.</strong></span> <span class='ocrx_word' id='word_1_480' title='bbox 1034 3456 1129 3511; x_wconf 78' lang='lat' dir='ltr'><strong>Gr.</strong></span> <span class='ocrx_word' id='word_1_481' title='bbox 1161 3456 1364 3510; x_wconf 83' lang='lat' dir='ltr'><strong>orthod.</strong></span> <span class='ocrx_word' id='word_1_482' title='bbox 1398 3470 1456 3521; x_wconf 86' lang='lat' dir='ltr'><strong>tt,</strong></span> <span class='ocrx_word' id='word_1_483' title='bbox 1490 3470 1543 3525; x_wconf 91' lang='lat' dir='ltr'><strong>p.</strong></span> <span class='ocrx_word' id='word_1_484' title='bbox 1579 3454 1713 3508; x_wconf 69' lang='grc'>154-</span> 
     </span>
    </p>
   </div>
   <div class='ocr_carea' id='block_1_64' title="bbox 1822 3363 3407 3435">
    <p class='ocr_par' dir='ltr' id='par_1_64' title="bbox 1822 3363 3407 3435">
     <span class='ocr_line' id='line_1_64' title="bbox 1822 3363 3407 3435; baseline 0 -17"><span class='ocrx_word' id='word_1_485' title='bbox 1822 3363 2026 3418; x_wconf 82' lang='lat' dir='ltr'><strong>Nicolai</strong></span> <span class='ocrx_word' id='word_1_486' title='bbox 2060 3363 2444 3419; x_wconf 86' lang='lat' dir='ltr'><strong>Methoncnsis</strong></span> <span class='ocrx_word' id='word_1_487' title='bbox 2481 3379 2685 3419; x_wconf 89' lang='lat' dir='ltr'><strong>nomen</strong></span> <span class='ocrx_word' id='word_1_488' title='bbox 2710 3364 2765 3418; x_wconf 92' lang='lat' dir='ltr'><strong>in</strong></span> <span class='ocrx_word' id='word_1_489' title='bbox 2795 3363 2976 3419; x_wconf 89' lang='lat' dir='ltr'><strong>fronte</strong></span> <span class='ocrx_word' id='word_1_490' title='bbox 2998 3371 3235 3435; x_wconf 80' lang='lat' dir='ltr'><strong>gestant,</strong></span> <span class='ocrx_word' id='word_1_491' title='bbox 3265 3378 3407 3433; x_wconf 71' lang='lat' dir='ltr'><strong>prae-</strong></span> 
     </span>
    </p>
   </div>
   <div class='ocr_carea' id='block_1_65' title="bbox 1820 3454 3407 3522">
    <p class='ocr_par' dir='ltr' id='par_1_65' title="bbox 1820 3454 3407 3522">
     <span class='ocr_line' id='line_1_65' title="bbox 1820 3454 3407 3522; baseline 0.001 -13"><span class='ocrx_word' id='word_1_492' title='bbox 1820 3455 2014 3510; x_wconf 88' lang='lat' dir='ltr'><strong>sertim</strong></span> <span class='ocrx_word' id='word_1_493' title='bbox 2042 3471 2167 3510; x_wconf 91' lang='lat' dir='ltr'><strong>eum</strong></span> <span class='ocrx_word' id='word_1_494' title='bbox 2193 3470 2316 3522; x_wconf 65' lang='lat' dir='ltr'><strong>qum</strong></span> <span class='ocrx_word' id='word_1_495' title='bbox 2347 3455 2641 3511; x_wconf 88' lang='lat' dir='ltr'><strong>manifeste</strong></span> <span class='ocrx_word' id='word_1_496' title='bbox 2658 3466 2788 3511; x_wconf 90' lang='lat' dir='ltr'><strong>sunt</strong></span> <span class='ocrx_word' id='word_1_497' title='bbox 2812 3455 3014 3519; x_wconf 79' lang='lat' dir='ltr'><strong>Photii,</strong></span> <span class='ocrx_word' id='word_1_498' title='bbox 3048 3455 3102 3509; x_wconf 91' lang='lat' dir='ltr'><strong>in</strong></span> <span class='ocrx_word' id='word_1_499' title='bbox 3127 3454 3407 3510; x_wconf 91' lang='lat' dir='ltr'><strong>nonnullis</strong></span> 
     </span>
    </p>
   </div>
   <div class='ocr_carea' id='block_1_66' title="bbox 182 3546 3408 3621">
    <p class='ocr_par' dir='ltr' id='par_1_66' title="bbox 182 3546 3408 3621">
     <span class='ocr_line' id='line_1_66' title="bbox 182 3546 3408 3621; baseline 0.001 -21"><span class='ocrx_word' id='word_1_500' title='bbox 182 3547 291 3615; x_wconf 78' lang='lat'><strong>179),</strong></span> <span class='ocrx_word' id='word_1_501' title='bbox 320 3551 449 3619; x_wconf 86' lang='lat' dir='ltr'><strong>apud</strong></span> <span class='ocrx_word' id='word_1_502' title='bbox 479 3550 839 3621; x_wconf 77' lang='lat' dir='ltr'><strong>Euthymium</strong></span> <span class='ocrx_word' id='word_1_503' title='bbox 862 3551 973 3619; x_wconf 85' lang='lat' dir='ltr'><strong>(op.</strong></span> <span class='ocrx_word' id='word_1_504' title='bbox 1008 3549 1105 3605; x_wconf 91' lang='lat' dir='ltr'><strong>cit.</strong></span> <span class='ocrx_word' id='word_1_505' title='bbox 1137 3549 1221 3604; x_wconf 90' lang='lat' dir='ltr'><strong>tit.</strong></span> <span class='ocrx_word' id='word_1_506' title='bbox 1254 3555 1324 3615; x_wconf 82' lang='grc' dir='ltr'><strong>ιγ’</strong></span> <span class='ocrx_word' id='word_1_507' title='bbox 1353 3563 1407 3618; x_wconf 90' lang='lat' dir='ltr'><strong>p.</strong></span> <span class='ocrx_word' id='word_1_508' title='bbox 1442 3547 1548 3619; x_wconf 79' lang='grc' dir='ltr'>ριβ⁹</span> <span class='ocrx_word' id='word_1_509' title='bbox 1573 3546 1713 3618; x_wconf 89' lang='lat' dir='ltr'><strong>seq.)</strong></span> <span class='ocrx_word' id='word_1_510' title='bbox 1818 3562 1954 3603; x_wconf 88' lang='lat' dir='ltr'><strong>mss.</strong></span> <span class='ocrx_word' id='word_1_511' title='bbox 1978 3547 2110 3602; x_wconf 90' lang='lat' dir='ltr'><strong>huic</strong></span> <span class='ocrx_word' id='word_1_512' title='bbox 2136 3546 2364 3602; x_wconf 80' lang='lat' dir='ltr'><strong>Nicolao</strong></span> <span class='ocrx_word' id='word_1_513' title='bbox 2387 3546 2741 3601; x_wconf 85' lang='lat' dir='ltr'><strong>ascribantur</strong></span> <span class='ocrx_word' id='word_1_514' title='bbox 2774 3546 2921 3617; x_wconf 78' lang='lat'><strong>(56);</strong></span> <span class='ocrx_word' id='word_1_515' title='bbox 2961 3546 3162 3616; x_wconf 91' lang='lat' dir='ltr'><strong>quibus</strong></span> <span class='ocrx_word' id='word_1_516' title='bbox 3189 3556 3246 3601; x_wconf 90' lang='lat' dir='ltr'><strong>et</strong></span> <span class='ocrx_word' id='word_1_517' title='bbox 3275 3546 3408 3603; x_wconf 89' lang='lat' dir='ltr'><strong>alias</strong></span> 
     </span>
    </p>
   </div>
   <div class='ocr_carea' id='block_1_67' title="bbox 182 3636 3408 3717">
    <p class='ocr_par' dir='ltr' id='par_1_67' title="bbox 182 3636 3408 3717">
     <span class='ocr_line' id='line_1_67' title="bbox 182 3636 3408 3717; baseline 0 -26"><span class='ocrx_word' id='word_1_518' title='bbox 182 3640 285 3694; x_wconf 86' lang='lat' dir='ltr'><strong>etin</strong></span> <span class='ocrx_word' id='word_1_519' title='bbox 309 3643 417 3697; x_wconf 90' lang='lat' dir='ltr'><strong>cod.</strong></span> <span class='ocrx_word' id='word_1_520' title='bbox 450 3642 769 3698; x_wconf 76' lang='lat' dir='ltr'><strong>Vindobon.</strong></span> <span class='ocrx_word' id='word_1_521' title='bbox 818 3640 1015 3696; x_wconf 87' lang='lat' dir='ltr'><strong>Theol.</strong></span> <span class='ocrx_word' id='word_1_522' title='bbox 1071 3640 1166 3695; x_wconf 88' lang='lat' dir='ltr'><strong>Gr.</strong></span> <span class='ocrx_word' id='word_1_523' title='bbox 1218 3639 1308 3705; x_wconf 71' lang='grc'><strong>40,</strong></span> <span class='ocrx_word' id='word_1_524' title='bbox 1361 3640 1474 3708; x_wconf 88' lang='grc'>(55)</span> <span class='ocrx_word' id='word_1_525' title='bbox 1526 3655 1587 3717; x_wconf 75' lang='lat' dir='ltr'><strong>n.</strong></span> <span class='ocrx_word' id='word_1_526' title='bbox 1623 3637 1714 3703; x_wconf 86' lang='grc'>65,</span> <span class='ocrx_word' id='word_1_527' title='bbox 1820 3639 2063 3693; x_wconf 90' lang='lat' dir='ltr'><strong>rationes</strong></span> <span class='ocrx_word' id='word_1_528' title='bbox 2090 3636 2376 3710; x_wconf 77' lang='lat' dir='ltr'><strong>suffragari</strong></span> <span class='ocrx_word' id='word_1_529' title='bbox 2398 3652 2509 3691; x_wconf 91' lang='lat' dir='ltr'><strong>non</strong></span> <span class='ocrx_word' id='word_1_530' title='bbox 2539 3637 2751 3708; x_wconf 82' lang='lat' dir='ltr'><strong>ignoro.</strong></span> <span class='ocrx_word' id='word_1_531' title='bbox 2776 3637 2954 3691; x_wconf 91' lang='lat' dir='ltr'><strong>Sedin</strong></span> <span class='ocrx_word' id='word_1_532' title='bbox 2978 3637 3272 3707; x_wconf 60' lang='lat' dir='ltr'><strong>praesentia</strong></span> <span class='ocrx_word' id='word_1_533' title='bbox 3299 3637 3408 3691; x_wconf 91' lang='lat' dir='ltr'><strong>mei</strong></span> 
     </span>
    </p>
   </div>
   <div class='ocr_carea' id='block_1_68' title="bbox 184 3726 3409 3802">
    <p class='ocr_par' dir='ltr' id='par_1_68' title="bbox 184 3726 3409 3802">
     <span class='ocr_line' id='line_1_68' title="bbox 184 3726 3409 3802; baseline -0.001 -19"><span class='ocrx_word' id='word_1_534' title='bbox 184 3729 335 3796; x_wconf 70' lang='lat' dir='ltr'><strong>L158,</strong></span> <span class='ocrx_word' id='word_1_535' title='bbox 369 3732 486 3799; x_wconf 83' lang='lat'><strong>1&#39;59,</strong></span> <span class='ocrx_word' id='word_1_536' title='bbox 542 3733 643 3788; x_wconf 90' lang='lat' dir='ltr'><strong>ubi</strong></span> <span class='ocrx_word' id='word_1_537' title='bbox 692 3732 899 3802; x_wconf 89' lang='lat' dir='ltr'><strong>pariter</strong></span> <span class='ocrx_word' id='word_1_538' title='bbox 938 3732 1134 3785; x_wconf 83' lang='lat' dir='ltr'><strong>Photio</strong></span> <span class='ocrx_word' id='word_1_539' title='bbox 1185 3730 1495 3785; x_wconf 86' lang='lat' dir='ltr'><strong>ascribitur.</strong></span> <span class='ocrx_word' id='word_1_540' title='bbox 1528 3729 1717 3796; x_wconf 84' lang='lat' dir='ltr'><strong>Quoad</strong></span> <span class='ocrx_word' id='word_1_541' title='bbox 1820 3730 2057 3785; x_wconf 89' lang='lat' dir='ltr'><strong>instituti</strong></span> <span class='ocrx_word' id='word_1_542' title='bbox 2106 3745 2218 3784; x_wconf 91' lang='lat' dir='ltr'><strong>non</strong></span> <span class='ocrx_word' id='word_1_543' title='bbox 2250 3738 2356 3795; x_wconf 88' lang='lat' dir='ltr'><strong>est,</strong></span> <span class='ocrx_word' id='word_1_544' title='bbox 2393 3728 2498 3784; x_wconf 87' lang='lat' dir='ltr'><strong>ista</strong></span> <span class='ocrx_word' id='word_1_545' title='bbox 2537 3728 2821 3783; x_wconf 86' lang='lat' dir='ltr'><strong>dirimere.</strong></span> <span class='ocrx_word' id='word_1_546' title='bbox 2866 3726 2949 3781; x_wconf 82' lang='lat' dir='ltr'><strong>Me</strong></span> <span class='ocrx_word' id='word_1_547' title='bbox 2981 3735 3165 3781; x_wconf 89' lang='lat' dir='ltr'><strong>autem</strong></span> <span class='ocrx_word' id='word_1_548' title='bbox 3209 3726 3409 3782; x_wconf 88' lang='lat' dir='ltr'><strong>merito</strong></span> 
     </span>
    </p>
   </div>
   <div class='ocr_carea' id='block_1_69' title="bbox 185 3818 3408 3895">
    <p class='ocr_par' dir='ltr' id='par_1_69' title="bbox 185 3818 3408 3895">
     <span class='ocr_line' id='line_1_69' title="bbox 185 3818 3408 3895; baseline -0 -21"><span class='ocrx_word' id='word_1_549' title='bbox 185 3822 361 3878; x_wconf 77' lang='lat' dir='ltr'><strong>alteram</strong></span> <span class='ocrx_word' id='word_1_550' title='bbox 390 3841 519 3881; x_wconf 90' lang='lat' dir='ltr'><strong>vero</strong></span> <span class='ocrx_word' id='word_1_551' title='bbox 549 3835 769 3895; x_wconf 85' lang='lat' dir='ltr'><strong>partem</strong></span> <span class='ocrx_word' id='word_1_552' title='bbox 804 3825 857 3893; x_wconf 88' lang='lat' dir='ltr'><strong>(a</strong></span> <span class='ocrx_word' id='word_1_553' title='bbox 890 3838 1010 3893; x_wconf 90' lang='lat' dir='ltr'><strong>cap.</strong></span> <span class='ocrx_word' id='word_1_554' title='bbox 1036 3824 1069 3880; x_wconf 92' lang='lat'><strong>9</strong></span> <span class='ocrx_word' id='word_1_555' title='bbox 1098 3830 1299 3878; x_wconf 72' lang='lat' dir='ltr'><strong>nostra:</strong></span> <span class='ocrx_word' id='word_1_556' title='bbox 1328 3822 1487 3891; x_wconf 89' lang='lat' dir='ltr'><strong>edit.)</strong></span> <span class='ocrx_word' id='word_1_557' title='bbox 1518 3822 1718 3877; x_wconf 89' lang='lat' dir='ltr'><strong>citatus</strong></span> <span class='ocrx_word' id='word_1_558' title='bbox 1822 3826 1969 3879; x_wconf 91' lang='lat' dir='ltr'><strong>hunc</strong></span> <span class='ocrx_word' id='word_1_559' title='bbox 1997 3823 2239 3878; x_wconf 89' lang='lat' dir='ltr'><strong>libellum</strong></span> <span class='ocrx_word' id='word_1_560' title='bbox 2272 3822 2445 3877; x_wconf 89' lang='lat' dir='ltr'><strong>multo</strong></span> <span class='ocrx_word' id='word_1_561' title='bbox 2485 3820 2719 3875; x_wconf 89' lang='lat' dir='ltr'><strong>minoris</strong></span> <span class='ocrx_word' id='word_1_562' title='bbox 2743 3819 2962 3885; x_wconf 85' lang='lat' dir='ltr'><strong>fecisse,</strong></span> <span class='ocrx_word' id='word_1_563' title='bbox 2987 3834 3151 3889; x_wconf 89' lang='lat' dir='ltr'><strong>quam</strong></span> <span class='ocrx_word' id='word_1_564' title='bbox 3204 3818 3408 3873; x_wconf 90' lang='lat' dir='ltr'><strong>librum</strong></span> 
     </span>
    </p>
   </div>
   <div class='ocr_carea' id='block_1_70' title="bbox 185 3898 3411 3989">
    <p class='ocr_par' dir='ltr' id='par_1_70' title="bbox 185 3898 3411 3989">
     <span class='ocr_line' id='line_1_70' title="bbox 185 3898 3411 3989; baseline -0.001 -23"><span class='ocrx_word' id='word_1_565' title='bbox 185 3910 369 3972; x_wconf 71' lang='lat' dir='ltr'><strong>Yimlob.</strong></span> <span class='ocrx_word' id='word_1_566' title='bbox 391 3920 562 3974; x_wconf 80' lang='lat' dir='ltr'><strong>codex</strong></span> <span class='ocrx_word' id='word_1_567' title='bbox 594 3918 666 3972; x_wconf 87' lang='lat' dir='ltr'><strong>ab</strong></span> <span class='ocrx_word' id='word_1_568' title='bbox 684 3916 961 3989; x_wconf 74' lang='lat' dir='ltr'><strong>Etztbymii</strong></span> <span class='ocrx_word' id='word_1_569' title='bbox 991 3924 1142 3971; x_wconf 86' lang='lat' dir='ltr'><strong>textu</strong></span> <span class='ocrx_word' id='word_1_570' title='bbox 1168 3914 1283 3985; x_wconf 67' lang='grc'>(54)</span> <span class='ocrx_word' id='word_1_571' title='bbox 1306 3915 1469 3984; x_wconf 87' lang='lat' dir='ltr'><strong>plane</strong></span> <span class='ocrx_word' id='word_1_572' title='bbox 1500 3913 1717 3979; x_wconf 75' lang='lat' dir='ltr'><strong>differt;</strong></span> <span class='ocrx_word' id='word_1_573' title='bbox 1822 3913 1901 3968; x_wconf 88' lang='lat' dir='ltr'><strong>De</strong></span> <span class='ocrx_word' id='word_1_574' title='bbox 1928 3898 2159 3984; x_wconf 78' lang='lat' dir='ltr'><strong>Spiritus</strong></span> <span class='ocrx_word' id='word_1_575' title='bbox 2176 3913 2348 3968; x_wconf 78' lang='lat' dir='ltr'><strong>sancti</strong></span> <span class='ocrx_word' id='word_1_576' title='bbox 2366 3911 2724 3983; x_wconf 83' lang='lat' dir='ltr'><strong>mystagogia,</strong></span> <span class='ocrx_word' id='word_1_577' title='bbox 2744 3909 2963 3967; x_wconf 87' lang='lat' dir='ltr'><strong>collatio</strong></span> <span class='ocrx_word' id='word_1_578' title='bbox 2986 3907 3411 3964; x_wconf 87' lang='lat' dir='ltr'><strong>velbrevissima</strong></span> 
     </span>
    </p>
   </div>
   <div class='ocr_carea' id='block_1_71' title="bbox 186 4004 2681 4079">
    <p class='ocr_par' dir='ltr' id='par_1_71' title="bbox 186 4004 2681 4079">
     <span class='ocr_line' id='line_1_71' title="bbox 186 4004 2681 4079; baseline -0.002 -17"><span class='ocrx_word' id='word_1_579' title='bbox 186 4012 401 4077; x_wconf 84' lang='lat' dir='ltr'><strong>posterior</strong></span> <span class='ocrx_word' id='word_1_580' title='bbox 429 4020 614 4065; x_wconf 90' lang='lat' dir='ltr'><strong>tamen</strong></span> <span class='ocrx_word' id='word_1_581' title='bbox 647 4027 773 4065; x_wconf 91' lang='lat' dir='ltr'><strong>cum</strong></span> <span class='ocrx_word' id='word_1_582' title='bbox 803 4009 960 4064; x_wconf 86' lang='lat' dir='ltr'><strong>Becci</strong></span> <span class='ocrx_word' id='word_1_583' title='bbox 994 4007 1413 4079; x_wconf 82' lang='lat' dir='ltr'><strong>allegationibus</strong></span> <span class='ocrx_word' id='word_1_584' title='bbox 1460 4004 1721 4076; x_wconf 66' lang='lat' dir='ltr'><strong>praeclare</strong></span> <span class='ocrx_word' id='word_1_585' title='bbox 1824 4006 2122 4076; x_wconf 90' lang='lat' dir='ltr'><strong>unicuique</strong></span> <span class='ocrx_word' id='word_1_586' title='bbox 2143 4005 2343 4077; x_wconf 79' lang='lat' dir='ltr'><strong>legenti</strong></span> <span class='ocrx_word' id='word_1_587' title='bbox 2372 4004 2681 4076; x_wconf 88' lang='lat' dir='ltr'><strong>patefaciet.</strong></span> 
     </span>
    </p>
   </div>
   <div class='ocr_carea' id='block_1_72' title="bbox 188 4094 3410 4173">
    <p class='ocr_par' dir='ltr' id='par_1_72' title="bbox 188 4094 3410 4173">
     <span class='ocr_line' id='line_1_72' title="bbox 188 4094 3410 4173; baseline -0 -23"><span class='ocrx_word' id='word_1_588' title='bbox 188 4104 424 4167; x_wconf 84' lang='lat' dir='ltr'><strong>consentit,</strong></span> <span class='ocrx_word' id='word_1_589' title='bbox 454 4112 619 4173; x_wconf 85' lang='lat' dir='ltr'><strong>atque</strong></span> <span class='ocrx_word' id='word_1_590' title='bbox 644 4102 837 4157; x_wconf 80' lang='lat' dir='ltr'><strong>eodem</strong></span> <span class='ocrx_word' id='word_1_591' title='bbox 866 4099 1030 4155; x_wconf 91' lang='lat' dir='ltr'><strong>modo</strong></span> <span class='ocrx_word' id='word_1_592' title='bbox 1056 4097 1331 4171; x_wconf 84' lang='lat' dir='ltr'><strong>legiturin</strong></span> <span class='ocrx_word' id='word_1_593' title='bbox 1357 4097 1477 4152; x_wconf 91' lang='lat' dir='ltr'><strong>cod.</strong></span> <span class='ocrx_word' id='word_1_594' title='bbox 1503 4095 1719 4151; x_wconf 84' lang='lat' dir='ltr'><strong>Monac.</strong></span> <span class='ocrx_word' id='word_1_595' title='bbox 1896 4097 2034 4153; x_wconf 82' lang='lat' dir='ltr'><strong>V111.</strong></span> <span class='ocrx_word' id='word_1_596' title='bbox 2084 4098 2443 4168; x_wconf 86' lang='lat' dir='ltr'><strong>Adjunximus</strong></span> <span class='ocrx_word' id='word_1_597' title='bbox 2487 4105 2755 4167; x_wconf 82' lang='lat' dir='ltr'><strong>praeterea</strong></span> <span class='ocrx_word' id='word_1_598' title='bbox 2801 4095 2855 4150; x_wconf 93' lang='lat' dir='ltr'><strong>in</strong></span> <span class='ocrx_word' id='word_1_599' title='bbox 2913 4094 3080 4161; x_wconf 90' lang='lat' dir='ltr'><strong>notis,</strong></span> <span class='ocrx_word' id='word_1_600' title='bbox 3142 4099 3410 4165; x_wconf 89' lang='lat' dir='ltr'><strong>quantum</strong></span> 
     </span>
    </p>
   </div>
   <div class='ocr_carea' id='block_1_73' title="bbox 187 4186 3409 4266">
    <p class='ocr_par' dir='ltr' id='par_1_73' title="bbox 187 4186 3409 4266">
     <span class='ocr_line' id='line_1_73' title="bbox 187 4186 3409 4266; baseline -0.002 -20"><span class='ocrx_word' id='word_1_601' title='bbox 187 4193 254 4247; x_wconf 82' lang='lat' dir='ltr'><strong>Gr.</strong></span> <span class='ocrx_word' id='word_1_602' title='bbox 281 4194 357 4262; x_wconf 85' lang='lat'><strong>66,</strong></span> <span class='ocrx_word' id='word_1_603' title='bbox 386 4197 422 4251; x_wconf 92' lang='lat' dir='ltr'><strong>f.</strong></span> <span class='ocrx_word' id='word_1_604' title='bbox 475 4198 564 4263; x_wconf 85' lang='lat'><strong>81,</strong></span> <span class='ocrx_word' id='word_1_605' title='bbox 603 4196 694 4251; x_wconf 71' lang='lat'><strong>82.</strong></span> <span class='ocrx_word' id='word_1_606' title='bbox 735 4196 789 4250; x_wconf 91' lang='lat' dir='ltr'><strong>in</strong></span> <span class='ocrx_word' id='word_1_607' title='bbox 818 4196 989 4250; x_wconf 89' lang='lat' dir='ltr'><strong>altera</strong></span> <span class='ocrx_word' id='word_1_608' title='bbox 1020 4193 1241 4266; x_wconf 86' lang='lat' dir='ltr'><strong>synopsi</strong></span> <span class='ocrx_word' id='word_1_609' title='bbox 1272 4200 1723 4263; x_wconf 84' lang='lat' dir='ltr'><strong>argumentorum</strong></span> <span class='ocrx_word' id='word_1_610' title='bbox 1826 4190 2063 4262; x_wconf 90' lang='lat' dir='ltr'><strong>spatium</strong></span> <span class='ocrx_word' id='word_1_611' title='bbox 2117 4188 2467 4260; x_wconf 89' lang='lat' dir='ltr'><strong>permittebat</strong></span> <span class='ocrx_word' id='word_1_612' title='bbox 2516 4203 2579 4242; x_wconf 88' lang='lat' dir='ltr'><strong>ac</strong></span> <span class='ocrx_word' id='word_1_613' title='bbox 2639 4186 2763 4242; x_wconf 85' lang='lat' dir='ltr'><strong>ﬁnis</strong></span> <span class='ocrx_word' id='word_1_614' title='bbox 2820 4186 2982 4243; x_wconf 89' lang='lat' dir='ltr'><strong>nobis</strong></span> <span class='ocrx_word' id='word_1_615' title='bbox 3038 4187 3409 4257; x_wconf 62' lang='lat' dir='ltr'><strong>prmstitutus,</strong></span> 
     </span>
    </p>
   </div>
   <div class='ocr_carea' id='block_1_74' title="bbox 188 4277 3417 4353">
    <p class='ocr_par' dir='ltr' id='par_1_74' title="bbox 188 4277 3417 4353">
     <span class='ocr_line' id='line_1_74' title="bbox 188 4277 3417 4353; baseline -0.002 -16"><span class='ocrx_word' id='word_1_616' title='bbox 188 4284 320 4342; x_wconf 85' lang='lat' dir='ltr'><strong>Photii</strong></span> <span class='ocrx_word' id='word_1_617' title='bbox 343 4305 370 4343; x_wconf 93' lang='lat' dir='ltr'><strong>a</strong></span> <span class='ocrx_word' id='word_1_618' title='bbox 404 4289 628 4345; x_wconf 75' lang='lat' dir='ltr'><strong>Nicolao</strong></span> <span class='ocrx_word' id='word_1_619' title='bbox 658 4287 999 4343; x_wconf 78' lang='lat' dir='ltr'><strong>Metltonensi</strong></span> <span class='ocrx_word' id='word_1_620' title='bbox 1048 4286 1215 4341; x_wconf 90' lang='lat' dir='ltr'><strong>facta.</strong></span> <span class='ocrx_word' id='word_1_621' title='bbox 1266 4284 1474 4351; x_wconf 85' lang='lat' dir='ltr'><strong>Quodsi</strong></span> <span class='ocrx_word' id='word_1_622' title='bbox 1516 4284 1573 4337; x_wconf 90' lang='lat' dir='ltr'><strong>in</strong></span> <span class='ocrx_word' id='word_1_623' title='bbox 1620 4282 1726 4337; x_wconf 89' lang='lat' dir='ltr'><strong>hoc</strong></span> <span class='ocrx_word' id='word_1_624' title='bbox 1830 4283 2063 4353; x_wconf 69' lang='lat' dir='ltr'><strong>poo&#39;ora,</strong></span> <span class='ocrx_word' id='word_1_625' title='bbox 2088 4297 2210 4351; x_wconf 85' lang='lat' dir='ltr'><strong>quae</strong></span> <span class='ocrx_word' id='word_1_626' title='bbox 2233 4280 2567 4351; x_wconf 89' lang='lat' dir='ltr'><strong>posteriores</strong></span> <span class='ocrx_word' id='word_1_627' title='bbox 2587 4280 2768 4334; x_wconf 89' lang='lat' dir='ltr'><strong>Photii</strong></span> <span class='ocrx_word' id='word_1_628' title='bbox 2794 4278 3018 4335; x_wconf 78' lang='lat' dir='ltr'><strong>assecla:</strong></span> <span class='ocrx_word' id='word_1_629' title='bbox 3044 4293 3112 4333; x_wconf 78' lang='lat' dir='ltr'><strong>ex</strong></span> <span class='ocrx_word' id='word_1_630' title='bbox 3142 4277 3283 4331; x_wconf 91' lang='lat' dir='ltr'><strong>libro</strong></span> <span class='ocrx_word' id='word_1_631' title='bbox 3316 4290 3417 4331; x_wconf 88' lang='lat' dir='ltr'><strong>no-</strong></span> 
     </span>
    </p>
   </div>
   <div class='ocr_carea' id='block_1_75' title="bbox 189 4376 1718 4451">
    <p class='ocr_par' dir='ltr' id='par_1_75' title="bbox 189 4376 1718 4451">
     <span class='ocr_line' id='line_1_75' title="bbox 189 4376 1718 4451; baseline -0.002 -20"><span class='ocrx_word' id='word_1_632' title='bbox 189 4378 409 4451; x_wconf 64' lang='lat' dir='ltr'><strong>i‘uthymii</strong></span> <span class='ocrx_word' id='word_1_633' title='bbox 446 4380 599 4437; x_wconf 78' lang='lat' dir='ltr'><strong>textu</strong></span> <span class='ocrx_word' id='word_1_634' title='bbox 631 4398 811 4437; x_wconf 89' lang='lat' dir='ltr'><strong>sermo</strong></span> <span class='ocrx_word' id='word_1_635' title='bbox 847 4389 932 4435; x_wconf 81' lang='lat' dir='ltr'><strong>est</strong></span> <span class='ocrx_word' id='word_1_636' title='bbox 971 4380 1039 4436; x_wconf 93' lang='lat' dir='ltr'><strong>de</strong></span> <span class='ocrx_word' id='word_1_637' title='bbox 1082 4378 1274 4449; x_wconf 86' lang='lat' dir='ltr'><strong>Sergio</strong></span> <span class='ocrx_word' id='word_1_638' title='bbox 1303 4378 1425 4448; x_wconf 90' lang='lat' dir='ltr'><strong>jun.</strong></span> <span class='ocrx_word' id='word_1_639' title='bbox 1482 4376 1718 4446; x_wconf 85' lang='lat' dir='ltr'><strong>patriar-</strong></span> 
     </span>
    </p>
   </div>
   <div class='ocr_carea' id='block_1_76' title="bbox 189 4467 1727 4545">
    <p class='ocr_par' dir='ltr' id='par_1_76' title="bbox 189 4467 1727 4545">
     <span class='ocr_line' id='line_1_76' title="bbox 189 4467 1727 4545; baseline -0.003 -19"><span class='ocrx_word' id='word_1_640' title='bbox 189 4472 281 4539; x_wconf 85' lang='lat' dir='ltr'><strong>cha,</strong></span> <span class='ocrx_word' id='word_1_641' title='bbox 311 4476 391 4545; x_wconf 86' lang='lat' dir='ltr'><strong>qui</strong></span> <span class='ocrx_word' id='word_1_642' title='bbox 420 4486 541 4545; x_wconf 89' lang='lat' dir='ltr'><strong>post</strong></span> <span class='ocrx_word' id='word_1_643' title='bbox 562 4474 822 4530; x_wconf 80' lang='lat' dir='ltr'><strong>Photiutn</strong></span> <span class='ocrx_word' id='word_1_644' title='bbox 852 4473 1058 4539; x_wconf 86' lang='lat' dir='ltr'><strong>floruit,</strong></span> <span class='ocrx_word' id='word_1_645' title='bbox 1099 4472 1150 4526; x_wconf 92' lang='lat' dir='ltr'><strong>id</strong></span> <span class='ocrx_word' id='word_1_646' title='bbox 1197 4468 1520 4542; x_wconf 90' lang='lat' dir='ltr'><strong>posterioris</strong></span> <span class='ocrx_word' id='word_1_647' title='bbox 1551 4467 1727 4523; x_wconf 71' lang='lat' dir='ltr'><strong>Graaci</strong></span> 
     </span>
    </p>
   </div>
   <div class='ocr_carea' id='block_1_77' title="bbox 243 4644 1728 4721">
    <p class='ocr_par' dir='ltr' id='par_1_77' title="bbox 243 4644 1728 4721">
     <span class='ocr_line' id='line_1_77' title="bbox 243 4644 1728 4721; baseline -0.005 -15"><span class='ocrx_word' id='word_1_648' title='bbox 243 4652 334 4721; x_wconf 79' lang='lat'><strong>(30)</strong></span> <span class='ocrx_word' id='word_1_649' title='bbox 368 4654 609 4708; x_wconf 75' lang='lat' dir='ltr'><strong>Anthimi</strong></span> <span class='ocrx_word' id='word_1_650' title='bbox 642 4653 807 4721; x_wconf 84' lang='lat' dir='ltr'><strong>hujus</strong></span> <span class='ocrx_word' id='word_1_651' title='bbox 828 4652 1008 4721; x_wconf 82' lang='grc' dir='ltr'>Τόμον</span> <span class='ocrx_word' id='word_1_652' title='bbox 1027 4650 1215 4720; x_wconf 82' lang='grc' dir='ltr'>Χαρᾶς</span> <span class='ocrx_word' id='word_1_653' title='bbox 1238 4662 1383 4721; x_wconf 86' lang='lat' dir='ltr'><strong>anno</strong></span> <span class='ocrx_word' id='word_1_654' title='bbox 1414 4645 1554 4721; x_wconf 83' lang='lat'><strong>17_05</strong></span> <span class='ocrx_word' id='word_1_655' title='bbox 1574 4644 1728 4721; x_wconf 81' lang='lat' dir='ltr'><strong>evul-</strong></span> 
     </span>
    </p>
   </div>
   <div class='ocr_carea' id='block_1_78' title="bbox 194 4716 1727 4796">
    <p class='ocr_par' dir='ltr' id='par_1_78' title="bbox 194 4716 1727 4796">
     <span class='ocr_line' id='line_1_78' title="bbox 194 4716 1727 4796; baseline -0.008 -16"><span class='ocrx_word' id='word_1_656' title='bbox 194 4716 356 4796; x_wconf 67' lang='lat' dir='ltr'><strong>gatutn,</strong></span> <span class='ocrx_word' id='word_1_657' title='bbox 386 4741 489 4793; x_wconf 89' lang='lat' dir='ltr'><strong>quo</strong></span> <span class='ocrx_word' id='word_1_658' title='bbox 523 4736 580 4779; x_wconf 92' lang='lat' dir='ltr'><strong>et</strong></span> <span class='ocrx_word' id='word_1_659' title='bbox 611 4725 682 4779; x_wconf 90' lang='lat' dir='ltr'><strong>cl.</strong></span> <span class='ocrx_word' id='word_1_660' title='bbox 713 4716 877 4791; x_wconf 77' lang='lat' dir='ltr'><strong>Jager</strong></span> <span class='ocrx_word' id='word_1_661' title='bbox 903 4716 1036 4775; x_wconf 82' lang='lat' dir='ltr'><strong>usus</strong></span> <span class='ocrx_word' id='word_1_662' title='bbox 1055 4716 1441 4796; x_wconf 65' lang='lat' dir='ltr'><strong>cst,__nonfl_um</strong></span> <span class='ocrx_word' id='word_1_663' title='bbox 1476 4716 1727 4796; x_wconf 71' lang='lat' dir='ltr'><strong>invenire</strong></span> 
     </span>
    </p>
   </div>
   <div class='ocr_carea' id='block_1_79' title="bbox 196 4786 1730 4912">
    <p class='ocr_par' dir='ltr' id='par_1_79' title="bbox 196 4786 1730 4912">
     <span class='ocr_line' id='line_1_79' title="bbox 196 4786 1730 4912; baseline -0.003 -68"><span class='ocrx_word' id='word_1_664' title='bbox 196 4786 337 4912; x_wconf 50' lang='lat' dir='ltr'><strong>Romi;</strong></span> <span class='ocrx_word' id='word_1_665' title='bbox 372 4786 424 4849; x_wconf 84' lang='lat' dir='ltr'><strong>in</strong></span> <span class='ocrx_word' id='word_1_666' title='bbox 458 4797 543 4857; x_wconf 91' lang='lat' dir='ltr'><strong>iis,</strong></span> <span class='ocrx_word' id='word_1_667' title='bbox 589 4810 727 4864; x_wconf 90' lang='lat' dir='ltr'><strong>quas</strong></span> <span class='ocrx_word' id='word_1_668' title='bbox 764 4786 871 4848; x_wconf 71' lang='lat' dir='ltr'><strong>Huc</strong></span> <span class='ocrx_word' id='word_1_669' title='bbox 898 4807 1075 4862; x_wconf 88' lang='lat' dir='ltr'><strong>usque</strong></span> <span class='ocrx_word' id='word_1_670' title='bbox 1110 4786 1253 4853; x_wconf 86' lang='lat' dir='ltr'><strong>adii,</strong></span> <span class='ocrx_word' id='word_1_671' title='bbox 1304 4786 1615 4843; x_wconf 77' lang='lat' dir='ltr'><strong>Germania:</strong></span> <span class='ocrx_word' id='word_1_672' title='bbox 1646 4786 1730 4841; x_wconf 89' lang='lat' dir='ltr'><strong>bi-</strong></span> 
     </span>
     <span class='ocr_line' id='line_1_80' title="bbox 223 4861 796 4912; baseline 0 0"><span class='ocrx_word' id='word_1_673' title='bbox 223 4861 436 4912; x_wconf 68' lang='lat' dir='ltr'><strong>liotheeis</strong></span> <span class='ocrx_word' id='word_1_674' title='bbox 460 4882 567 4912; x_wconf 78' lang='lat' dir='ltr'><strong>non</strong></span> <span class='ocrx_word' id='word_1_675' title='bbox 600 4874 796 4912; x_wconf 72' lang='lat' dir='ltr'><strong>exstat-</strong></span> 
     </span>
    </p>
   </div>
   <div class='ocr_carea' id='block_1_80' title="bbox 223 4861 796 4921">
    <p class='ocr_par' dir='ltr' id='par_1_80' title="bbox 223 4861 796 4921">
     <span class='ocr_line' id='line_1_81' title="bbox 223 4861 796 4921; baseline 0.012 -9"><span class='ocrx_word' id='word_1_676' title='bbox 223 4861 436 4921; x_wconf 83' lang='lat' dir='ltr'><strong>liotheeis</strong></span> <span class='ocrx_word' id='word_1_677' title='bbox 460 4882 569 4919; x_wconf 90' lang='lat' dir='ltr'><strong>non</strong></span> <span class='ocrx_word' id='word_1_678' title='bbox 600 4861 796 4919; x_wconf 77' lang='lat' dir='ltr'><strong>exstat.</strong></span> 
     </span>
    </p>
   </div>
   <div class='ocr_carea' id='block_1_81' title="bbox 252 4925 1728 5002">
    <p class='ocr_par' dir='ltr' id='par_1_81' title="bbox 252 4925 1728 5002">
     <span class='ocr_line' id='line_1_82' title="bbox 252 4925 1728 5002; baseline -0.005 -14"><span class='ocrx_word' id='word_1_679' title='bbox 252 4934 343 5002; x_wconf 70' lang='lat'><strong>(51)</strong></span> <span class='ocrx_word' id='word_1_680' title='bbox 378 4936 587 4991; x_wconf 82' lang='lat' dir='ltr'><strong>Titulus</strong></span> <span class='ocrx_word' id='word_1_681' title='bbox 606 4937 807 4989; x_wconf 86' lang='lat' dir='ltr'><strong>ibidem</strong></span> <span class='ocrx_word' id='word_1_682' title='bbox 834 4941 919 4988; x_wconf 89' lang='lat' dir='ltr'><strong>est</strong></span> <span class='ocrx_word' id='word_1_683' title='bbox 945 4931 1185 4986; x_wconf 76' lang='grc' dir='ltr'><strong>εΦωτίου</strong></span> <span class='ocrx_word' id='word_1_684' title='bbox 1214 4930 1559 5002; x_wconf 55' lang='grc' dir='ltr'><strong>⁶τῖςιιηςρωιρχου</strong></span> <span class='ocrx_word' id='word_1_685' title='bbox 1584 4925 1728 5002; x_wconf 73' lang='grc' dir='ltr'><strong>κᾳτὰ</strong></span> 
     </span>
    </p>
   </div>
   <div class='ocr_carea' id='block_1_82' title="bbox 197 4998 1728 5073">
    <p class='ocr_par' dir='ltr' id='par_1_82' title="bbox 197 4998 1728 5073">
     <span class='ocr_line' id='line_1_83' title="bbox 197 4998 1728 5073; baseline -0.007 -13"><span class='ocrx_word' id='word_1_686' title='bbox 197 4998 278 5073; x_wconf 58' lang='grc' dir='ltr'><strong>Ἰεῶῦ</strong></span> <span class='ocrx_word' id='word_1_687' title='bbox 296 4998 382 5073; x_wconf 76' lang='grc' dir='ltr'><strong>τῆς</strong></span> <span class='ocrx_word' id='word_1_688' title='bbox 413 5008 643 5069; x_wconf 68' lang='grc' dir='ltr'><strong>παλαιᾶς</strong></span> <span class='ocrx_word' id='word_1_689' title='bbox 684 5005 927 5071; x_wconf 77' lang='grc' dir='ltr'><strong>Ῥώμης,</strong></span> <span class='ocrx_word' id='word_1_690' title='bbox 953 5004 1046 5073; x_wconf 6' lang='grc' dir='ltr'><strong>ὅτι)</strong></span> <span class='ocrx_word' id='word_1_691' title='bbox 1070 5004 1134 5054; x_wconf 81' lang='grc' dir='ltr'>ὲκ</span> <span class='ocrx_word' id='word_1_692' title='bbox 1165 5001 1272 5073; x_wconf 3' lang='grc' dir='ltr'><strong>τοῦ)</strong></span> <span class='ocrx_word' id='word_1_693' title='bbox 1305 4998 1521 5073; x_wconf 67' lang='grc' dir='ltr'><strong>[Ιᾳτρδς</strong></span> <span class='ocrx_word' id='word_1_694' title='bbox 1566 4998 1728 5073; x_wconf 67' lang='grc' dir='ltr'><strong>μᾴνρν</strong></span> 
     </span>
    </p>
   </div>
   <div class='ocr_carea' id='block_1_83' title="bbox 198 5068 1730 5144">
    <p class='ocr_par' dir='ltr' id='par_1_83' title="bbox 198 5068 1730 5144">
     <span class='ocr_line' id='line_1_84' title="bbox 198 5068 1730 5144; baseline -0.005 -16"><span class='ocrx_word' id='word_1_695' title='bbox 198 5068 505 5144; x_wconf 65' lang='grc' dir='ltr'><strong>ἔκπορέύεται</strong></span> <span class='ocrx_word' id='word_1_696' title='bbox 538 5078 602 5130; x_wconf 76' lang='grc' dir='ltr'><strong>τὸ</strong></span> <span class='ocrx_word' id='word_1_697' title='bbox 626 5068 631 5069; x_wconf 17' lang='grc' dir='ltr'><em>ν</em></span> <span class='ocrx_word' id='word_1_698' title='bbox 658 5068 886 5143; x_wconf 77' lang='grc' dir='ltr'><strong>Πνεῦμά.</strong></span> <span class='ocrx_word' id='word_1_699' title='bbox 932 5073 994 5125; x_wconf 77' lang='grc' dir='ltr'><strong>τὸ</strong></span> <span class='ocrx_word' id='word_1_700' title='bbox 1022 5072 1197 5140; x_wconf 73' lang='grc' dir='ltr'>ἅγιον,</span> <span class='ocrx_word' id='word_1_701' title='bbox 1398 5068 1519 5144; x_wconf 58' lang='lat' dir='ltr'><strong>oux),</strong></span> <span class='ocrx_word' id='word_1_702' title='bbox 1548 5068 1644 5144; x_wconf 57' lang='grc' dir='ltr'>κει).</span> <span class='ocrx_word' id='word_1_703' title='bbox 1664 5069 1730 5121; x_wconf 80' lang='grc' dir='ltr'>ἐκ</span> 
     </span>
    </p>
   </div>
   <div class='ocr_carea' id='block_1_84' title="bbox 199 5138 1733 5219">
    <p class='ocr_par' dir='ltr' id='par_1_84' title="bbox 199 5138 1733 5219">
     <span class='ocr_line' id='line_1_85' title="bbox 199 5138 1733 5219; baseline -0.005 -21"><span class='ocrx_word' id='word_1_704' title='bbox 199 5143 270 5219; x_wconf 64' lang='grc' dir='ltr'><strong>τσρ</strong></span> <span class='ocrx_word' id='word_1_705' title='bbox 296 5138 430 5201; x_wconf 83' lang='grc' dir='ltr'><strong>Ῡὶοῦ.</strong></span> <span class='ocrx_word' id='word_1_706' title='bbox 464 5147 683 5219; x_wconf 19' lang='lat' dir='ltr'><strong>Eodem,</strong></span> <span class='ocrx_word' id='word_1_707' title='bbox 705 5138 867 5219; x_wconf 64' lang='lat' dir='ltr'><strong>nando</strong></span> <span class='ocrx_word' id='word_1_708' title='bbox 902 5138 1104 5219; x_wconf 50' lang='lat' dir='ltr'><strong>citetur</strong></span> <span class='ocrx_word' id='word_1_709' title='bbox 1125 5142 1268 5219; x_wconf 72' lang='lat' dir='ltr'><strong>apud</strong></span> <span class='ocrx_word' id='word_1_710' title='bbox 1292 5139 1549 5219; x_wconf 73' lang='lat' dir='ltr'><strong>A_llatium</strong></span> <span class='ocrx_word' id='word_1_711' title='bbox 1574 5138 1733 5219; x_wconf 63' lang='lat' dir='ltr'><strong>§ym-</strong></span> 
     </span>
    </p>
   </div>
   <div class='ocr_carea' id='block_1_85' title="bbox 203 5210 1727 5290">
    <p class='ocr_par' dir='ltr' id='par_1_85' title="bbox 203 5210 1727 5290">
     <span class='ocr_line' id='line_1_86' title="bbox 203 5210 1727 5290; baseline -0.012 -13"><span class='ocrx_word' id='word_1_712' title='bbox 203 5213 333 5290; x_wconf 51' lang='lat' dir='ltr'><strong>R1301;</strong></span> <span class='ocrx_word' id='word_1_713' title='bbox 350 5234 403 5290; x_wconf 81' lang='lat' dir='ltr'><strong>tt,</strong></span> <span class='ocrx_word' id='word_1_714' title='bbox 433 5234 487 5287; x_wconf 93' lang='lat' dir='ltr'><strong>p.</strong></span> <span class='ocrx_word' id='word_1_715' title='bbox 511 5219 635 5290; x_wconf 68' lang='lat'><strong>419.</strong></span> <span class='ocrx_word' id='word_1_716' title='bbox 666 5216 1028 5290; x_wconf 82' lang='lat' dir='ltr'><strong>lnitium__:_Ei</strong></span> <span class='ocrx_word' id='word_1_717' title='bbox 1054 5210 1259 5290; x_wconf 43' lang='lat' dir='ltr'><strong>autem</strong></span> <span class='ocrx_word' id='word_1_718' title='bbox 1282 5211 1381 5290; x_wconf 51' lang='grc' dir='ltr'><strong>μὲν</strong></span> <span class='ocrx_word' id='word_1_719' title='bbox 1402 5210 1461 5290; x_wconf 56' lang='lat' dir='ltr'><strong>rh</strong></span> <span class='ocrx_word' id='word_1_720' title='bbox 1487 5210 1727 5290; x_wconf 54' lang='grc' dir='ltr'><strong>ιιῖνεῡμᾳἶ</strong></span> 
     </span>
    </p>
   </div>
   <div class='ocr_carea' id='block_1_86' title="bbox 204 5280 1732 5352">
    <p class='ocr_par' dir='ltr' id='par_1_86' title="bbox 204 5280 1732 5352">
     <span class='ocr_line' id='line_1_87' title="bbox 204 5280 1732 5352; baseline -0.001 -19"><span class='ocrx_word' id='word_1_721' title='bbox 204 5282 268 5335; x_wconf 69' lang='grc' dir='ltr'><strong>α.</strong></span> <span class='ocrx_word' id='word_1_722' title='bbox 300 5280 586 5343; x_wconf 46' lang='lat' dir='ltr'><strong>Fabri-cium</strong></span> <span class='ocrx_word' id='word_1_723' title='bbox 617 5289 654 5342; x_wconf 88' lang='lat'><strong>1.</strong></span> <span class='ocrx_word' id='word_1_724' title='bbox 697 5303 748 5343; x_wconf 92' lang='lat' dir='ltr'><strong>c.</strong></span> <span class='ocrx_word' id='word_1_725' title='bbox 800 5296 840 5341; x_wconf 92' lang='lat' dir='ltr'><strong>t.</strong></span> <span class='ocrx_word' id='word_1_726' title='bbox 883 5284 984 5349; x_wconf 76' lang='lat' dir='ltr'><strong>XI,</strong></span> <span class='ocrx_word' id='word_1_727' title='bbox 1036 5300 1089 5352; x_wconf 90' lang='lat' dir='ltr'><strong>p.</strong></span> <span class='ocrx_word' id='word_1_728' title='bbox 1149 5283 1241 5343; x_wconf 73' lang='grc'><strong>25,</strong></span> <span class='ocrx_word' id='word_1_729' title='bbox 1272 5280 1364 5336; x_wconf 85' lang='lat' dir='ltr'><strong>ed.</strong></span> <span class='ocrx_word' id='word_1_730' title='bbox 1413 5280 1582 5342; x_wconf 89' lang='lat' dir='ltr'><strong>llarl.,</strong></span> <span class='ocrx_word' id='word_1_731' title='bbox 1637 5280 1732 5352; x_wconf 75' lang='lat' dir='ltr'><strong>ubi</strong></span> 
     </span>
    </p>
   </div>
   <div class='ocr_carea' id='block_1_87' title="bbox 205 5348 1731 5429">
    <p class='ocr_par' dir='ltr' id='par_1_87' title="bbox 205 5348 1731 5429">
     <span class='ocr_line' id='line_1_88' title="bbox 205 5348 1731 5429; baseline -0.002 -23"><span class='ocrx_word' id='word_1_732' title='bbox 205 5353 325 5417; x_wconf 83' lang='lat' dir='ltr'><strong>plura</strong></span> <span class='ocrx_word' id='word_1_733' title='bbox 350 5360 477 5412; x_wconf 87' lang='lat' dir='ltr'><strong>scitu</strong></span> <span class='ocrx_word' id='word_1_734' title='bbox 508 5361 667 5429; x_wconf 84' lang='lat' dir='ltr'><strong>digna</strong></span> <span class='ocrx_word' id='word_1_735' title='bbox 698 5348 980 5429; x_wconf 84' lang='lat' dir='ltr'><strong>notantur.</strong></span> <span class='ocrx_word' id='word_1_736' title='bbox 1013 5348 1273 5421; x_wconf 81' lang='lat' dir='ltr'><strong>Quaedam</strong></span> <span class='ocrx_word' id='word_1_737' title='bbox 1316 5366 1446 5407; x_wconf 89' lang='lat' dir='ltr'><strong>mss.</strong></span> <span class='ocrx_word' id='word_1_738' title='bbox 1479 5348 1731 5421; x_wconf 89' lang='lat' dir='ltr'><strong>opusculi</strong></span> 
     </span>
    </p>
   </div>
   <div class='ocr_carea' id='block_1_88' title="bbox 208 5428 1145 5498">
    <p class='ocr_par' dir='ltr' id='par_1_88' title="bbox 208 5428 1145 5498">
     <span class='ocr_line' id='line_1_89' title="bbox 208 5428 1145 5498; baseline -0.006 -14"><span class='ocrx_word' id='word_1_739' title='bbox 208 5436 514 5498; x_wconf 59' lang='lat' dir='ltr'><strong>magnsentur</strong></span> <span class='ocrx_word' id='word_1_740' title='bbox 545 5428 674 5484; x_wconf 86' lang='lat' dir='ltr'><strong>ibid.</strong></span> <span class='ocrx_word' id='word_1_741' title='bbox 702 5444 759 5498; x_wconf 88' lang='lat' dir='ltr'><strong>p.</strong></span> <span class='ocrx_word' id='word_1_742' title='bbox 794 5428 885 5491; x_wconf 73' lang='lat'><strong>29,</strong></span> <span class='ocrx_word' id='word_1_743' title='bbox 916 5435 1043 5498; x_wconf 81' lang='lat' dir='ltr'><strong>nota</strong></span> <span class='ocrx_word' id='word_1_744' title='bbox 1070 5442 1145 5479; x_wconf 86' lang='lat' dir='ltr'><strong>cc.</strong></span> 
     </span>
    </p>
   </div>
   <div class='ocr_carea' id='block_1_89' title="bbox 165 5490 1734 5565">
    <p class='ocr_par' dir='ltr' id='par_1_89' title="bbox 165 5490 1734 5565">
     <span class='ocr_line' id='line_1_90' title="bbox 165 5490 1734 5565; baseline -0.009 -8"><span class='ocrx_word' id='word_1_745' title='bbox 165 5514 179 5533; x_wconf 56' lang='grc' dir='ltr'><strong>ι</strong></span> <span class='ocrx_word' id='word_1_746' title='bbox 261 5494 353 5563; x_wconf 64' lang='grc' dir='ltr'><strong>(δί)</strong></span> <span class='ocrx_word' id='word_1_747' title='bbox 387 5500 583 5563; x_wconf 76' lang='lat' dir='ltr'><strong>Quodsi</strong></span> <span class='ocrx_word' id='word_1_748' title='bbox 611 5490 781 5554; x_wconf 74' lang='lat' dir='ltr'><strong>e’ditio</strong></span> <span class='ocrx_word' id='word_1_749' title='bbox 813 5490 1090 5565; x_wconf 75' lang='lat' dir='ltr'><strong>Panopliw</strong></span> <span class='ocrx_word' id='word_1_750' title='bbox 1112 5509 1242 5551; x_wconf 87' lang='lat' dir='ltr'><strong>cura</strong></span> <span class='ocrx_word' id='word_1_751' title='bbox 1272 5490 1507 5546; x_wconf 74' lang='lat' dir='ltr'><strong>Matthaei</strong></span> <span class='ocrx_word' id='word_1_752' title='bbox 1537 5490 1734 5560; x_wconf 63' lang='lat' dir='ltr'><strong>Lipsiae</strong></span> 
     </span>
    </p>
   </div>
   <div class='ocr_carea' id='block_1_90' title="bbox 210 5567 1735 5642">
    <p class='ocr_par' dir='ltr' id='par_1_90' title="bbox 210 5567 1735 5642">
     <span class='ocr_line' id='line_1_91' title="bbox 210 5567 1735 5642; baseline -0.007 -18"><span class='ocrx_word' id='word_1_753' title='bbox 210 5567 413 5642; x_wconf 53' lang='lat'><strong>3.1192</strong></span> <span class='ocrx_word' id='word_1_754' title='bbox 448 5569 736 5642; x_wconf 13' lang='lat' dir='ltr'><strong>publicata,</strong></span> <span class='ocrx_word' id='word_1_755' title='bbox 767 5569 963 5642; x_wconf 87' lang='lat' dir='ltr'><strong>alicubi</strong></span> <span class='ocrx_word' id='word_1_756' title='bbox 1029 5572 1523 5642; x_wconf 73' lang='lat' dir='ltr'><strong>commemoratur,</strong></span> <span class='ocrx_word' id='word_1_757' title='bbox 1567 5576 1735 5642; x_wconf 74' lang='lat' dir='ltr'><strong>error</strong></span> 
     </span>
    </p>
   </div>
   <div class='ocr_carea' id='block_1_91' title="bbox 213 5633 1733 5711">
    <p class='ocr_par' dir='ltr' id='par_1_91' title="bbox 213 5633 1733 5711">
     <span class='ocr_line' id='line_1_92' title="bbox 213 5633 1733 5711; baseline -0.004 -21"><span class='ocrx_word' id='word_1_758' title='bbox 213 5634 394 5711; x_wconf 61' lang='lat' dir='ltr'><strong>gubesse</strong></span> <span class='ocrx_word' id='word_1_759' title='bbox 420 5633 625 5695; x_wconf 82' lang='lat' dir='ltr'><strong>videtur</strong></span> <span class='ocrx_word' id='word_1_760' title='bbox 651 5641 776 5695; x_wconf 91' lang='lat' dir='ltr'><strong>inde</strong></span> <span class='ocrx_word' id='word_1_761' title='bbox 798 5640 1097 5710; x_wconf 86' lang='lat' dir='ltr'><strong>profectus,</strong></span> <span class='ocrx_word' id='word_1_762' title='bbox 1125 5636 1271 5705; x_wconf 91' lang='lat' dir='ltr'><strong>quod</strong></span> <span class='ocrx_word' id='word_1_763' title='bbox 1288 5633 1733 5711; x_wconf 62' lang='lat' dir='ltr'><strong>Gommentarius</strong></span> 
     </span>
    </p>
   </div>
   <div class='ocr_carea' id='block_1_92' title="bbox 215 5702 1730 5780">
    <p class='ocr_par' dir='ltr' id='par_1_92' title="bbox 215 5702 1730 5780">
     <span class='ocr_line' id='line_1_93' title="bbox 215 5702 1730 5780; baseline -0.005 -19"><span class='ocrx_word' id='word_1_764' title='bbox 215 5702 256 5754; x_wconf 82' lang='lat' dir='ltr'><strong>in</strong></span> <span class='ocrx_word' id='word_1_765' title='bbox 297 5720 507 5780; x_wconf 75' lang='lat' dir='ltr'><strong>quatuor</strong></span> <span class='ocrx_word' id='word_1_766' title='bbox 558 5702 848 5780; x_wconf 76' lang='lat' dir='ltr'><strong>Evangelia</strong></span> <span class='ocrx_word' id='word_1_767' title='bbox 901 5724 967 5762; x_wconf 92' lang='lat' dir='ltr'><strong>eo</strong></span> <span class='ocrx_word' id='word_1_768' title='bbox 995 5702 1161 5780; x_wconf 63' lang='lat' dir='ltr'><strong>anno</strong></span> <span class='ocrx_word' id='word_1_769' title='bbox 1197 5721 1261 5759; x_wconf 83' lang='lat' dir='ltr'><strong>ac</strong></span> <span class='ocrx_word' id='word_1_770' title='bbox 1288 5705 1409 5759; x_wconf 91' lang='lat' dir='ltr'><strong>loco</strong></span> <span class='ocrx_word' id='word_1_771' title='bbox 1445 5704 1513 5780; x_wconf 71' lang='lat' dir='ltr'><strong>ab</strong></span> <span class='ocrx_word' id='word_1_772' title='bbox 1538 5702 1730 5780; x_wconf 74' lang='lat' dir='ltr'><strong>eodem</strong></span> 
     </span>
    </p>
   </div>
   <div class='ocr_carea' id='block_1_93' title="bbox 216 5773 1730 5850">
    <p class='ocr_par' dir='ltr' id='par_1_93' title="bbox 216 5773 1730 5850">
     <span class='ocr_line' id='line_1_94' title="bbox 216 5773 1730 5850; baseline -0.001 -23"><span class='ocrx_word' id='word_1_773' title='bbox 216 5773 453 5850; x_wconf 63' lang='lat' dir='ltr'><strong>evulgatus</strong></span> <span class='ocrx_word' id='word_1_774' title='bbox 491 5797 609 5836; x_wconf 90' lang='lat' dir='ltr'><strong>cum</strong></span> <span class='ocrx_word' id='word_1_775' title='bbox 659 5773 750 5835; x_wconf 61' lang='lat' dir='ltr'><strong>illi)</strong></span> <span class='ocrx_word' id='word_1_776' title='bbox 777 5779 1085 5850; x_wconf 81' lang='lat' dir='ltr'><strong>dogmatico</strong></span> <span class='ocrx_word' id='word_1_777' title='bbox 1140 5790 1306 5845; x_wconf 89' lang='lat' dir='ltr'><strong>opere</strong></span> <span class='ocrx_word' id='word_1_778' title='bbox 1342 5773 1730 5850; x_wconf 77' lang='lat' dir='ltr'><strong>confundatur.</strong></span> 
     </span>
    </p>
   </div>
   <div class='ocr_carea' id='block_1_94' title="bbox 216 5840 1731 5925">
    <p class='ocr_par' dir='ltr' id='par_1_94' title="bbox 216 5840 1731 5925">
     <span class='ocr_line' id='line_1_95' title="bbox 216 5840 1731 5925; baseline -0.004 -23"><span class='ocrx_word' id='word_1_779' title='bbox 216 5840 363 5918; x_wconf 72' lang='lat' dir='ltr'><strong>Neque</strong></span> <span class='ocrx_word' id='word_1_780' title='bbox 392 5852 782 5925; x_wconf 73' lang='lat' dir='ltr'><strong>diligentissimi</strong></span> <span class='ocrx_word' id='word_1_781' title='bbox 815 5840 1113 5922; x_wconf 59' lang='lat' dir='ltr'><strong>scriptores</strong></span> <span class='ocrx_word' id='word_1_782' title='bbox 1162 5840 1344 5918; x_wconf 80' lang='lat' dir='ltr'><strong>neque</strong></span> <span class='ocrx_word' id='word_1_783' title='bbox 1384 5843 1621 5901; x_wconf 75' lang='lat' dir='ltr'><strong>chicon</strong></span> <span class='ocrx_word' id='word_1_784' title='bbox 1650 5842 1731 5897; x_wconf 86' lang='lat' dir='ltr'><strong>bi-</strong></span> 
     </span>
    </p>
   </div>
   <div class='ocr_carea' id='block_1_95' title="bbox 1753 4679 1808 4744">
    <p class='ocr_par' dir='ltr' id='par_1_95' title="bbox 1753 4679 1808 4744">
     <span class='ocr_line' id='line_1_96' title="bbox 1753 4679 1808 4744; baseline 0 -3"><span class='ocrx_word' id='word_1_785' title='bbox 1753 4679 1808 4744; x_wconf 92' lang='lat' dir='ltr'><strong>D</strong></span> 
     </span>
    </p>
   </div>
   <div class='ocr_carea' id='block_1_96' title="bbox 1830 4368 3418 4442">
    <p class='ocr_par' dir='ltr' id='par_1_96' title="bbox 1830 4368 3418 4442">
     <span class='ocr_line' id='line_1_97' title="bbox 1830 4368 3418 4442; baseline -0.006 -10"><span class='ocrx_word' id='word_1_786' title='bbox 1830 4385 1944 4432; x_wconf 87' lang='lat' dir='ltr'><strong>stro</strong></span> <span class='ocrx_word' id='word_1_787' title='bbox 1968 4375 2215 4429; x_wconf 91' lang='lat' dir='ltr'><strong>hausisse</strong></span> <span class='ocrx_word' id='word_1_788' title='bbox 2240 4372 2516 4439; x_wconf 91' lang='lat' dir='ltr'><strong>videntur,</strong></span> <span class='ocrx_word' id='word_1_789' title='bbox 2546 4388 2657 4442; x_wconf 89' lang='lat' dir='ltr'><strong>quo</strong></span> <span class='ocrx_word' id='word_1_790' title='bbox 2682 4372 2900 4427; x_wconf 89' lang='lat' dir='ltr'><strong>facilius</strong></span> <span class='ocrx_word' id='word_1_791' title='bbox 2934 4371 3181 4441; x_wconf 86' lang='lat' dir='ltr'><strong>ejusdem</strong></span> <span class='ocrx_word' id='word_1_792' title='bbox 3214 4368 3267 4423; x_wconf 93' lang='lat' dir='ltr'><strong>in</strong></span> <span class='ocrx_word' id='word_1_793' title='bbox 3299 4369 3418 4423; x_wconf 87' lang='lat' dir='ltr'><strong>illo-</strong></span> 
     </span>
    </p>
   </div>
   <div class='ocr_carea' id='block_1_97' title="bbox 1831 4459 3412 4538">
    <p class='ocr_par' dir='ltr' id='par_1_97' title="bbox 1831 4459 3412 4538">
     <span class='ocr_line' id='line_1_98' title="bbox 1831 4459 3412 4538; baseline -0.006 -16"><span class='ocrx_word' id='word_1_794' title='bbox 1831 4482 1953 4522; x_wconf 88' lang='lat' dir='ltr'><strong>rum</strong></span> <span class='ocrx_word' id='word_1_795' title='bbox 1980 4465 2250 4538; x_wconf 80' lang='lat' dir='ltr'><strong>theologia</strong></span> <span class='ocrx_word' id='word_1_796' title='bbox 2297 4465 2513 4535; x_wconf 89' lang='lat' dir='ltr'><strong>pondus</strong></span> <span class='ocrx_word' id='word_1_797' title='bbox 2549 4462 2898 4535; x_wconf 88' lang='lat' dir='ltr'><strong>pretiumque</strong></span> <span class='ocrx_word' id='word_1_798' title='bbox 2941 4459 3189 4533; x_wconf 83' lang='lat' dir='ltr'><strong>dignosci</strong></span> <span class='ocrx_word' id='word_1_799' title='bbox 3229 4466 3412 4531; x_wconf 88' lang='lat' dir='ltr'><strong>queat.</strong></span> 
     </span>
    </p>
   </div>
   <div class='ocr_carea' id='block_1_98' title="bbox 1833 4630 3415 4719">
    <p class='ocr_par' dir='ltr' id='par_1_98' title="bbox 1833 4630 3415 4719">
     <span class='ocr_line' id='line_1_99' title="bbox 1833 4630 3415 4719; baseline -0.015 -14"><span class='ocrx_word' id='word_1_800' title='bbox 1833 4646 2267 4719; x_wconf 76' lang='lat' dir='ltr'><strong>bliographicum</strong></span> <span class='ocrx_word' id='word_1_801' title='bbox 2289 4641 2807 4719; x_wconf 58' lang='lat' dir='ltr'><strong>iioli‘rnannianum,</strong></span> <span class='ocrx_word' id='word_1_802' title='bbox 2857 4636 3028 4719; x_wconf 61' lang='lat' dir='ltr'><strong>Lips:_</strong></span> <span class='ocrx_word' id='word_1_803' title='bbox 3040 4631 3128 4719; x_wconf 84' lang='lat' dir='ltr'><strong>ed.</strong></span> <span class='ocrx_word' id='word_1_804' title='bbox 3144 4647 3239 4719; x_wconf 38' lang='lat' dir='ltr'><strong>la;</strong></span> 
     </span>
    </p>
   </div>
   <div class='ocr_carea' id='block_1_99' title="bbox 1834 4701 3419 4791">
    <p class='ocr_par' dir='ltr' id='par_1_99' title="bbox 1834 4701 3419 4791">
     <span class='ocr_line' id='line_1_100' title="bbox 1834 4701 3419 4791; baseline -0.013 -16"><span class='ocrx_word' id='word_1_805' title='bbox 1834 4701 1981 4791; x_wconf 69' lang='grc' dir='ltr'><strong>ἷιᾶὀὲ</strong></span> <span class='ocrx_word' id='word_1_806' title='bbox 2016 4701 2127 4781; x_wconf 65' lang='lat' dir='ltr'><strong>iit,</strong></span> <span class='ocrx_word' id='word_1_807' title='bbox 2179 4731 2237 4786; x_wconf 89' lang='lat' dir='ltr'><strong>p.</strong></span> <span class='ocrx_word' id='word_1_808' title='bbox 2284 4713 2526 4791; x_wconf 52' lang='lat'><strong>250.252</strong></span> <span class='ocrx_word' id='word_1_809' title='bbox 2560 4701 2900 4791; x_wconf 46' lang='lat' dir='ltr'><strong>amplissimi;</strong></span> <span class='ocrx_word' id='word_1_810' title='bbox 2926 4701 3419 4791; x_wconf 37' lang='lat' dir='ltr'><strong>&#39;editazl‘futhynrii</strong></span> 
     </span>
    </p>
   </div>
   <div class='ocr_carea' id='block_1_100' title="bbox 1835 4774 3421 4861">
    <p class='ocr_par' dir='ltr' id='par_1_100' title="bbox 1835 4774 3421 4861">
     <span class='ocr_line' id='line_1_101' title="bbox 1835 4774 3421 4861; baseline -0.012 -16"><span class='ocrx_word' id='word_1_811' title='bbox 1835 4774 2002 4861; x_wconf 66' lang='lat' dir='ltr'><strong>opera</strong></span> <span class='ocrx_word' id='word_1_812' title='bbox 2049 4774 2322 4850; x_wconf 78' lang='lat' dir='ltr'><strong>recenset,</strong></span> <span class='ocrx_word' id='word_1_813' title='bbox 2358 4784 2629 4856; x_wconf 86' lang='lat' dir='ltr'><strong>ejusmodi</strong></span> <span class='ocrx_word' id='word_1_814' title='bbox 2653 4774 2949 4849; x_wconf 59' lang='lat' dir='ltr'><strong>&#39;Pauoplia:</strong></span> <span class='ocrx_word' id='word_1_815' title='bbox 2985 4774 3287 4831; x_wconf 86' lang='lat' dir='ltr'><strong>editionem</strong></span> <span class='ocrx_word' id='word_1_816' title='bbox 3318 4787 3421 4826; x_wconf 80' lang='lat' dir='ltr'><strong>no-</strong></span> 
     </span>
    </p>
   </div>
   <div class='ocr_carea' id='block_1_101' title="bbox 1905 4868 3377 4914">
    <p class='ocr_par' dir='ltr' id='par_1_101' title="bbox 1905 4868 3377 4914">
     <span class='ocr_line' id='line_1_102' title="bbox 1905 4868 3377 4914; baseline -0.001 -1"><span class='ocrx_word' id='word_1_817' title='bbox 1905 4868 1983 4914; x_wconf 90' lang='lat' dir='ltr'><strong>nt.</strong></span> <span class='ocrx_word' id='word_1_818' title='bbox 2152 4906 2153 4909; x_wconf 51' lang='grc' dir='ltr'><strong>η</strong></span> <span class='ocrx_word' id='word_1_819' title='bbox 3031 4911 3146 4914; x_wconf 81' lang='lat'><strong><em>____</em></strong></span> <span class='ocrx_word' id='word_1_820' title='bbox 3227 4911 3248 4914; x_wconf 57' lang='grc'><em>,</em></span> <span class='ocrx_word' id='word_1_821' title='bbox 3371 4904 3377 4911; x_wconf 96' lang='grc'>.</span> 
     </span>
    </p>
   </div>
   <div class='ocr_carea' id='block_1_102' title="bbox 1834 4877 3417 5000">
    <p class='ocr_par' dir='ltr' id='par_1_102' title="bbox 1834 4877 3417 5000">
     <span class='ocr_line' id='line_1_103' title="bbox 1834 4877 3417 5000; baseline -0.008 -19"><span class='ocrx_word' id='word_1_822' title='bbox 1834 4877 2021 5000; x_wconf 56' lang='grc' dir='ltr'><strong>Υυῗῖξὲ)</strong></span> <span class='ocrx_word' id='word_1_823' title='bbox 2057 4906 2383 5000; x_wconf 66' lang='lat' dir='ltr'><strong>Lambecch</strong></span> <span class='ocrx_word' id='word_1_824' title='bbox 2413 4933 2498 5000; x_wconf 84' lang='lat' dir='ltr'><strong>est</strong></span> <span class='ocrx_word' id='word_1_825' title='bbox 2522 4921 2719 5000; x_wconf 78' lang='lat' dir='ltr'><strong>_co_dex</strong></span> <span class='ocrx_word' id='word_1_826' title='bbox 2759 4918 2849 4974; x_wconf 85' lang='lat'><strong>97.</strong></span> <span class='ocrx_word' id='word_1_827' title='bbox 2889 4914 2973 4973; x_wconf 87' lang='lat' dir='ltr'><strong>Cf.</strong></span> <span class='ocrx_word' id='word_1_828' title='bbox 3029 4911 3171 4968; x_wconf 90' lang='lat' dir='ltr'><strong>Bibl.</strong></span> <span class='ocrx_word' id='word_1_829' title='bbox 3206 4904 3417 4969; x_wconf 60' lang='lat' dir='ltr'><strong>Caesar.</strong></span> 
     </span>
    </p>
   </div>
   <div class='ocr_carea' id='block_1_103' title="bbox 1836 4990 3388 5069">
    <p class='ocr_par' dir='ltr' id='par_1_103' title="bbox 1836 4990 3388 5069">
     <span class='ocr_line' id='line_1_104' title="bbox 1836 4990 3388 5069; baseline -0.001 -2"><span class='ocrx_word' id='word_1_830' title='bbox 1836 5009 1877 5057; x_wconf 76' lang='grc' dir='ltr'><strong>ιο</strong></span> <span class='ocrx_word' id='word_1_831' title='bbox 1904 4990 2091 5069; x_wconf 69' lang='grc' dir='ltr'><strong>ῙΙΙνῬο</strong></span> <span class='ocrx_word' id='word_1_832' title='bbox 2115 4998 2241 5069; x_wconf 59' lang='grc'>⁵99,</span> <span class='ocrx_word' id='word_1_833' title='bbox 2272 4994 2378 5069; x_wconf 65' lang='grc' dir='ltr'><strong>’ΨΟ</strong></span> <span class='ocrx_word' id='word_1_834' title='bbox 2408 4996 2497 5069; x_wconf 59' lang='lat' dir='ltr'><strong>eti.-</strong></span> <span class='ocrx_word' id='word_1_835' title='bbox 2522 4990 2767 5069; x_wconf 65' lang='grc' dir='ltr'><strong>Κουδτξ.</strong></span> <span class='ocrx_word' id='word_1_836' title='bbox 3168 5053 3199 5069; x_wconf 93' lang='grc'><strong>..</strong></span> <span class='ocrx_word' id='word_1_837' title='bbox 3246 5054 3281 5069; x_wconf 77' lang='grc'><strong>,.</strong></span> <span class='ocrx_word' id='word_1_838' title='bbox 3322 5068 3327 5069; x_wconf 64' lang='lat'><strong><em>,</em></strong></span> <span class='ocrx_word' id='word_1_839' title='bbox 3374 5052 3388 5066; x_wconf 94' lang='lat'><strong>.</strong></span> 
     </span>
    </p>
   </div>
   <div class='ocr_carea' id='block_1_104' title="bbox 1908 5053 3422 5139">
    <p class='ocr_par' dir='ltr' id='par_1_104' title="bbox 1908 5053 3422 5139">
     <span class='ocr_line' id='line_1_105' title="bbox 1908 5053 3422 5139; baseline -0.014 -13"><span class='ocrx_word' id='word_1_840' title='bbox 1908 5053 2021 5139; x_wconf 59' lang='grc'>154)</span> <span class='ocrx_word' id='word_1_841' title='bbox 2038 5053 2334 5139; x_wconf 63' lang='grc' dir='ltr'><strong>Ἐυῌῃίιιιίἰ</strong></span> <span class='ocrx_word' id='word_1_842' title='bbox 2360 5062 2722 5139; x_wconf 48' lang='grc' dir='ltr'><strong>οοάῇςθελλιιί</strong></span> <span class='ocrx_word' id='word_1_843' title='bbox 2749 5054 3041 5139; x_wconf 37' lang='grc' dir='ltr'>ξρῆιιιιιξιὶε</span> <span class='ocrx_word' id='word_1_844' title='bbox 3072 5053 3422 5139; x_wconf 53' lang='lat' dir='ltr'><strong>bibliothecis</strong></span> 
     </span>
    </p>
   </div>
   <div class='ocr_carea' id='block_1_105' title="bbox 1836 5105 3418 5213">
    <p class='ocr_par' dir='ltr' id='par_1_105' title="bbox 1836 5105 3418 5213">
     <span class='ocr_line' id='line_1_106' title="bbox 1836 5105 3418 5213; baseline -0.015 -16"><span class='ocrx_word' id='word_1_845' title='bbox 1836 5105 2334 5213; x_wconf 57' lang='grc' dir='ltr'><strong>ρτὸέἶέηῖἿῊίἷὲἷ</strong></span> <span class='ocrx_word' id='word_1_846' title='bbox 2360 5105 2722 5213; x_wconf 38' lang='lat' dir='ltr'><strong>Etiamsi?</strong></span> 
     </span>
    </p>
   </div>
   <div class='ocr_carea' id='block_1_106' title="bbox 1836 5194 3422 5279">
    <p class='ocr_par' dir='ltr' id='par_1_106' title="bbox 1836 5194 3422 5279">
     <span class='ocr_line' id='line_1_107' title="bbox 1836 5194 3422 5279; baseline -0.014 -12"><span class='ocrx_word' id='word_1_847' title='bbox 1836 5194 2062 5275; x_wconf 69' lang='lat' dir='ltr'><strong>nullam,</strong></span> <span class='ocrx_word' id='word_1_848' title='bbox 2120 5194 2391 5279; x_wconf 82' lang='lat' dir='ltr'><strong>quantum</strong></span> <span class='ocrx_word' id='word_1_849' title='bbox 2432 5205 2569 5272; x_wconf 90' lang='lat' dir='ltr'><strong>scio,</strong></span> <span class='ocrx_word' id='word_1_850' title='bbox 2601 5194 2707 5258; x_wconf 84' lang='lat' dir='ltr'><strong>hoc</strong></span> <span class='ocrx_word' id='word_1_851' title='bbox 2740 5202 2796 5256; x_wconf 92' lang='lat' dir='ltr'><strong>in</strong></span> <span class='ocrx_word' id='word_1_852' title='bbox 2849 5197 3010 5254; x_wconf 86' lang='lat' dir='ltr'><strong>titulo</strong></span> <span class='ocrx_word' id='word_1_853' title='bbox 3052 5194 3422 5249; x_wconf 66' lang='lat' dir='ltr'><strong>differentiam</strong></span> 
     </span>
    </p>
   </div>
   <div class='ocr_carea' id='block_1_107' title="bbox 1791 5283 2118 5339">
    <p class='ocr_par' dir='ltr' id='par_1_107' title="bbox 1791 5283 2118 5339">
     <span class='ocr_line' id='line_1_108' title="bbox 1791 5283 2118 5339; baseline -0.018 0"><span class='ocrx_word' id='word_1_854' title='bbox 1791 5284 1802 5293; x_wconf 86' lang='grc'><strong>’</strong></span> <span class='ocrx_word' id='word_1_855' title='bbox 1836 5283 2118 5339; x_wconf 77' lang='lat' dir='ltr'><strong>exhibent.</strong></span> 
     </span>
    </p>
   </div>
   <div class='ocr_carea' id='block_1_108' title="bbox 1912 5332 3419 5423">
    <p class='ocr_par' dir='ltr' id='par_1_108' title="bbox 1912 5332 3419 5423">
     <span class='ocr_line' id='line_1_109' title="bbox 1912 5332 3419 5423; baseline -0.025 1"><span class='ocrx_word' id='word_1_856' title='bbox 1912 5332 2509 5423; x_wconf 45' lang='grc' dir='ltr'><strong>ξέέῑάοά-,μωιςςρμ</strong></span> <span class='ocrx_word' id='word_1_857' title='bbox 2558 5342 2649 5412; x_wconf 78' lang='lat'><strong>1‘2,</strong></span> <span class='ocrx_word' id='word_1_858' title='bbox 2694 5342 2836 5414; x_wconf 89' lang='lat' dir='ltr'><strong>plut.</strong></span> <span class='ocrx_word' id='word_1_859' title='bbox 2892 5338 2947 5405; x_wconf 90' lang='lat'><strong>9,</strong></span> <span class='ocrx_word' id='word_1_860' title='bbox 3006 5354 3064 5392; x_wconf 85' lang='grc' dir='ltr'>ιι.</span> <span class='ocrx_word' id='word_1_861' title='bbox 3101 5340 3156 5395; x_wconf 79' lang='lat'><strong>5.</strong></span> <span class='ocrx_word' id='word_1_862' title='bbox 3207 5332 3419 5390; x_wconf 81' lang='lat' dir='ltr'><strong>Bandin</strong></span> 
     </span>
    </p>
   </div>
   <div class='ocr_carea' id='block_1_109' title="bbox 1836 5418 3038 5495">
    <p class='ocr_par' dir='ltr' id='par_1_109' title="bbox 1836 5418 3038 5495">
     <span class='ocr_line' id='line_1_110' title="bbox 1836 5418 3038 5495; baseline 0.017 -17"><span class='ocrx_word' id='word_1_863' title='bbox 1836 5418 2505 5495; x_wconf 17' lang='lat' dir='ltr'><strong>Catalogi.p.4_06,__40?-_</strong></span> <span class='ocrx_word' id='word_1_864' title='bbox 2592 5484 2625 5495; x_wconf 58' lang='grc' dir='ltr'>η</span> <span class='ocrx_word' id='word_1_865' title='bbox 2725 5482 2756 5495; x_wconf 86' lang='lat'><strong>__</strong></span> <span class='ocrx_word' id='word_1_866' title='bbox 2851 5481 2864 5495; x_wconf 91' lang='lat'><strong>.</strong></span> <span class='ocrx_word' id='word_1_867' title='bbox 2934 5478 3038 5495; x_wconf 68' lang='grc' dir='ltr'><strong>..ην</strong></span> 
     </span>
    </p>
   </div>
   <div class='ocr_carea' id='block_1_110' title="bbox 1913 5473 3421 5563">
    <p class='ocr_par' dir='ltr' id='par_1_110' title="bbox 1913 5473 3421 5563">
     <span class='ocr_line' id='line_1_111' title="bbox 1913 5473 3421 5563; baseline -0.015 -13"><span class='ocrx_word' id='word_1_868' title='bbox 1913 5473 2275 5563; x_wconf 50' lang='grc' dir='ltr'><strong>(ἐξέἱῖῖιῖὸσᾱἒ</strong></span> <span class='ocrx_word' id='word_1_869' title='bbox 2304 5473 2547 5563; x_wconf 59' lang='grc' dir='ltr'><strong>’νίιιάοῑλ</strong></span> <span class='ocrx_word' id='word_1_870' title='bbox 2586 5481 2891 5563; x_wconf 42' lang='lat' dir='ltr'><strong>Gr._‘t_heol.</strong></span> <span class='ocrx_word' id='word_1_871' title='bbox 3096 5476 3133 5532; x_wconf 94' lang='lat' dir='ltr'><strong>f.</strong></span> <span class='ocrx_word' id='word_1_872' title='bbox 3182 5476 3225 5563; x_wconf 83' lang='lat'><strong>1</strong></span> <span class='ocrx_word' id='word_1_873' title='bbox 3256 5473 3421 5563; x_wconf 66' lang='lat' dir='ltr'><strong>verba</strong></span> 
     </span>
    </p>
   </div>
   <div class='ocr_carea' id='block_1_111' title="bbox 1839 5551 3426 5631">
    <p class='ocr_par' dir='ltr' id='par_1_111' title="bbox 1839 5551 3426 5631">
     <span class='ocr_line' id='line_1_112' title="bbox 1839 5551 3426 5631; baseline -0.015 -11"><span class='ocrx_word' id='word_1_874' title='bbox 1839 5580 1903 5620; x_wconf 84' lang='lat' dir='ltr'><strong>ex</strong></span> <span class='ocrx_word' id='word_1_875' title='bbox 1919 5551 2107 5619; x_wconf 52' lang='lat' dir='ltr'><strong>‘I&#39;h&#39;otii</strong></span> <span class='ocrx_word' id='word_1_876' title='bbox 2134 5576 2222 5631; x_wconf 85' lang='lat' dir='ltr'><strong>ep.</strong></span> <span class='ocrx_word' id='word_1_877' title='bbox 2249 5560 2286 5614; x_wconf 74' lang='grc'>2</span> <span class='ocrx_word' id='word_1_878' title='bbox 2323 5553 2901 5631; x_wconf 67' lang='lat' dir='ltr'><strong>tribuunturNicolao</strong></span> <span class='ocrx_word' id='word_1_879' title='bbox 2946 5551 3310 5631; x_wconf 64' lang='lat' dir='ltr'><strong>hlethonensi,</strong></span> <span class='ocrx_word' id='word_1_880' title='bbox 3362 5552 3426 5631; x_wconf 69' lang='lat' dir='ltr'><strong>ut</strong></span> 
     </span>
    </p>
   </div>
   <div class='ocr_carea' id='block_1_112' title="bbox 1840 5613 3421 5698">
    <p class='ocr_par' dir='ltr' id='par_1_112' title="bbox 1840 5613 3421 5698">
     <span class='ocr_line' id='line_1_113' title="bbox 1840 5613 3421 5698; baseline -0.015 -10"><span class='ocrx_word' id='word_1_881' title='bbox 1840 5613 2245 5698; x_wconf 47' lang='lat' dir='ltr'><strong>5ii§sfsibéhe</strong></span> <span class='ocrx_word' id='word_1_882' title='bbox 2284 5613 2538 5691; x_wconf 85' lang='lat' dir='ltr'><strong>memini,</strong></span> <span class='ocrx_word' id='word_1_883' title='bbox 2567 5627 2624 5681; x_wconf 91' lang='lat' dir='ltr'><strong>in</strong></span> <span class='ocrx_word' id='word_1_884' title='bbox 2665 5625 2791 5698; x_wconf 77' lang='lat' dir='ltr'><strong>cod.</strong></span> <span class='ocrx_word' id='word_1_885' title='bbox 2839 5621 3089 5698; x_wconf 77' lang='lat' dir='ltr'><strong>Vindob._</strong></span> <span class='ocrx_word' id='word_1_886' title='bbox 3128 5617 3215 5698; x_wconf 49' lang='lat'><strong>{7,</strong></span> <span class='ocrx_word' id='word_1_887' title='bbox 3251 5630 3310 5668; x_wconf 92' lang='lat' dir='ltr'><strong>n.</strong></span> <span class='ocrx_word' id='word_1_888' title='bbox 3364 5613 3421 5698; x_wconf 58' lang='grc'>4,</span> 
     </span>
    </p>
   </div>
   <div class='ocr_carea' id='block_1_113' title="bbox 1838 5683 3427 5761">
    <p class='ocr_par' dir='ltr' id='par_1_113' title="bbox 1838 5683 3427 5761">
     <span class='ocr_line' id='line_1_114' title="bbox 1838 5683 3427 5761; baseline -0.014 -2"><span class='ocrx_word' id='word_1_889' title='bbox 1838 5683 2018 5759; x_wconf 39' lang='grc' dir='ltr'><strong>ἶίξῆἱ).</strong></span> <span class='ocrx_word' id='word_1_890' title='bbox 2032 5683 2265 5759; x_wconf 49' lang='grc' dir='ltr'><strong>ᾗὶἶιόᾗλό</strong></span> <span class='ocrx_word' id='word_1_891' title='bbox 2287 5683 2598 5756; x_wconf 54' lang='lat' dir='ltr'><strong>Gabasill&#39;te.</strong></span> <span class='ocrx_word' id='word_1_892' title='bbox 2647 5695 2769 5749; x_wconf 84' lang='lat' dir='ltr'><strong>Alia</strong></span> <span class='ocrx_word' id='word_1_893' title='bbox 2798 5692 3044 5761; x_wconf 79' lang='lat' dir='ltr'><strong>exempla</strong></span> <span class='ocrx_word' id='word_1_894' title='bbox 3076 5688 3245 5761; x_wconf 74' lang='lat' dir='ltr'><strong>habes</strong></span> <span class='ocrx_word' id='word_1_895' title='bbox 3277 5683 3427 5753; x_wconf 86' lang='lat' dir='ltr'><strong>apud</strong></span> 
     </span>
    </p>
   </div>
   <div class='ocr_carea' id='block_1_114' title="bbox 1839 5757 3433 5845">
    <p class='ocr_par' dir='ltr' id='par_1_114' title="bbox 1839 5757 3433 5845">
     <span class='ocr_line' id='line_1_115' title="bbox 1839 5757 3433 5845; baseline -0.015 -13"><span class='ocrx_word' id='word_1_896' title='bbox 1839 5757 2151 5833; x_wconf 58' lang='lat' dir='ltr'><strong>Fabricium</strong></span> <span class='ocrx_word' id='word_1_897' title='bbox 2175 5788 2272 5833; x_wconf 84' lang='lat' dir='ltr'><strong>seu</strong></span> <span class='ocrx_word' id='word_1_898' title='bbox 2289 5772 2473 5845; x_wconf 89' lang='lat' dir='ltr'><strong>potius</strong></span> <span class='ocrx_word' id='word_1_899' title='bbox 2498 5765 2855 5834; x_wconf 84' lang='lat' dir='ltr'><strong>llarlessium,</strong></span> <span class='ocrx_word' id='word_1_900' title='bbox 2876 5763 2914 5821; x_wconf 91' lang='lat' dir='ltr'><strong>l.</strong></span> <span class='ocrx_word' id='word_1_901' title='bbox 2934 5757 2986 5821; x_wconf 67' lang='grc' dir='ltr'><strong>(Ξ.</strong></span> <span class='ocrx_word' id='word_1_902' title='bbox 3006 5776 3063 5832; x_wconf 88' lang='lat' dir='ltr'><strong>p.</strong></span> <span class='ocrx_word' id='word_1_903' title='bbox 3080 5757 3171 5824; x_wconf 69' lang='lat'><strong>29,</strong></span> <span class='ocrx_word' id='word_1_904' title='bbox 3206 5762 3324 5811; x_wconf 89' lang='lat' dir='ltr'><strong>not.</strong></span> <span class='ocrx_word' id='word_1_905' title='bbox 3345 5770 3433 5810; x_wconf 84' lang='lat' dir='ltr'><strong>cc.</strong></span> 
     </span>
    </p>
   </div>
  </div>
