  <div class='ocr_page' id='page_1' title='image "/cluster/home/n/w/nwhite01/storage/ocr_20150623/102:no.2/coo.31924054870062/152.png"; bbox 0 0 3886 6450; ppageno 0'>
   <div class='ocr_carea' id='block_1_1' title="bbox 248 391 2841 463">
    <p class='ocr_par' dir='ltr' id='par_1_1' title="bbox 248 391 2841 463">
     <span class='ocr_line' id='line_1_1' title="bbox 248 391 2841 463; baseline 0.002 -7"><span class='ocrx_word' id='word_1_1' title='bbox 248 391 339 456; x_wconf 66' lang='lat'><strong>277</strong></span> <span class='ocrx_word' id='word_1_2' title='bbox 901 400 961 463; x_wconf 93' lang='lat' dir='ltr'><strong>S.</strong></span> <span class='ocrx_word' id='word_1_3' title='bbox 1004 401 1360 463; x_wconf 84' lang='lat' dir='ltr'><strong>SPIRITUS</strong></span> <span class='ocrx_word' id='word_1_4' title='bbox 1395 396 1902 463; x_wconf 81' lang='lat' dir='ltr'><strong>MYSTAGOGIA.</strong></span> <span class='ocrx_word' id='word_1_5' title='bbox 1946 424 2019 435; x_wconf 88' lang='grc'><strong><em>-</em></strong></span> <span class='ocrx_word' id='word_1_6' title='bbox 2047 402 2104 462; x_wconf 85' lang='lat' dir='ltr'><strong>J.</strong></span> <span class='ocrx_word' id='word_1_7' title='bbox 2145 401 2380 462; x_wconf 84' lang='lat' dir='ltr'><strong>HERG.</strong></span> <span class='ocrx_word' id='word_1_8' title='bbox 2422 401 2841 462; x_wconf 82' lang='lat' dir='ltr'><strong>PR/EFATIO.</strong></span> 
     </span>
    </p>
   </div>
   <div class='ocr_carea' id='block_1_2' title="bbox 3400 401 3508 464">
    <p class='ocr_par' dir='ltr' id='par_1_2' title="bbox 3400 401 3508 464">
     <span class='ocr_line' id='line_1_2' title="bbox 3400 401 3508 464; baseline 0 0"><span class='ocrx_word' id='word_1_9' title='bbox 3400 401 3508 464; x_wconf 78' lang='lat'><strong>273</strong></span> 
     </span>
    </p>
   </div>
   <div class='ocr_carea' id='block_1_3' title="bbox 243 511 3505 590">
    <p class='ocr_par' dir='ltr' id='par_1_3' title="bbox 243 511 3505 590">
     <span class='ocr_line' id='line_1_3' title="bbox 243 511 3505 590; baseline 0.001 -26"><span class='ocrx_word' id='word_1_10' title='bbox 243 511 358 565; x_wconf 77' lang='lat' dir='ltr'><strong>riori</strong></span> <span class='ocrx_word' id='word_1_11' title='bbox 388 512 719 569; x_wconf 75' lang='lat' dir='ltr'><strong>tractatione</strong></span> <span class='ocrx_word' id='word_1_12' title='bbox 763 514 1126 590; x_wconf 88' lang='lat' dir='ltr'><strong>adhibenda),</strong></span> <span class='ocrx_word' id='word_1_13' title='bbox 1167 520 1262 576; x_wconf 91' lang='lat' dir='ltr'><strong>sed</strong></span> <span class='ocrx_word' id='word_1_14' title='bbox 1305 530 1362 576; x_wconf 90' lang='lat' dir='ltr'><strong>et</strong></span> <span class='ocrx_word' id='word_1_15' title='bbox 1402 521 1653 587; x_wconf 89' lang='lat' dir='ltr'><strong>aliorum,</strong></span> <span class='ocrx_word' id='word_1_16' title='bbox 1695 518 1818 590; x_wconf 84' lang='lat' dir='ltr'><strong>qui-</strong></span> <span class='ocrx_word' id='word_1_17' title='bbox 1845 515 1977 575; x_wconf 84' lang='lat' dir='ltr'><strong>Aet</strong></span> <span class='ocrx_word' id='word_1_18' title='bbox 2026 519 2227 575; x_wconf 87' lang='lat' dir='ltr'><strong>virium</strong></span> <span class='ocrx_word' id='word_1_19' title='bbox 2295 530 2606 577; x_wconf 87' lang='lat' dir='ltr'><strong>nostrarum</strong></span> <span class='ocrx_word' id='word_1_20' title='bbox 2661 519 2985 575; x_wconf 79' lang='lat' dir='ltr'><strong>tenuitatem</strong></span> <span class='ocrx_word' id='word_1_21' title='bbox 3039 526 3095 573; x_wconf 90' lang='lat' dir='ltr'><strong>et</strong></span> <span class='ocrx_word' id='word_1_22' title='bbox 3158 528 3505 571; x_wconf 90' lang='lat' dir='ltr'><strong>communem</strong></span> 
     </span>
    </p>
   </div>
   <div class='ocr_carea' id='block_1_4' title="bbox 240 602 1817 681">
    <p class='ocr_par' dir='ltr' id='par_1_4' title="bbox 240 602 1817 681">
     <span class='ocr_line' id='line_1_4' title="bbox 240 602 1817 681; baseline 0.007 -24"><span class='ocrx_word' id='word_1_23' title='bbox 240 604 327 657; x_wconf 84' lang='lat' dir='ltr'><strong>bu‘s</strong></span> <span class='ocrx_word' id='word_1_24' title='bbox 360 602 693 674; x_wconf 85' lang='lat' dir='ltr'><strong>indagandis</strong></span> <span class='ocrx_word' id='word_1_25' title='bbox 742 608 956 671; x_wconf 87' lang='lat' dir='ltr'><strong>studeo,</strong></span> <span class='ocrx_word' id='word_1_26' title='bbox 1012 610 1216 666; x_wconf 84' lang='lat' dir='ltr'><strong>inedita</strong></span> <span class='ocrx_word' id='word_1_27' title='bbox 1264 613 1526 666; x_wconf 92' lang='lat' dir='ltr'><strong>nonnulla</strong></span> <span class='ocrx_word' id='word_1_28' title='bbox 1557 614 1817 681; x_wconf 87' lang='lat' dir='ltr'><strong>opuscula</strong></span> 
     </span>
    </p>
   </div>
   <div class='ocr_carea' id='block_1_5' title="bbox 240 695 1818 773">
    <p class='ocr_par' dir='ltr' id='par_1_5' title="bbox 240 695 1818 773">
     <span class='ocr_line' id='line_1_5' title="bbox 240 695 1818 773; baseline 0.007 -27"><span class='ocrx_word' id='word_1_29' title='bbox 240 695 455 764; x_wconf 74' lang='lat' dir='ltr'><strong>publicae</strong></span> <span class='ocrx_word' id='word_1_30' title='bbox 490 696 601 751; x_wconf 89' lang='lat' dir='ltr'><strong>luci</strong></span> <span class='ocrx_word' id='word_1_31' title='bbox 637 713 727 751; x_wconf 91' lang='lat' dir='ltr'><strong>me</strong></span> <span class='ocrx_word' id='word_1_32' title='bbox 754 699 1099 755; x_wconf 84' lang='lat' dir='ltr'><strong>redditurum</strong></span> <span class='ocrx_word' id='word_1_33' title='bbox 1132 718 1312 773; x_wconf 88' lang='lat' dir='ltr'><strong>spero.</strong></span> <span class='ocrx_word' id='word_1_34' title='bbox 1373 703 1585 758; x_wconf 88' lang='lat' dir='ltr'><strong>Interea</strong></span> <span class='ocrx_word' id='word_1_35' title='bbox 1616 704 1818 757; x_wconf 84' lang='lat' dir='ltr'><strong>disser-</strong></span> 
     </span>
    </p>
   </div>
   <div class='ocr_carea' id='block_1_6' title="bbox 243 786 1815 861">
    <p class='ocr_par' dir='ltr' id='par_1_6' title="bbox 243 786 1815 861">
     <span class='ocr_line' id='line_1_6' title="bbox 243 786 1815 861; baseline 0.007 -23"><span class='ocrx_word' id='word_1_36' title='bbox 243 786 445 841; x_wconf 81' lang='lat' dir='ltr'><strong>tationis</strong></span> <span class='ocrx_word' id='word_1_37' title='bbox 494 789 726 857; x_wconf 65' lang='lat' dir='ltr'><strong>adjectae</strong></span> <span class='ocrx_word' id='word_1_38' title='bbox 780 793 1245 861; x_wconf 81' lang='lat' dir='ltr'><strong>opportunitatem</strong></span> <span class='ocrx_word' id='word_1_39' title='bbox 1292 811 1455 850; x_wconf 89' lang='lat' dir='ltr'><strong>nemo</strong></span> <span class='ocrx_word' id='word_1_40' title='bbox 1502 797 1558 850; x_wconf 91' lang='lat' dir='ltr'><strong>in</strong></span> <span class='ocrx_word' id='word_1_41' title='bbox 1590 795 1815 850; x_wconf 88' lang='lat' dir='ltr'><strong>dubium</strong></span> 
     </span>
    </p>
   </div>
   <div class='ocr_carea' id='block_1_7' title="bbox 238 878 1814 955">
    <p class='ocr_par' dir='ltr' id='par_1_7' title="bbox 238 878 1814 955">
     <span class='ocr_line' id='line_1_7' title="bbox 238 878 1814 955; baseline 0.008 -26"><span class='ocrx_word' id='word_1_42' title='bbox 238 878 458 941; x_wconf 69' lang='lat' dir='ltr'><strong>vocabit,</strong></span> <span class='ocrx_word' id='word_1_43' title='bbox 478 881 573 947; x_wconf 93' lang='lat' dir='ltr'><strong>qui</strong></span> <span class='ocrx_word' id='word_1_44' title='bbox 592 881 1069 951; x_wconf 80' lang='lat' dir='ltr'><strong>animadverterit,</strong></span> <span class='ocrx_word' id='word_1_45' title='bbox 1088 900 1389 955; x_wconf 88' lang='lat' dir='ltr'><strong>congruum</strong></span> <span class='ocrx_word' id='word_1_46' title='bbox 1412 887 1639 941; x_wconf 91' lang='lat' dir='ltr'><strong>omnino</strong></span> <span class='ocrx_word' id='word_1_47' title='bbox 1670 902 1814 953; x_wconf 89' lang='lat' dir='ltr'><strong>esse,</strong></span> 
     </span>
    </p>
   </div>
   <div class='ocr_carea' id='block_1_8' title="bbox 239 974 1813 1047">
    <p class='ocr_par' dir='ltr' id='par_1_8' title="bbox 239 974 1813 1047">
     <span class='ocr_line' id='line_1_8' title="bbox 239 974 1813 1047; baseline 0.006 -24"><span class='ocrx_word' id='word_1_48' title='bbox 239 977 291 1023; x_wconf 90' lang='lat' dir='ltr'><strong>ut</strong></span> <span class='ocrx_word' id='word_1_49' title='bbox 339 986 528 1023; x_wconf 89' lang='lat' dir='ltr'><strong>eorum</strong></span> <span class='ocrx_word' id='word_1_50' title='bbox 585 974 993 1046; x_wconf 81' lang='lat' dir='ltr'><strong>theologorum,</strong></span> <span class='ocrx_word' id='word_1_51' title='bbox 1044 978 1137 1047; x_wconf 91' lang='lat' dir='ltr'><strong>qui</strong></span> <span class='ocrx_word' id='word_1_52' title='bbox 1167 976 1349 1032; x_wconf 86' lang='lat' dir='ltr'><strong>Photii</strong></span> <span class='ocrx_word' id='word_1_53' title='bbox 1380 979 1520 1033; x_wconf 88' lang='lat' dir='ltr'><strong>libro</strong></span> <span class='ocrx_word' id='word_1_54' title='bbox 1553 979 1635 1032; x_wconf 89' lang='lat' dir='ltr'><strong>usi</strong></span> <span class='ocrx_word' id='word_1_55' title='bbox 1663 987 1813 1046; x_wconf 85' lang='lat' dir='ltr'><strong>sunt,</strong></span> 
     </span>
    </p>
   </div>
   <div class='ocr_carea' id='block_1_9' title="bbox 240 1060 1817 1137">
    <p class='ocr_par' dir='ltr' id='par_1_9' title="bbox 240 1060 1817 1137">
     <span class='ocr_line' id='line_1_9' title="bbox 240 1060 1817 1137; baseline 0.008 -24"><span class='ocrx_word' id='word_1_56' title='bbox 240 1070 289 1114; x_wconf 82' lang='lat' dir='ltr'><strong>ut</strong></span> <span class='ocrx_word' id='word_1_57' title='bbox 323 1060 568 1130; x_wconf 86' lang='lat' dir='ltr'><strong>llugonis</strong></span> <span class='ocrx_word' id='word_1_58' title='bbox 597 1062 906 1127; x_wconf 84' lang='lat' dir='ltr'><strong>Etheriani.</strong></span> <span class='ocrx_word' id='word_1_59' title='bbox 935 1065 983 1119; x_wconf 86' lang='lat' dir='ltr'><strong>.I.</strong></span> <span class='ocrx_word' id='word_1_60' title='bbox 1017 1065 1174 1121; x_wconf 89' lang='lat' dir='ltr'><strong>Becei</strong></span> <span class='ocrx_word' id='word_1_61' title='bbox 1219 1077 1382 1137; x_wconf 88' lang='lat' dir='ltr'><strong>atque</strong></span> <span class='ocrx_word' id='word_1_62' title='bbox 1422 1068 1485 1122; x_wconf 93' lang='lat' dir='ltr'><strong>L.</strong></span> <span class='ocrx_word' id='word_1_63' title='bbox 1513 1070 1713 1132; x_wconf 86' lang='lat' dir='ltr'><strong>Allatii,</strong></span> <span class='ocrx_word' id='word_1_64' title='bbox 1749 1070 1817 1125; x_wconf 87' lang='lat' dir='ltr'><strong>de</strong></span> 
     </span>
    </p>
   </div>
   <div class='ocr_carea' id='block_1_10' title="bbox 239 1153 1816 1231">
    <p class='ocr_par' dir='ltr' id='par_1_10' title="bbox 239 1153 1816 1231">
     <span class='ocr_line' id='line_1_10' title="bbox 239 1153 1816 1231; baseline 0.007 -26"><span class='ocrx_word' id='word_1_65' title='bbox 239 1153 416 1207; x_wconf 75' lang='lat' dir='ltr'><strong>eodem</strong></span> <span class='ocrx_word' id='word_1_66' title='bbox 476 1170 698 1224; x_wconf 89' lang='lat' dir='ltr'><strong>quoque</strong></span> <span class='ocrx_word' id='word_1_67' title='bbox 744 1158 947 1226; x_wconf 88' lang='lat' dir='ltr'><strong>judicia</strong></span> <span class='ocrx_word' id='word_1_68' title='bbox 1003 1173 1065 1213; x_wconf 93' lang='lat' dir='ltr'><strong>ac</strong></span> <span class='ocrx_word' id='word_1_69' title='bbox 1104 1159 1501 1229; x_wconf 85' lang='lat' dir='ltr'><strong>disputationes</strong></span> <span class='ocrx_word' id='word_1_70' title='bbox 1555 1161 1816 1231; x_wconf 88' lang='lat' dir='ltr'><strong>adjician-</strong></span> 
     </span>
    </p>
   </div>
   <div class='ocr_carea' id='block_1_11' title="bbox 239 1247 1816 1323">
    <p class='ocr_par' dir='ltr' id='par_1_11' title="bbox 239 1247 1816 1323">
     <span class='ocr_line' id='line_1_11' title="bbox 239 1247 1816 1323; baseline 0.008 -27"><span class='ocrx_word' id='word_1_71' title='bbox 239 1255 336 1308; x_wconf 85' lang='lat' dir='ltr'><strong>tur,</strong></span> <span class='ocrx_word' id='word_1_72' title='bbox 388 1253 556 1313; x_wconf 87' lang='lat' dir='ltr'><strong>atque</strong></span> <span class='ocrx_word' id='word_1_73' title='bbox 603 1247 810 1317; x_wconf 87' lang='lat' dir='ltr'><strong>liquido</strong></span> <span class='ocrx_word' id='word_1_74' title='bbox 859 1250 1021 1305; x_wconf 86' lang='lat' dir='ltr'><strong>simul</strong></span> <span class='ocrx_word' id='word_1_75' title='bbox 1070 1252 1410 1316; x_wconf 85' lang='lat' dir='ltr'><strong>ostendatur,</strong></span> <span class='ocrx_word' id='word_1_76' title='bbox 1449 1270 1555 1323; x_wconf 88' lang='lat' dir='ltr'><strong>qua</strong></span> <span class='ocrx_word' id='word_1_77' title='bbox 1606 1255 1816 1309; x_wconf 85' lang='lat' dir='ltr'><strong>ratione</strong></span> 
     </span>
    </p>
   </div>
   <div class='ocr_carea' id='block_1_12' title="bbox 238 1338 1817 1413">
    <p class='ocr_par' dir='ltr' id='par_1_12' title="bbox 238 1338 1817 1413">
     <span class='ocr_line' id='line_1_12' title="bbox 238 1338 1817 1413; baseline 0.007 -24"><span class='ocrx_word' id='word_1_78' title='bbox 238 1338 491 1405; x_wconf 84' lang='lat' dir='ltr'><strong>ejusmodi</strong></span> <span class='ocrx_word' id='word_1_79' title='bbox 527 1342 870 1409; x_wconf 83' lang='lat' dir='ltr'><strong>argumentis</strong></span> <span class='ocrx_word' id='word_1_80' title='bbox 900 1352 955 1397; x_wconf 88' lang='lat' dir='ltr'><strong>et</strong></span> <span class='ocrx_word' id='word_1_81' title='bbox 990 1344 1216 1413; x_wconf 86' lang='lat' dir='ltr'><strong>argutiis</strong></span> <span class='ocrx_word' id='word_1_82' title='bbox 1247 1345 1529 1399; x_wconf 80' lang='lat' dir='ltr'><strong>catholicae</strong></span> <span class='ocrx_word' id='word_1_83' title='bbox 1560 1346 1817 1401; x_wconf 69' lang='lat' dir='ltr'><strong>Eeelesim</strong></span> 
     </span>
    </p>
   </div>
   <div class='ocr_carea' id='block_1_13' title="bbox 241 1428 1816 1507">
    <p class='ocr_par' dir='ltr' id='par_1_13' title="bbox 241 1428 1816 1507">
     <span class='ocr_line' id='line_1_13' title="bbox 241 1428 1816 1507; baseline 0.008 -28"><span class='ocrx_word' id='word_1_84' title='bbox 241 1428 436 1481; x_wconf 86' lang='lat' dir='ltr'><strong>strenui</strong></span> <span class='ocrx_word' id='word_1_85' title='bbox 498 1428 822 1485; x_wconf 87' lang='lat' dir='ltr'><strong>defensores</strong></span> <span class='ocrx_word' id='word_1_86' title='bbox 876 1432 1018 1486; x_wconf 80' lang='lat' dir='ltr'><strong>soliti</strong></span> <span class='ocrx_word' id='word_1_87' title='bbox 1074 1434 1281 1487; x_wconf 85' lang='lat' dir='ltr'><strong>fuerint</strong></span> <span class='ocrx_word' id='word_1_88' title='bbox 1322 1450 1613 1490; x_wconf 87' lang='lat' dir='ltr'><strong>occurrere</strong></span> <span class='ocrx_word' id='word_1_89' title='bbox 1654 1445 1816 1507; x_wconf 89' lang='lat' dir='ltr'><strong>atque</strong></span> 
     </span>
    </p>
   </div>
   <div class='ocr_carea' id='block_1_14' title="bbox 241 1519 1816 1591">
    <p class='ocr_par' dir='ltr' id='par_1_14' title="bbox 241 1519 1816 1591">
     <span class='ocr_line' id='line_1_14' title="bbox 241 1519 1816 1591; baseline 0.008 -21"><span class='ocrx_word' id='word_1_90' title='bbox 241 1519 513 1572; x_wconf 81' lang='lat' dir='ltr'><strong>obsistere.</strong></span> <span class='ocrx_word' id='word_1_91' title='bbox 556 1520 725 1575; x_wconf 87' lang='lat' dir='ltr'><strong>Nobis</strong></span> <span class='ocrx_word' id='word_1_92' title='bbox 774 1537 905 1575; x_wconf 82' lang='lat' dir='ltr'><strong>vero</strong></span> <span class='ocrx_word' id='word_1_93' title='bbox 957 1524 1223 1591; x_wconf 86' lang='lat' dir='ltr'><strong>ejusmodi</strong></span> <span class='ocrx_word' id='word_1_94' title='bbox 1284 1526 1535 1579; x_wconf 84' lang='lat' dir='ltr'><strong>tractatio</strong></span> <span class='ocrx_word' id='word_1_95' title='bbox 1588 1527 1816 1582; x_wconf 90' lang='lat' dir='ltr'><strong>ulterius</strong></span> 
     </span>
    </p>
   </div>
   <div class='ocr_carea' id='block_1_15' title="bbox 241 1611 1817 1687">
    <p class='ocr_par' dir='ltr' id='par_1_15' title="bbox 241 1611 1817 1687">
     <span class='ocr_line' id='line_1_15' title="bbox 241 1611 1817 1687; baseline 0.008 -25"><span class='ocrx_word' id='word_1_96' title='bbox 241 1611 351 1663; x_wconf 85' lang='lat' dir='ltr'><strong>usui</strong></span> <span class='ocrx_word' id='word_1_97' title='bbox 386 1611 511 1687; x_wconf 76' lang='lat' dir='ltr'><strong>erit,</strong></span> <span class='ocrx_word' id='word_1_98' title='bbox 551 1612 717 1680; x_wconf 87' lang='lat' dir='ltr'><strong>idque</strong></span> <span class='ocrx_word' id='word_1_99' title='bbox 752 1613 956 1678; x_wconf 86' lang='lat' dir='ltr'><strong>duplici</strong></span> <span class='ocrx_word' id='word_1_100' title='bbox 1008 1622 1188 1683; x_wconf 88' lang='lat' dir='ltr'><strong>pacto.</strong></span> <span class='ocrx_word' id='word_1_101' title='bbox 1238 1613 1295 1668; x_wconf 85' lang='lat' dir='ltr'><strong>lu</strong></span> <span class='ocrx_word' id='word_1_102' title='bbox 1346 1616 1538 1685; x_wconf 83' lang='lat' dir='ltr'><strong>primis</strong></span> <span class='ocrx_word' id='word_1_103' title='bbox 1575 1619 1721 1671; x_wconf 90' lang='lat' dir='ltr'><strong>enim</strong></span> <span class='ocrx_word' id='word_1_104' title='bbox 1762 1628 1817 1674; x_wconf 90' lang='lat' dir='ltr'><strong>et</strong></span> 
     </span>
    </p>
   </div>
   <div class='ocr_carea' id='block_1_16' title="bbox 240 1704 1815 1777">
    <p class='ocr_par' dir='ltr' id='par_1_16' title="bbox 240 1704 1815 1777">
     <span class='ocr_line' id='line_1_16' title="bbox 240 1704 1815 1777; baseline 0.005 -20"><span class='ocrx_word' id='word_1_105' title='bbox 240 1720 354 1757; x_wconf 87' lang='lat' dir='ltr'><strong>eum</strong></span> <span class='ocrx_word' id='word_1_106' title='bbox 390 1705 445 1757; x_wconf 91' lang='lat' dir='ltr'><strong>in</strong></span> <span class='ocrx_word' id='word_1_107' title='bbox 477 1704 645 1758; x_wconf 77' lang='lat' dir='ltr'><strong>finem</strong></span> <span class='ocrx_word' id='word_1_108' title='bbox 680 1705 957 1774; x_wconf 64' lang='lat' dir='ltr'><strong>prmmissa</strong></span> <span class='ocrx_word' id='word_1_109' title='bbox 990 1714 1091 1767; x_wconf 87' lang='lat' dir='ltr'><strong>est,</strong></span> <span class='ocrx_word' id='word_1_110' title='bbox 1131 1723 1201 1761; x_wconf 87' lang='lat' dir='ltr'><strong>ue</strong></span> <span class='ocrx_word' id='word_1_111' title='bbox 1250 1708 1303 1760; x_wconf 93' lang='lat' dir='ltr'><strong>in</strong></span> <span class='ocrx_word' id='word_1_112' title='bbox 1354 1708 1583 1777; x_wconf 90' lang='lat' dir='ltr'><strong>pleniori</strong></span> <span class='ocrx_word' id='word_1_113' title='bbox 1630 1720 1815 1765; x_wconf 89' lang='lat' dir='ltr'><strong>nostra</strong></span> 
     </span>
    </p>
   </div>
   <div class='ocr_carea' id='block_1_17' title="bbox 238 1796 1811 1872">
    <p class='ocr_par' dir='ltr' id='par_1_17' title="bbox 238 1796 1811 1872">
     <span class='ocr_line' id='line_1_17' title="bbox 238 1796 1811 1872; baseline 0.004 -22"><span class='ocrx_word' id='word_1_114' title='bbox 238 1797 304 1850; x_wconf 88' lang='lat' dir='ltr'><strong>de</strong></span> <span class='ocrx_word' id='word_1_115' title='bbox 347 1796 542 1850; x_wconf 85' lang='lat' dir='ltr'><strong>Photio</strong></span> <span class='ocrx_word' id='word_1_116' title='bbox 590 1797 994 1861; x_wconf 83' lang='lat' dir='ltr'><strong>lucubratione,</strong></span> <span class='ocrx_word' id='word_1_117' title='bbox 1023 1799 1110 1852; x_wconf 88' lang='lat' dir='ltr'><strong>ubi</strong></span> <span class='ocrx_word' id='word_1_118' title='bbox 1145 1799 1393 1854; x_wconf 83' lang='lat' dir='ltr'><strong>historici</strong></span> <span class='ocrx_word' id='word_1_119' title='bbox 1436 1801 1617 1869; x_wconf 89' lang='lat' dir='ltr'><strong>potius</strong></span> <span class='ocrx_word' id='word_1_120' title='bbox 1651 1819 1811 1872; x_wconf 90' lang='lat' dir='ltr'><strong>quam</strong></span> 
     </span>
    </p>
   </div>
   <div class='ocr_carea' id='block_1_18' title="bbox 239 1888 1812 1960">
    <p class='ocr_par' dir='ltr' id='par_1_18' title="bbox 239 1888 1812 1960">
     <span class='ocr_line' id='line_1_18' title="bbox 239 1888 1812 1960; baseline 0.003 -19"><span class='ocrx_word' id='word_1_121' title='bbox 239 1889 542 1958; x_wconf 86' lang='lat' dir='ltr'><strong>dogmatum</strong></span> <span class='ocrx_word' id='word_1_122' title='bbox 590 1888 825 1943; x_wconf 84' lang='lat' dir='ltr'><strong>vindicis</strong></span> <span class='ocrx_word' id='word_1_123' title='bbox 877 1898 1058 1958; x_wconf 87' lang='lat' dir='ltr'><strong>partes</strong></span> <span class='ocrx_word' id='word_1_124' title='bbox 1092 1890 1314 1960; x_wconf 63' lang='lat' dir='ltr'><strong>agenda}</strong></span> <span class='ocrx_word' id='word_1_125' title='bbox 1345 1899 1494 1953; x_wconf 89' lang='lat' dir='ltr'><strong>sunt,</strong></span> <span class='ocrx_word' id='word_1_126' title='bbox 1550 1890 1682 1947; x_wconf 87' lang='lat' dir='ltr'><strong>huic</strong></span> <span class='ocrx_word' id='word_1_127' title='bbox 1711 1892 1812 1947; x_wconf 84' lang='lat' dir='ltr'><strong>do-</strong></span> 
     </span>
    </p>
   </div>
   <div class='ocr_carea' id='block_1_19' title="bbox 236 1979 1809 2051">
    <p class='ocr_par' dir='ltr' id='par_1_19' title="bbox 236 1979 1809 2051">
     <span class='ocr_line' id='line_1_19' title="bbox 236 1979 1809 2051; baseline 0.003 -18"><span class='ocrx_word' id='word_1_128' title='bbox 236 1980 474 2051; x_wconf 62' lang='lat' dir='ltr'><strong>gmatiae</strong></span> <span class='ocrx_word' id='word_1_129' title='bbox 527 1979 820 2049; x_wconf 75' lang='lat' dir='ltr'><strong>quaestioni</strong></span> <span class='ocrx_word' id='word_1_130' title='bbox 877 1980 1103 2033; x_wconf 88' lang='lat' dir='ltr'><strong>aliarum</strong></span> <span class='ocrx_word' id='word_1_131' title='bbox 1166 1980 1809 2050; x_wconf 85' lang='lat' dir='ltr'><strong>disquisitionumdetri-</strong></span> 
     </span>
    </p>
   </div>
   <div class='ocr_carea' id='block_1_20' title="bbox 240 2069 1809 2142">
    <p class='ocr_par' dir='ltr' id='par_1_20' title="bbox 240 2069 1809 2142">
     <span class='ocr_line' id='line_1_20' title="bbox 240 2069 1809 2142; baseline 0.003 -19"><span class='ocrx_word' id='word_1_132' title='bbox 240 2080 413 2124; x_wconf 82' lang='lat' dir='ltr'><strong>mento</strong></span> <span class='ocrx_word' id='word_1_133' title='bbox 435 2069 719 2124; x_wconf 81' lang='lat' dir='ltr'><strong>immorari</strong></span> <span class='ocrx_word' id='word_1_134' title='bbox 759 2070 966 2124; x_wconf 90' lang='lat' dir='ltr'><strong>diutius</strong></span> <span class='ocrx_word' id='word_1_135' title='bbox 991 2086 1282 2142; x_wconf 83' lang='lat' dir='ltr'><strong>cogamur;</strong></span> <span class='ocrx_word' id='word_1_136' title='bbox 1316 2072 1513 2127; x_wconf 90' lang='lat' dir='ltr'><strong>deinde</strong></span> <span class='ocrx_word' id='word_1_137' title='bbox 1543 2074 1687 2127; x_wconf 87' lang='lat' dir='ltr'><strong>viam</strong></span> <span class='ocrx_word' id='word_1_138' title='bbox 1722 2074 1809 2128; x_wconf 87' lang='lat' dir='ltr'><strong>illa</strong></span> 
     </span>
    </p>
   </div>
   <div class='ocr_carea' id='block_1_21' title="bbox 236 2161 1809 2219">
    <p class='ocr_par' dir='ltr' id='par_1_21' title="bbox 236 2161 1809 2219">
     <span class='ocr_line' id='line_1_21' title="bbox 236 2161 1809 2219; baseline 0.003 -5"><span class='ocrx_word' id='word_1_139' title='bbox 236 2161 386 2215; x_wconf 89' lang='lat' dir='ltr'><strong>nobis</strong></span> <span class='ocrx_word' id='word_1_140' title='bbox 430 2168 648 2215; x_wconf 88' lang='lat' dir='ltr'><strong>sternet</strong></span> <span class='ocrx_word' id='word_1_141' title='bbox 693 2161 1120 2215; x_wconf 85' lang='lat' dir='ltr'><strong>commodiorem</strong></span> <span class='ocrx_word' id='word_1_142' title='bbox 1174 2163 1243 2217; x_wconf 88' lang='lat' dir='ltr'><strong>ad</strong></span> <span class='ocrx_word' id='word_1_143' title='bbox 1292 2164 1493 2218; x_wconf 87' lang='lat' dir='ltr'><strong>inedita</strong></span> <span class='ocrx_word' id='word_1_144' title='bbox 1547 2166 1809 2219; x_wconf 89' lang='lat' dir='ltr'><strong>nonnulla</strong></span> 
     </span>
    </p>
   </div>
   <div class='ocr_carea' id='block_1_22' title="bbox 234 2251 1809 2321">
    <p class='ocr_par' dir='ltr' id='par_1_22' title="bbox 234 2251 1809 2321">
     <span class='ocr_line' id='line_1_22' title="bbox 234 2251 1809 2321; baseline 0.001 -14"><span class='ocrx_word' id='word_1_145' title='bbox 234 2252 423 2307; x_wconf 63' lang='lat' dir='ltr'><strong>Graecae</strong></span> <span class='ocrx_word' id='word_1_146' title='bbox 448 2251 712 2306; x_wconf 63' lang='lat' dir='ltr'><strong>Ecclesia:</strong></span> <span class='ocrx_word' id='word_1_147' title='bbox 732 2258 1109 2314; x_wconf 89' lang='lat' dir='ltr'><strong>monumenta,</strong></span> <span class='ocrx_word' id='word_1_148' title='bbox 1141 2266 1373 2321; x_wconf 87' lang='lat' dir='ltr'><strong>quorum</strong></span> <span class='ocrx_word' id='word_1_149' title='bbox 1404 2253 1649 2321; x_wconf 62' lang='lat' dir='ltr'><strong>quaedam</strong></span> <span class='ocrx_word' id='word_1_150' title='bbox 1680 2269 1809 2309; x_wconf 86' lang='lat' dir='ltr'><strong>suc-</strong></span> 
     </span>
    </p>
   </div>
   <div class='ocr_carea' id='block_1_23' title="bbox 231 2342 1809 2413">
    <p class='ocr_par' dir='ltr' id='par_1_23' title="bbox 231 2342 1809 2413">
     <span class='ocr_line' id='line_1_23' title="bbox 231 2342 1809 2413; baseline 0.001 -15"><span class='ocrx_word' id='word_1_151' title='bbox 231 2345 434 2399; x_wconf 76' lang='lat' dir='ltr'><strong>cessivo</strong></span> <span class='ocrx_word' id='word_1_152' title='bbox 477 2358 577 2412; x_wconf 89' lang='lat' dir='ltr'><strong>per</strong></span> <span class='ocrx_word' id='word_1_153' title='bbox 621 2344 812 2397; x_wconf 88' lang='lat' dir='ltr'><strong>decem</strong></span> <span class='ocrx_word' id='word_1_154' title='bbox 847 2342 961 2397; x_wconf 89' lang='lat' dir='ltr'><strong>fere</strong></span> <span class='ocrx_word' id='word_1_155' title='bbox 993 2344 1189 2397; x_wconf 58' lang='lat' dir='ltr'><strong>saecula</strong></span> <span class='ocrx_word' id='word_1_156' title='bbox 1238 2344 1345 2413; x_wconf 70' lang='lat'><strong>(45)</strong></span> <span class='ocrx_word' id='word_1_157' title='bbox 1381 2343 1545 2413; x_wconf 85' lang='lat' dir='ltr'><strong>hujus</strong></span> <span class='ocrx_word' id='word_1_158' title='bbox 1583 2360 1809 2399; x_wconf 82' lang='lat' dir='ltr'><strong>concer-</strong></span> 
     </span>
    </p>
   </div>
   <div class='ocr_carea' id='block_1_24' title="bbox 230 2433 1807 2504">
    <p class='ocr_par' dir='ltr' id='par_1_24' title="bbox 230 2433 1807 2504">
     <span class='ocr_line' id='line_1_24' title="bbox 230 2433 1807 2504; baseline 0.001 -13"><span class='ocrx_word' id='word_1_159' title='bbox 230 2436 442 2491; x_wconf 84' lang='lat' dir='ltr'><strong>tationis</strong></span> <span class='ocrx_word' id='word_1_160' title='bbox 466 2435 783 2504; x_wconf 86' lang='lat' dir='ltr'><strong>progressui</strong></span> <span class='ocrx_word' id='word_1_161' title='bbox 813 2435 1075 2504; x_wconf 84' lang='lat' dir='ltr'><strong>majorem</strong></span> <span class='ocrx_word' id='word_1_162' title='bbox 1109 2433 1341 2489; x_wconf 71' lang='lat' dir='ltr'><strong>afferent</strong></span> <span class='ocrx_word' id='word_1_163' title='bbox 1372 2435 1550 2501; x_wconf 85' lang='lat' dir='ltr'><strong>lucem</strong></span> <span class='ocrx_word' id='word_1_164' title='bbox 1584 2446 1638 2490; x_wconf 90' lang='lat' dir='ltr'><strong>et</strong></span> <span class='ocrx_word' id='word_1_165' title='bbox 1661 2437 1807 2492; x_wconf 85' lang='lat' dir='ltr'><strong>haud</strong></span> 
     </span>
    </p>
   </div>
   <div class='ocr_carea' id='block_1_25' title="bbox 226 2514 1804 2597">
    <p class='ocr_par' dir='ltr' id='par_1_25' title="bbox 226 2514 1804 2597">
     <span class='ocr_line' id='line_1_25' title="bbox 226 2514 1804 2597; baseline 0.001 -18"><span class='ocrx_word' id='word_1_166' title='bbox 226 2525 456 2597; x_wconf 81' lang='lat' dir='ltr'><strong>ignobile</strong></span> <span class='ocrx_word' id='word_1_167' title='bbox 485 2523 711 2580; x_wconf 68' lang='lat' dir='ltr'><strong>Graeciae</strong></span> <span class='ocrx_word' id='word_1_168' title='bbox 739 2524 921 2578; x_wconf 81' lang='lat' dir='ltr'><strong>Allatii</strong></span> <span class='ocrx_word' id='word_1_169' title='bbox 970 2524 1287 2578; x_wconf 65' lang='lat' dir='ltr'><strong>orthodoxa:</strong></span> <span class='ocrx_word' id='word_1_170' title='bbox 1332 2524 1628 2580; x_wconf 83' lang='lat' dir='ltr'><strong>conficient</strong></span> <span class='ocrx_word' id='word_1_171' title='bbox 1673 2514 1804 2597; x_wconf 86' lang='lat' dir='ltr'><strong>sup-</strong></span> 
     </span>
    </p>
   </div>
   <div class='ocr_carea' id='block_1_26' title="bbox 224 2617 1805 2691">
    <p class='ocr_par' dir='ltr' id='par_1_26' title="bbox 224 2617 1805 2691">
     <span class='ocr_line' id='line_1_26' title="bbox 224 2617 1805 2691; baseline 0.001 -17"><span class='ocrx_word' id='word_1_172' title='bbox 224 2621 582 2691; x_wconf 86' lang='lat' dir='ltr'><strong>plementum,</strong></span> <span class='ocrx_word' id='word_1_173' title='bbox 630 2618 838 2673; x_wconf 88' lang='lat' dir='ltr'><strong>nostris</strong></span> <span class='ocrx_word' id='word_1_174' title='bbox 865 2617 1158 2687; x_wconf 83' lang='lat' dir='ltr'><strong>aliquando</strong></span> <span class='ocrx_word' id='word_1_175' title='bbox 1192 2618 1362 2684; x_wconf 89' lang='lat' dir='ltr'><strong>curis,</strong></span> <span class='ocrx_word' id='word_1_176' title='bbox 1402 2619 1444 2674; x_wconf 91' lang='lat' dir='ltr'><strong>si</strong></span> <span class='ocrx_word' id='word_1_177' title='bbox 1473 2636 1555 2675; x_wconf 68' lang='lat' dir='ltr'><strong>eae</strong></span> <span class='ocrx_word' id='word_1_178' title='bbox 1576 2636 1683 2685; x_wconf 89' lang='lat' dir='ltr'><strong>non</strong></span> <span class='ocrx_word' id='word_1_179' title='bbox 1707 2637 1805 2690; x_wconf 90' lang='lat' dir='ltr'><strong>pe—</strong></span> 
     </span>
    </p>
   </div>
   <div class='ocr_carea' id='block_1_27' title="bbox 226 2706 1804 2780">
    <p class='ocr_par' dir='ltr' id='par_1_27' title="bbox 226 2706 1804 2780">
     <span class='ocr_line' id='line_1_27' title="bbox 226 2706 1804 2780; baseline -0.001 -15"><span class='ocrx_word' id='word_1_180' title='bbox 226 2711 371 2766; x_wconf 84' lang='lat' dir='ltr'><strong>nitus</strong></span> <span class='ocrx_word' id='word_1_181' title='bbox 428 2709 661 2764; x_wconf 88' lang='lat' dir='ltr'><strong>eruditis</strong></span> <span class='ocrx_word' id='word_1_182' title='bbox 701 2706 901 2762; x_wconf 83' lang='lat' dir='ltr'><strong>fuerint</strong></span> <span class='ocrx_word' id='word_1_183' title='bbox 951 2708 1290 2777; x_wconf 60' lang='lat' dir='ltr'><strong>improbata,</strong></span> <span class='ocrx_word' id='word_1_184' title='bbox 1360 2718 1583 2778; x_wconf 85' lang='lat' dir='ltr'><strong>peracto</strong></span> <span class='ocrx_word' id='word_1_185' title='bbox 1640 2726 1804 2780; x_wconf 87' lang='lat' dir='ltr'><strong>quem</strong></span> 
     </span>
    </p>
   </div>
   <div class='ocr_carea' id='block_1_28' title="bbox 225 2800 1806 2873">
    <p class='ocr_par' dir='ltr' id='par_1_28' title="bbox 225 2800 1806 2873">
     <span class='ocr_line' id='line_1_28' title="bbox 225 2800 1806 2873; baseline 0 -16"><span class='ocrx_word' id='word_1_186' title='bbox 225 2802 565 2873; x_wconf 77' lang='lat' dir='ltr'><strong>suscepimus</strong></span> <span class='ocrx_word' id='word_1_187' title='bbox 584 2802 790 2865; x_wconf 89' lang='lat' dir='ltr'><strong>labore,</strong></span> <span class='ocrx_word' id='word_1_188' title='bbox 820 2800 1172 2870; x_wconf 88' lang='lat' dir='ltr'><strong>publicanda;</strong></span> <span class='ocrx_word' id='word_1_189' title='bbox 1192 2800 1411 2869; x_wconf 89' lang='lat' dir='ltr'><strong>quibus,</strong></span> <span class='ocrx_word' id='word_1_190' title='bbox 1433 2816 1554 2869; x_wconf 64' lang='lat' dir='ltr'><strong>quae</strong></span> <span class='ocrx_word' id='word_1_191' title='bbox 1582 2801 1636 2855; x_wconf 91' lang='lat' dir='ltr'><strong>in</strong></span> <span class='ocrx_word' id='word_1_192' title='bbox 1663 2818 1806 2872; x_wconf 63' lang='lat' dir='ltr'><strong>prae-</strong></span> 
     </span>
    </p>
   </div>
   <div class='ocr_carea' id='block_1_29' title="bbox 221 2893 1808 2965">
    <p class='ocr_par' dir='ltr' id='par_1_29' title="bbox 221 2893 1808 2965">
     <span class='ocr_line' id='line_1_29' title="bbox 221 2893 1808 2965; baseline -0.002 -14"><span class='ocrx_word' id='word_1_193' title='bbox 221 2896 401 2951; x_wconf 86' lang='lat' dir='ltr'><strong>sentia</strong></span> <span class='ocrx_word' id='word_1_194' title='bbox 436 2896 715 2964; x_wconf 84' lang='lat' dir='ltr'><strong>disputata</strong></span> <span class='ocrx_word' id='word_1_195' title='bbox 739 2893 986 2960; x_wconf 88' lang='lat' dir='ltr'><strong>fuerunt,</strong></span> <span class='ocrx_word' id='word_1_196' title='bbox 1024 2908 1136 2947; x_wconf 88' lang='lat' dir='ltr'><strong>non</strong></span> <span class='ocrx_word' id='word_1_197' title='bbox 1170 2908 1282 2948; x_wconf 92' lang='lat' dir='ltr'><strong>uno</strong></span> <span class='ocrx_word' id='word_1_198' title='bbox 1322 2893 1481 2949; x_wconf 87' lang='lat' dir='ltr'><strong>titulo</strong></span> <span class='ocrx_word' id='word_1_199' title='bbox 1515 2903 1677 2949; x_wconf 89' lang='lat' dir='ltr'><strong>erunt</strong></span> <span class='ocrx_word' id='word_1_200' title='bbox 1707 2910 1808 2965; x_wconf 90' lang='lat' dir='ltr'><strong>op-</strong></span> 
     </span>
    </p>
   </div>
   <div class='ocr_carea' id='block_1_30' title="bbox 216 2995 478 3057">
    <p class='ocr_par' dir='ltr' id='par_1_30' title="bbox 216 2995 478 3057">
     <span class='ocr_line' id='line_1_30' title="bbox 216 2995 478 3057; baseline -0.008 -17"><span class='ocrx_word' id='word_1_201' title='bbox 216 2995 478 3057; x_wconf 83' lang='lat' dir='ltr'><strong>portuna.</strong></span> 
     </span>
    </p>
   </div>
   <div class='ocr_carea' id='block_1_31' title="bbox 286 3076 1804 3147">
    <p class='ocr_par' dir='ltr' id='par_1_31' title="bbox 286 3076 1804 3147">
     <span class='ocr_line' id='line_1_31' title="bbox 286 3076 1804 3147; baseline 0.001 -15"><span class='ocrx_word' id='word_1_202' title='bbox 286 3077 361 3132; x_wconf 79' lang='grc' dir='ltr'><strong>Χ.</strong></span> <span class='ocrx_word' id='word_1_203' title='bbox 407 3076 770 3147; x_wconf 81' lang='lat' dir='ltr'><strong>Exposuimus</strong></span> <span class='ocrx_word' id='word_1_204' title='bbox 821 3076 1055 3131; x_wconf 83' lang='lat' dir='ltr'><strong>candide</strong></span> <span class='ocrx_word' id='word_1_205' title='bbox 1099 3076 1264 3147; x_wconf 86' lang='lat' dir='ltr'><strong>hujus</strong></span> <span class='ocrx_word' id='word_1_206' title='bbox 1296 3077 1465 3131; x_wconf 86' lang='lat' dir='ltr'><strong>libelli</strong></span> <span class='ocrx_word' id='word_1_207' title='bbox 1506 3084 1625 3133; x_wconf 88' lang='lat' dir='ltr'><strong>tum</strong></span> <span class='ocrx_word' id='word_1_208' title='bbox 1669 3094 1804 3134; x_wconf 86' lang='lat' dir='ltr'><strong>con-</strong></span> 
     </span>
    </p>
   </div>
   <div class='ocr_carea' id='block_1_32' title="bbox 214 3168 1875 3259">
    <p class='ocr_par' dir='ltr' id='par_1_32' title="bbox 214 3168 1875 3259">
     <span class='ocr_line' id='line_1_32' title="bbox 214 3168 1875 3259; baseline -0.001 -34"><span class='ocrx_word' id='word_1_209' title='bbox 214 3170 405 3225; x_wconf 87' lang='lat' dir='ltr'><strong>silium</strong></span> <span class='ocrx_word' id='word_1_210' title='bbox 455 3178 619 3237; x_wconf 86' lang='lat' dir='ltr'><strong>atque</strong></span> <span class='ocrx_word' id='word_1_211' title='bbox 675 3182 926 3236; x_wconf 82' lang='lat' dir='ltr'><strong>secpum,</strong></span> <span class='ocrx_word' id='word_1_212' title='bbox 981 3174 1097 3219; x_wconf 94' lang='lat' dir='ltr'><strong>tum</strong></span> <span class='ocrx_word' id='word_1_213' title='bbox 1166 3182 1376 3230; x_wconf 84' lang='lat' dir='ltr'><strong>ansam,</strong></span> <span class='ocrx_word' id='word_1_214' title='bbox 1429 3168 1693 3239; x_wconf 81' lang='lat' dir='ltr'><strong>originem</strong></span> <span class='ocrx_word' id='word_1_215' title='bbox 1741 3184 1875 3259; x_wconf 73' lang='lat' dir='ltr'><strong>acc</strong></span> 
     </span>
    </p>
   </div>
   <div class='ocr_carea' id='block_1_33' title="bbox 213 3257 1804 3327">
    <p class='ocr_par' dir='ltr' id='par_1_33' title="bbox 213 3257 1804 3327">
     <span class='ocr_line' id='line_1_33' title="bbox 213 3257 1804 3327; baseline -0.001 -10"><span class='ocrx_word' id='word_1_216' title='bbox 213 3260 393 3317; x_wconf 60' lang='lat' dir='ltr'><strong>veluti</strong></span> <span class='ocrx_word' id='word_1_217' title='bbox 424 3259 726 3315; x_wconf 86' lang='lat' dir='ltr'><strong>historiam.</strong></span> <span class='ocrx_word' id='word_1_218' title='bbox 778 3257 988 3313; x_wconf 73' lang='lat' dir='ltr'><strong>Exinde</strong></span> <span class='ocrx_word' id='word_1_219' title='bbox 1034 3259 1259 3327; x_wconf 81' lang='lat' dir='ltr'><strong>patebit,</strong></span> <span class='ocrx_word' id='word_1_220' title='bbox 1309 3258 1443 3327; x_wconf 88' lang='lat' dir='ltr'><strong>quid</strong></span> <span class='ocrx_word' id='word_1_221' title='bbox 1484 3259 1553 3314; x_wconf 89' lang='lat' dir='ltr'><strong>de</strong></span> <span class='ocrx_word' id='word_1_222' title='bbox 1609 3261 1804 3315; x_wconf 90' lang='lat' dir='ltr'><strong>eodem</strong></span> 
     </span>
    </p>
   </div>
   <div class='ocr_carea' id='block_1_34' title="bbox 208 3348 1805 3420">
    <p class='ocr_par' dir='ltr' id='par_1_34' title="bbox 208 3348 1805 3420">
     <span class='ocr_line' id='line_1_34' title="bbox 208 3348 1805 3420; baseline 0.001 -17"><span class='ocrx_word' id='word_1_223' title='bbox 208 3351 342 3420; x_wconf 85' lang='lat' dir='ltr'><strong>jure</strong></span> <span class='ocrx_word' id='word_1_224' title='bbox 400 3349 725 3419; x_wconf 79' lang='lat' dir='ltr'><strong>exspectari,</strong></span> <span class='ocrx_word' id='word_1_225' title='bbox 770 3348 903 3417; x_wconf 92' lang='lat' dir='ltr'><strong>quid</strong></span> <span class='ocrx_word' id='word_1_226' title='bbox 963 3350 1018 3401; x_wconf 91' lang='lat' dir='ltr'><strong>in</strong></span> <span class='ocrx_word' id='word_1_227' title='bbox 1065 3363 1131 3402; x_wconf 90' lang='lat' dir='ltr'><strong>eo</strong></span> <span class='ocrx_word' id='word_1_228' title='bbox 1186 3348 1486 3403; x_wconf 88' lang='lat' dir='ltr'><strong>desiderari</strong></span> <span class='ocrx_word' id='word_1_229' title='bbox 1531 3359 1697 3419; x_wconf 88' lang='lat' dir='ltr'><strong>queat</strong></span> <span class='ocrx_word' id='word_1_230' title='bbox 1740 3366 1805 3406; x_wconf 87' lang='lat' dir='ltr'><strong>ac</strong></span> 
     </span>
    </p>
   </div>
   <div class='ocr_carea' id='block_1_35' title="bbox 211 3439 1810 3504">
    <p class='ocr_par' dir='ltr' id='par_1_35' title="bbox 211 3439 1810 3504">
     <span class='ocr_line' id='line_1_35' title="bbox 211 3439 1810 3504; baseline 0.001 -9"><span class='ocrx_word' id='word_1_231' title='bbox 211 3440 442 3504; x_wconf 84' lang='lat' dir='ltr'><strong>debeat,</strong></span> <span class='ocrx_word' id='word_1_232' title='bbox 480 3455 578 3494; x_wconf 89' lang='lat' dir='ltr'><strong>cur</strong></span> <span class='ocrx_word' id='word_1_233' title='bbox 616 3439 891 3493; x_wconf 85' lang='lat' dir='ltr'><strong>interdum</strong></span> <span class='ocrx_word' id='word_1_234' title='bbox 930 3439 1256 3493; x_wconf 90' lang='lat' dir='ltr'><strong>sententiam</strong></span> <span class='ocrx_word' id='word_1_235' title='bbox 1303 3441 1698 3495; x_wconf 89' lang='lat' dir='ltr'><strong>mutaverimus</strong></span> <span class='ocrx_word' id='word_1_236' title='bbox 1753 3442 1810 3496; x_wconf 86' lang='lat' dir='ltr'><strong>in</strong></span> 
     </span>
    </p>
   </div>
   <div class='ocr_carea' id='block_1_36' title="bbox 208 3526 1811 3601">
    <p class='ocr_par' dir='ltr' id='par_1_36' title="bbox 208 3526 1811 3601">
     <span class='ocr_line' id='line_1_36' title="bbox 208 3526 1811 3601; baseline 0.001 -19"><span class='ocrx_word' id='word_1_237' title='bbox 208 3527 554 3582; x_wconf 81' lang='lat' dir='ltr'><strong>lectionibus</strong></span> <span class='ocrx_word' id='word_1_238' title='bbox 601 3526 956 3589; x_wconf 90' lang='lat' dir='ltr'><strong>stabiliendis,</strong></span> <span class='ocrx_word' id='word_1_239' title='bbox 998 3541 1097 3580; x_wconf 90' lang='lat' dir='ltr'><strong>cur</strong></span> <span class='ocrx_word' id='word_1_240' title='bbox 1140 3541 1267 3581; x_wconf 90' lang='lat' dir='ltr'><strong>eum</strong></span> <span class='ocrx_word' id='word_1_241' title='bbox 1304 3526 1657 3596; x_wconf 87' lang='lat' dir='ltr'><strong>perfectionis</strong></span> <span class='ocrx_word' id='word_1_242' title='bbox 1686 3545 1811 3601; x_wconf 83' lang='lat' dir='ltr'><strong>gra-</strong></span> 
     </span>
    </p>
   </div>
   <div class='ocr_carea' id='block_1_37' title="bbox 208 3614 1808 3688">
    <p class='ocr_par' dir='ltr' id='par_1_37' title="bbox 208 3614 1808 3688">
     <span class='ocr_line' id='line_1_37' title="bbox 208 3614 1808 3688; baseline 0.001 -17"><span class='ocrx_word' id='word_1_243' title='bbox 208 3618 354 3672; x_wconf 85' lang='lat' dir='ltr'><strong>dum</strong></span> <span class='ocrx_word' id='word_1_244' title='bbox 387 3616 652 3687; x_wconf 80' lang='lat' dir='ltr'><strong>attingere</strong></span> <span class='ocrx_word' id='word_1_245' title='bbox 685 3617 828 3670; x_wconf 88' lang='lat' dir='ltr'><strong>haud</strong></span> <span class='ocrx_word' id='word_1_246' title='bbox 852 3614 1092 3686; x_wconf 89' lang='lat' dir='ltr'><strong>potuerit</strong></span> <span class='ocrx_word' id='word_1_247' title='bbox 1125 3624 1311 3670; x_wconf 89' lang='lat' dir='ltr'><strong>nostra</strong></span> <span class='ocrx_word' id='word_1_248' title='bbox 1337 3615 1526 3683; x_wconf 89' lang='lat' dir='ltr'><strong>editio,</strong></span> <span class='ocrx_word' id='word_1_249' title='bbox 1554 3632 1717 3688; x_wconf 87' lang='lat' dir='ltr'><strong>quem</strong></span> <span class='ocrx_word' id='word_1_250' title='bbox 1752 3618 1808 3672; x_wconf 90' lang='lat' dir='ltr'><strong>in</strong></span> 
     </span>
    </p>
   </div>
   <div class='ocr_carea' id='block_1_38' title="bbox 208 3708 1812 3779">
    <p class='ocr_par' dir='ltr' id='par_1_38' title="bbox 208 3708 1812 3779">
     <span class='ocr_line' id='line_1_38' title="bbox 208 3708 1812 3779; baseline 0.001 -14"><span class='ocrx_word' id='word_1_251' title='bbox 208 3709 368 3765; x_wconf 75' lang='lat' dir='ltr'><strong>votis</strong></span> <span class='ocrx_word' id='word_1_252' title='bbox 396 3724 614 3779; x_wconf 88' lang='lat' dir='ltr'><strong>semper</strong></span> <span class='ocrx_word' id='word_1_253' title='bbox 645 3708 958 3775; x_wconf 87' lang='lat' dir='ltr'><strong>habuimus,</strong></span> <span class='ocrx_word' id='word_1_254' title='bbox 1005 3709 1133 3763; x_wconf 91' lang='lat' dir='ltr'><strong>licet</strong></span> <span class='ocrx_word' id='word_1_255' title='bbox 1165 3708 1401 3779; x_wconf 82' lang='lat' dir='ltr'><strong>ingenue</strong></span> <span class='ocrx_word' id='word_1_256' title='bbox 1445 3718 1812 3779; x_wconf 82' lang='lat' dir='ltr'><strong>agnoscentes</strong></span> 
     </span>
    </p>
   </div>
   <div class='ocr_carea' id='block_1_39' title="bbox 286 3903 1809 3974">
    <p class='ocr_par' dir='ltr' id='par_1_39' title="bbox 286 3903 1809 3974">
     <span class='ocr_line' id='line_1_39' title="bbox 286 3903 1809 3974; baseline 0.003 -17"><span class='ocrx_word' id='word_1_257' title='bbox 286 3903 547 3971; x_wconf 67' lang='lat' dir='ltr'><strong>(45)Jam</strong></span> <span class='ocrx_word' id='word_1_258' title='bbox 579 3904 903 3959; x_wconf 88' lang='lat' dir='ltr'><strong>millesimus</strong></span> <span class='ocrx_word' id='word_1_259' title='bbox 949 3913 1277 3974; x_wconf 59' lang='lat' dir='ltr'><strong>numeratur</strong></span> <span class='ocrx_word' id='word_1_260' title='bbox 1334 3914 1531 3967; x_wconf 85' lang='lat' dir='ltr'><strong>annus,</strong></span> <span class='ocrx_word' id='word_1_261' title='bbox 1569 3918 1637 3959; x_wconf 79' lang='lat' dir='ltr'><strong>ex</strong></span> <span class='ocrx_word' id='word_1_262' title='bbox 1698 3920 1809 3974; x_wconf 86' lang='lat' dir='ltr'><strong>quo</strong></span> 
     </span>
    </p>
   </div>
   <div class='ocr_carea' id='block_1_40' title="bbox 205 3960 1808 4043">
    <p class='ocr_par' dir='ltr' id='par_1_40' title="bbox 205 3960 1808 4043">
     <span class='ocr_line' id='line_1_40' title="bbox 205 3960 1808 4043; baseline -0.001 -11"><span class='ocrx_word' id='word_1_263' title='bbox 205 3960 458 4032; x_wconf 65' lang='lat' dir='ltr'><strong>Photius</strong></span> <span class='ocrx_word' id='word_1_264' title='bbox 489 3975 553 4027; x_wconf 89' lang='lat' dir='ltr'><strong>ad</strong></span> <span class='ocrx_word' id='word_1_265' title='bbox 583 3974 933 4043; x_wconf 80' lang='lat' dir='ltr'><strong>Byzantinam</strong></span> <span class='ocrx_word' id='word_1_266' title='bbox 964 3960 1277 4028; x_wconf 55' lang='lat' dir='ltr'><strong>cathedram</strong></span> <span class='ocrx_word' id='word_1_267' title='bbox 1303 3960 1540 4043; x_wconf 87' lang='lat' dir='ltr'><strong>primum</strong></span> <span class='ocrx_word' id='word_1_268' title='bbox 1583 3960 1808 4031; x_wconf 69' lang='lat' dir='ltr'><strong>evectus</strong></span> 
     </span>
    </p>
   </div>
   <div class='ocr_carea' id='block_1_41' title="bbox 206 4035 1807 4117">
    <p class='ocr_par' dir='ltr' id='par_1_41' title="bbox 206 4035 1807 4117">
     <span class='ocr_line' id='line_1_41' title="bbox 206 4035 1807 4117; baseline -0.001 -14"><span class='ocrx_word' id='word_1_269' title='bbox 206 4055 299 4103; x_wconf 80' lang='lat' dir='ltr'><strong>est</strong></span> <span class='ocrx_word' id='word_1_270' title='bbox 337 4044 415 4117; x_wconf 73' lang='grc' dir='ltr'><strong>(ι.</strong></span> <span class='ocrx_word' id='word_1_271' title='bbox 452 4044 560 4100; x_wconf 84' lang='grc'><strong>857</strong></span> <span class='ocrx_word' id='word_1_272' title='bbox 588 4035 742 4116; x_wconf 80' lang='lat' dir='ltr'><strong>juxta</strong></span> <span class='ocrx_word' id='word_1_273' title='bbox 787 4044 1219 4102; x_wconf 84' lang='lat' dir='ltr'><strong>communiorem</strong></span> <span class='ocrx_word' id='word_1_274' title='bbox 1255 4035 1689 4117; x_wconf 73' lang='lat' dir='ltr'><strong>ctironologiam)</strong></span> <span class='ocrx_word' id='word_1_275' title='bbox 1750 4055 1807 4102; x_wconf 91' lang='lat' dir='ltr'><strong>et</strong></span> 
     </span>
    </p>
   </div>
   <div class='ocr_carea' id='block_1_42' title="bbox 1919 612 3507 682">
    <p class='ocr_par' dir='ltr' id='par_1_42' title="bbox 1919 612 3507 682">
     <span class='ocr_line' id='line_1_42' title="bbox 1919 612 3507 682; baseline -0.004 -18"><span class='ocrx_word' id='word_1_276' title='bbox 1919 626 2104 667; x_wconf 89' lang='lat' dir='ltr'><strong>rerum</strong></span> <span class='ocrx_word' id='word_1_277' title='bbox 2151 615 2516 669; x_wconf 87' lang='lat' dir='ltr'><strong>humanarum</strong></span> <span class='ocrx_word' id='word_1_278' title='bbox 2560 613 2955 675; x_wconf 89' lang='lat' dir='ltr'><strong>conditionem,</strong></span> <span class='ocrx_word' id='word_1_279' title='bbox 2995 626 3117 682; x_wconf 67' lang='lat' dir='ltr'><strong>qure</strong></span> <span class='ocrx_word' id='word_1_280' title='bbox 3147 612 3236 663; x_wconf 71' lang='lat' dir='ltr'><strong>vix</strong></span> <span class='ocrx_word' id='word_1_281' title='bbox 3268 620 3507 676; x_wconf 89' lang='lat' dir='ltr'><strong>unquam</strong></span> 
     </span>
    </p>
   </div>
   <div class='ocr_carea' id='block_1_43' title="bbox 1919 696 3510 775">
    <p class='ocr_par' dir='ltr' id='par_1_43' title="bbox 1919 696 3510 775">
     <span class='ocr_line' id='line_1_43' title="bbox 1919 696 3510 775; baseline 0 -19"><span class='ocrx_word' id='word_1_282' title='bbox 1919 703 2125 773; x_wconf 87' lang='lat' dir='ltr'><strong>primos</strong></span> <span class='ocrx_word' id='word_1_283' title='bbox 2154 705 2421 775; x_wconf 89' lang='lat' dir='ltr'><strong>ejusmodi</strong></span> <span class='ocrx_word' id='word_1_284' title='bbox 2454 704 2755 759; x_wconf 91' lang='lat' dir='ltr'><strong>studiorum</strong></span> <span class='ocrx_word' id='word_1_285' title='bbox 2791 704 3002 759; x_wconf 87' lang='lat' dir='ltr'><strong>fructus</strong></span> <span class='ocrx_word' id='word_1_286' title='bbox 3041 711 3206 770; x_wconf 91' lang='lat' dir='ltr'><strong>atque</strong></span> <span class='ocrx_word' id='word_1_287' title='bbox 3253 696 3510 768; x_wconf 78' lang='grc' dir='ltr'><strong>ἀπαρχὰς</strong></span> 
     </span>
    </p>
   </div>
   <div class='ocr_carea' id='block_1_44' title="bbox 1919 787 3508 859">
    <p class='ocr_par' dir='ltr' id='par_1_44' title="bbox 1919 787 3508 859">
     <span class='ocr_line' id='line_1_44' title="bbox 1919 787 3508 859; baseline -0.006 -10"><span class='ocrx_word' id='word_1_288' title='bbox 1919 796 2065 849; x_wconf 90' lang='lat' dir='ltr'><strong>omni</strong></span> <span class='ocrx_word' id='word_1_289' title='bbox 2118 812 2274 851; x_wconf 80' lang='lat' dir='ltr'><strong>naevo</strong></span> <span class='ocrx_word' id='word_1_290' title='bbox 2306 796 2438 851; x_wconf 90' lang='lat' dir='ltr'><strong>sinit</strong></span> <span class='ocrx_word' id='word_1_291' title='bbox 2479 811 2599 851; x_wconf 90' lang='lat' dir='ltr'><strong>esse</strong></span> <span class='ocrx_word' id='word_1_292' title='bbox 2650 795 2943 849; x_wconf 91' lang='lat' dir='ltr'><strong>immunes.</strong></span> <span class='ocrx_word' id='word_1_293' title='bbox 2990 792 3146 859; x_wconf 85' lang='lat' dir='ltr'><strong>Quod</strong></span> <span class='ocrx_word' id='word_1_294' title='bbox 3182 790 3227 845; x_wconf 92' lang='lat' dir='ltr'><strong>si</strong></span> <span class='ocrx_word' id='word_1_295' title='bbox 3255 804 3367 843; x_wconf 91' lang='lat' dir='ltr'><strong>non</strong></span> <span class='ocrx_word' id='word_1_296' title='bbox 3406 787 3508 841; x_wconf 85' lang='lat' dir='ltr'><strong>ob—</strong></span> 
     </span>
    </p>
   </div>
   <div class='ocr_carea' id='block_1_45' title="bbox 1919 883 3507 958">
    <p class='ocr_par' dir='ltr' id='par_1_45' title="bbox 1919 883 3507 958">
     <span class='ocr_line' id='line_1_45' title="bbox 1919 883 3507 958; baseline -0.006 -17"><span class='ocrx_word' id='word_1_297' title='bbox 1919 896 2097 941; x_wconf 88' lang='lat' dir='ltr'><strong>stante</strong></span> <span class='ocrx_word' id='word_1_298' title='bbox 2119 887 2372 943; x_wconf 89' lang='lat' dir='ltr'><strong>laudabili</strong></span> <span class='ocrx_word' id='word_1_299' title='bbox 2405 888 2698 958; x_wconf 70' lang='lat' dir='ltr'><strong>typothetaa</strong></span> <span class='ocrx_word' id='word_1_300' title='bbox 2721 887 2900 942; x_wconf 88' lang='lat' dir='ltr'><strong>studio</strong></span> <span class='ocrx_word' id='word_1_301' title='bbox 2918 900 3095 955; x_wconf 83' lang='lat' dir='ltr'><strong>neque</strong></span> <span class='ocrx_word' id='word_1_302' title='bbox 3127 883 3346 938; x_wconf 88' lang='lat' dir='ltr'><strong>assidua</strong></span> <span class='ocrx_word' id='word_1_303' title='bbox 3378 895 3507 935; x_wconf 89' lang='lat' dir='ltr'><strong>cura</strong></span> 
     </span>
    </p>
   </div>
   <div class='ocr_carea' id='block_1_46' title="bbox 1919 973 3507 1050">
    <p class='ocr_par' dir='ltr' id='par_1_46' title="bbox 1919 973 3507 1050">
     <span class='ocr_line' id='line_1_46' title="bbox 1919 973 3507 1050; baseline -0.006 -17"><span class='ocrx_word' id='word_1_304' title='bbox 1919 978 2163 1046; x_wconf 87' lang='lat' dir='ltr'><strong>editoris,</strong></span> <span class='ocrx_word' id='word_1_305' title='bbox 2213 980 2398 1034; x_wconf 90' lang='lat' dir='ltr'><strong>multis</strong></span> <span class='ocrx_word' id='word_1_306' title='bbox 2424 989 2605 1034; x_wconf 91' lang='lat' dir='ltr'><strong>tamen</strong></span> <span class='ocrx_word' id='word_1_307' title='bbox 2636 979 2757 1033; x_wconf 87' lang='lat' dir='ltr'><strong>aliis</strong></span> <span class='ocrx_word' id='word_1_308' title='bbox 2785 978 3022 1050; x_wconf 83' lang='lat' dir='ltr'><strong>negotiis</strong></span> <span class='ocrx_word' id='word_1_309' title='bbox 3049 975 3295 1039; x_wconf 88' lang='lat' dir='ltr'><strong>distenti,</strong></span> <span class='ocrx_word' id='word_1_310' title='bbox 3329 989 3358 1027; x_wconf 90' lang='lat' dir='ltr'><strong>a</strong></span> <span class='ocrx_word' id='word_1_311' title='bbox 3384 973 3507 1027; x_wconf 88' lang='lat' dir='ltr'><strong>loco</strong></span> 
     </span>
    </p>
   </div>
   <div class='ocr_carea' id='block_1_47' title="bbox 1920 1066 3504 1141">
    <p class='ocr_par' dir='ltr' id='par_1_47' title="bbox 1920 1066 3504 1141">
     <span class='ocr_line' id='line_1_47' title="bbox 1920 1066 3504 1141; baseline -0.004 -18"><span class='ocrx_word' id='word_1_312' title='bbox 1920 1072 2283 1141; x_wconf 66' lang='lat' dir='ltr'><strong>typographiae</strong></span> <span class='ocrx_word' id='word_1_313' title='bbox 2330 1071 2547 1134; x_wconf 90' lang='lat' dir='ltr'><strong>remoti,</strong></span> <span class='ocrx_word' id='word_1_314' title='bbox 2610 1070 2888 1125; x_wconf 90' lang='lat' dir='ltr'><strong>interdum</strong></span> <span class='ocrx_word' id='word_1_315' title='bbox 2949 1083 3167 1139; x_wconf 79' lang='lat' dir='ltr'><strong>quoque</strong></span> <span class='ocrx_word' id='word_1_316' title='bbox 3217 1066 3504 1121; x_wconf 87' lang='lat' dir='ltr'><strong>oculorum</strong></span> 
     </span>
    </p>
   </div>
   <div class='ocr_carea' id='block_1_48' title="bbox 1917 1154 3508 1230">
    <p class='ocr_par' dir='ltr' id='par_1_48' title="bbox 1917 1154 3508 1230">
     <span class='ocr_line' id='line_1_48' title="bbox 1917 1154 3508 1230; baseline -0.004 -17"><span class='ocrx_word' id='word_1_317' title='bbox 1917 1160 2241 1230; x_wconf 76' lang='lat' dir='ltr'><strong>aegritudine</strong></span> <span class='ocrx_word' id='word_1_318' title='bbox 2310 1160 2629 1223; x_wconf 83' lang='lat' dir='ltr'><strong>laborantis,</strong></span> <span class='ocrx_word' id='word_1_319' title='bbox 2696 1160 2895 1214; x_wconf 89' lang='lat' dir='ltr'><strong>menda</strong></span> <span class='ocrx_word' id='word_1_320' title='bbox 2957 1157 3280 1228; x_wconf 89' lang='lat' dir='ltr'><strong>irrepserint</strong></span> <span class='ocrx_word' id='word_1_321' title='bbox 3347 1154 3508 1209; x_wconf 89' lang='lat' dir='ltr'><strong>nobis</strong></span> 
     </span>
    </p>
   </div>
   <div class='ocr_carea' id='block_1_49' title="bbox 1920 1244 3509 1320">
    <p class='ocr_par' dir='ltr' id='par_1_49' title="bbox 1920 1244 3509 1320">
     <span class='ocr_line' id='line_1_49' title="bbox 1920 1244 3509 1320; baseline -0.004 -16"><span class='ocrx_word' id='word_1_322' title='bbox 1920 1251 2063 1305; x_wconf 88' lang='lat' dir='ltr'><strong>haud</strong></span> <span class='ocrx_word' id='word_1_323' title='bbox 2098 1252 2404 1316; x_wconf 88' lang='lat' dir='ltr'><strong>observata,</strong></span> <span class='ocrx_word' id='word_1_324' title='bbox 2442 1252 2641 1306; x_wconf 89' lang='lat' dir='ltr'><strong>eruditi</strong></span> <span class='ocrx_word' id='word_1_325' title='bbox 2673 1252 2896 1306; x_wconf 89' lang='lat' dir='ltr'><strong>lectoris</strong></span> <span class='ocrx_word' id='word_1_326' title='bbox 2928 1249 3317 1320; x_wconf 83' lang='lat' dir='ltr'><strong>indulgentiam</strong></span> <span class='ocrx_word' id='word_1_327' title='bbox 3359 1244 3509 1316; x_wconf 87' lang='lat' dir='ltr'><strong>pari-</strong></span> 
     </span>
    </p>
   </div>
   <div class='ocr_carea' id='block_1_50' title="bbox 1919 1342 3506 1412">
    <p class='ocr_par' dir='ltr' id='par_1_50' title="bbox 1919 1342 3506 1412">
     <span class='ocr_line' id='line_1_50' title="bbox 1919 1342 3506 1412; baseline -0.004 -17"><span class='ocrx_word' id='word_1_328' title='bbox 1919 1350 1999 1395; x_wconf 89' lang='lat' dir='ltr'><strong>ter</strong></span> <span class='ocrx_word' id='word_1_329' title='bbox 2023 1343 2363 1412; x_wconf 85' lang='lat' dir='ltr'><strong>imploratam</strong></span> <span class='ocrx_word' id='word_1_330' title='bbox 2399 1343 2544 1398; x_wconf 78' lang='lat' dir='ltr'><strong>volo.</strong></span> <span class='ocrx_word' id='word_1_331' title='bbox 2600 1343 2734 1397; x_wconf 87' lang='lat' dir='ltr'><strong>Eam</strong></span> <span class='ocrx_word' id='word_1_332' title='bbox 2784 1342 2999 1397; x_wconf 89' lang='lat' dir='ltr'><strong>facilius</strong></span> <span class='ocrx_word' id='word_1_333' title='bbox 3047 1342 3201 1396; x_wconf 85' lang='lat' dir='ltr'><strong>dabit</strong></span> <span class='ocrx_word' id='word_1_334' title='bbox 3242 1345 3506 1408; x_wconf 80' lang='lat' dir='ltr'><strong>expertus</strong></span> 
     </span>
    </p>
   </div>
   <div class='ocr_carea' id='block_1_51' title="bbox 1918 1432 3507 1502">
    <p class='ocr_par' dir='ltr' id='par_1_51' title="bbox 1918 1432 3507 1502">
     <span class='ocr_line' id='line_1_51' title="bbox 1918 1432 3507 1502; baseline -0.002 -17"><span class='ocrx_word' id='word_1_335' title='bbox 1918 1432 2165 1501; x_wconf 84' lang='lat' dir='ltr'><strong>quisque,</strong></span> <span class='ocrx_word' id='word_1_336' title='bbox 2198 1433 2503 1502; x_wconf 68' lang='lat' dir='ltr'><strong>prmsertim</strong></span> <span class='ocrx_word' id='word_1_337' title='bbox 2539 1432 2612 1496; x_wconf 83' lang='lat' dir='ltr'><strong>ei,</strong></span> <span class='ocrx_word' id='word_1_338' title='bbox 2653 1432 2740 1487; x_wconf 88' lang='lat' dir='ltr'><strong>cui</strong></span> <span class='ocrx_word' id='word_1_339' title='bbox 2778 1440 2857 1487; x_wconf 89' lang='lat' dir='ltr'><strong>tot</strong></span> <span class='ocrx_word' id='word_1_340' title='bbox 2904 1432 3301 1502; x_wconf 83' lang='lat' dir='ltr'><strong>impedimenta</strong></span> <span class='ocrx_word' id='word_1_341' title='bbox 3338 1443 3507 1497; x_wconf 83' lang='lat' dir='ltr'><strong>supe-</strong></span> 
     </span>
    </p>
   </div>
   <div class='ocr_carea' id='block_1_52' title="bbox 1921 1524 3507 1596">
    <p class='ocr_par' dir='ltr' id='par_1_52' title="bbox 1921 1524 3507 1596">
     <span class='ocr_line' id='line_1_52' title="bbox 1921 1524 3507 1596; baseline -0.003 -19"><span class='ocrx_word' id='word_1_342' title='bbox 1921 1525 2092 1578; x_wconf 87' lang='lat' dir='ltr'><strong>randa</strong></span> <span class='ocrx_word' id='word_1_343' title='bbox 2142 1534 2321 1587; x_wconf 81' lang='lat' dir='ltr'><strong>erant,</strong></span> <span class='ocrx_word' id='word_1_344' title='bbox 2366 1526 2567 1596; x_wconf 89' lang='lat' dir='ltr'><strong>quique</strong></span> <span class='ocrx_word' id='word_1_345' title='bbox 2614 1526 2803 1581; x_wconf 87' lang='lat' dir='ltr'><strong>critica</strong></span> <span class='ocrx_word' id='word_1_346' title='bbox 2852 1524 3106 1595; x_wconf 70' lang='lat' dir='ltr'><strong>praesidia</strong></span> <span class='ocrx_word' id='word_1_347' title='bbox 3164 1537 3341 1590; x_wconf 90' lang='lat' dir='ltr'><strong>neque</strong></span> <span class='ocrx_word' id='word_1_348' title='bbox 3397 1535 3507 1574; x_wconf 91' lang='lat' dir='ltr'><strong>uno</strong></span> 
     </span>
    </p>
   </div>
   <div class='ocr_carea' id='block_1_53' title="bbox 1919 1612 3506 1687">
    <p class='ocr_par' dir='ltr' id='par_1_53' title="bbox 1919 1612 3506 1687">
     <span class='ocr_line' id='line_1_53' title="bbox 1919 1612 3506 1687; baseline -0.003 -16"><span class='ocrx_word' id='word_1_349' title='bbox 1919 1616 2220 1687; x_wconf 87' lang='lat' dir='ltr'><strong>eodemque</strong></span> <span class='ocrx_word' id='word_1_350' title='bbox 2245 1628 2485 1687; x_wconf 88' lang='lat' dir='ltr'><strong>tempore</strong></span> <span class='ocrx_word' id='word_1_351' title='bbox 2510 1619 2799 1673; x_wconf 89' lang='lat' dir='ltr'><strong>consulere</strong></span> <span class='ocrx_word' id='word_1_352' title='bbox 2820 1631 3003 1685; x_wconf 89' lang='lat' dir='ltr'><strong>neque</strong></span> <span class='ocrx_word' id='word_1_353' title='bbox 3025 1614 3264 1684; x_wconf 90' lang='lat' dir='ltr'><strong>potiores</strong></span> <span class='ocrx_word' id='word_1_354' title='bbox 3287 1612 3506 1667; x_wconf 90' lang='lat' dir='ltr'><strong>codices</strong></span> 
     </span>
    </p>
   </div>
   <div class='ocr_carea' id='block_1_54' title="bbox 1916 1704 3505 1776">
    <p class='ocr_par' dir='ltr' id='par_1_54' title="bbox 1916 1704 3505 1776">
     <span class='ocr_line' id='line_1_54' title="bbox 1916 1704 3505 1776; baseline -0.001 -19"><span class='ocrx_word' id='word_1_355' title='bbox 1916 1719 2015 1773; x_wconf 91' lang='lat' dir='ltr'><strong>per</strong></span> <span class='ocrx_word' id='word_1_356' title='bbox 2066 1705 2421 1774; x_wconf 87' lang='lat' dir='ltr'><strong>semetipsum</strong></span> <span class='ocrx_word' id='word_1_357' title='bbox 2477 1706 2710 1760; x_wconf 88' lang='lat' dir='ltr'><strong>lustrare</strong></span> <span class='ocrx_word' id='word_1_358' title='bbox 2767 1706 2970 1776; x_wconf 91' lang='lat' dir='ltr'><strong>potuit.</strong></span> <span class='ocrx_word' id='word_1_359' title='bbox 3020 1704 3208 1773; x_wconf 90' lang='lat' dir='ltr'><strong>Neque</strong></span> <span class='ocrx_word' id='word_1_360' title='bbox 3264 1704 3505 1757; x_wconf 88' lang='lat' dir='ltr'><strong>minores</strong></span> 
     </span>
    </p>
   </div>
   <div class='ocr_carea' id='block_1_55' title="bbox 1918 1794 3504 1867">
    <p class='ocr_par' dir='ltr' id='par_1_55' title="bbox 1918 1794 3504 1867">
     <span class='ocr_line' id='line_1_55' title="bbox 1918 1794 3504 1867; baseline -0.003 -18"><span class='ocrx_word' id='word_1_361' title='bbox 1918 1794 2261 1851; x_wconf 73' lang='lat' dir='ltr'><strong>difﬁcultates</strong></span> <span class='ocrx_word' id='word_1_362' title='bbox 2289 1798 2574 1867; x_wconf 89' lang='lat' dir='ltr'><strong>majorem,</strong></span> <span class='ocrx_word' id='word_1_363' title='bbox 2612 1813 2773 1867; x_wconf 92' lang='lat' dir='ltr'><strong>quam</strong></span> <span class='ocrx_word' id='word_1_364' title='bbox 2809 1813 2963 1867; x_wconf 90' lang='lat' dir='ltr'><strong>paro,</strong></span> <span class='ocrx_word' id='word_1_365' title='bbox 3007 1795 3077 1851; x_wconf 89' lang='lat' dir='ltr'><strong>de</strong></span> <span class='ocrx_word' id='word_1_366' title='bbox 3122 1796 3318 1849; x_wconf 88' lang='lat' dir='ltr'><strong>Photio</strong></span> <span class='ocrx_word' id='word_1_367' title='bbox 3346 1794 3504 1847; x_wconf 90' lang='lat' dir='ltr'><strong>lucu-</strong></span> 
     </span>
    </p>
   </div>
   <div class='ocr_carea' id='block_1_56' title="bbox 1918 1882 3503 1958">
    <p class='ocr_par' dir='ltr' id='par_1_56' title="bbox 1918 1882 3503 1958">
     <span class='ocr_line' id='line_1_56' title="bbox 1918 1882 3503 1958; baseline -0.004 -17"><span class='ocrx_word' id='word_1_368' title='bbox 1918 1886 2223 1942; x_wconf 84' lang='lat' dir='ltr'><strong>brationem</strong></span> <span class='ocrx_word' id='word_1_369' title='bbox 2291 1887 2686 1953; x_wconf 78' lang='lat' dir='ltr'><strong>detinuerunt,</strong></span> <span class='ocrx_word' id='word_1_370' title='bbox 2757 1903 2879 1958; x_wconf 65' lang='lat' dir='ltr'><strong>qua:</strong></span> <span class='ocrx_word' id='word_1_371' title='bbox 2951 1903 3053 1957; x_wconf 89' lang='lat' dir='ltr'><strong>pro</strong></span> <span class='ocrx_word' id='word_1_372' title='bbox 3125 1882 3503 1954; x_wconf 82' lang='lat' dir='ltr'><strong>eoneeptionis</strong></span> 
     </span>
    </p>
   </div>
   <div class='ocr_carea' id='block_1_57' title="bbox 1913 1978 3502 2047">
    <p class='ocr_par' dir='ltr' id='par_1_57' title="bbox 1913 1978 3502 2047">
     <span class='ocr_line' id='line_1_57' title="bbox 1913 1978 3502 2047; baseline -0.001 -15"><span class='ocrx_word' id='word_1_373' title='bbox 1913 1979 2269 2047; x_wconf 86' lang='lat' dir='ltr'><strong>amplitudine</strong></span> <span class='ocrx_word' id='word_1_374' title='bbox 2312 1979 2577 2035; x_wconf 89' lang='lat' dir='ltr'><strong>immenso</strong></span> <span class='ocrx_word' id='word_1_375' title='bbox 2629 1978 2743 2036; x_wconf 79' lang='lat' dir='ltr'><strong>fere</strong></span> <span class='ocrx_word' id='word_1_376' title='bbox 2794 1980 2980 2034; x_wconf 86' lang='lat' dir='ltr'><strong>labore</strong></span> <span class='ocrx_word' id='word_1_377' title='bbox 3038 1993 3127 2033; x_wconf 91' lang='lat' dir='ltr'><strong>me</strong></span> <span class='ocrx_word' id='word_1_378' title='bbox 3173 1992 3284 2031; x_wconf 92' lang='lat' dir='ltr'><strong>non</strong></span> <span class='ocrx_word' id='word_1_379' title='bbox 3333 1980 3502 2031; x_wconf 85' lang='lat' dir='ltr'><strong>semel</strong></span> 
     </span>
    </p>
   </div>
   <div class='ocr_carea' id='block_1_58' title="bbox 1912 2064 3495 2137">
    <p class='ocr_par' dir='ltr' id='par_1_58' title="bbox 1912 2064 3495 2137">
     <span class='ocr_line' id='line_1_58' title="bbox 1912 2064 3495 2137; baseline -0.003 -15"><span class='ocrx_word' id='word_1_380' title='bbox 1912 2069 2077 2123; x_wconf 84' lang='lat' dir='ltr'><strong>veluti</strong></span> <span class='ocrx_word' id='word_1_381' title='bbox 2126 2069 2326 2124; x_wconf 89' lang='lat' dir='ltr'><strong>obruit.</strong></span> <span class='ocrx_word' id='word_1_382' title='bbox 2377 2069 2574 2124; x_wconf 86' lang='lat' dir='ltr'><strong>Libros</strong></span> <span class='ocrx_word' id='word_1_383' title='bbox 2631 2070 2999 2134; x_wconf 84' lang='lat' dir='ltr'><strong>necessarios,</strong></span> <span class='ocrx_word' id='word_1_384' title='bbox 3050 2082 3282 2137; x_wconf 89' lang='lat' dir='ltr'><strong>quorum</strong></span> <span class='ocrx_word' id='word_1_385' title='bbox 3338 2064 3495 2120; x_wconf 91' lang='lat' dir='ltr'><strong>multi</strong></span> 
     </span>
    </p>
   </div>
   <div class='ocr_carea' id='block_1_59' title="bbox 1911 2160 3497 2223">
    <p class='ocr_par' dir='ltr' id='par_1_59' title="bbox 1911 2160 3497 2223">
     <span class='ocr_line' id='line_1_59' title="bbox 1911 2160 3497 2223; baseline -0.002 -8"><span class='ocrx_word' id='word_1_386' title='bbox 1911 2162 1967 2215; x_wconf 90' lang='lat' dir='ltr'><strong>in</strong></span> <span class='ocrx_word' id='word_1_387' title='bbox 2010 2170 2212 2217; x_wconf 81' lang='lat' dir='ltr'><strong>nostrae</strong></span> <span class='ocrx_word' id='word_1_388' title='bbox 2256 2161 2629 2217; x_wconf 80' lang='lat' dir='ltr'><strong>universitatis</strong></span> <span class='ocrx_word' id='word_1_389' title='bbox 2659 2163 2990 2218; x_wconf 89' lang='lat' dir='ltr'><strong>bibliotheca</strong></span> <span class='ocrx_word' id='word_1_390' title='bbox 3023 2160 3497 2223; x_wconf 88' lang='lat' dir='ltr'><strong>desiderabantur,</strong></span> 
     </span>
    </p>
   </div>
   <div class='ocr_carea' id='block_1_60' title="bbox 1908 2251 3499 2325">
    <p class='ocr_par' dir='ltr' id='par_1_60' title="bbox 1908 2251 3499 2325">
     <span class='ocr_line' id='line_1_60' title="bbox 1908 2251 3499 2325; baseline -0.003 -17"><span class='ocrx_word' id='word_1_391' title='bbox 1908 2252 2076 2308; x_wconf 81' lang='lat' dir='ltr'><strong>variis</strong></span> <span class='ocrx_word' id='word_1_392' title='bbox 2122 2268 2187 2307; x_wconf 87' lang='lat' dir='ltr'><strong>ex</strong></span> <span class='ocrx_word' id='word_1_393' title='bbox 2229 2253 2363 2309; x_wconf 89' lang='lat' dir='ltr'><strong>locis</strong></span> <span class='ocrx_word' id='word_1_394' title='bbox 2418 2254 2553 2309; x_wconf 90' lang='lat' dir='ltr'><strong>mihi</strong></span> <span class='ocrx_word' id='word_1_395' title='bbox 2594 2270 2914 2325; x_wconf 88' lang='lat' dir='ltr'><strong>comparare</strong></span> <span class='ocrx_word' id='word_1_396' title='bbox 2963 2262 3182 2309; x_wconf 88' lang='lat' dir='ltr'><strong>coaetus</strong></span> <span class='ocrx_word' id='word_1_397' title='bbox 3211 2251 3332 2315; x_wconf 88' lang='lat' dir='ltr'><strong>fui;</strong></span> <span class='ocrx_word' id='word_1_398' title='bbox 3390 2266 3499 2320; x_wconf 83' lang='lat' dir='ltr'><strong>qua</strong></span> 
     </span>
    </p>
   </div>
   <div class='ocr_carea' id='block_1_61' title="bbox 1909 2342 3499 2421">
    <p class='ocr_par' dir='ltr' id='par_1_61' title="bbox 1909 2342 3499 2421">
     <span class='ocr_line' id='line_1_61' title="bbox 1909 2342 3499 2421; baseline -0.003 -22"><span class='ocrx_word' id='word_1_399' title='bbox 1909 2354 2091 2399; x_wconf 87' lang='lat' dir='ltr'><strong>tamen</strong></span> <span class='ocrx_word' id='word_1_400' title='bbox 2124 2346 2177 2399; x_wconf 92' lang='lat' dir='ltr'><strong>in</strong></span> <span class='ocrx_word' id='word_1_401' title='bbox 2211 2361 2272 2400; x_wconf 91' lang='lat' dir='ltr'><strong>re</strong></span> <span class='ocrx_word' id='word_1_402' title='bbox 2311 2346 2600 2417; x_wconf 85' lang='lat' dir='ltr'><strong>insigniter</strong></span> <span class='ocrx_word' id='word_1_403' title='bbox 2629 2363 2717 2401; x_wconf 91' lang='lat' dir='ltr'><strong>me</strong></span> <span class='ocrx_word' id='word_1_404' title='bbox 2750 2346 2958 2416; x_wconf 82' lang='lat' dir='ltr'><strong>adjuvit</strong></span> <span class='ocrx_word' id='word_1_405' title='bbox 2986 2344 3385 2421; x_wconf 86' lang='lat' dir='ltr'><strong>eruditissimus</strong></span> <span class='ocrx_word' id='word_1_406' title='bbox 3413 2342 3499 2397; x_wconf 82' lang='lat' dir='ltr'><strong>vir</strong></span> 
     </span>
    </p>
   </div>
   <div class='ocr_carea' id='block_1_62' title="bbox 1910 2436 3498 2508">
    <p class='ocr_par' dir='ltr' id='par_1_62' title="bbox 1910 2436 3498 2508">
     <span class='ocr_line' id='line_1_62' title="bbox 1910 2436 3498 2508; baseline -0.003 -17"><span class='ocrx_word' id='word_1_407' title='bbox 1910 2436 2001 2494; x_wconf 92' lang='lat' dir='ltr'><strong>Dr.</strong></span> <span class='ocrx_word' id='word_1_408' title='bbox 2050 2437 2116 2490; x_wconf 79' lang='grc' dir='ltr'><strong>Α.</strong></span> <span class='ocrx_word' id='word_1_409' title='bbox 2171 2436 2421 2503; x_wconf 83' lang='lat' dir='ltr'><strong>Ruland,</strong></span> <span class='ocrx_word' id='word_1_410' title='bbox 2494 2439 2737 2508; x_wconf 84' lang='lat' dir='ltr'><strong>ejusdem</strong></span> <span class='ocrx_word' id='word_1_411' title='bbox 2798 2437 3144 2492; x_wconf 68' lang='lat' dir='ltr'><strong>bibliotheca:</strong></span> <span class='ocrx_word' id='word_1_412' title='bbox 3205 2448 3498 2505; x_wconf 89' lang='lat' dir='ltr'><strong>supremus</strong></span> 
     </span>
    </p>
   </div>
   <div class='ocr_carea' id='block_1_63' title="bbox 1908 2525 3493 2599">
    <p class='ocr_par' dir='ltr' id='par_1_63' title="bbox 1908 2525 3493 2599">
     <span class='ocr_line' id='line_1_63' title="bbox 1908 2525 3493 2599; baseline -0.003 -18"><span class='ocrx_word' id='word_1_413' title='bbox 1908 2527 2217 2599; x_wconf 71' lang='lat' dir='ltr'><strong>praefectus,</strong></span> <span class='ocrx_word' id='word_1_414' title='bbox 2247 2528 2334 2583; x_wconf 89' lang='lat' dir='ltr'><strong>cui</strong></span> <span class='ocrx_word' id='word_1_415' title='bbox 2364 2529 2524 2585; x_wconf 86' lang='lat' dir='ltr'><strong>sicuti</strong></span> <span class='ocrx_word' id='word_1_416' title='bbox 2582 2539 2638 2584; x_wconf 88' lang='lat' dir='ltr'><strong>et</strong></span> <span class='ocrx_word' id='word_1_417' title='bbox 2685 2530 2900 2584; x_wconf 83' lang='lat' dir='ltr'><strong>caeteris</strong></span> <span class='ocrx_word' id='word_1_418' title='bbox 2946 2527 3277 2584; x_wconf 89' lang='lat' dir='ltr'><strong>doctissimis</strong></span> <span class='ocrx_word' id='word_1_419' title='bbox 3340 2525 3493 2587; x_wconf 72' lang='lat' dir='ltr'><strong>viris,</strong></span> 
     </span>
    </p>
   </div>
   <div class='ocr_carea' id='block_1_64' title="bbox 1908 2615 3496 2686">
    <p class='ocr_par' dir='ltr' id='par_1_64' title="bbox 1908 2615 3496 2686">
     <span class='ocr_line' id='line_1_64' title="bbox 1908 2615 3496 2686; baseline -0.001 -15"><span class='ocrx_word' id='word_1_420' title='bbox 1908 2617 1999 2686; x_wconf 85' lang='lat' dir='ltr'><strong>qui</strong></span> <span class='ocrx_word' id='word_1_421' title='bbox 2047 2617 2252 2679; x_wconf 76' lang='lat' dir='ltr'><strong>Romae,</strong></span> <span class='ocrx_word' id='word_1_422' title='bbox 2307 2616 2653 2674; x_wconf 71' lang='lat' dir='ltr'><strong>Viudobonze</strong></span> <span class='ocrx_word' id='word_1_423' title='bbox 2709 2627 2765 2673; x_wconf 92' lang='lat' dir='ltr'><strong>et</strong></span> <span class='ocrx_word' id='word_1_424' title='bbox 2823 2617 3092 2672; x_wconf 84' lang='lat' dir='ltr'><strong>Monaehii</strong></span> <span class='ocrx_word' id='word_1_425' title='bbox 3143 2632 3265 2671; x_wconf 89' lang='lat' dir='ltr'><strong>mea</strong></span> <span class='ocrx_word' id='word_1_426' title='bbox 3317 2615 3496 2670; x_wconf 89' lang='lat' dir='ltr'><strong>studia</strong></span> 
     </span>
    </p>
   </div>
   <div class='ocr_carea' id='block_1_65' title="bbox 1907 2710 3496 2782">
    <p class='ocr_par' dir='ltr' id='par_1_65' title="bbox 1907 2710 3496 2782">
     <span class='ocr_line' id='line_1_65' title="bbox 1907 2710 3496 2782; baseline 0.001 -20"><span class='ocrx_word' id='word_1_427' title='bbox 1907 2719 2319 2782; x_wconf 77' lang='lat' dir='ltr'><strong>promoverunt,</strong></span> <span class='ocrx_word' id='word_1_428' title='bbox 2383 2711 2586 2781; x_wconf 83' lang='lat' dir='ltr'><strong>gratias</strong></span> <span class='ocrx_word' id='word_1_429' title='bbox 2632 2726 2879 2765; x_wconf 86' lang='lat' dir='ltr'><strong>summas</strong></span> <span class='ocrx_word' id='word_1_430' title='bbox 2938 2711 3139 2773; x_wconf 85' lang='lat' dir='ltr'><strong>refero,</strong></span> <span class='ocrx_word' id='word_1_431' title='bbox 3195 2710 3299 2763; x_wconf 89' lang='lat' dir='ltr'><strong>alio</strong></span> <span class='ocrx_word' id='word_1_432' title='bbox 3352 2710 3496 2773; x_wconf 90' lang='lat' dir='ltr'><strong>loco,</strong></span> 
     </span>
    </p>
   </div>
   <div class='ocr_carea' id='block_1_66' title="bbox 1908 2801 3498 2871">
    <p class='ocr_par' dir='ltr' id='par_1_66' title="bbox 1908 2801 3498 2871">
     <span class='ocr_line' id='line_1_66' title="bbox 1908 2801 3498 2871; baseline -0.002 -14"><span class='ocrx_word' id='word_1_433' title='bbox 1908 2803 1987 2857; x_wconf 90' lang='lat' dir='ltr'><strong>uti</strong></span> <span class='ocrx_word' id='word_1_434' title='bbox 2019 2818 2200 2871; x_wconf 89' lang='lat' dir='ltr'><strong>spero,</strong></span> <span class='ocrx_word' id='word_1_435' title='bbox 2232 2818 2325 2857; x_wconf 89' lang='lat' dir='ltr'><strong>eas</strong></span> <span class='ocrx_word' id='word_1_436' title='bbox 2345 2803 2673 2857; x_wconf 91' lang='lat' dir='ltr'><strong>cumulatius</strong></span> <span class='ocrx_word' id='word_1_437' title='bbox 2698 2803 2994 2858; x_wconf 86' lang='lat' dir='ltr'><strong>relaturus.</strong></span> <span class='ocrx_word' id='word_1_438' title='bbox 3039 2801 3235 2856; x_wconf 87' lang='lat' dir='ltr'><strong>Utrum</strong></span> <span class='ocrx_word' id='word_1_439' title='bbox 3269 2816 3356 2855; x_wconf 91' lang='lat' dir='ltr'><strong>res</strong></span> <span class='ocrx_word' id='word_1_440' title='bbox 3385 2817 3498 2854; x_wconf 89' lang='lat' dir='ltr'><strong>non</strong></span> 
     </span>
    </p>
   </div>
   <div class='ocr_carea' id='block_1_67' title="bbox 1906 2893 3500 2965">
    <p class='ocr_par' dir='ltr' id='par_1_67' title="bbox 1906 2893 3500 2965">
     <span class='ocr_line' id='line_1_67' title="bbox 1906 2893 3500 2965; baseline -0.001 -17"><span class='ocrx_word' id='word_1_441' title='bbox 1906 2909 2131 2965; x_wconf 90' lang='lat' dir='ltr'><strong>prorsus</strong></span> <span class='ocrx_word' id='word_1_442' title='bbox 2170 2893 2462 2949; x_wconf 85' lang='lat' dir='ltr'><strong>infeliciter</strong></span> <span class='ocrx_word' id='word_1_443' title='bbox 2491 2895 2623 2949; x_wconf 92' lang='lat' dir='ltr'><strong>mihi</strong></span> <span class='ocrx_word' id='word_1_444' title='bbox 2667 2895 2896 2950; x_wconf 84' lang='lat' dir='ltr'><strong>cesserit;</strong></span> <span class='ocrx_word' id='word_1_445' title='bbox 2931 2903 2986 2949; x_wconf 91' lang='lat' dir='ltr'><strong>et</strong></span> <span class='ocrx_word' id='word_1_446' title='bbox 3011 2908 3299 2964; x_wconf 86' lang='lat' dir='ltr'><strong>quousque</strong></span> <span class='ocrx_word' id='word_1_447' title='bbox 3331 2908 3500 2948; x_wconf 84' lang='lat' dir='ltr'><strong>cona-</strong></span> 
     </span>
    </p>
   </div>
   <div class='ocr_carea' id='block_1_68' title="bbox 1906 2983 3492 3055">
    <p class='ocr_par' dir='ltr' id='par_1_68' title="bbox 1906 2983 3492 3055">
     <span class='ocr_line' id='line_1_68' title="bbox 1906 2983 3492 3055; baseline -0.002 -16"><span class='ocrx_word' id='word_1_448' title='bbox 1906 2985 2053 3039; x_wconf 88' lang='lat' dir='ltr'><strong>mina</strong></span> <span class='ocrx_word' id='word_1_449' title='bbox 2102 2998 2223 3038; x_wconf 88' lang='lat' dir='ltr'><strong>mea</strong></span> <span class='ocrx_word' id='word_1_450' title='bbox 2282 2984 2641 3055; x_wconf 89' lang='lat' dir='ltr'><strong>pertigcrint,</strong></span> <span class='ocrx_word' id='word_1_451' title='bbox 2712 2984 2767 3038; x_wconf 90' lang='lat' dir='ltr'><strong>id</strong></span> <span class='ocrx_word' id='word_1_452' title='bbox 2826 2983 3021 3039; x_wconf 89' lang='lat' dir='ltr'><strong>eruditi</strong></span> <span class='ocrx_word' id='word_1_453' title='bbox 3068 2983 3492 3052; x_wconf 89' lang='lat' dir='ltr'><strong>dijudicabunt;</strong></span> 
     </span>
    </p>
   </div>
   <div class='ocr_carea' id='block_1_69' title="bbox 1906 3074 3496 3147">
    <p class='ocr_par' dir='ltr' id='par_1_69' title="bbox 1906 3074 3496 3147">
     <span class='ocr_line' id='line_1_69' title="bbox 1906 3074 3496 3147; baseline -0.002 -16"><span class='ocrx_word' id='word_1_454' title='bbox 1906 3090 2007 3146; x_wconf 84' lang='lat' dir='ltr'><strong>ego</strong></span> <span class='ocrx_word' id='word_1_455' title='bbox 2049 3074 2248 3129; x_wconf 83' lang='lat' dir='ltr'><strong>virium</strong></span> <span class='ocrx_word' id='word_1_456' title='bbox 2298 3090 2540 3129; x_wconf 88' lang='lat' dir='ltr'><strong>mearum</strong></span> <span class='ocrx_word' id='word_1_457' title='bbox 2579 3075 2715 3130; x_wconf 82' lang='lat' dir='ltr'><strong>satis</strong></span> <span class='ocrx_word' id='word_1_458' title='bbox 2760 3076 3083 3147; x_wconf 85' lang='lat' dir='ltr'><strong>exiguarum</strong></span> <span class='ocrx_word' id='word_1_459' title='bbox 3115 3074 3261 3129; x_wconf 85' lang='lat' dir='ltr'><strong>haud</strong></span> <span class='ocrx_word' id='word_1_460' title='bbox 3297 3074 3496 3128; x_wconf 82' lang='lat' dir='ltr'><strong>imme-</strong></span> 
     </span>
    </p>
   </div>
   <div class='ocr_carea' id='block_1_70' title="bbox 1907 3166 3486 3231">
    <p class='ocr_par' dir='ltr' id='par_1_70' title="bbox 1907 3166 3486 3231">
     <span class='ocr_line' id='line_1_70' title="bbox 1907 3166 3486 3231; baseline 0 -10"><span class='ocrx_word' id='word_1_461' title='bbox 1907 3182 2046 3230; x_wconf 91' lang='lat' dir='ltr'><strong>mor,</strong></span> <span class='ocrx_word' id='word_1_462' title='bbox 2091 3166 2334 3221; x_wconf 66' lang='lat' dir='ltr'><strong>materia:</strong></span> <span class='ocrx_word' id='word_1_463' title='bbox 2362 3182 2493 3222; x_wconf 87' lang='lat' dir='ltr'><strong>vero</strong></span> <span class='ocrx_word' id='word_1_464' title='bbox 2524 3182 2658 3221; x_wconf 79' lang='lat' dir='ltr'><strong>meae</strong></span> <span class='ocrx_word' id='word_1_465' title='bbox 2684 3182 2873 3222; x_wconf 87' lang='lat' dir='ltr'><strong>amore</strong></span> <span class='ocrx_word' id='word_1_466' title='bbox 2905 3175 2960 3221; x_wconf 93' lang='lat' dir='ltr'><strong>et</strong></span> <span class='ocrx_word' id='word_1_467' title='bbox 3007 3166 3206 3221; x_wconf 90' lang='lat' dir='ltr'><strong>ardore</strong></span> <span class='ocrx_word' id='word_1_468' title='bbox 3239 3166 3486 3231; x_wconf 90' lang='lat' dir='ltr'><strong>deditus,</strong></span> 
     </span>
    </p>
   </div>
   <div class='ocr_carea' id='block_1_71' title="bbox 1907 3257 3496 3327">
    <p class='ocr_par' dir='ltr' id='par_1_71' title="bbox 1907 3257 3496 3327">
     <span class='ocr_line' id='line_1_71' title="bbox 1907 3257 3496 3327; baseline -0.001 -14"><span class='ocrx_word' id='word_1_469' title='bbox 1907 3273 2106 3327; x_wconf 89' lang='lat' dir='ltr'><strong>neque,</strong></span> <span class='ocrx_word' id='word_1_470' title='bbox 2155 3265 2267 3311; x_wconf 88' lang='lat' dir='ltr'><strong>uta</strong></span> <span class='ocrx_word' id='word_1_471' title='bbox 2289 3258 2482 3326; x_wconf 85' lang='lat' dir='ltr'><strong>coeptis</strong></span> <span class='ocrx_word' id='word_1_472' title='bbox 2506 3257 2788 3321; x_wconf 90' lang='lat' dir='ltr'><strong>desistam,</strong></span> <span class='ocrx_word' id='word_1_473' title='bbox 2810 3258 3223 3313; x_wconf 83' lang='lat' dir='ltr'><strong>difﬁcultatibus</strong></span> <span class='ocrx_word' id='word_1_474' title='bbox 3250 3273 3496 3326; x_wconf 86' lang='lat' dir='ltr'><strong>unquam</strong></span> 
     </span>
    </p>
   </div>
   <div class='ocr_carea' id='block_1_72' title="bbox 1904 3348 3493 3418">
    <p class='ocr_par' dir='ltr' id='par_1_72' title="bbox 1904 3348 3493 3418">
     <span class='ocr_line' id='line_1_72' title="bbox 1904 3348 3493 3418; baseline 0 -15"><span class='ocrx_word' id='word_1_475' title='bbox 1904 3357 2105 3414; x_wconf 90' lang='lat' dir='ltr'><strong>motus,</strong></span> <span class='ocrx_word' id='word_1_476' title='bbox 2152 3363 2261 3401; x_wconf 91' lang='lat' dir='ltr'><strong>non</strong></span> <span class='ocrx_word' id='word_1_477' title='bbox 2283 3363 2508 3417; x_wconf 91' lang='lat' dir='ltr'><strong>possum</strong></span> <span class='ocrx_word' id='word_1_478' title='bbox 2549 3364 2659 3402; x_wconf 92' lang='lat' dir='ltr'><strong>non</strong></span> <span class='ocrx_word' id='word_1_479' title='bbox 2697 3365 2888 3403; x_wconf 92' lang='lat' dir='ltr'><strong>eorum</strong></span> <span class='ocrx_word' id='word_1_480' title='bbox 2943 3349 3163 3403; x_wconf 82' lang='lat' dir='ltr'><strong>veniam</strong></span> <span class='ocrx_word' id='word_1_481' title='bbox 3201 3348 3446 3418; x_wconf 82' lang='lat' dir='ltr'><strong>ﬂagitare</strong></span> <span class='ocrx_word' id='word_1_482' title='bbox 3477 3389 3493 3411; x_wconf 92' lang='lat'><strong>,</strong></span> 
     </span>
    </p>
   </div>
   <div class='ocr_carea' id='block_1_73' title="bbox 1907 3439 3495 3511">
    <p class='ocr_par' dir='ltr' id='par_1_73' title="bbox 1907 3439 3495 3511">
     <span class='ocr_line' id='line_1_73' title="bbox 1907 3439 3495 3511; baseline -0.001 -18"><span class='ocrx_word' id='word_1_483' title='bbox 1907 3455 2008 3510; x_wconf 89' lang='lat' dir='ltr'><strong>pro</strong></span> <span class='ocrx_word' id='word_1_484' title='bbox 2052 3439 2139 3505; x_wconf 93' lang='lat' dir='ltr'><strong>iis,</strong></span> <span class='ocrx_word' id='word_1_485' title='bbox 2166 3455 2287 3509; x_wconf 67' lang='lat' dir='ltr'><strong>quae</strong></span> <span class='ocrx_word' id='word_1_486' title='bbox 2316 3448 2612 3495; x_wconf 88' lang='lat' dir='ltr'><strong>occurrunt</strong></span> <span class='ocrx_word' id='word_1_487' title='bbox 2642 3441 3022 3495; x_wconf 90' lang='lat' dir='ltr'><strong>emendatione</strong></span> <span class='ocrx_word' id='word_1_488' title='bbox 3054 3440 3234 3511; x_wconf 85' lang='lat' dir='ltr'><strong>digna.</strong></span> <span class='ocrx_word' id='word_1_489' title='bbox 3274 3455 3495 3494; x_wconf 87' lang='lat' dir='ltr'><strong>eorum-</strong></span> 
     </span>
    </p>
   </div>
   <div class='ocr_carea' id='block_1_74' title="bbox 1909 3532 3497 3603">
    <p class='ocr_par' dir='ltr' id='par_1_74' title="bbox 1909 3532 3497 3603">
     <span class='ocr_line' id='line_1_74' title="bbox 1909 3532 3497 3603; baseline -0.002 -15"><span class='ocrx_word' id='word_1_490' title='bbox 1909 3532 2032 3588; x_wconf 88' lang='lat' dir='ltr'><strong>dem</strong></span> <span class='ocrx_word' id='word_1_491' title='bbox 2065 3532 2313 3597; x_wconf 89' lang='lat' dir='ltr'><strong>consilia,</strong></span> <span class='ocrx_word' id='word_1_492' title='bbox 2345 3533 2551 3587; x_wconf 89' lang='lat' dir='ltr'><strong>monita</strong></span> <span class='ocrx_word' id='word_1_493' title='bbox 2577 3541 2739 3603; x_wconf 88' lang='lat' dir='ltr'><strong>atque</strong></span> <span class='ocrx_word' id='word_1_494' title='bbox 2763 3533 2967 3603; x_wconf 89' lang='lat' dir='ltr'><strong>judicia</strong></span> <span class='ocrx_word' id='word_1_495' title='bbox 2991 3533 3245 3602; x_wconf 84' lang='lat' dir='ltr'><strong>congruis</strong></span> <span class='ocrx_word' id='word_1_496' title='bbox 3269 3532 3497 3585; x_wconf 83' lang='lat' dir='ltr'><strong>rationi-</strong></span> 
     </span>
    </p>
   </div>
   <div class='ocr_carea' id='block_1_75' title="bbox 1912 3622 3491 3693">
    <p class='ocr_par' dir='ltr' id='par_1_75' title="bbox 1912 3622 3491 3693">
     <span class='ocr_line' id='line_1_75' title="bbox 1912 3622 3491 3693; baseline -0.001 -15"><span class='ocrx_word' id='word_1_497' title='bbox 1912 3622 2015 3678; x_wconf 89' lang='lat' dir='ltr'><strong>bus</strong></span> <span class='ocrx_word' id='word_1_498' title='bbox 2068 3623 2287 3677; x_wconf 81' lang='lat' dir='ltr'><strong>suﬂ&#39;ulta</strong></span> <span class='ocrx_word' id='word_1_499' title='bbox 2316 3632 2571 3693; x_wconf 88' lang='lat' dir='ltr'><strong>prompto</strong></span> <span class='ocrx_word' id='word_1_500' title='bbox 2620 3638 2836 3692; x_wconf 88' lang='lat' dir='ltr'><strong>semper</strong></span> <span class='ocrx_word' id='word_1_501' title='bbox 2870 3622 3057 3677; x_wconf 88' lang='lat' dir='ltr'><strong>animo</strong></span> <span class='ocrx_word' id='word_1_502' title='bbox 3111 3633 3491 3691; x_wconf 88' lang='lat' dir='ltr'><strong>suscepturus.</strong></span> 
     </span>
    </p>
   </div>
   <div class='ocr_carea' id='block_1_76' title="bbox 1985 3712 3427 3784">
    <p class='ocr_par' dir='ltr' id='par_1_76' title="bbox 1985 3712 3427 3784">
     <span class='ocr_line' id='line_1_76' title="bbox 1985 3712 3427 3784; baseline -0.001 -16"><span class='ocrx_word' id='word_1_503' title='bbox 1985 3713 2348 3784; x_wconf 82' lang='lat' dir='ltr'><strong>Wirceburgi,</strong></span> <span class='ocrx_word' id='word_1_504' title='bbox 2378 3715 2467 3769; x_wconf 86' lang='lat' dir='ltr'><strong>die</strong></span> <span class='ocrx_word' id='word_1_505' title='bbox 2490 3714 2716 3769; x_wconf 87' lang='lat' dir='ltr'><strong>Pentec.</strong></span> <span class='ocrx_word' id='word_1_506' title='bbox 2749 3713 2927 3783; x_wconf 88' lang='lat' dir='ltr'><strong>pridie</strong></span> <span class='ocrx_word' id='word_1_507' title='bbox 2948 3712 3074 3768; x_wconf 77' lang='lat' dir='ltr'><strong>Kal.</strong></span> <span class='ocrx_word' id='word_1_508' title='bbox 3108 3713 3237 3768; x_wconf 84' lang='lat' dir='ltr'><strong>Jun.</strong></span> <span class='ocrx_word' id='word_1_509' title='bbox 3272 3712 3427 3768; x_wconf 75' lang='grc'><strong>1857.</strong></span> 
     </span>
    </p>
   </div>
   <div class='ocr_carea' id='block_1_77' title="bbox 1912 3909 3494 3984">
    <p class='ocr_par' dir='ltr' id='par_1_77' title="bbox 1912 3909 3494 3984">
     <span class='ocr_line' id='line_1_77' title="bbox 1912 3909 3494 3984; baseline -0.001 -17"><span class='ocrx_word' id='word_1_510' title='bbox 1912 3911 2019 3967; x_wconf 92' lang='lat' dir='ltr'><strong>hoc</strong></span> <span class='ocrx_word' id='word_1_511' title='bbox 2068 3912 2190 3984; x_wconf 89' lang='lat' dir='ltr'><strong>ipso</strong></span> <span class='ocrx_word' id='word_1_512' title='bbox 2231 3930 2376 3969; x_wconf 91' lang='lat' dir='ltr'><strong>anno</strong></span> <span class='ocrx_word' id='word_1_513' title='bbox 2412 3913 2748 3984; x_wconf 60' lang='lat' dir='ltr'><strong>praecipuum</strong></span> <span class='ocrx_word' id='word_1_514' title='bbox 2799 3911 3046 3982; x_wconf 87' lang='lat' dir='ltr'><strong>ejusdem</strong></span> <span class='ocrx_word' id='word_1_515' title='bbox 3092 3926 3195 3982; x_wconf 87' lang='lat' dir='ltr'><strong>pro</strong></span> <span class='ocrx_word' id='word_1_516' title='bbox 3241 3925 3344 3969; x_wconf 89' lang='lat' dir='ltr'><strong>suo</strong></span> <span class='ocrx_word' id='word_1_517' title='bbox 3395 3909 3494 3966; x_wconf 83' lang='lat' dir='ltr'><strong>do-</strong></span> 
     </span>
    </p>
   </div>
   <div class='ocr_carea' id='block_1_78' title="bbox 1912 3984 3155 4056">
    <p class='ocr_par' dir='ltr' id='par_1_78' title="bbox 1912 3984 3155 4056">
     <span class='ocr_line' id='line_1_78' title="bbox 1912 3984 3155 4056; baseline 0 -19"><span class='ocrx_word' id='word_1_518' title='bbox 1912 3992 2090 4054; x_wconf 84' lang='lat' dir='ltr'><strong>gmate</strong></span> <span class='ocrx_word' id='word_1_519' title='bbox 2118 3984 2378 4056; x_wconf 90' lang='lat' dir='ltr'><strong>scriptum</strong></span> <span class='ocrx_word' id='word_1_520' title='bbox 2406 3986 2461 4040; x_wconf 94' lang='lat' dir='ltr'><strong>in</strong></span> <span class='ocrx_word' id='word_1_521' title='bbox 2490 3985 2670 4041; x_wconf 88' lang='lat' dir='ltr'><strong>lucem</strong></span> <span class='ocrx_word' id='word_1_522' title='bbox 2701 3985 2921 4040; x_wconf 89' lang='lat' dir='ltr'><strong>demum</strong></span> <span class='ocrx_word' id='word_1_523' title='bbox 2955 3984 3155 4055; x_wconf 87' lang='lat' dir='ltr'><strong>prodit.</strong></span> 
     </span>
    </p>
   </div>
  </div>
