3886 6420
520 402 626 470 299

1695 395 1966 459 PHOTII
2003 397 2513 459 PATRIARCHE
2552 399 2659 460 CP.
3655 419 3742 481 3m

519 518 886 595 patrocinium
921 515 1194 582 invenias,
1233 512 1331 570 sed
1374 522 1435 569 ut
1468 512 1645 585 ipsum
1667 527 1886 583 quoque
1915 511 2107 566 Domi-

2227 511 2418 584 ρωνὴν,
2439 514 2538 584 οὐχ
2565 514 2650 566 ῖνα
2674 515 2974 587 συνήγορον
3006 516 3245 590 εὑρήσῃς
3279 520 3408 592 (54),
3433 523 3540 578 ἀλλ’
3564 525 3641 597 ἵνα
3666 534 3743 584 καί

522 632 674 678 num,
711 625 1012 682 perennem
1041 607 1290 664 veritatis
1312 606 1544 671 fontem,
1574 603 1935 660 dissonantia:
1975 603 2109 658 insi-

521 711 733 766 niules?
760 706 853 762 Sic
889 704 1038 760 enim
1070 703 1252 774 lingua
1285 709 1378 756 tua
1413 701 1480 756 ad
1502 700 1769 771 quidlibet
1795 697 2110 752 audendum

525 814 611 858 est
634 818 802 874 prona
829 809 884 855 et
907 799 973 853 ad
1004 813 1186 861 ansas,
1219 795 1314 850 ubi
1345 795 1508 850 nulla:
1537 803 1682 858 sunt,
1717 790 2112 862 conﬁngendas

525 909 583 953 et
615 892 1026 966 exeogitandas.
1065 889 1120 944 Si
1161 887 1308 943 enim
1342 887 1432 943 hic
1462 887 1580 956 ipse
1626 885 1853 940 humani
1893 885 2112 956 generis

524 987 793 1046 Conditor
844 995 900 1039 et
937 993 1160 1038 curator
1199 980 1362 1035 modo
1405 979 1626 1048 quidem
1657 977 1922 1048 Spiritum
1955 979 2114 1032 docet

522 1101 550 1139 a
610 1081 776 1136 Patre
812 1078 1136 1150 procedere,
1185 1075 1503 1129 nullatenus
1551 1072 1841 1141 adjiciens,
1881 1073 2026 1142 quod
2057 1080 2114 1127 et

519 1190 551 1229 a
598 1187 658 1228 se
699 1170 980 1242 procedat,
1032 1167 1130 1222 sed
1171 1166 1322 1220 illum
1353 1165 1618 1236 (Patrem)
1651 1164 1828 1218 solum
1865 1181 2111 1230 causam,

522 1265 986 1338 quemadmodum
1030 1277 1143 1316 sua:
1195 1260 1568 1331 generationis
1595 1300 1608 1322 ,
1665 1261 1735 1312 ita
1776 1267 1830 1312 et
1875 1257 2114 1329 Spiritus

523 1355 898 1430 processionis
923 1353 1074 1408 credi
1105 1369 1135 1406 a
1169 1351 1331 1406 nobis
1361 1359 1418 1404 et
1446 1349 1730 1420 praedicari
1766 1348 1952 1419 iubet;
1998 1366 2114 1403 mo-

523 1447 596 1501 do
621 1453 806 1499 autem
830 1484 844 1506 ,
894 1449 955 1496 ut
979 1450 1035 1495 tu
1067 1438 1291 1501 asseris,
1321 1437 1450 1507 quia
1493 1437 1626 1491 dicit
1658 1455 1671 1490 :
1708 1436 1782 1490 De
1830 1454 1942 1491 meo
1976 1437 2115 1490 acci-

521 1537 629 1608 piet
675 1535 742 1600 “,
797 1533 906 1587 alto
950 1530 1170 1601 quidem
1214 1527 1434 1582 silentio
1499 1527 1829 1597 compressit
1872 1527 2113 1596 priorem

523 1626 929 1684 institutionem
966 1639 1029 1677 ac
1057 1621 1397 1683 doctrinam;
1451 1634 1765 1688 quanquam
1805 1619 2112 1687 oportebat,

525 1731 589 1778 ut
621 1722 678 1776 in
709 1719 1006 1774 secundam
1043 1717 1324 1786 ingressus
1357 1712 1720 1767 initiationem
1754 1712 1953 1781 prioris
1985 1729 2116 1783 quo-

2213 604 2375 656 αὐτὸν
2407 604 2498 658 τδν
2524 607 2838 678 Δεσπότην,
2871 608 3098 663 άένναον
3130 610 3242 680 (55)
3277 613 3372 684 τῆς
3396 615 3629 684 ἀληθείας
3653 637 3744 691 πη.

2211 697 2336 766 γὴν,
2359 699 2438 762 είς
2466 697 2766 768 διαφωνίαν
2786 701 3115 774 ἐξυϐρίσῃςς
3138 702 3281 758 οὕτω
3297 705 3402 776 γὰρ
3420 709 3452 777 ἡ
3470 708 3530 780 σὴ
3552 711 3741 777 γλῶσσα

2213 790 2394 844 πάντα
2424 790 2631 863 τολμᾷν
2666 794 2813 846 ἐστιν
2839 794 3077 864 ἀσελγὴς
3099 796 3317 850 καὶτῶν
3340 798 3579 869 ἀλήπτων
3601 801 3744 867 λαϐὰς

2214 886 2581 952 συμπλάττειν
2611 890 2704 941 καὶ
2732 890 2970 942 ἐπινοεῖν
3002 889 3136 960 (56).
3163 892 3224 944 El
3260 891 3367 963 γὰρ
3395 893 3550 958 αὐτὸς
3573 890 3746 960 οὗτοςὸ

2213 979 2557 1049 Δημιουργὸς
2591 977 2703 1052 [⁸25]
2738 981 2832 1034 τοῦ
2864 981 3054 1051 γένους
3089 984 3183 1036 καὶ
3222 984 3517 1055 προνοητὴς
3547 984 3630 1038 νῦν
3669 989 3746 1056 μὲν

2212 1069 2274 1121 τὸ
2346 1071 2572 1141 Πνεῦμα
2635 1072 2877 1126 διδάσκει
2934 1074 3332 1145 ἐκπορεύεσθαι
3401 1075 3491 1128 τοῦ
3547 1079 3746 1148 Πατρὸς,

2213 1162 2464 1232 οὐδαμῶς
2501 1165 2818 1236 προστιθεὶς
2847 1166 3082 1234 (57-38),
3101 1169 3184 1222 ὅτι
3215 1169 3308 1222 καὶ
3331 1168 3387 1234 ἐξ
3431 1168 3605 1236 αὐτοῦ,
3653 1171 3746 1223 ἀλλ’

2215 1256 2424 1308 ἐκεῖνον
2457 1256 2626 1310 αῐτιον
2659 1258 2844 1328 μόνον,
2884 1259 3077 1328 ὥσπερ
3111 1259 3208 1328 τῆς
3238 1259 3428 1312 ἑαυτοῦ
3458 1263 3745 1331 γεννήσεως,

2213 1346 2358 1401 οὕτω
2391 1349 2486 1402 καὶ
2517 1349 2620 1420 τῆς
2650 1350 2746 1403 τοῦ
2787 1351 3104 1420 Πνεύματος
3154 1353 3553 1423 ἐκπορεύσεως,
3597 1354 3747 1408 θεολοο

2214 1442 2430 1510 γεῖσθαι
2492 1449 2874 1513 μυσταγωγείο
2925 1445 3020 1498 νῦν
3059 1445 3138 1509 δὲ,
3181 1445 3258 1508 ὡς
3306 1446 3370 1499 σὺ
3413 1445 3608 1514 λέγεις,
3637 1447 3746 1502 διότι

2216 1534 2527 1605 φησίν(59)⁶
2549 1537 2648 1590 Ἐκ
2663 1537 2770 1590 τοῦ
2795 1537 2942 1606 ἐμοῦ
2962 1537 3242 1606 λήψεται,
3273 1539 3506 1608 περιεῖλε
3529 1540 3618 1608 μὲν
3645 1543 3742 1611 σιγῇ

2218 1625 2411 1697 βαθείᾳ
2443 1627 2543 1697 τὴν
2584 1628 2860 1699 προτέραν
2893 1627 3006 1698 (40)
3053 1629 3438 1699 μυσταγωγίαν
3458 1644 3472 1660 ⁸
3509 1629 3666 1682 καίτοι
3696 1648 3743 1698 γε

2218 1716 2354 1786 πρὸς
2385 1717 2644 1788 δευτέραν
2670 1717 2895 1771 ἐλθόντα
2923 1717 3036 1787 (41)
3057 1716 3280 1786 τελετὴν
3301 1717 3404 1769 ἔδει
3431 1717 3623 1785 καὶτῆς
3641 1733 3744 1785 προ-

523 1829 632 1884 que
666 1809 988 1866 memoriam
1019 1805 1324 1869 refricaret,
1375 1801 1769 1871 doctrinasque
1799 1803 1936 1887 adeo
1970 1803 2113 1857 inter

2227 1811 2378 1882 τέρας
2413 1813 2726 1882 ἀναμνῆσαι
2756 1811 2852 1864 καὶ
2888 1809 3124 1879 συνάψαι
3163 1811 3232 1862 τὰ
3263 1809 3373 1877 (42)
3399 1808 3631 1861 τοσοῦτον
3657 1809 3742 1878 (45)

523 1878 586 1965 se
613 1906 837 1963 dissitas
879 1903 1242 1972 coniungeret
1291 1909 1347 1954 et
1383 1900 1450 1955 ad
1491 1899 1725 1954 invicem
1758 1878 2109 1962 conciliaret;

2227 1878 2462 1969 ἂλλήλων
2488 1878 2554 1971 τῇ
2587 1878 2792 1972 θεωρίᾳ
2821 1878 3178 1971 διεστηκότα’
3205 1901 3233 1953 ὁ
3259 1899 3316 1952 δὲ
3337 1899 3473 1967 (ιι),
3501 1898 3640 1951 τοῦτο
3667 1900 3744 1968 μὲν

523 2002 616 2056 ille
659 2015 792 2056 vero
832 1998 940 2052 hoc
985 1995 1133 2066 quod
1185 1993 1500 2048 faciendum
1552 2002 1674 2047 erat
1721 2007 1834 2046 non
1869 1992 2020 2052 facit,
2063 1999 2118 2045 et

523 2095 646 2150 loco
671 2089 912 2155 dicendi,
944 2087 1209 2157 Spiritum
1242 2101 1272 2138 a
1306 2085 1469 2138 Patre
1501 2083 1819 2154 procedere,
1858 2084 1912 2136 in
1937 2083 2116 2152 ipsum

522 2184 932 2259 processionem
989 2179 1231 2250 Spiritus
1275 2176 1586 2232 transfert:
1637 2192 1746 2246 quo
1791 2176 1953 2231 modo
2004 2190 2115 2231 non

521 2280 807 2336 evidenter
837 2271 1131 2338 evincitur,
1174 2270 1595 2324 substantialem
1651 2276 1817 2338 atque
1851 2269 2116 2324 inaltera-

520 2372 688 2429 hilem
719 2370 1007 2424 veritatem
1031 2381 1061 2419 a
1089 2375 1142 2420 te
1167 2364 1352 2434 inique
1379 2363 1735 2428 dissonantize
1768 2362 2120 2416 insimulari?

593 2467 686 2520 2L
720 2461 990 2529 Quoniam
1031 2473 1162 2513 vero
1199 2457 1286 2512 vel
1327 2472 1392 2510 ea
1425 2473 1546 2526 quae
1588 2457 1777 2527 pueris
1818 2465 1946 2510 sunt
1989 2466 2118 2510 nota

523 2554 668 2610 scire
701 2563 752 2607 te
787 2549 960 2604 vetuit
989 2561 1203 2602 summa
1255 2546 1342 2598 illa
1366 2585 1381 2608 ,
1421 2561 1526 2614 qua
1559 2546 1723 2599 etiam
1751 2545 1818 2600 ad
1857 2545 2113 2614 impossi-

523 2645 656 2700 bilia
693 2638 982 2697 contendis
1034 2640 1338 2698 temeritas,
1378 2649 1528 2689 nunc
1567 2636 1798 2702 saltem,
1843 2636 1947 2690 etsi
2000 2651 2111 2690 non

526 2733 701 2806 prius,
729 2729 1034 2799 intelligere
1068 2725 1236 2780 debes
1267 2723 1407 2777 nihil
1437 2732 1544 2777 tam
1568 2723 1714 2778 clare
1749 2733 1855 2778 tute
1883 2725 2118 2780 vesania:

528 2822 842 2888 adversari,
872 2817 1334 2891 quemadmodum
1376 2817 1494 2871 haec
1526 2816 1740 2871 Domini
1791 2825 1955 2887 atque
1998 2819 2118 2872 Sal-

529 2920 734 2975 vatoris
771 2930 897 2970 vox.
932 2913 991 2968 Si
1018 2913 1166 2966 enim
1205 2911 1413 2965 diceret
1454 2926 1470 2963 :
1510 2909 1585 2963 De
1616 2927 1699 2963 me
1727 2911 1980 2979 accipiet,
2016 2927 2118 2967 nec

527 3013 610 3068 sic
631 3008 852 3080 quidem
894 3005 1039 3076 quod
1059 3003 1248 3059 studes
1268 3003 1636 3063 evinceretur;
1671 3003 1898 3059 haberet
1933 3013 2117 3059 tamen

529 3101 768 3171 aliquem
801 3105 1130 3168 praetextum
1163 3110 1339 3150 error.
1372 3095 1562 3165 Neque
1591 3095 1739 3150 enim
1771 3097 2019 3168 accipere
2051 3100 2120 3154 ab

530 3191 716 3260 aliquo
761 3189 832 3243 ob
881 3187 1046 3241 alium
1093 3185 1405 3256 quempiam
1463 3202 1622 3241 usum
1667 3196 1725 3242 et
1776 3189 2116 3246 substantiali
2146 3224 2190 3283 α

526 3281 877 3354 processione
911 3280 1206 3350 procedere
1240 3279 1294 3332 in
1335 3279 1591 3334 eumdem
1646 3296 1870 3336 sensum
1916 3299 2120 3339 conve-

529 3376 724 3439 niunt;
755 3374 986 3428 multum
1014 3373 1189 3434 abest,
1209 3381 1268 3424 ut
1297 3373 1400 3427 hoc
1429 3373 1498 3427 ita
1529 3389 1588 3428 se
1623 3375 1839 3429 habeat.
1858 3375 2124 3442 Quoniam

529 3483 662 3521 vero
693 3477 856 3521 tanta:
890 3464 1189 3535 impietatis
1235 3465 1670 3535 magnitudinem
1703 3468 1958 3523 Salvator
1986 3486 2127 3540 pra:-

527 3559 726 3614 videns
751 3601 767 3626 ,
811 3573 922 3612 non
971 3557 1134 3612 talem
1187 3556 1372 3611 emisit
1415 3573 1607 3613 vocem
1630 3601 1644 3619 .
1677 3575 1748 3614 ne
1787 3561 1992 3616 multos
2023 3578 2127 3632 Ope

511 3663 623 3706 tua
648 3649 913 3706 daemonis
943 3648 1188 3719 nequitia
1223 3647 1642 3717 depasceretur,’
1675 3653 1950 3719 quomodo
2007 3653 2127 3708 loco

528 3745 898 3802 accusationis
939 3758 1105 3814 quam
1156 3740 1390 3797 Domino
1451 3742 1716 3812 intendis,
1751 3745 1816 3800 ad
1845 3747 1966 3818 ejus
2007 3748 2119 3804 cle-

596 3959 646 3992 ⁸⁸
670 3958 829 4014 Joan.
860 3974 950 4026 xv,
984 3958 1074 4015 26.

2217 1991 2336 2046 δέον
2379 1993 2664 2064 πράττειν,
2699 1994 2758 2046 οὺ
2805 1995 2981 2046 ποιεί·
3015 1993 3136 2046 ἀντὶ
3180 1990 3236 2044 δὲ
3274 1991 3368 2044 τοῦ
3403 1990 3746 2061 ἐκπορεύεσθαι

2215 2085 2278 2139 τὸ
2301 2086 2528 2156 Πνεῦμα
2543 2085 2636 2140 τοῦ
2656 2087 2870 2157 [ἰατρὸς
2897 2088 2978 2149 εἰς
3007 2087 3202 2140 ἑαυτὸν
3228 2083 3328 2157 τὴν
3350 2083 3647 2156 ἐκπύρωσιν
3669 2082 3746 2135 τοῦ

2218 2177 2539 2249 Πνεύματος
2591 2180 2858 2249 μετάγει·
2895 2177 3015 2241 πῶς
3061 2177 3188 2248 οὐχ).
3233 2177 3333 2247 τὴν
3382 2175 3475 2247 σὴν
3520 2174 3748 2245 ἔκθεσμον

2216 2269 2516 2339 διαφωνίαν
2555 2271 2654 2340 τῆς
2684 2270 3056 2324 ἐνυποστάτου
3100 2271 3201 2323 καὶ
3238 2266 3576 2321 ἁναλλοιώτου
3604 2284 3745 2319 κατα-

2219 2360 2620 2432 σκεδάζωνμῦ)
2640 2363 2900 2434 ἀληθείας
2923 2364 3022 2433 οὐχ
3040 2363 3218 2425 ἐάλως
3240 2361 3394 2431 δίκην
3413 2360 3618 2430 ὀφείλων
3633 2360 3746 2431 (46);

2289 2461 2397 2509 καν.
2453 2455 2608 2508 Ἐπεὶ
2645 2455 2701 2508 δέ
2728 2472 2787 2508 σε
2816 2455 2938 2508 οὐδὲ
2961 2454 3032 2507 τὰ
3060 2455 3172 2507 τῶν
3197 2452 3396 2506 παίδων
3421 2451 3650 2519 εἰδέναιὴ
3673 2449 3748 2502 τοῦ

2217 2552 2330 2611 τοῖς
2352 2548 2636 2612 ἀδυνάτοις
2659 2550 2958 2619 ἐπιχειρεῖν
2985 2547 3335 2616 ἀπεστέρησε
3360 2544 3464 2614 (47)
3491 2542 3744 2612 θρασύτης.

2220 2641 2355 2695 ἀλλά
2385 2657 2450 2709 γε
2485 2640 2602 2705 νῦν,
2643 2641 2692 2694 εί
2739 2640 2832 2694 καὶ
2865 2639 2939 2710 μὴ
2978 2641 3268 2711 πρότερον,
3306 2637 3531 2691 συνιέναι
3560 2653 3614 2688 σε
3641 2636 3743 2705 χρὴ,

2218 2735 2294 2799 ὡς
2322 2735 2474 2788 οὐδὲν
2513 2733 2656 2788 οὕτω
2691 2734 2802 2806 (48)
2837 2733 2952 2806 (24]
2983 2733 3257 2804 λαμπρῶς
3290 2733 3495 2786 ἵσταται
3523 2729 3650 2784 κατὰ
3672 2730 3746 2796 τῆς

2221 2827 2324 2898 σῆς
2357 2825 2636 2892 ἀπονοίας,
2683 2826 2760 2890 ὡς
2805 2829 2840 2898 ὴ
2884 2827 3199 2898 Δεσποτικὴ
3226 2827 3317 2880 καὶ
3345 2825 3601 2896 Σωτήριος
3635 2821 3747 2890 αὕτη

2221 2920 2374 2990 φωνή
2414 2919 2546 2991 (49).
2575 2919 2639 2972 El
2681 2919 2778 2989 μὲν
2804 2919 2911 2990 γὰρ
2960 2918 3144 2987 ἔλεγεν
3168 2934 3184 2949 °
3231 2917 3330 2982 Ἐξ
3362 2915 3503 2986 ἐμοῦ
3535 2914 3629 2986 (50)
3653 2912 3743 2977 λή-

2219 3015 2431 3080 ⁴ψεται,
2471 3011 2581 3064 οὐδ’
2613 3009 2787 3074 οὕτως
2827 3010 2887 3062 τό
2920 3027 3001 3062 σοι
3051 3009 3484 3079 σπουδαζόμενον
3523 3005 3751 3076 ἐλάμϐανε

2221 3105 2396 3174 πέρας
2420 3119 2434 3134 ⁸
2478 3102 2617 3173 πλὴν
2646 3101 2762 3156 ἀλλ’
2789 3095 2904 3171 εἶχέ
2929 3117 3050 3152 τινα
3082 3099 3359 3170 πρόφασιν
3384 3100 3416 3169 ἠ
3457 3097 3614 3165 πλάνη
3645 3093 3752 3166 (51).

2223 3197 2357 3250 Οἰοδέ
2385 3196 2495 3266 γὰρ
2541 3194 2661 3248 οὐδὲ
2690 3193 2802 3265 (52)
2853 3193 2912 3246 τὸ
2946 3192 3253 3263 λαμϐάνειν
3285 3191 3388 3246 ἀπό
3422 3205 3557 3250 τινος
3598 3187 3755 3259 χρείας

2224 3289 2392 3360 ἄλλης
2414 3290 2596 3360 χάριν,
2627 3289 2720 3341 καὶ
2740 3287 2800 3340 τὸ
2822 3286 2959 3358 πρὸς
2987 3287 3251 3340 οὑσίωσιν
3272 3285 3378 3356 (55)
3410 3282 3754 3354 ἐκπορεύεσθαι

2224 3385 2304 3445 εἰς
2331 3383 2495 3436 τ’ᾰυτὸ
2527 3382 2640 3452 (54)
2688 3380 2982 3448 συνάγεται
3012 3381 3078 3450 τῇ
3113 3379 3326 3450 διανοίᾳ
3347 3396 3360 3409 ·
3390 3376 3574 3430 πολλοῦ
3603 3392 3658 3442 γε
3684 3373 3758 3425 καὶ

2223 3477 2324 3530 δεῖ.
2368 3475 2521 3528 Ἐπεὶ
2567 3474 2624 3526 δὲ
2675 3473 2774 3544 τῆς
2811 3471 3084 3540 τοσαύτης
3129 3470 3385 3532 ἀσεϐείας
3415 3467 3471 3522 τὸ
3517 3465 3759 3537 μέγεθοςό

2225 3568 2417 3640 Σωτὴρ
2444 3566 2694 3638 προορῶν
2725 3564 2848 3620 οὐδὲ
2869 3563 3127 3632 τοιαύτην
3141 3563 3327 3634 άφῆκε
3360 3560 3532 3633 φωνὴν
3553 3558 3667 3631 (55),
3687 3556 3756 3608 ίνα

2231 3661 2306 3734 μὴ
2335 3660 2561 3723 πολλοὺς
2596 3658 2681 3712 διὰ
2715 3656 2808 3710 σοῦ
2845 3657 2880 3728 η
2910 3655 3004 3709 τοῦ
3039 3655 3290 3726 Πονηροῦ
3320 3655 3602 3724 κακουργία
3621 3667 3753 3702 κατα-

2227 3753 2439 3826 νεμηθῇ
2469 3751 2602 3822 (56),
2637 3749 2754 3814 πῶς
2775 3789 2789 3815 ,
2833 3749 2955 3802 ἀντὶ
2995 3748 3090 3802 τοῦ
3120 3750 3448 3820 κατηγορεῖν
3484 3746 3562 3799 τὸν
3586 3741 3755 3796 Aeci-.6-

1649 4137 1883 4193 VARIIE
1926 4138 2313 4197 LECTIONES
2351 4140 2438 4196 ET
2477 4140 2708 4196 NOTAE.

599 4321 716 4392 (54)
745 4317 892 4392 Mori.
917 4339 933 4376 :
963 4321 1242 4392 εὑρήσεις.

603 4389 718 4460 (55)
758 4389 880 4445 Col.
920 4389 1172 4447 ἀένναον.

599 4457 717 4534 (56)
752 4460 878 4516 Haec
905 4479 1127 4534 rursum
1149 4458 1372 4534 ad_ducit
1394 4457 1555 4534 Hugo
1585 4459 1915 4534 Etherianus
1947 4461 2023 4531 (1.
2054 4477 2116 4525 ιι,

529 4530 720 4588 c.'18.
786 4547 839 4601 p.
884 4534 1043 4588 ηδε.
1088 4531 1151 4587 Ε.
1205 4530 1291 4600 F.)

530 4602 672 4663 dixit
691 4600 989 4672 discipulos
1015 4604 1315 4665 instruens,
1337 4600 1598 4672 quoniam
1631 4601 1870 4670 Spiritus
1899 4605 1968 4658 de
1988 4619 2112 4658 meo

530 4673 766 4744 accipiet
790 4669 847 4726 et
871 4673 1224 4744 annuntiabit
1244 4672 1422 4744 vobis.
1447 4669 1512 4724 Et
1536 4669 1683 4740 quod
1708 4673 1894 4743 utique
1919 4676 2108 4738 lateas,

531 4745 624 4812 qui
644 4741 712 4800 ad
746 4743 1052 4799 Salvatoris
1092 4741 1408 4811 confugeris
1436 4756 1648 4808 vocem,
1683 4741 1814 4796 non
1836 4755 1895 4796 ut
1944 4746 2112 4798 advo-

532 4815 791 4869 catricem
818 4831 1027 4881 sumas,
1065 4814 1162 4867 sed
1205 4813 1297 4867 ubi
1339 4813 1441 4881 (ut)
1479 4813 1658 4882 ipsum
1689 4830 1784 4882 per
1818 4813 2109 4868 dissonan-

537 4827 791 4869 eatricem
818 4831 1027 4881 sumas,
1065 4827 1162 4867 seu
1205 4827 1297 4867 uni
1339 4827 1441 4881 (ut)
1479 4827 1658 4934 Ipsum
1689 4830 1784 4882 per
1818 4827 2109 4868 dlSSOllall-

537 4884 668 4938 tiam
706 4885 1007 4954 obiurges;
1054 4885 1136 4938 sic
1172 4884 1320 4938 enim
1349 4891 1458 4954 tua
1518 4883 1679 4951 ingua
1717 4893 1800 4938 est
1843 4887 2016 4939 audax
2061 4893 2117 4939 et

535 4953 832 5023 impudica,
869 4965 928 5009 ut
970 4955 1026 5008 in
1065 4955 1131 5009 iis
1182 4970 1304 5023 quae
1346 4953 1921 5019 incomprehensibilia
1959 4964 2111 5022 sunt,

533 5027 854 5079 occasiones
879 5027 1155 5092 conlingat
1178 5035 1233 5078 et
1263 5023 1655 5092 subintelligat.
1698 5044 1717 5077 δ

605 5094 818 5162 (57-58)
863 5095 1010 5149 Mon.
1047 5093 1286 5164 οὐδαμοῦ
1315 5111 1419 5147 που
1446 5093 1634 5158 τιθείς.

605 5165 718 5231 (59)
747 5165 864 5220 Col.
893 5166 1059 5234 φησὶν
1093 5167 1173 5218 δτι
1206 5168 1269 5218 ἐκ
1292 5182 1345 5220 τ.
1378 5167 1426 5220 ἐ.

604 5234 719 5302 (40)
755 5236 906 5305 Moti.
968 5236 1252 5305 πρότερον.

606 5305 722 5376 (41)
760 5304 916 5376 Non.
957 5304 1305 5376 μετελθόντα.

607 5376 721 5447 (42)
752 5375 838 5447 1Γὰ
855 5377 1010 5447 deest
1037 5375 1091 5447 in
1122 5375 1270 5430 Mon.

607 5445 720 5517 (45)
750 5445 922 5500 Palat.
971 5446 1008 5499 1’.
1035 5446 1141 5499 217
1175 5447 1238 5517 _b.
1271 5447 1564 5500 τοσούτων.

607 5515 722 5586 (44)
747 5517 806 5570 Ὀ
833 5518 889 5569 δὲ
913 5517 1065 5571 deest
1088 5518 1141 5570 in
1173 5515 1318 5570 Mon.

609 5585 722 5658 (45)
789 5587 958 5640 Palat.
995 5587 1472 5658 (xztacxaﬁég'sw.
1527 5587 1644 5643 Col.
1706 5585 2104 5655 διασκεδὰξειν.

748 5658 903 5728 Hugo
922 5657 1110 5738 Ether.
1135 5657 1192 5727 (1.
1215 5659 1289 5726 c.)
1313 5675 1363 5738 ε’(
1396 5659 1682 5739 Quomodo
1711 5673 1854 5712 tuam
1875 5652 2116 5730 exlegem

539 5731 592 5798 (e
634 5738 693 5808 it.
728 5745 839 5809 fex
867 5731 1007 5809 lege)
1033 5729 1434 5809 dissonanttam
1457 5747 1580 5799 qua:
1607 5736 2116 5809 mcommutabilem

538 5809 591 5850 et
634 5799 1030 5870 inalterabilem
1078 5799 1306 5870 dissipat
1327 5801 1633 5870 veritatem,
1670 5814 1781 5855 non
1827 5803 2116 5859 coercuisti

543 5883 668 5922 cum
693 5883 911 5939 pinnam
937 5869 1171 5926 debeas?
1203 5891 1222 5922 ι

1327 4547 1343 4584 :
1394 4550 1412 4582 ι
1473 4529 1674 4585 Etiam.
1713 4531 1816 4586 Sed
1873 4529 2122 4587 Salvator
2155 4542 2200 4598 ι)

2299 4323 2414 4395 (47)
2443 4322 2679 4395 Sic_Vat.
2723 4321 2894 4376 Palat.
2936 4319 3198 4395 et_llugo
3235 4319 3445 4386 Ether.,
3479 4317 3570 4390 qui
3589 4313 3760 4371 vertit:

2228 4389 2484 4464 privavit.
2511 4393 2727 4464 Monac.
2755 4410 2770 4446 :
2808 4389 3198 4462 παρεχώρησε.

2299 4467 2412 4531 (48)
2441 4465 2584 4518 Mon.
2647 4462 2842 4523 οὕτως.

2296 4528 2406 4605 (49)
2457 4535 2629 4588 Palat.
2661 4534 2699 4588 I‘.
2724 4533 2838 4605 218“
2863 4547 2914 4588 a.
2956 4532 3033 4602 ιή
3079 4531 3241 4605 δεσπ.
3289 4547 3345 4585 κ.
3378 4545 3505 4584 σωτ.
3540 4528 3664 4594 αὐτὴ
3710 4543 3758 4594 φ.

2225 4603 2439 4660 Monac.
2473 4623 2486 4658 :
2518 4609 2552 4675 ἡ
2586 4603 2918 4675 δεσπεαῦτη
2942 4621 2994 4655 κ.
3025 4604 3293 4675 σωτήριος
3324 4619 3380 4675 cp.

2293 4676 2406 4746 (50)
2437 4671 2555 4746 Col.
2589 4673 2801 4746 p.378,
2836 4671 3024 4746 ἔλεγεν
3059 4674 3154 4726 καὶ
3183 4671 3425 4746 ἐξλέμοῦ.

2295 4743 2405 4816 (51)
2437 4743 2599 4814 ιιυεσ
2646 4745 2833 4798 ΙηζιΙιοιο.
2866 4744 2928 4812 (l.
2957 4747 3032 4813 c.)
3084 4760 3098 4796 :
3139 4763 3158 4794 ‹
3209 4743 3334 4797 Ideo
3399 4750 3573 4820 autem
3629 4746 3766 4820 tenui

2221 4809 2342 4888 quae
2388 4809 2708 4888 puerorum
2741 4809 2889 4876 sunt,
2932 4809 3042 4888 non
3088 4827 3407 4885 cngnoscas,
3449 4809 3765 4886 impossibilia

2223 4886 2475 4942 conando
2507 4886 2739 4956 privavit
2763 4886 3063 4938 temeritas.
3095 4890 3164 4939 At
3194 4899 3322 4937 vero
3357 4895 3655 4956 age,_nu_n_c_,
3684 4887 3768 4956 etsi

2223 4975 2332 5012 non
2382 4951 2556 5027 prius,
2614 4957 2912 5024 intelligere
2971 4965 3020 5008 te
3049 4954 3482 5027 Oportet,_qnod
3533 4951 3663 5027 nihii
3705 4951 3768 5000 sic

2224 5020 2514 5082 manifeste
2541 5020 2646 5081 Stat
2677 5020 2865 5080 contra
2894 5035 3037 5078 tuam
3067 5020 3430 5084 insolentiam,
3449 5020 3769 5091 quemadmo-

2224 5100 2352 5153 dum
2378 5099 2656 5152 Dominica
2675 5108 2729 5150 et
2748 5097 2997 5150 salutaris
3027 5097 3128 5150 ista
3165 5113 3286 5150 vox.
3319 5094 3449 5148 Nam
3472 5093 3512 5144 si
3543 5091 3766 5144 dixisset:

2224 5168 2304 5222 De
2330 5187 2410 5222 me
2445 5169 2693 5237 accipiet,
2724 5182 2899 5236 neque
2929 5166 3006 5218 sic
3043 5165 3358 5220 adinventio
3391 5175 3475 5216 tua
3512 5161 3769 5226 reperisset

2227 5239 2557 5304 terminum;
2604 5255 2792 5293 verum
2839 5237 3065 5291 haberet
3115 5238 3349 5306 aliquam
3402 5241 3769 5300 competentem

2225 5311 2568 5364 occasionem
2597 5326 2771 5363 error.
2813 5328 2829 5359 ι

2300 5380 2411 5444 (5:!)
2439 5380 2553 5433 Hoc
2579 5381 2811 5433 alterum
2840 5381 2961 5434 οὐδὲ
2997 5377 3150 5435 abest
3177 5393 3205 5432 a
3235 5375 3379 5431 Mon.

2299 5451 2409 5520 (55)
2447 5452 2566 5504 Col.
2603 5454 2697 5502 καὶ
2732 5451 2865 5521 πρὸς
2891 5453 3008 5504 ούσ.

2302 5521 2411 5590 (54)
2441 5521 2588 5574 Mon.
2621 5521 2772 5574 αὑτό.
2806 5521 2894 5575 Sic
2923 5522 3038 5576 Col.

2303 5587 2416 5662 (55)
2445 5593 2589 5644 Moti.
2620 5591 2740 5643 οὐδὲ
2774 5594 2873 5660 τὴν
2897 5592 3155 5662 τοιαύτην
3186 5589 3368 5660 φωνὴν
3398 5587 3616 5656 ἀφῆκεν.
3685 5652 3696 5663 ο

2300 5664 2412 5733 (56)
2441 5665 2597 5730 Hugn
2626 5662 2812 5715 Etlter.
2842 5664 2876 5715 l.
2910 5679 2960 5715 c.
3008 5681 3021 5715 :
3057 5682 3074 5713 ι
3124 5665 3412 5733 Propterea
3443 5668 3631 5711 tantam
3674 5662 3772 5733 im-

2230 5724 2910 5814 pietatismagnitudinem
2943 5733 3190 5814 Salvator
3215 5724 3500 5814 providens
3527 5741 3627 5814 non
3672 5724 3774 5814 lin:-

2226 5793 2467 5871 iusmodi
2494 5793 2677 5858 emisit
2702 5819 2912 5867 vocem,
2929 5819 2997 5860 ne
3029 5807 3167 5860 forte
3185 5793 3382 5860 diaboli
3408 5797 3632 5856 versutia
3652 5793 3771 5847 mut-

2232 5886 2316 5930 tos
2344 5889 2442 5947 per
2473 5882 2523 5930 te
2545 5874 2854 5931 devoraret.
2889 5895 2911 5928 ιι
