3886 6420
461 363 566 428 σοι

1597 366 1864 432 ΡΗΟΤΙΙ
1901 367 2413 432 ΡΑΤΒῘΑΗΟΗΕ
2451 367 2562 429 CP.

3636 370 3740 438 308

465 494 569 534 nos
591 475 824 533 deducet
844 477 1150 534 veritatem.
1197 477 1277 534 Ac
1309 487 1361 534 te
1390 478 1613 550 quidem
1644 489 1905 555 mysteria
1950 483 2052 539 do-

2178 484 2431 554 ,κάλυψας
2461 483 2575 551 (19)
2596 497 2611 513 ο
2638 481 2844 546 ἐκεῖνος
2873 480 2929 535 δὲ
2957 480 3216 554 ὁδηγήσει
3237 481 3382 554 ἡμᾶς
3400 481 3510 554 (20)
3538 484 3622 550 sic
3641 489 3744 543 πᾶ-

466 577 626 624 eente
657 571 835 626 adhuc
863 585 1087 642 egemus
1107 579 1163 626 et
1190 573 1459 643 sapientia
1489 583 1546 630 et
1574 575 1779 632 virtute
1811 585 1867 632 et
1899 577 2050 632 veri-

2164 596 2263 632 σαν
2297 579 2398 648 τὴν
2430 576 2690 648 ἀλήθειαν
2711 591 2727 608 ο
2760 575 2856 628 καὶ
2887 573 2984 628 σοῦ
3017 575 3116 644 μὲν
3145 576 3636 646 μυσταγωγοῦντος
3666 577 3744 634 ετι

467 673 598 727 tate,
643 665 734 720 ille
787 679 919 720 vero
959 665 1260 720 adveniens
1287 667 1470 722 omnia
1528 665 1690 724 nobis
1717 669 2048 738 perfruenda

2178 669 2391 737 ἱεόμεθα
2440 667 2536 722 καὶ
2586 667 2778 737 σοφίας
2839 667 2932 721 κα).
2974 667 3257 738 δυνάμεως
3300 669 3394 721 καὶ
3449 669 3742 738 ἀληθείας·

467 753 744 808 uberrime
776 753 1061 823 pmbebit.
1125 751 1179 806 Si
1221 769 1351 824 ergo
1407 763 1486 820 tu,
1539 755 1914 810 substantialis
1961 769 2050 808 sa-

2161 761 2368 824 ἐκεῖνος
2416 758 2474 812 δὲ
2525 758 2917 830 παραγεγονὼς
2949 759 3168 813 πάντων
3206 761 3338 830 ἡμῖν
3375 760 3476 831 τὴν
3510 759 3747 816 ἀπόλαυ-

467 845 675 916 pientia
711 852 768 899 et
796 845 1016 908 veritas,
1050 845 1166 900 ba'c
1195 845 1380 909 doces,
1409 861 1523 900 non
1557 846 1746 916 utique
1771 846 2052 916 ambigere

2178 868 2240 903 rw
2275 849 2505 920 ἄφθονον
2554 852 2852 923 παράσχοι.
2888 851 2950 904 Εί
2979 851 3168 904 τοίνυν
3209 851 3274 906 σὺ
3313 851 3524 918 ταῦτα,
3572 855 3608 924 ἠ
3661 855 3750 907 ὲν-

470 949 571 988 nos
598 934 772 998 decet,
805 935 1070 1003 majorem
1107 950 1324 1004 quoque
1365 935 1634 990 honorem
1666 950 1729 991 ac
1763 935 1987 1008 gloriam
2019 951 2052 991 a

469 1024 629 1080 nobis
652 1024 881 1095 Spiritui
905 1040 1028 1081 esse
1059 1026 1429 1081 tribuendam.

541 1311 632 1366 26.
671 1309 938 1377 Quoniam
971 1311 1135 1382 igitur
1167 1312 1419 1367 sublimia
1468 1311 1587 1368 hmo
1623 1311 1690 1368 de
1738 1311 1946 1383 Spiritu
1975 1313 2058 1370 di-

2163 945 2468 1010 ὑπόστατος
2524 941 2684 1014 σοφία
2715 945 2811 997 καὶ
2841 943 3096 1015 ἀλήθεια,
3126 943 3420 1008 διδάσκεις,
3450 945 3552 998 οὑκ
3578 945 3749 1000 ἐπιδι-

2163 1037 2382 1101 στάζειν
2411 1037 2559 1109 ἡμᾶς
2591 1036 2841 1109 προσῆκε
2872 1036 2966 1090 καὶ
2995 1035 3094 1106 τῆς
3122 1037 3263 1105 πρὸς
3286 1035 3349 1089 τδ
3382 1031 3570 1106 μεῖζον
3598 1035 3752 1101 ἐξαλ-

2156 1127 2459 1198 λαττούσης
2487 1128 2655 1198 τιμῆς
2683 1142 2743 1181 τε
2774 1129 2871 1182 καὶ
2899 1125 3059 1198 δόξης
3089 1126 3152 1179 τὸ
3178 1123 3404 1196 Πνεῦμα
3437 1125 3573 1197 παρ’
3599 1126 3751 1198 ἡμῶν

2159 1219 2441 1286 ἀξιοῦσθαι
2483 1219 2619 1288 (21).

2227 1311 2342 1379 κς’.
2409 1312 2630 1384 Ἐπειδὴ
2677 1310 2772 1366 οὖν
2804 1311 2874 1366 τὰ
2907 1311 3094 1384 ὑψηλὰ
3122 1315 3252 1382 περὶ
3295 1312 3390 1366 τοῦ
3435 1311 3750 1383 Πνεῦματος

474 1405 702 1474 scipulis
731 1403 956 1474 exponit
979 1404 1246 1469 Salvator,
1289 1405 1605 1460 mmstitiam
1656 1406 1725 1460 ab
1755 1406 1860 1461 illis
1905 1423 2059 1462 amo-

2178 1404 2463 1475 ;ἰσηγεῖται
2497 1404 2611 1475 (22)
2671 1405 2771 1476 μὲν
2808 1407 2922 1468 τοῖς
2981 1403 3249 1475 μαθηταῖς
3281 1406 3310 1458 ὁ
3353 1404 3548 1476 Σωτὴρ
3570 1447 3586 1470 ,
3617 1407 3750 1460 ἀπο-

472 1513 630 1564 vens,
651 1497 922 1568 simulque
949 1512 1140 1552 veram
1161 1500 1226 1554 de
1244 1499 1447 1569 Spiritu
1468 1498 1774 1554 doctrinam
1803 1500 2055 1566 tradens;

477 1589 780 1643 humanum
835 1598 1018 1644 autem
1065 1599 1183 1645 erat
1240 1589 1664 1662 cogitationibus
1719 1605 1834 1645 non
1895 1591 2058 1662 plane

2166 1495 2570 1566 σκευαζόμενός
2597 1513 2656 1549 τε
2701 1494 2882 1550 αὑτῶν
2912 1494 2974 1549 τὺ
3021 1494 3303 1568 ἀθυμοῦν,
3338 1496 3454 1566 ἅμα
3492 1497 3552 1551 δὲ
3582 1498 3677 1552 καὶ
3697 1497 3753 1554 τὺ

2164 1587 2392 1659 Πνεῦμα
2433 1589 2492 1641 ὲν
2527 1586 2760 1658 ἀληθείᾳ.
2812 1586 3106 1657 θεολογῶν,
3145 1588 3434 1659 λογισμοῖς
3465 1589 3513 1644 δ’
3544 1589 3750 1662 ἀνθρώ.

475 1683 628 1753 puris
684 1682 1081 1753 discipulorum
1146 1684 1338 1756 agitari
1392 1693 1606 1740 mentes
1663 1685 1844 1758 (facile
1910 1685 2056 1740 enim

2178 1699 2316 1734 rttvov
2338 1674 2407 1750 ἦν
2435 1679 2554 1749 (25)
2582 1678 2682 1732 οὐκ
2712 1678 2970 1747 εὑαγέσιν
3001 1679 3478 1750 ἁνακυμαίνεσθαι
3503 1680 3598 1734 τὸν
3635 1680 3750 1735 νοῦν

483 1773 672 1827 anima
723 1789 964 1829 mterore
1017 1785 1270 1844 correpta
1335 1775 1445 1831 vim
1486 1775 1772 1846 judicandi
1820 1776 2058 1847 caligine

2178 1769 2268 1824 τῶν
2295 1767 2574 1839 μαθητῶν·
2611 1767 2782 1823 δεινὸν
2812 1768 2922 1840 γὰρ
2946 1770 2979 1840 ή
3019 1769 3166 1839 ψυχὴ
3197 1769 3341 1840 λύπη
3367 1769 3584 1839 (24-25)
3605 1772 3752 1826 κάτο-

475 1865 810 1934 perturbans
853 1866 998 1936 quod
1047 1868 1283 1923 salutare
1340 1876 1425 1924 est
1483 1869 1538 1923 in
1595 1870 1821 1926 noxium
1878 1877 2063 1941 potest

2178 1879 2263 1933 χος
2318 1863 2584 1934 γενομένη
2624 1861 2718 1916 καὶ
2755 1861 2817 1915 τὸ
2852 1863 3136 1934 κριτήριον
3178 1861 3340 1933 ἀχλὺῖ
3382 1863 3750 1917 συναναθολὼ-

477 1955 852 2028 detorquere);
881 1966 1194 2028 propterea,
1225 1972 1295 2015 ne
1327 1959 1594 2030 Spiritum
1627 1959 1766 2016 Filio
1798 1961 2064 2032 majorem

477 2048 881 2104 arbitrarentur
935 2057 1128 2122 utpote
1192 2052 1397 2122 majora
1467 2053 1802 2123 praebentem
1836 2097 1852 2120 ,
1925 2069 2066 2109 neve

482 2139 592 2194 illis
623 2139 734 2194 ulla
780 2142 1040 2212 cogitatio
1079 2143 1394 2198 oboriretur
1435 2145 2064 2201 eonsubstantialitatem

478 2229 687 2285 laedens
716 2233 1194 2304 aequalitatemque
1218 2234 1464 2305 ipsorum
1521 2236 1580 2291 in
1633 2236 2066 2308 inaequalitatem

479 2321 812 2388 distrahens,
838 2331 900 2378 ut
937 2325 1182 2394 optimus
1212 2334 1269 2380 et
1295 2341 1594 2396 corporum
1648 2335 1706 2382 et
1759 2327 2067 2382 animarum

479 2415 751 2481 medicus,
780 2416 1017 2472 salutare
1041 2425 1310 2488 praeparat
1339 2419 1827 2475 medicamentum.

552 2707 644 2762 2⁸7.
665 2706 826 2774 Quod
852 2705 898 2762 si
928 2707 1208 2778 apostolos
1261 2707 1533 2777 ejusmodi
1561 2709 1927 2781 cogitationes
1965 2727 2071 2769 nec

484 2801 749 2856 tenebant
777 2815 881 2855 nec
898 2801 1176 2872 agitabant
1196 2815 1300 2856 nec
1328 2801 1622 2856 turbabant
1654 2802 1905 2874 (fortasse
1921 2807 2072 2860 enim

486 2892 734 2947 sanctius
757 2901 842 2947 est
870 2890 1054 2957 fateri,
1090 2907 1309 2948 sacrum
1343 2889 1497 2948 illum
1523 2905 1726 2951 coetum
1758 2913 1870 2952 non
1897 2898 2073 2953 fuisse

488 2981 805 3052 hujusmodi
853 2979 1165 3038 confusioni
1214 2999 1281 3040 ac.
1305 2985 1720 3043 conturbationi
1749 2989 2069 3057 obnoxium)

486 3081 732 3130 attamen
769 3073 995 3132 malitiae
1043 3076 1301 3132 inventor
1349 3088 1405 3133 et
1452 3079 1648 3136 artifex
1693 3081 1900 3136 bonum
1943 3082 2072 3137 mali

2169 1971 2310 2008 σασα
2351 1953 2463 2024 (26)
2495 1955 2596 2024 τῆς
2627 1951 2933 2024 μεταϐολῆς
2970 1955 3032 2008 τὸ
3058 1955 3328 2026 σωτήριον
3351 1955 3751 2025 ἀντιμεθέλκειν

2168 2043 2249 2108 είς
2301 2044 2363 2098 τὸ
2426 2041 2722 2116 βλαϐερόνο
2753 2042 2843 2098 διὰ
2883 2041 3042 2098 τοῦτο
3089 2043 3166 2109 ὡς
3215 2044 3283 2099 ἂν
3325 2042 3492 2116 μὴτὸ
3536 2047 3753 2118 Πνεῦμα

2171 2137 2358 2208 μεῖζον
2415 2135 2830 2207 παραδέξωνται
2879 2135 2973 2190 τοῦ
3007 2134 3140 2190 Υίοῦ
3164 2177 3180 2199 ,
3239 2135 3338 2190 ἅτε
3375 2133 3437 2208 δὴ
3479 2137 3547 2192 τὰ
3580 2139 3751 2208 μείζω

2169 2230 2588 2302 παρεχόμενον,
2646 2229 2744 2283 καὶ
2805 2227 3067 2299 λογισμὸς
3132 2229 3322 2294 αὑτοῖς
3382 2229 3590 2285 ἐπέλθοι
3652 2231 3752 2304 τὴν

2167 2327 2441 2398 ὀμοφυῖαν
2473 2325 2715 2395 ὑϐρίζων
2744 2325 2840 2380 καὶ
2877 2325 2940 2378 τὸ
2972 2325 3216 2395 ἰσότιμον
3253 2324 3434 2378 αὑτῶν
3465 2325 3540 2388 είς
3576 2325 3748 2378 ἀνισό-

2168 2435 2310 2491 τητα
2354 2420 2638 2482 διασπῶν,
2673 2419 2752 2484 ὡς
2791 2420 3016 2491 ἄριστος
3054 2420 3152 2473 καὶ
3193 2419 3306 2490 (27)
3349 2418 3458 2472 τῶν
3494 2419 3753 2488 σωμάτων

2171 2515 2266 2569 καὶ
2286 2513 2397 2568 τῶν
2424 2513 2614 2584 ψυχῶν
2643 2513 2828 2584 ἰατρὸς
2860 2512 2922 2566 τὸ
2952 2515 3221 2586 σωτήριον
3247 2512 3746 2584 προκαταϐάλλεται

2170 2609 2486 2678 φάρμακον.

2248 2699 2361 2774 [51]
2392 2699 2492 2766 κζ’.
2520 2700 2583 2752 Ei
2609 2698 2668 2753 δέ
2695 2715 2758 2768 γε
2786 2699 2917 2764 τοὺς
2945 2697 3198 2770 μαθητὰς
3229 2698 3305 2769 μὴ
3329 2699 3603 2770 συνεῖχον,
3637 2697 3744 2768 μηδ’

2171 2794 2467 2848 ἀνεσόϐουν
2500 2793 2639 2863 (28),
2706 2791 2844 2864 μηδὲ
2905 2792 3308 2862 συνετάραττον
3363 2790 3478 2862 (29)
3539 2791 3746 2845 τοιοῦτοι

2171 2886 2426 2958 λογισμοὶ
2463 2886 2736 2956 (κρείττω
2765 2884 2875 2956 γὰρ
2904 2884 3004 2955 τῆς
3028 2882 3287 2953 τοιαύτης
3322 2883 3634 2954 συγχύσεως
3660 2884 3746 2938 καὶ

2172 2979 2422 3052 ταραχῆς
2493 2979 2584 3032 τδν
2667 2975 2811 3048 ίερδν
2872 2979 3080 3030 ἐκεῖνον
3154 2976 3315 3046 χορὸν
3375 2977 3748 3045 εὐλαϐέστερον

2179 3070 2313 3136 ἴσως
2340 3070 2452 3142 (50)
2482 3068 2811 3143 ὁμολογεῖν),
2841 3069 2957 3124 ἀλλ’
2983 3065 3077 3124 οῦν
3121 3071 3150 3122 ὁ
3188 3069 3287 3139 τῆς
3311 3068 3506 3131 κακίας
3539 3068 3754 3139 εὑρετὴς

488 3161 675 3230 specie
740 3162 1224 3221 circumvestiendi
1288 3167 1656 3238 peritissimus
1718 3172 1922 3227 multos
1968 3188 2066 3242 po-

2178 3163 2270 3216 mi
2303 3164 2555 3233 τεχνίτης
2592 3163 2654 3216 τὸ
2703 3161 2914 3232 βέλτιον
2962 3163 3028 3232 τῇ
3073 3158 3169 3212 τοῦ
3208 3157 3446 3228 χείρονος
3492 3157 3756 3229 φαντασίᾳ

486 3253 686 3308 tuisset
733 3269 846 3310 suae
894 3254 1102 3312 fraudis
1121 3258 1359 3328 prtedam
1407 3259 1623 3317 efIicere
1652 3261 2076 3334 opinionemque

487 3345 804 3401 Itaareticam
872 3348 1162 3404 animabus
1219 3351 1504 3406 hominum
1569 3353 1848 3422 inserere;
1910 3375 2074 3428 quam

493 3453 606 3492 una
643 3451 770 3493 cum
821 3438 938 3509 ipsa
995 3439 1189 3496 fraude
1234 3441 1548 3514 fraudisque
1579 3445 1790 3501 artifice
1836 3447 2076 3504 confun-

489 3531 631 3586 dens
684 3546 749 3586 ac
803 3531 1079 3603 dissipans
1141 3533 1393 3590 Salvator
1444 3545 1606 3594 acute
1663 3539 1961 3596 admodum
2020 3550 2078 3596 et

489 3623 680 3679 divine
739 3625 961 3695 adjecit,
1017 3628 1186 3698 quod,
1232 3627 1356 3682 Non
1397 3628 1640 3701 loquetur
1693 3649 1725 3685 a
1769 3635 2075 3703 semetipso,

490 3716 584 3770 sed
633 3731 954 3789 quwcunque
997 3717 1250 3786 audierit,
1307 3721 1550 3793 loquetur
1575 3721 1644 3778 ⁸⁸.
1707 3725 1845 3779 Nam
1891 3735 1947 3780 et
2007 3727 2076 3782 de

490 3809 674 3879 seipse
728 3821 890 3866 antea
933 3812 1177 3868 dixerat:
1215 3813 1401 3871 Omnia
1454 3833 1775 3888 quaecunque
1814 3821 1996 3874 audivi
2039 3839 2076 3875 a

491 3902 660 3958 Patre
697 3921 831 3970 meo,
864 3916 989 3960 nota
1027 3907 1125 3976 feci
1152 3907 1295 3961 vobis
1322 3907 1390 3962 ⁸⁸.
1426 3908 1505 3964 Ac
1549 3909 1595 3964 si
1629 3911 1874 3966 diceret:
1916 3911 2078 3967 Uter-

496 4012 607 4066 que
639 4005 888 4053 nostrum
921 4014 988 4053 ex
1022 3998 1183 4056 Patre
1213 3999 1380 4055 habet
1409 4002 1608 4058 docere
1669 4011 1726 4058 et
1764 4002 2076 4062 illuminare

500 4099 713 4146 mentes
750 4100 975 4150 vestras.
1005 4090 1130 4149 Ideo
1159 4103 1215 4150 et
1247 4095 1373 4165 quia
1406 4095 1459 4149 in
1492 4111 1780 4168 progressu
1813 4093 2085 4151 sermonis

499 4182 641 4236 dixit
663 4182 730 4238 de
748 4183 909 4241 Patre
930 4201 1060 4240 suo:
1081 4184 1192 4257 Ego
1226 4196 1276 4241 te
1301 4183 1588 4258 clariﬁcavi
1621 4204 1777 4258 super
1795 4198 1990 4243 terram
2006 4187 2083 4243 ":

496 4270 610 4323 imo
640 4279 696 4323 et
723 4269 882 4324 Pater
917 4271 1111 4325 Filium
1137 4271 1420 4328 clariticat.
1463 4274 1602 4330 Nam
1652 4285 1702 4330 et
1757 4275 2075 4347 clariﬁcavi,

2180 3256 2519 3328 περιϐαλεῖν,
2566 3254 2796 3318 πολλοὺς
2831 3253 2898 3307 ἂν
2931 3253 3058 3324 έσχε
3091 3251 3200 3321 (51)
3239 3253 3341 3323 τῆς
3373 3251 3580 3314 οίκείας
3610 3250 3758 3319 ποιή-

2181 3348 2375 3403 σασθαι
2430 3348 2658 3419 θήραμα
2722 3345 2971 3418 μηχανῆς
3029 3345 3127 3398 καὶ
3179 3342 3339 3408 δόξαν
3391 3341 3761 3412 αἱρετίζουσαν

2177 3447 2546 3516 κατασπεῖραι
2591 3444 2706 3513 (52)
2764 3444 2886 3505 ταῖς
2931 3439 3039 3495 τῶν
3079 3439 3386 3512 ἀνθρώπων
3419 3438 3662 3510 ψυχαῖςο
3703 3437 3765 3506 ἢν

2176 3539 2316 3610 αὐτῇ
2366 3537 2640 3609 καταϐολῇ
2673 3536 2770 3591 καὶ
2803 3535 2957 3605 αὑτῷ
3004 3533 3228 3606 τεχνίτῃ
3275 3529 3662 3602 καταισχύνων
3706 3543 3759 3580 τε

2177 3633 2270 3686 καὶ.
2295 3629 2659 3696 διασκεδάξων
2687 3630 2717 3683 ὁ
2747 3627 2938 3700 Σωτὴρ
2967 3626 3136 3692 ὀξέως
3177 3625 3273 3680 καὶ
3301 3623 3624 3695 θεοπρεπῶς
3648 3621 3757 3672 ἐπι-

2177 3726 2336 3796 φέρει
2389 3722 2564 3794 λέγων
2589 3763 2606 3786 ,
2653 3722 2730 3787 ὡς
2765 3724 2849 3777 Οὐ
2891 3723 3155 3789 λαλήσει
3191 3720 3293 3790 ἀφ’
3337 3717 3576 3784 ἑαυτοῦ,
3622 3707 3752 3770 ἀλλ’

2177 3819 2296 3874 ὅσα
2340 3818 2417 3873 ἂν
2459 3817 2721 3886 ἀκούσῃ,
2755 3817 3019 3886 λαλήσει
3041 3832 3056 3847 ο
3093 3813 3190 3868 καὶ
3223 3812 3334 3884 γὰρ
3362 3814 3458 3866 καὶ
3489 3810 3600 3880 (33)
3637 3805 3757 3877 περὶ

2177 3911 2346 3967 αὑτοῦ
2379 3907 2449 3983 ἦν
2493 3908 2872 3982 προειρηκὼς,
2903 3910 2988 3962 ὅτι
3031 3907 3238 3962 Πάντα
3277 3905 3314 3960 d
3345 3905 3591 3974 ἥκουσα
3617 3896 3764 3968 παρὰ

2178 4004 2285 4060 τοῦ
2321 4003 2553 4073 Πατρός
2588 4020 2732 4072 μου,
2783 3999 3082 4071 ἐγνώρισα
3119 3999 3294 4070 ὑμῖν,
3352 3993 3498 4052 οἷον·
3553 3993 3765 4066 Ἀμφοίν

2177 4097 2314 4167 ἡμῖν
2344 4098 2409 4149 ὲκ
2441 4094 2536 4148 τοῦ
2565 4093 2782 4161 Πατρός
2833 4094 2952 4146 ἐστι
2983 4093 3044 4146 τὸ
3078 4093 3356 4146 διδάσκειν
3389 4091 3484 4144 καὶ
3515 4086 3764 4158 φωτίζειν

2179 4188 2278 4252 τὰς
2307 4185 2549 4250 διανοίας
2579 4185 2759 4257 ⁴ἡμῶν.
2795 4183 2886 4237 Διδ
2916 4184 3009 4237 καὶ
3036 4181 3170 4236 διότι
3201 4180 3406 4250 προῖὼν
3433 4179 3615 4249 ἔφησε
3650 4173 3765 4243 περ).

2180 4277 2274 4330 τοῦ
2306 4276 2551 4350 Πατρδς,
2584 4277 2666 4330 ὅτι
2717 4275 2865 4346 Ἐγώ
2913 4290 2988 4328 σε
3039 4272 3310 4338 ἐδόξασα
3337 4271 3434 4326 ἐπί
3471 4267 3591 4338 τῆς
3636 4265 3764 4337 γῆς’

493 4361 692 4430 inquit,
712 4367 760 4415 et
780 4363 970 4426 iterum
988 4363 1291 4434 clariﬁcabo
1321 4365 1402 4430 aa;
1436 4382 1584 4422 nunc
1596 4383 1727 4423 vero
1744 4377 1799 4424 et
1815 4369 2066 4440 Spiritum

2182 4374 2322 4428 ἀλλὰ
2354 4375 2449 4428 καὶ
2488 4373 2516 4426 ὁ
2547 4371 2736 4444 Πατὴρ
2773 4371 2988 4437 δοξάζει
3032 4370 3126 4424 τὸν
3170 4370 3301 4423 Υίόν
3325 4385 3340 4400 ο
3377 4366 3475 4422 καί
3501 4365 3768 4430 ἐδόξασα

494 4453 760 4508 clnrificat
794 4453 965 4510 Filius
1000 4470 1098 4526 per
1133 4456 1423 4527 przedictas
1469 4457 1732 4513 sublimes
1757 4459 2066 4531 divinasqut

2184 4466 2293 4536 γὰρ
2313 4505 2329 4528 ,
2369 4463 2472 4536 ἔφη
2494 4504 2509 4526 ,
2541 4462 2640 4518 καὶ
2673 4461 2916 4525 δοξάσω
2936 4478 2950 4492 ο
2979 4461 3095 4514 νυνὶ
3127 4460 3184 4513 δὲ
3212 4459 3310 4512 καὶ
3342 4457 3402 4511 τὸ
3434 4456 3670 4526 Πνεῦμα
3693 4453 3770 4506 δο-

491 4565 658 4605 voces
691 4569 705 4605 :
740 4550 864 4606 ideo
892 4551 1055 4621 paulo
1089 4562 1212 4622 post
1240 4553 1462 4608 subdit:
1494 4549 1594 4608 Ille
1625 4571 1705 4608 me
1737 4553 2066 4623 clari/Stabit,

2186 4555 2338 4620 ξάζει
2367 4555 2396 4606 ὁ
2433 4554 2564 4619 Υἱὸς
2599 4553 2688 4607 διὰ
2722 4553 2835 4606 τῶν
2864 4551 3282 4626 προειρημένων
3311 4547 3542 4620 ὑψηλῶν
3583 4563 3644 4600 τε
3682 4544 3770 4598 καὶ

494 4643 701 4713 ubique
723 4646 1348 4701 consubstantialita'tem
1388 4654 1703 4717 naturaeque
1732 4647 2066 4703 identitatem

2183 4645 2507 4718 θεοπρεπῶν
2538 4645 2765 4715 φωνῶν
2805 4644 2892 4698 διὰ
2920 4642 3081 4696 τοῦτο
3110 4641 3227 4712 μετ’
3248 4640 3430 4707 ὀλίγον
3470 4638 3731 4707 ἐπιφέρει
3750 4673 3766 4698 ,

493 4748 557 4787 ac
585 4734 866 4806 dignitatis
903 4737 1271 4807 aequalitatem
1315 4738 1576 4793 inviolata
1611 4754 1860 4794 servans.
1903 4741 1983 4795 Ae
2027 4742 2066 4796 si

2179 4741 2261 4796 ὅτι
2319 4739 2578 4806 Ἐκεῖνος
2614 4737 2721 4808 ἐμὲ
2753 4735 3024 4800 δοξάσει,
3064 4733 3343 4803 πανταχοῦ
3372 4733 3435 4785 τὸ
3480 4729 3770 4802 ὁμοοὺσιον

494 4825 618 4894 quis
649 4827 822 4882 dicat:
854 4827 1162 4885 Commune
1195 4839 1281 4886 est
1329 4831 1847 4901 supersubstantiali
1877 4848 1944 4888 ac
1974 4847 2070 4887 su-

2180 4835 2276 4888 κα).
2319 4830 2561 4904 ὁμοφυὲς
2599 4831 2695 4886 καὶ
2743 4829 2807 4884 τὸ
2837 4829 2941 4900 τῆς
2977 4827 3269 4900 ὁμοτιμίας
3293 4825 3517 4896 ἀξίωμα
3557 4822 3772 4894 ἀκήρα-

568 4964 615 4996 ⁸³
646 4963 806 5020 Joan.
837 4983 928 5034 xv,
962 4969 1050 5024 15.
1127 4971 1172 5001 ³³
1203 4966 1338 5023 ibid.
1415 4967 1460 4999 ’τ
1487 4965 1649 5022 Joan.
1683 4985 1820 5051 3v",
1871 4969 1924 5024 4.
1999 4969 2047 5003 ⁸⁸

2178 4986 2267 5026 an.
2296 4985 2394 5036 χιι,
2435 4967 2528 5024 28.

1581 5123 1817 5180 ἾΑΒΙΕ
1853 5122 2240 5182 LECTIONES
2272 5126 2360 5181 ET
2389 5122 2625 5181 ΝΟΤᾹΞ.

569 5265 682 5340 (19)
722 5262 842 5340 ροι.
868 5282 925 5340 p.
956 5267 1057 5340 281
1087 5283 1102 5322 :
1134 5270 1509 5340 ἀπεκάλυψας.

567 5334 682 5408 (20)
723 5334 1072 5408 Μοῐιζὺμᾶς.

569 5406 691 5489 (21).
725 5406 1039 5489 ﬂuensque
1064 5410 1408 5489 ratiocinatio
1457 5412 1718 5482 apostolis
1787 5413 2073 5489 attributa,

496 5477 863 5551 quaPhotius
887 5477 1111 5549 prOpius
1144 5481 1211 5535 ad
1251 5477 1526 5537 intentum
1557 5497 1717 5537 suum
1742 5484 1976 5538 accedit.

567 5549 682 5618 (22)
719 5547 870 5620 Μοη.
890 5547 1218 5620 ἀφηγείται.

526 5621 678 5743 ὒς25)
718 5617 865 5675 Μοη.
921 5617 1142 5692 λογισμ.
1192 5621 1248 5674 δὲ
1299 5622 1610 5694 ἀνθρώποις
1653 5622 1846 5697 (ἀνοις)
1887 5625 1956 5698 ἣν
1978 5624 2079 5677 οὑκ

561 5707 655 5743 αγ.

496 5707 655 5756 ευαγ.

496 5759 784 5885 "Agit-25)
822 5761 940 5819 Col.
965 5761 1142 5817 δεινὸν
1195 5762 1304 5836 γὰρ
1357 5765 1407 5818 εἰ
1461 5763 1522 5834 φ.
1551 5766 1600 5822 λ.
1633 5765 1777 5838 λύπῃ
1819 5767 1974 5823 deest
2024 5768 2077 5818 in

2249 5269 2362 5342 (26)
2396 5268 2552 5342 Mo_n._
2583 5265 2987 5342 GUVO‘OXCEJFCIGG.

2251 5337 2365 5408 (27)
2401 5338 2494 5392 καί
2511 5339 2678 5408 deest
2707 5337 2762 5391 in
2790 5337 2933 5408 Mon.

2248 5399 2362 5481 (28)
2391 5410 2481 5464 Sic
2509 5407 2720 5462 Monac.
2783 5407 2822 5460 ι.
2859 5407 2964 5461 455
3011 5405 3084 5472 b;
3123 5403 3246 5459 Vat.
3272 5401 3315 5457 ι.
3355 5402 3458 5458 I99
3511 5400 3548 5456 b
3586 5417 3602 5455 :
3643 5399 3768 5471 μηδ’

2176 5480 2242 5536 ἂν
2260 5480 2263 5481 ⁷
2282 5481 2526 5535 ἐσύνουν.

2251 5551 2364 5622 (29)
2397 5549 2544 5622 Men.
2581 5547 3061 5622 συνεταράττοντο.

2252 5619 2369 5693 (50)
2407 5620 2528 5693 liion
2539 5658 2553 5672 .
2593 5619 2725 5681 ῐσος.

2265 5684 2379 5761 (51)
2415 5690 2564 5761 Mon.
2598 5687 2936 5761 περιϐαλὼν,
2965 5686 3193 5749 πολλοὺς
3223 5684 3369 5756 ἔσχε.

2262 5759 2374 5831 (52)
2413 5759 2557 5814 Μοη.
2589 5759 2999 5831 κατασπείρειν.

2262 5827 2373 5893 (55)
2405 5831 2648 5885 Alterum
2682 5829 2775 5884 καί
2809 5827 2963 5886 deest
2992 5830 3044 5884 in
3076 5827 3220 5882 Men.
