3886 6442
463 329 569 396 311

1607 337 1870 398 PHOTII
1909 335 2418 397 PATRIARCH/E
2457 335 2568 396 CPo

3617 341 3716 408 312

465 447 612 510 illam
647 446 898 502 revelans
938 455 993 502 et
1034 447 1366 504 conﬁrmans
1413 447 1529 504 ait:
1583 447 1871 521 Propterea
1924 448 2036 502 dixi

2149 444 2320 516 αὐτὴν
2377 443 2622 500 διάνοιαν
2678 444 3042 500 ἀναπτύσσων
3072 447 3327 519 προάγει,
3360 449 3474 503 ἀλλ’
3522 450 3600 505 ἔτι
3633 471 3714 508 τε-

464 541 594 611 quia
650 541 714 594 de
745 557 859 594 meo
911 541 1153 610 accipiet,
1193 539 1455 611 quoniam
1509 541 1565 595 in
1613 540 1775 598 Patre
1822 541 2046 612 quidem

464 639 594 686 sunt
636 647 777 695 mea,
811 631 1046 701 Spiritus
1075 643 1257 688 autem
1313 649 1382 688 ex
1438 631 1598 688 Pat-rc
1649 633 1870 704 accipit;
1923 648 2048 702 quae

467 724 620 779 enim
650 734 781 779 sunt
824 725 1002 780 Patris
1049 740 1171 780 mea
1201 736 1331 780 sunt
1364 744 1379 792 ;
1433 733 1494 780 ut
1548 726 1622 780 ita
1649 727 2045 797 propemodum

467 814 707 870 clamare
739 815 1025 871 videatur:
1059 815 1290 882 Quando
1345 817 1468 872 dico
1497 818 1560 872 de
1587 834 1719 884 meo,
1764 817 1830 872 ad
1860 833 2044 872 meum

467 906 704 972 Patrem,
735 923 843 962 non
873 923 1004 963 vero
1033 909 1099 963 ad
1125 909 1292 962 alium
1317 919 1527 964 vestras
1549 909 1900 981 cogitationes
1922 925 2045 964 ver-

468 1008 585 1054 tere
612 1010 667 1054 et
697 1009 1020 1054 convertere
1045 1000 1279 1057 debetis.
1304 998 1522 1055 Nullum
1549 1002 1693 1056 enim
1719 1010 2044 1071 praetextum

465 1091 661 1160 reliqui
702 1091 878 1159 vobis,
923 1109 1085 1162 quem
1142 1109 1251 1147 non
1282 1093 1624 1158 ‘resciderim,
1662 1109 1732 1148 ne
1776 1091 1845 1146 ad
1897 1091 2044 1146 aliud

464 1183 743 1254 quidpiam
789 1184 1268 1256 imaginationibus
1336 1184 1706 1255 abripiamini,
1736 1185 2041 1255 praesertim

463 1289 589 1331 cum
637 1275 750 1344 jam
806 1285 933 1330 ante
985 1277 1313 1332 asseruerim
1373 1276 1570 1342 vobis,
1638 1275 1785 1346 quod
1854 1275 2036 1329 omnia

463 1382 786 1436 quwcunque
806 1367 963 1422 habet
983 1370 1170 1437 Pater,
1206 1387 1320 1425 mea
1353 1381 1497 1424 sum.

529 1640 620 1698 50.
638 1641 780 1708 Quid
795 1642 1032 1696 lucidius
1050 1641 1134 1696 his
1151 1642 1456 1710 purissimis
1481 1643 1741 1713 eloquiis?
1760 1641 1898 1708 Quid
1925 1641 2044 1697 cla-

460 1731 580 1788 rius
609 1732 679 1787 ad
711 1733 1112 1787 ostendendum
1150 1734 1309 1788 verba
1353 1735 1439 1788 illa
1466 1734 1544 1789 De
1579 1752 1692 1790 meo
1719 1735 1940 1804 accipiet
1970 1735 2036 1788 ad

459 1823 643 1880 Patris
666 1839 959 1895 personam
986 1838 1090 1878 nos
1135 1826 1507 1881 transmittere
1551 1835 1606 1882 et
1648 1828 1712 1880 ad
1746 1843 1864 1881 eam
1915 1843 2036 1881 esse

458 1917 789 1983 revocanda,
845 1925 1008 1988 atque
1068 1916 1330 1987 Spiritum
1390 1934 1420 1972 a
1465 1916 1643 1983 Patre,
1703 1925 1962 1990 tauquam
2008 1935 2037 1972 a

458 2024 624 2065 causa
675 2009 948 2064 donorum
1013 2009 1388 2081 operationem
1434 2010 1792 2082 accipientem
1841 2013 2039 2082 praedi-

457 2103 623 2158 cari?
663 2103 963 2167 Donorum,
1007 2104 1249 2173 inquam,
1280 2102 1520 2168 illorum,
1562 2104 1764 2174 quibus
1792 2104 2038 2174 discipu-

455 2191 541 2248 los
563 2192 960 2258 corroborabit,
1011 2203 1070 2246 ut
1112 2191 1424 2246 futurorum
1476 2193 1849 2264 cognitionem
1905 2209 2042 2248 con-

455 2283 625 2340 stanti
644 2283 910 2352 ﬁrmoque
942 2283 1119 2338 ferant
1144 2287 1351 2350 animo,
1389 2299 1682 2355 rerumque
1712 2301 2036 2342 arcanarum

453 2383 619 2445 atque
654 2375 1059 2430 reconditarum
1095 2375 1232 2429 citra
1262 2375 1426 2429 ullam
1457 2375 1834 2431 difficultatem
1899 2393 2030 2433 con-

452 2469 760 2521 stituantur
788 2475 1128 2536 spectatores
1157 2482 1220 2522 ac
1249 2467 1759 2536 speculatores,imo
1779 2480 1834 2524 et
1853 2485 2039 2539 super-

452 2559 788 2614 naturalium
820 2559 1192 2631 prodigiorum
1235 2570 1543 2630 patratores
1569 2571 1625 2616 et
1669 2562 1914 2632 opiﬁces.
1951 2563 2035 2616 An

453 2664 568 2704 non
605 2664 735 2720 ergo
768 2650 1133 2720 undequaquc
1158 2651 1257 2705 tibi
1289 2652 1523 2722 quilibet
1551 2652 1721 2722 impie
1759 2653 2034 2708 sentiendi

453 2749 755 2810 praetextus
809 2751 1059 2797 resectus
1149 2744 1276 2797 est?
1337 2743 1601 2798 Adhucue
1651 2744 1880 2800 audebis
1940 2761 2034 2800 ca-

453 2835 692 2890 lumnias
719 2846 882 2904 atque
912 2835 1196 2890 mendacia
1228 2835 1492 2891 adversus
1545 2837 1832 2892 veritatem
1883 2853 2034 2891 com-

454 2925 674 2981 minisci
701 2936 796 2980 aut
829 2926 982 2980 dolos
1016 2926 1280 2981 adversus
1305 2927 1537 2982 salutem
1562 2936 1711 2980 tuam
1731 2929 2037 2982 consuere?

527 3016 617 3072 51.
674 3016 786 3088 Ego
837 3032 970 3072 sane
1024 3033 1096 3072 ne
1125 3018 1385 3088 deinceps
1430 3018 1652 3088 quidem
1717 3019 1797 3072 tui
1844 3035 2032 3073 curam

2148 535 2422 608 λειότερον
2445 535 2615 606 αὐτὴν
2644 535 2757 608 (54)
2789 536 3189 591 ἀνακαλύπτων
3217 541 3314 593 καὶ
3339 541 3714 612 βεϐαιούμενος

2147 629 2316 699 λέγει’
2347 631 2451 686 Διά
2473 631 2650 687 τοῦτο
2674 629 2866 697 εἷπον,
2893 633 2984 686 ὅτι
3009 636 3078 687 ὲκ
3102 633 3210 688 τοῦ
3233 635 3377 704 ἐμοῦ
3397 639 3675 706 λαμϐάνει
3697 659 3710 674 ·

2147 721 2281 775 διότι
2319 725 2378 776 ἐν
2432 723 2511 794 τῷ
2566 725 2738 793 Πατρὶ
2790 724 2890 794 μὲν
2948 725 3062 796 (55)
3121 725 3239 780 ἔστι
3279 727 3348 780 τὰ
3384 729 3529 796 ἐμά’
3567 731 3627 784 τὸ
3662 733 3714 788 δὲ

2148 813 2374 882 Πνεῦμα
2424 816 2488 868 ἐκ
2527 813 2620 868 τοῦ
2654 816 2868 886 Πατρδς
2909 815 3214 885 λαμϐάνει·
3265 822 3362 872 καὶ
3395 820 3501 890 γὰρ
3532 824 3600 875 τὰ
3628 823 3714 878 τοῦ

2089 929 2092 935 ι
2149 906 2362 978 Πατρδς
2396 907 2507 976 ἐμά
2532 907 2680 960 ἐστιν
2705 922 2718 935 ·
2747 905 2887 960 ὥστε
2919 908 3081 978 μόνον
3109 909 3233 979 οὐχὶ
3257 909 3357 982 βοᾷ
3386 911 3522 983 (56)·
3549 913 3715 968 Ὅταν

2147 999 2291 1066 λέγω
2338 998 2446 1052 τοῦ
2496 998 2644 1068 ἐμοῦ
2689 997 2828 1069 (57),
2879 1000 3018 1071 πρὸς
3065 1001 3156 1054 τὸν
3191 1002 3324 1072 ἐμὸν
3359 1004 3580 1075 Πατέρα
3618 1008 3716 1079 χρὴ

2146 1093 2274 1155 τοὺς
2302 1091 2599 1160 λογισμοὺς
2630 1089 2747 1164 [54]
2793 1091 2949 1160 ὑμῶν
2994 1093 3292 1162 ἀναφέρειν
3341 1093 3436 1146 καὶ
3483 1097 3559 1165 μὴ
3590 1099 3718 1166 πρὸς

2147 1184 2335 1254 ἓτερον
2379 1182 2805 1254 ἐπιστρέφεσθαι
2845 1183 2982 1254 (58).
3012 1183 3146 1237 Οὐδὲ
3173 1185 3282 1256 γὰρ
3323 1183 3435 1254 (59)
3467 1186 3716 1256 οὐδεμίαν

2147 1275 2422 1346 πρόφασιν
2457 1275 2584 1344 ὑμῖν
2633 1275 3036 1345 ὑπελειπόμην,
3071 1276 3138 1347 ἢν
3169 1276 3231 1329 οὐ
3259 1275 3554 1346 περιεῖλον,
3590 1277 3716 1346 πρὸς

2146 1364 2336 1436 ἕτερόν
2381 1383 2436 1418 τι
2487 1368 2610 1430 ταῖς
2653 1369 2978 1434 φαντασίαις
3029 1367 3433 1439 ὑποσύρεσθαι,
3489 1369 3715 1436 μάλιστα

2146 1458 2282 1511 διότι
2305 1457 2399 1512 καὶ
2421 1458 2831 1530 προδιειλέχθην
2845 1458 2957 1528 (60)
2982 1459 3012 1512 ὑ
3021 1461 3134 1530 μίν,
3153 1459 3235 1513 ὄτι
3255 1458 3452 1514 πάντα
3473 1459 3592 1514 ὅσα
3612 1460 3713 1533 (61)

2147 1550 2271 1619 ἔχει
2301 1553 2334 1603 ὀ
2359 1551 2562 1618 Πατὴρ
2580 1592 2594 1616 ,
2621 1551 2734 1621 ἐμά
2755 1552 2945 1605 ἐστιν.

2217 1641 2288 1695 λ’.
2321 1641 2386 1694 Τί
2410 1641 2517 1695 τῶν
2542 1641 2829 1713 ὰχράντων
2855 1641 3065 1696 τούτων
3081 1642 3281 1710 λογίων
3306 1642 3710 1715 λαμπρότερον;

2146 1734 2198 1786 τί
2227 1733 2284 1787 δὲ
2318 1734 2670 1802 παραστῆσαι
2693 1731 3066 1804 οαφέστερονς
3098 1734 3181 1786 ὅτι
3217 1734 3280 1786 τὸ
3307 1733 3446 1808 (62),
3479 1733 3584 1787 Ἐκ
3618 1734 3712 1788 τοῦ

2141 1825 2288 1894 ἐμοῦ
2315 1825 2577 1894 λήψεται
2610 1823 2744 1895 (65),
2777 1826 2914 1894 πρὸς
2957 1825 3019 1878 τὸ
3053 1824 3328 1895 Πατρικδν
3360 1824 3713 1895 παραπέμπει

2141 1919 2437 1989 πρόσωπον
2467 1917 2561 1971 καὶ
2582 1917 2658 1981 ὡς
2694 1918 2792 1987 τὴν
2824 1916 2934 1970 τῶν
2963 1919 3321 1988 χαρισμάτων
3343 1915 3627 1987 ἐνέργειαν
3646 1917 3714 1980 ὡς

2140 2010 2318 2063 αίτίου
2375 2009 2528 2083 παρὰ
2565 2009 2660 2062 τοῦ
2709 2009 2922 2078 Πατρδς
2978 2009 3337 2079 ίερολογεῖται
3386 2009 3447 2062 τὸ
3500 2009 3713 2080 Πνεῦμα

2139 2102 2460 2174 λαμϐάνειν,
2503 2102 2613 2155 τῶν
2646 2104 3002 2173 χαρισμάτων
3035 2101 3285 2165 ἐκείνων,
3333 2096 3414 2164 οἷς
3446 2103 3711 2172 ἐνισχύσει

2138 2199 2266 2260 τοὺς
2295 2196 2546 2267 μαθητὰς
2571 2196 2681 2248 τῶν
2709 2195 3021 2266 ἐρχομένων
3052 2194 3150 2262 μὲν
3174 2193 3275 2264 τὴν
3301 2193 3586 2261 ἐπίγνωσιν
3617 2193 3709 2245 σὺν

2140 2290 2394 2343 εὐσταθεϊ
2429 2290 2524 2342 καὶ
2560 2288 2955 2359 άπεριτρέπτῳ
3004 2285 3118 2358 (61)
3157 2287 3460 2357 φρονήματι
3501 2285 3701 2356 φέρειν,

2139 2381 2502 2437 καθίστασθαι
2530 2380 2586 2433 δὲ
2619 2379 2717 2433 καὶ
2746 2378 2854 2432 τῶν
2881 2378 3130 2432 ἀθεάτων
3163 2377 3434 2446 μηδεμιᾶς
3476 2393 3709 2446 παρακο-

2138 2473 2434 2544 λουθούσης
2461 2473 2782 2544 δυσχερείας
2823 2471 3023 2533 θεατὰς
3077 2470 3176 2524 καὶ
3204 2471 3268 2542 δὴ
3303 2472 3396 2524 καὶ
3443 2469 3554 2523 τῶν
3585 2472 3713 2540 ὑπὲρ

2138 2566 2296 2635 λόγον
2322 2565 2500 2636 ἔργων
2541 2563 2656 2635 (65)
2678 2561 3071 2634 δημιουργούς.
3117 2557 3245 2633 'Ap’
3274 2561 3334 2614 οὺ
3370 2559 3481 2630 (66)
3516 2577 3709 2614 παντα-

2139 2656 2298 2729 χόθεν
2353 2675 2434 2710 σοι
2479 2658 2630 2709 πᾶσα
2677 2654 2952 2726 πρόφασις
2984 2652 3244 2716 ἀσεϐείας
3287 2653 3704 2721 περικέκοπταις

2137 2745 2264 2822 Ἆρ’
2290 2749 2370 2802 ἐτι
2398 2748 2694 2819 τολμήσεις
2725 2745 3092 2814 συκοφαντίας
3117 2744 3210 2797 κα)⁵
3232 2743 3406 2814 ψεύδη
3444 2744 3562 2814 (67)
3585 2743 3710 2797 κατὰ

2136 2841 2239 2910 τῆς
2276 2839 2532 2909 ἀληθείας
2564 2840 2802 2891 ἐπινοεῖν
2841 2838 2875 2910 ἢ
2909 2836 3048 2891 κατὰ
3081 2840 3180 2908 τῆς
3211 2835 3408 2890 ἑαυτοῦ
3443 2837 3705 2908 μηχανορο

2139 2935 2332 3004 ῥαφεῖν
2365 2931 2642 3002 σωτηρίας
2673 2929 2786 2999 (68)
2818 2946 2832 2994 ;

2209 3021 2323 3097 [55]
2362 3023 2464 3076 λα’.
2509 3020 2662 3094 [κα’.]
2697 3022 2914 3089 Ἔγωγε
2968 3017 3061 3074 οῦν
3090 3019 3203 3090 (69)
3237 3019 3360 3073 οὐδὲ
3406 3018 3506 3074 τοῦ
3542 3016 3712 3097 λοιποῦ

455 3109 734 3180 abjiciam,
757 3118 817 3164 ut
843 3109 888 3164 si
923 3109 1244 3164 insanabilis
1275 3111 1372 3175 sis,
1403 3125 1628 3180 arguam
1658 3119 1714 3166 et
1741 3111 2031 3180 corripiant

2149 3093 2527 3186 ςε-φροντίδος
2563 3093 2670 3180 ego;
2711 3113 2922 3181 σταίην,
2956 3114 3005 3165 εί
3044 3112 3144 3183 μὲν
3173 3112 3412 3173 ἀνιάτως
3433 3109 3586 3180 εχεις
3617 3093 3717 3179 (70)

455 3210 621 3271 teque
678 3201 830 3255 humi
888 3201 1162 3272 iacentem
1196 3201 1375 3256 adhuc
1399 3203 1724 3271 percutiam,
1758 3203 1807 3257 si
1848 3211 2032 3257 autem

2149 3209 2236 3264 ιια).
2280 3208 2525 3278 ἐλέγχειν
2555 3206 2652 3260 καὶ
2682 3206 2944 3277 ἐπιτιμᾷν
2994 3205 3090 3258 καὶ
3141 3205 3295 3258 κάτω
3341 3203 3597 3272 κείμενον
3643 3201 3721 3254 ἔτι

455 3293 638 3348 sanari
685 3302 863 3362 potes,
895 3294 1226 3350 medicinam
1284 3294 1378 3349 tibi
1431 3296 1715 3364 propinem
1793 3311 1860 3350 ex
1913 3296 2035 3366 ipso

454 3385 705 3442 veritatis
732 3387 930 3458 poculo
963 3396 1019 3442 et
1051 3387 1334 3441 lenitivam
1363 3387 1567 3443 doloris
1597 3397 1651 3443 et
1683 3389 1858 3444 morbi
1899 3405 2036 3459 pur-

454 3481 715 3552 gativam.
758 3477 812 3533 Si
849 3481 996 3535 enim
1024 3480 1078 3550 (o
1117 3495 1358 3550 quonam
1393 3490 1446 3535 te
1478 3481 1602 3552 quis
1631 3481 1858 3536 nomine
1880 3497 2035 3536 com-

457 3571 682 3643 pellet?)
733 3570 971 3642 Spiritus
1023 3587 1054 3628 e
1105 3571 1268 3627 Patre
1317 3574 1602 3643 processio
1638 3581 1724 3628 est
1765 3573 2033 3644 perfecta,

455 3665 698 3735 perfecta
751 3677 935 3720 autem
982 3666 1240 3736 quoniam
1290 3665 1436 3720 Deus
1480 3651 1758 3737 perfectus
1805 3683 1873 3723 ex
1919 3667 2036 3724 Deo

455 3758 720 3827 perfecto,
740 3758 1000 3828 quidnam
1028 3757 1132 3813 ista
1162 3774 1193 3813 e
1219 3757 1360 3812 Filio
1386 3760 1665 3829 processio
1697 3760 2035 3816 contulerit?

454 3847 510 3903 Si
543 3849 690 3903 enim
718 3849 850 3918 quid
875 3850 1131 3915 contulit,
1158 3850 1290 3905 illud
1312 3867 1530 3922 quoque
1552 3852 1845 3908 ostendere
1876 3869 2034 3924 opor-

459 3940 599 3995 tebit
620 3941 768 4009 quod
793 3943 1062 4005 contulit;
1101 3942 1247 4010 quod
1294 3943 1338 3997 si
1378 3953 1578 4012 prazter
1625 3944 1870 3999 divinam
1903 3946 2032 4017 Spi-

455 4035 591 4090 ritus
627 4033 945 4104 bypostasin
981 4034 1057 4088 uil
1084 4035 1230 4090 aliud
1253 4043 1434 4105 potest
1462 4045 1556 4090 aut
1595 4047 1781 4092 mente
1811 4039 2030 4109 concipi

2140 3299 2376 3372 βάλλειν,
2412 3299 2462 3352 εί
2487 3297 2544 3350 δὲ
2581 3297 2694 3368 (71)
2734 3297 2872 3367 πρὸς
2914 3295 3213 3366 θεραπείαν
3243 3295 3398 3366 ὁρᾷς,
3426 3293 3723 3365 φάρμακόν

2141 3410 2222 3446 σοι
2255 3391 2554 3461 προσάγειν
2600 3391 2664 3443 ἐκ
2691 3386 2786 3442 τοῦ
2816 3386 2981 3441 αὐτοῦ
3027 3386 3306 3457 κρατῆρος
3333 3384 3434 3454 τῆς
3463 3382 3724 3454 ἀληθείας
3795 3381 3801 3388 ’

2140 3481 2477 3536 άκεσώδυνόν
2516 3497 2575 3533 τε
2610 3480 2706 3532 καὶ
2734 3476 3108 3548 καθαρτήριον
3155 3478 3255 3544 τῆς
3302 3475 3483 3527 νόσου.
3521 3472 3587 3526 Et
3617 3474 3720 3542 γὰρ

2145 3568 2211 3643 (ὦ
2243 3574 2296 3626 τί
2329 3573 2396 3627 ἄν
2434 3571 2492 3626 σέ
2507 3571 2620 3646 (72)
2653 3588 2734 3634 τις
2766 3569 2878 3637 (75)
2909 3566 3261 3639 προσείποιζ;)
3292 3565 3389 3618 τοῦ
3407 3565 3718 3634 Πνεῦματος

2143 3668 2176 3739 ή
2205 3666 2531 3737 ἐκπόρευσις
2555 3665 2590 3736 ἠ
2615 3665 2678 3716 ὲκ
2704 3661 2798 3716 τοῦ
2830 3661 3045 3733 Πατρδς
3073 3659 3274 3721 τελεία,
3319 3657 3506 3710 τελεία
3539 3655 3640 3725 (74)
3659 3653 3714 3705 δὲ

2140 3760 2223 3812 ὃτι
2265 3756 2398 3820 Θεὸς
2431 3755 2637 3818 τέλειος
2673 3755 2738 3806 ἐκ
2779 3752 2914 3806 Θεοῦ
2957 3750 3187 3813 τελείου,
3227 3750 3282 3803 τί
3328 3749 3450 3801 ποτ’
3501 3747 3568 3800 ἂν
3592 3747 3624 3815 ή
3651 3745 3710 3796 ἐκ

2139 3851 2233 3904 τοῦ
2283 3847 2414 3902 Υἱοῦ
2447 3847 2831 3917 συνεισενέγκῃ
2857 3843 2993 3916 (75);
3047 3844 3095 3896 εί
3142 3842 3241 3913 μὲν
3270 3839 3380 3913 γάρ
3427 3857 3480 3893 τι
3522 3853 3716 3892 συνεισ-

2141 3948 2392 4016 ήνεγκεν,
2426 3945 2598 3997 εἰπεῖν
2628 3941 2807 4013 δεήσει
2839 3940 2951 4011 (76)
2989 3939 3088 3993 καὶ
3123 3939 3152 3992 δ
3194 3938 3551 4008 συνήνεγκεν·
3585 3935 3632 3988 εί
3669 3932 3723 3986 δέ

2140 4037 2295 4108 παρὰ
2337 4036 2438 4105 τὴν
2485 4033 2674 4106 θεῖκὴν
2713 4031 2809 4086 τοῦ
2854 4031 3172 4102 Πνεύματος
3217 4029 3531 4084 ὑπόστασιν
3583 4027 3729 4081 οὐδὲν

1555 4225 1789 4282 ῩΑΙῖῐιΕ
1828 4224 2216 4283 LECTIONES
2249 4226 2338 4282 ΕΤ
2365 4225 2599 4283 NOTAE.

527 4383 642 4451 (54)
680 4381 830 4438 Mon.
865 4401 915 4438 τ.
947 4383 1108 4436 αὐτὰ.

547 4455 639 4525 55)
660 4454 778 4508 Μέν
799 4453 952 4508 deest
982 4454 1038 4507 in
1065 4453 1213 4525 Mon.
1247 4453 1364 4510 Col.
1396 4470 1520 4523 μου.

547 4523 638 4591 56)
673 4525 816 4580 Mon.
851 4526 1134 4594 μονονουχὶ
1166 4523 1314 4594 βοᾷς.

528 4592 642 4666 (57)
680 4596 825 4651 Μοιι.
855 4592 1006 4663 λέγει
1036 4592 1192 4649 τοῦτο
1224 4592 1318 4649 τοῦ
1348 4611 1446 4666 πρ.
1486 4592 1604 4650 Col.
1644 4610 1701 4665 p.
1732 4594 1860 4662 285,
1887 4594 2031 4664 λέγω

450 4670 515 4723 ἐκ
541 4669 634 4723 τοῦ
672 4667 829 4723 ἐμοῦ.

523 4739 634 4811 (58)
674 4734 836 4811 [Iugo
863 4734 1211 4811 _Etlte_t_'_ianus
1255 4737 1308 4811 l._
1345 4752 1394 4811 ο.
1435 4753 1456 4811 _:
1512 4734 1804 4811 «Planius
1848 4744 2032 4811 autem

451 4805 726 4876 reserans,
749 4805 877 4877 quid
910 4807 980 4861 sit
1009 4807 1138 4860 illud
1167 4807 1312 4877 quod
1339 4807 1476 4860 dixit
1500 4824 1512 4860 :
1545 4805 1620 4877 De
1645 4823 1757 4877 meo
1789 4808 2029 4877 accipiet,

452 4881 713 4935 continuo
751 4876 1032 4949 subiungit
1063 4896 1074 4931 :
1109 4876 1300 4933 Omnia
1340 4892 1456 4948 quae
1494 4876 1648 4949 habet
1691 4876 1874 4940 Pater,
1907 4876 2032 4949 '_mea

452 4960 595 5003 sunt.
644 4950 825 5015 Quare
857 4946 990 5019 mea
1041 4951 1318 5019 accipiens
1353 4946 1419 5002 de
1457 4962 1580 5001 meo
1611 4946 1769 5001 Patre
1811 4947 2029 5019 accipit,

451 5027 509 5073 et
553 5020 675 5074 ideo
713 5020 895 5073 dixit:
927 5017 1064 5082 Quia
1106 5017 1177 5074 de
1192 5035 1305 5074 meo
1329 5019 1570 5086 accipiet,
1614 5019 1741 5088 quia
1776 5019 1832 5070 in
1872 5018 2034 5073 Patre

450 5099 572 5143 sunt
617 5106 760 5158 mea.
797 5089 1034 5158 Spiritus
1089 5100 1272 5145 autem
1313 5091 1380 5144 de
1418 5089 1580 5143 Patre
1627 5089 1860 5158 accipit;
1906 5104 2031 5142 nam

448 5174 574 5229 qua:
623 5155 799 5215 Patris
839 5155 997 5226 sunt,
1048 5176 1166 5215 mea
1194 5167 1345 5216 sunt.
1376 5159 1557 5225 Quare
1591 5173 1716 5212 cum
1746 5155 1878 5213 dicit
1911 5178 1923 5213 :
1970 5161 2034 5212 de

451 5246 586 5298 meo,
628 5231 697 5286 ad
728 5229 945 5302 Patrem
999 5240 1214 5300 oportet
1268 5231 1634 5285 intentionem
1687 5230 1940 5302 dirigere,
1979 5238 2034 5284 et

451 5315 561 5356 non
594 5302 662 5356 ad
694 5301 858 5355 alium
897 5299 1187 5355 divertere.
1227 5320 1245 5352 ι

524 5373 636 5440 (59)
666 5372 815 5426 Μοη.
843 5369 958 5442 ἀλλ’
985 5372 1109 5424 οὐδὲ
1135 5373 1266 5442 γάρ.

523 5444 645 5518 (69)
691 5444 789 5518 Sic
819 5513 848 5518 _
881 5441 1222 5518 Yatic.‘(a._’
1259 5442 1725 5518 ⁸προδιελέχθτιν).
1812 5441 2026 5499 Monac.

449 5514 776 5584 προελέχθη.
808 5513 925 5584 col.
957 5512 1376 5584 προδιηλέχθην.

523 5583 818 5652 (61)⁷Μοιι.
853 5583 910 5638 ἃ.

521 5655 634 5722 (62)
666 5655 785 5710 Col.
820 5655 1000 5710 omitt.
1032 5653 1112 5706 τό.

517 5725 638 5794 (65)
675 5726 793 5780 Col.
825 5727 1004 5781 omitt.
1043 5723 1202 5794 πρός.

527 5800 641 5869 (64)
676 5796 882 5852 Monac.
919 5796 1199 5867 ἀτρέπτῳ.

2214 4381 2327 4454 (65)
2375 4381 2465 4466 :ra
2511 4380 2865 4466 brigahixov
2913 4382 3051 4466 ἔργα
3111 4390 3243 4466 sunt
3285 4380 3730 4466 .miracula.‘C.f.

2141 4451 2338 4524 Chrys.
2375 4452 2526 4524 hom.
2558 4451 2631 4508 59
2666 4451 2720 4524 in
2749 4451 2896 4524 lien.
2941 4452 3082 4524 n._i.
3108 4451 3388 4524 :l‘heodor.
3417 4451 3648 4508 Heracl.
3681 4455 3732 4508 iu

2062 4543 2108 4599 ι)
2139 4521 2296 4599 Joati.
2327 4538 2406 4585 XI,
2436 4523 2526 4588 40,
2560 4522 2705 4599 apud
2734 4522 2960 4599 got-der.
3008 4521 3063 4576 in
3096 4521 3326 4599 Catena.
3371 4551 3440 4564 ——
3472 4524 3566 4599 11g
3595 4524 3719 4595 tia-ch;

2139 4595 2302 4664 φύσιν
2325 4602 2570 4664 eavocat
2594 4595 2706 4664 jam
2733 4591 2996 4664 Origenes
3022 4602 3214 4647 coutra
3236 4593 3380 4648 Cels.
3403 4610 3460 4658 γ,
3491 4594 3586 4649 25.

2207 4611 2302 4646 ισιν
2325 4609 2385 4647 ea
2411 4609 2570 4648 vocat
2594 4609 2706 4661 1am
2733 4609 2822 4647 un
2865 4617 2868 4640 4

2207 4663 2322 4733 (66)
2353 4661 2566 4734 Monac.
2601 4663 2690 4734 ἆρ’
2723 4609 2868 4733 οὐχὲ

2210 4735 2322 4802 (67.)
2351 4733 2469 4788 Col.
2505 4733 2735 4798 Ψεῦδος.

2210 4806 2322 4876 (68)
2358 4803 2512 4876 Haud
2541 4804 2790 4876 dissimili
2814 4804 2979 4858 modo
3007 4805 3075 4860 de
3107 4812 3259 4876 testu
3279 4803 3440 4860 Joan.
3474 4822 3607 4876 ,xvr,
3651 4807 3738 4866 14,

2136 4873 2418 4946 disputant
2447 4873 2714 4947 Georgius
2761 4875 3139 4947 Qorcyrensis,
3170 4875 3429 4947 Nicotaus
3471 4875 3742 4946 Ilydrun-

2138 4945 2286 5001 tinus
2319 4954 2374 5000 et
2399 4945 2723 5001 Theodorus
2752 4945 2966 5015 Smyrn.
3001 4945 3143 5015 apud
3168 4945 3426 5002 Allatium
3456 4945 3742 5002 in’Vindi-

2137 5019 2233 5072 ciis
2255 5017 2439 5087 synodi
2466 5017 2785 5087 Ephesime,_
2799 5029 2920 5085 cap.
2953 5017 3043 5083 51,
3077 5032 3132 5086 p.
3164 5015 3293 5072 295.

2210 5083 2321 5160 (69)
2358 5086 2474 5160 gol.
2515 5083 2627 5155 ἐγὼ
2658 5089 2702 5141 δ’
2729 5083 2842 5160 οὖνῘ

2135 5230 2160 5283 ἔ
2208 5154 2320 5231 (70)
2359 5154 2574 5212 Monac.
2623 5157 2910 5229 φροντίδος
2946 5154 3052 5221 ἔξω
3083 5157 3237 5230 θείην
3274 5159 3353 5224 ὡς
3381 5157 3458 5230 μὴ
3486 5158 3744 5226 ἀνιάτως

2167 5249 2347 5283 γοντα.

2167 5249 2347 5283 νοντα.

2166 5251 2569 5370 χῖῖῇῗθίοηιιο.
2607 5301 2694 5354 hic
2725 5297 2839 5369 ﬁgit
2867 5312 2990 5370 cap.
3026 5297 3114 5370 16.
3150 5297 3252 5354 Hic
3281 5300 3356 5354 uti
3400 5314 3550 5368 saepe
3584 5301 3743 5356 Pho-

2139 5368 2246 5426 tius
2290 5368 2664 5427 adversarium
2711 5368 2880 5423 veluti
2934 5369 3087 5439 gravi
3137 5372 3333 5426 morbo
3379 5370 3742 5429 laborantem

2135 5441 2382 5498 exhibet.
2415 5443 2497 5496 Cf.
2535 5459 2586 5497 ε.
2616 5441 2670 5495 2.
2705 5439 2794 5494 60.
2827 5439 2918 5494 94.

2209 5511 2322 5581 (72)
2362 5513 2480 5566 Col.
2515 5513 2596 5566 ὅτι
2621 5513 2686 5564 ἄν
2720 5527 2802 5562 σε.

2207 5577 2318 5655 (75)
2355 5582 2446 5655 Sic
2477 5584 2530 5636 iu
2567 5583 2685 5637 Vat.
2715 5588 2768 5634 et
2802 5577 3008 5655 Palat.;
3043 5579 3264 5655 Monac.
3287 5600 3373 5648 τις
3397 5583 3554 5655 εῐπῃ.

2187 5649 2322 5721 ’(74)
2352 5652 2547 5706 Τελεία
2575 5655 2746 5707 altera
2787 5650 2908 5704 vice
2941 5649 3104 5706 deest
3129 5653 3186 5706 in
3215 5652 3362 5709 Mon.

2354 5723 2471 5799 ρο).
2499 5720 2982 5799 συνειστενούγκοι.

2207 5793 2318 5866 (76')
2354 5793 2469 5848 Col.
2506 5793 2694 5869 δεήσῃ.
