3886 6482
360 395 474 461 317

1401 396 1499 456 DE
1540 396 1603 457 S.
1639 393 1999 456 SPIRITUS
2036 392 2432 455 MYSTAGOG
2442 395 2543 457 IA.

3545 395 3653 463 318

361 511 465 563 τὸν
510 507 641 562 ru»
686 506 958 578 προϐολέα
1012 506 1108 561 τοῦ
1153 505 1473 578 Πνεύματος
1518 508 1963 578 δογματίζουσιν,

2075 506 2273 561 Filium
2320 508 2711 578 productorem
2771 505 3011 577 Spiritus
3070 506 3397 578 praedicari,
3451 515 3548 570 sed
3606 512 3665 571 ei

362 599 511 652 ἀλλὰ
553 598 650 653 καὶ
691 597 786 652 τὸν
830 598 1049 670 Πατέρα
1078 598 1177 669 τῆς
1223 597 1499 670 προϐολῆς
1546 597 1966 652 ἀπελαύνουσιν*

362 683 453 752 οἷς
498 688 798 742 ἀκόλουθον
833 689 1007 758 δήπου
1052 690 1147 743 καὶ
1177 689 1278 759 τὴν
1307 689 1563 760 γέννησιν
1612 691 1680 761 τῇ
1726 690 1967 762 προϐολῇ

365 781 842 850 συμμετατιθέναι
892 782 987 835 καὶ
1036 783 1509 853 συμμεταφέρειν,
1567 783 1661 835 καὶ
1693 783 1831 853 μηδὲ
1878 783 1971 836 τὸν

361 873 499 927 rm
527 877 591 927 ἐκ
623 872 717 927 τοῦ
751 874 989 945 Πατρδς,
1015 875 1077 926 ὲκ
1101 874 1158 927 δὲ
1186 875 1282 927 τοῦ
1310 874 1442 928 Υίοῦ
1469 875 1850 945 τερατολογεῖν
1877 876 1970 928 τὸν

361 964 595 1035 Πατέρα
626 965 728 1036 τὴν
764 967 1020 1034 γέννησιν
1049 966 1217 1036 ἔχειν,
1245 966 1332 1020 ἵνα
1364 966 1439 1037 μὴ
1495 967 1656 1036 μόνον
1683 970 1808 1031 τοὺς
1842 970 1971 1039 ἠσε-

361 1056 613 1123 ϐηκότας
640 1054 700 1120 ὲξ
734 1056 932 1120 αἰῶνος
956 1055 1239 1128 κρύψωσιν
1263 1057 1401 1126 (15),
1435 1055 1573 1110 ἀλλὰ
1601 1058 1696 1111 καὶ
1722 1056 1834 1109 τῶν
1870 1073 1971 1128 με-

367 1148 624 1218 μηνότων
649 1146 981 1216 ἐλέγχωνται
1016 1146 1379 1217 μανικώτεροι
1405 1148 1539 1218 (14).

438 1237 547 1311 λη’.
624 1238 775 1311 [κζ’.]
816 1239 939 1291 Ἔτι
982 1239 1040 1291 δὲ
1072 1241 1122 1291 εἰ
1160 1240 1225 1291 ὲκ
1266 1239 1361 1292 τοῦ
1399 1241 1615 1310 Πατρδς
1649 1243 1678 1294 ὁ
1708 1239 1845 1303 Υἱὸς
1876 1256 1972 1308 γε·

362 1332 653 1401 γέννηται,
684 1332 745 1384 τὸ
774 1333 833 1385 δὲ
861 1331 1089 1403 Πνεῦμα
1117 1335 1181 1386 ὲκ
1210 1334 1306 1386 τοῦ
1343 1335 1557 1406 Πατρὸς
1582 1335 1678 1389 καὶ
1712 1334 1807 1388 τοῦ
1837 1333 1967 1387 Υίοῦ

363 1425 755 1494 ἐκπορεύεται,
772 1425 898 1505 τίςή
920 1426 1242 1495 καινοτομία
1264 1425 1358 1479 τοῦ
1380 1426 1517 1479 Πνεύ
1527 1444 1719 1495 ματος,
1750 1427 1825 1497 μὴ
1853 1426 1965 1496 (15)

363 1517 469 1570 καὶ
481 1517 671 1585 ἕτερόν
696 1534 750 1570 τι
769 1514 886 1589 [40]
910 1518 1077 1570 αὐτοῦ
1098 1518 1519 1589 ἐκπορεύεσθαι,
1536 1519 1612 1581 ὡς
1640 1519 1971 1587 συνάγεσθαι

363 1609 660 1693 agt-"ﬁxi
694 1608 961 1680 θεοϐλαϐῆ
999 1609 1228 1681 γνώμην
1260 1612 1335 1683 μὴ
1369 1615 1555 1683 τρεῖς,
1607 1612 1744 1666 ἀλλὰ
1775 1612 1972 1664 τέσσα-

365 1684 601 1773 ροίξῒᾶξ
624 1702 971 1766 ὑποστάσεις,
1001 1704 1201 1773 μᾶλλον
1226 1703 1282 1756 δὲ
1300 1704 1567 1772 ἀπείρους
1587 1743 1604 1767 ,
1635 1705 1737 1774 τῆς
1764 1704 1823 1757 δὲ
1853 1702 1971 1774 (16)

359 1794 643 1865 τετάρτης
667 1795 849 1857 αὐτοῖς
881 1794 1051 1866 ἄλλην
1076 1796 1241 1849 πάλιν
1264 1795 1831 1866 προϐαλλούσης(17),
1864 1796 1969 1849 κὰ-

359 1868 559 1957 κέίνης
583 1886 799 1957 ἑτέραν,
835 1886 1033 1957 μέχρις
1062 1887 1129 1941 ἂν
1170 1889 1264 1941 καὶ
1299 1888 1398 1958 τῆς
1453 1888 1774 1959 Ἑλληνικῆς
1804 1888 1974 1958 ὑπερ-
2006 1880 2051 1936 Β

357 1980 607 2034 ελάσωσι
634 1979 925 2042 πολυθεῖας
956 1980 1093 2050 (18).
1664 2048 1665 2051 η

439 2068 545 2140 λη’.
594 2067 751 2141 [κη’.]
802 2070 915 2141 (19)
955 2069 1121 2124 Ἀλλὰ
1169 2072 1393 2125 κάκεῖνο
1433 2071 1556 2125 κατ’
1590 2070 1771 2125 αὐτῶν
1817 2070 1967 2124 ἔστιν

354 2163 609 2232 ἀφεῖναι·
647 2166 803 2217 ποῖον
836 2164 900 2233 δὴ
932 2163 1120 2229 τοῦτο;
1155 2165 1205 2215 εί
1244 2162 1425 2216 πάντα
1461 2163 1561 2216 ὅσα
1593 2162 1855 2233 πρόσεστι
1888 2160 1967 2232 τῷ

355 2254 507 2324 Υίῷ,
540 2253 633 2307 τοῦ
662 2255 875 2323 Πατρδ;
915 2255 1029 2326 (20)
1059 2254 1367 2324 λαμϐάνω-ι’
1384 2255 1521 2326 ἔχει,
1545 2254 1757 2308 ἐκεῖθεν
1782 2252 1849 2307 ἂν
1878 2254 1964 2325 εἴη

355 2343 550 2398 λαϐὼν
584 2345 696 2414 (9.1)
726 2345 821 2398 καὶ
847 2343 910 2398 τὸ
944 2346 1119 2399 αῖτιον
1149 2345 1263 2415 (‘22)
1295 2341 1436 2398 εἶναι
1455 2346 1557 2413 τῆς
1582 2344 1677 2397 τοῦ
1712 2344 1969 2414 Πνεύμα-

365 2452 469 2499 τος
497 2435 890 2507 ὲκπορεύσεωςο
927 2435 1092 2488 πόθεν
1128 2431 1223 2489 οὗν
1263 2437 1296 2507 ἡ
1328 2437 1680 2507 ὲτεροκλινὴς
1712 2435 1852 2506 αὕτη
1879 2453 1968 2505 φι-

367 2528 612 2599 λοτιμία,
644 2528 714 2581 δι’
746 2522 815 2599 ἧς
839 2530 1033 2599 ὁρᾶται
1063 2528 1164 2598 μὲν
1190 2530 1218 2581 ὁ
1242 2527 1370 2592 Υἱὸς
1392 2528 1495 2597 τῆς
1522 2526 1617 2580 τοῦ
1642 2526 1966 2596 Πνεύματος

359 2619 750 2691 ἑκπορεύσεως
782 2619 985 2683 αἴτιος,
1017 2619 1078 2672 τὸ
1114 2619 1172 2672 δὲ
1203 2618 1456 2689 Πνεῦμα,
1490 2619 1671 2673 καίτοι
1713 2618 1776 2671 τὸ
1806 2619 1965 2671 ἰσότι-

361 2731 473 2785 μον
512 2714 634 2784 έχον
664 2714 762 2767 καὶ
790 2715 854 2766 ὲκ
886 2712 987 2782 τῆς
1020 2713 1191 2783 αὐτῆς
1230 2711 1521 2782 όμοταγῶς
1549 2728 1607 2765 τε
1646 2711 1741 2765 κει)¹
1776 2709 1965 2781 ὁμοτί-

360 2824 491 2876 tuo;
522 2805 890 2878 προεληλυθδς
928 2805 1116 2869 οὐσίας
1145 2804 1261 2876 (25)
1290 2804 1402 2859 τῶν
1444 2805 1576 2859 ῐσων
1611 2804 1794 2875 γερῶν
1862 2804 1968 2857 ἀπ-

358 2892 668 2964 δστὲρηται
688 2893 824 2964 (24);

441 2984 561 3057 [41]
583 2985 683 3039 λθ’.
724 2984 879 3058 [κ6’.]
915 2984 1088 3041 Πάλιν
1124 2984 1299 3049 αἴτιος
1330 2985 1360 3037 ὁ
1395 2985 1612 3056 Πατὴρ,
1667 2984 1844 3049 αἴτιος
1905 2984 1965 3038 δὲ

358 3081 467 3131 καὶ
498 3080 527 3130 ὁ
575 3078 749 3141 Υίόςο
806 3078 930 3132 τίνα
987 3077 1120 3146 γοῦν
1143 3078 1256 3148 (95)
1307 3077 1696 3131 δικαιώσωσιν
1748 3079 1799 3131 οἱ
1851 3078 1963 3131 τῶν

358 3168 697 3240 ἀτολμήτων
726 3168 1003 3240 διαιτηταὶ
1055 3169 1157 3238 τὴν
1195 3169 1377 3223 αἰτίαν
1428 3169 1628 3238 μᾶλλον
1681 3169 1861 3240 ἔχεινς
1896 3171 1959 3223 Εἰ

2072 599 2294 655 Patrem
2366 600 2435 655 ab
2483 615 2547 654 ea
2599 600 2964 669 productione
3010 602 3262 668 excludi;
3314 613 3477 673 atque
3529 606 3667 660 adeo

2071 692 2349 746 debebant
2376 692 2541 747 etiam
2573 691 2982 762 generationem
3015 708 3122 746 una
3152 709 3276 747 cum
3310 694 3669 763 productione

2071 793 2486 847 transvertere,
2536 793 2846 837 monstrosa
2893 785 3190 839 asserenda
3232 785 3523 848 futilitate,
3557 803 3669 842 non

2072 877 2270 932 Filium
2314 892 2379 931 ex
2437 874 2622 939 Patre,
2657 876 2754 929 sed
2786 874 3003 930 Patrem
3042 891 3107 929 ex
3139 877 3277 931 Filio
3299 879 3571 949 generari,
3611 886 3671 933 ut

2070 982 2183 1021 non
2208 965 2386 1021 solum
2415 981 2609 1021 omnes
2639 981 2667 1020 a
2700 967 2901 1020 saeculo
2937 965 3138 1036 impios
3165 968 3543 1032 obscurarent,
3570 969 3669 1023 sed

2072 1067 2129 1113 et
2165 1057 2378 1112 insanis
2416 1057 2553 1127 ipsis
2584 1058 2893 1112 insaniores
2932 1057 3499 1126 deprehenderentur.

2142 1148 2231 1202 57.
2272 1148 2407 1201 Item
2443 1148 2486 1201 si
2527 1162 2593 1201 ex
2626 1147 2785 1202 Patre
2813 1146 2984 1200 Filius
3027 1148 3245 1217 genitus
3277 1161 3395 1213 εει,
3427 1149 3669 1219 Spiritus

2069 1255 2204 1294 vero
2232 1254 2298 1294 ex
2322 1239 2481 1293 Patre
2518 1236 2769 1308 Filioque
2798 1238 3066 1308 procedit,
3101 1253 3201 1292 cur
3230 1236 3458 1308 Spiritui
3495 1255 3667 1311 nega-

2072 1339 2180 1397 tur,
2216 1331 2423 1400 aliquid
2459 1331 2607 1384 aliud
2644 1332 2812 1385 etiam
2846 1346 2913 1385 ex
2961 1330 3081 1400 ipso
3113 1332 3458 1400 procedere;
3488 1332 3559 1386 ita
3608 1340 3671 1387 ut

2071 1426 2395 1494 colligantur
2439 1440 2505 1478 ex
2555 1424 2717 1492 impia
2763 1423 2865 1477 ista
2913 1423 3187 1476 sententia
3234 1439 3345 1477 non
3396 1434 3527 1484 tres,
3570 1425 3668 1479 sed

2072 1527 2309 1586 quatuor
2336 1516 2680 1586 hypostases,
2708 1515 2818 1568 imo
2842 1514 3093 1581 inﬁnitas,
3126 1516 3254 1570 dum
3284 1525 3477 1583 quarta
3503 1515 3667 1570 aliam

2072 1623 2265 1662 rursus
2315 1608 2644 1677 produceret
2698 1616 2750 1661 et
2802 1606 2895 1660 illa
2944 1606 3141 1672 aliam,
3204 1606 3381 1662 donec
3441 1606 3667 1662 ethnica

2073 1700 2306 1755 deorum
2333 1698 2627 1754 multitudo
2654 1708 3029 1770 superaretur.

2146 2069 2239 2124 38.
2281 2067 2482 2123 Sedet
2514 2068 2646 2124 illud
2684 2077 2867 2140 potest
2896 2069 2950 2124 in
2978 2070 3114 2124 istos
3146 2067 3428 2137 torqueri.
3464 2066 3666 2133 Quale-

2073 2174 2200 2213 nam
2232 2176 2360 2214 vero
2396 2161 2537 2215 hoc?
2568 2158 2626 2214 Si
2663 2161 2847 2215 omnia
2884 2175 3230 2230 quaecunque
3273 2160 3478 2213 adsunt
3526 2158 3666 2214 Filio

2073 2266 2107 2304 a
2141 2250 2300 2306 Patre
2331 2252 2564 2321 accepit,
2606 2251 2735 2305 inde
2763 2252 2953 2322 utique
2977 2260 3032 2305 et
3064 2251 3168 2305 hoc
3197 2250 3493 2319 acceperit,
3519 2246 3666 2319 quod

2072 2358 2239 2397 causa
2276 2343 2349 2397 sit
2377 2343 2760 2414 productionis
2795 2343 3056 2413 Spiritus.
3088 2343 3246 2399 Unde
3278 2342 3442 2414 igitur
3466 2342 3569 2396 iste
3608 2340 3666 2394 in

2073 2448 2284 2508 partem
2316 2438 2545 2493 alteram
2595 2453 2908 2508 propensus
2958 2437 3114 2491 favor
3136 2476 3152 2501 ,
3200 2452 3302 2507 per
3339 2451 3502 2506 quem
3540 2450 3669 2490 cer-

2072 2532 2225 2585 nitur
2272 2532 2494 2601 quidem
2544 2532 2716 2585 Filius
2756 2530 3126 2602 processionis
3172 2528 3413 2600 Spiritus
3460 2543 3666 2595 causa,

2072 2622 2312 2693 Spiritus
2343 2634 2548 2688 autem,
2570 2626 2785 2681 tametsi
2810 2626 3035 2681 omnino
3053 2624 3279 2695 :equalis
3304 2631 3445 2679 etex
3471 2623 3665 2678 eadem

2073 2729 2239 2767 causa
2287 2715 2478 2784 :equali
2530 2715 2724 2769 ordine
2780 2724 2837 2770 et
2876 2715 3071 2785 aequali
3128 2716 3339 2770 honore
3386 2713 3669 2786 profectus

2067 2806 2286 2876 juribus
2316 2807 2619 2876 aequalibus
2647 2806 3048 2862 defraudatur?

2144 2899 2231 2954 '59.
2275 2899 2489 2954 Rursus
2520 2916 2681 2954 causa
2711 2909 2795 2954 est
2819 2899 3004 2961 Pater,
3038 2914 3207 2955 causa
3234 2914 3369 2954 vero
3394 2909 3450 2954 et
3472 2898 3665 2959 Filius.

2071 2990 2268 3047 Utrum
2312 2991 2477 3062 igitur
2528 2992 2618 3046 isti
2649 3008 2833 3047 rerum
2884 2993 3111 3047 minime
3157 2993 3532 3047 audendarum
3576 3008 3668 3047 ar-

2070 3081 2199 3136 bitri
2245 3083 2414 3153 magis
2458 3097 2580 3137 esse
2627 3097 2848 3138 causam
2895 3083 3370 3154 pronuntiabunt?
3405 3082 3461 3137 Si
3516 3083 3669 3138 enim

2075 3172 2608 3242 Patrem,quoniodo
2637 3190 2748 3228 non
2780 3175 3087 3231 adscititius
3131 3184 3186 3229 et
3226 3175 3448 3245 spurius
3496 3182 3552 3229 et
3580 3177 3670 3229 in-

365 3261 475 3332 μὲν
504 3261 613 3331 γὰρ
646 3260 738 3314 τὸν
768 3263 1011 3331 Πατέρα,
1052 3262 1172 3326 πῶς
1207 3264 1309 3315 οὐκ
1371 3263 1703 3317 ἐπείσακτον
1751 3264 1845 3317 καὶ
1875 3264 1962 3317 νό-

2075 3266 2240 3333 jurius
2266 3267 2373 3321 erit
2403 3266 2580 3321 honor
2595 3269 2663 3321 ab
2683 3267 2805 3323 istis
2833 3266 2974 3323 Filio
2996 3268 3324 3335 vindicatus,
3357 3268 3665 3339 praesertim

362 3352 466 3407 θον
497 3354 593 3407 καὶ
628 3353 787 3424 ῦϐρις
810 3355 999 3416 αὐτοῖς
1037 3355 1134 3408 καὶ⁹
1186 3357 1325 3427 αὐτή
1352 3373 1416 3425 γε
1462 3357 1496 3426 ἡ
1526 3354 1963 3409 συσκευασθεῖσα

365 3446 513 3518 τιμὴ
549 3445 645 3499 τοῦ
688 3446 843 3512 Υίοῦ,
877 3447 1118 3519 μάλιστα
1145 3448 1208 3503 τὸ
1256 3448 1422 3520 κῦρος
1451 3448 1665 3519 ἔχοντος
1706 3448 1807 3519 ήδη
1855 3447 1961 3501 ἆτε

2072 3372 2198 3409 cum
2230 3356 2396 3409 robur
2422 3356 2558 3425 jam,
2598 3357 2800 3427 quippe
2841 3366 2899 3411 et
2938 3358 3183 3427 potiores
3230 3367 3419 3428 partes
3468 3358 3671 3412 habeat

2070 3447 2270 3503 Pater?
2302 3447 2359 3502 Si
2381 3464 2513 3504 vero
2530 3449 2752 3516 Filium,
2788 3450 2896 3505 heu
2926 3450 3238 3521 graviorem
3264 3450 3662 3505 temeritatem!

1476 3604 1714 3661 VARUE
1754 3602 2140 3662 LECTIONES
2176 3604 2267 3658 ET
2303 3604 2540 3661 ΝΟΤΑΞ.

473 3762 563 3832 15)
608 3763 727 3819 Col.
768 3761 828 3828 ἐξ
847 3762 1062 3818 αἰώνων
1083 3763 1288 3833 ἀποκρ.

472 3831 562 3905 14)
601 3835 700 3905 Ep.
747 3836 959 3906 encycl.
994 3835 1033 3906 Ι.
1068 3849 1120 3889 c.
1166 3831 1263 3897 Οἷς
1311 3832 1609 3906 ἀκόλοοθον
1645 3833 1820 3906 δήπου
1869 3831 1969 3906 καὶ

358 3903 475 3975 τὴν
513 3903 766 3986 γέννησιν
792 3903 868 3975 τῇ
892 3905 1132 3977 προϐολῇ
1171 3903 1679 3975 συμμετατιθέντας
1699 3903 1843 3974 ’μηδὲ
1875 3904 1968 3957 τὸν

359 3977 494 4030 υίὺν
527 3980 591 4030 ὲκ
622 3994 718 4028 του
766 3977 1010 4031 πατρὸς.
1038 3976 1179 4031 ἀλλὰ
1210 3976 1303 4028 τὸν
1341 3975 1556 4031 πατέρα
1587 3976 1968 4031 τερατολογεῖν

359 3992 494 4030 υιον
527 3992 591 4030 εκ
622 3994 718 4028 του
766 3992 1010 4047 πατρος,
1038 3992 1179 4037 an;
1210 3992 1303 4028 τον
1341 3992 1556 4045 πατέρα
1587 3992 1968 4047 τερατολογειν

358 4050 441 4101 ὲκ
465 4047 561 4101 τοῦ
592 4046 710 4100 υἱοῦ
745 4046 1133 4115 γεγεννῆσθαι,
1167 4045 1255 4117 ἴνα
1293 4045 1520 4117 pii-3:th
1558 4046 1968 4117 δυσσεϐούντων

418 4119 563 4203 όνον,
757 4111 853 4171 καὶ
870 4111 980 4203 τῶν
1027 4111 1372 4203 μιαινομένων
1395 4111 1531 4203 ὦσιν
1560 4116 1965 4203 πρωτοστάται.

360 4136 563 4243 ξονον,
592 4136 730 4171 aM:
757 4136 980 4171 καιτων
1027 4136 1372 4189 μαινομενων
1395 4136 1531 4170 ωσιν
1560 4136 1961 4203 πρωτοσταται.

422 4188 551 4243 icol.
592 4187 837 4243 Methon.
874 4188 912 4241 Ι.
953 4203 1005 4242 e.
1053 4187 1389 4250 Ἀκολούθως
1422 4188 1518 4241 καὶ
1565 4203 1666 4256 την
1707 4188 1961 4257 γέννησιν

361 4262 439 4331 τῇ
474 4259 715 4328 προϐολῇ
746 4257 1199 4331 συμὶμεταβέντες
1231 4258 1353 4331 οῦδὲ
1378 4258 1471 4331 τον
1494 4256 1607 4310 υἱὸν
1630 4261 1695 4331 εκ
1723 4256 1821 4310 τοῦ
1852 4256 1963 4331 παῖ

361 4326 934 4401 ⁸πρὸςγεγεννῆσθαι,
968 4329 1087 4381 ἀλλ’
1121 4329 1360 4401 ἔμπαλιν
1390 4329 1486 4382 τὸν
1521 4328 1738 4399 πατέρα
1774 4331 1839 4381 ὲκ
1865 4326 1961 4381 τοῦ

365 4398 495 4455 υἱοῦ
522 4416 581 4452 τε
591 4400 1063 4469 ρατολογήσουσιν.

472 4471 561 4537 15)
602 4473 692 4541 Μή
725 4472 881 4526 deest
902 4471 956 4523 in
986 4470 1133 4525 Mon.

474 4541 561 4611 16)
603 4542 748 4597 Μοη.
781 4543 881 4610 τῆς
909 4541 1196 4611 τετάρτης.

443 4610 559 4679 (17)
594 4612 740 4667 Men.
776 4613 961 4674 αὐτοῖς
985 4610 1155 4681 ἄλλην
1189 4610 1589 4683 προλαϐούσης,
1622 4611 1752 4665 κάκ.

449 4686 565 4755 (18)
606 4683 874 4755 Μοηητὴν
899 4682 1186 4755 ελληνικὴν
1207 4682 1498 4736 πολυθεῖαν
1522 4683 1955 4755 ὑπερελᾲσωσιν.

367 4753 724 4810 Verbotenus
754 4753 868 4808 fere
900 4755 1019 4807 haec
1050 4753 1105 4806 in
1133 4755 1340 4825 encycl.
1375 4770 1435 4808 n.
1462 4755 1549 4825 l9,
1575 4753 1640 4823 p.’
1672 4753 1741 4807 55
1767 4754 1956 4825 legun-

367 4838 467 4881 tur
500 4843 513 4879 :
561 4826 681 4878 Ἔτι
711 4825 768 4878 δὲ
803 4854 878 4862 -
907 4853 977 4863 -
1007 4824 1440 4895 ἐκπορεύεσθαι,
1496 4824 1570 4887 ὡς
1628 4824 1959 4891 συνάγεσθαι

373 4896 523 4949 κατὰ
555 4896 654 4966 τὴν
705 4896 933 4949 ἐκείνων
985 4894 1258 4964 θεομαχον
1305 4894 1554 4966 γνώμην
1582 4896 1657 4965 μὴ
1701 4898 1851 4964 τρεῖς
1887 4922 1959 4933 —-

365 4970 478 5032 τὴς
522 4965 790 5036 τετάρτης
819 4967 1003 5028 αὐτοῖς
1048 4965 1665 5036 ἀλληνοπροϐαλλούσης
1697 4966 1960 5033 κακείνης

365 5037 544 5092 πάλιν
597 5037 813 5106 ἑτέραν,
873 5036 1064 5107 μέχρις
1104 5035 1180 5088 ἂν
1208 5035 1419 5106 εἰςτὴν
1450 5035 1740 5106 έλληνικὴν
1790 5036 1959 5107 πολυέ

369 5107 615 5178 πληθίαν
637 5105 1173 5178 ἐκπέσωσινςΝίοοΙ.
1205 5105 1449 5161 MetItOn.
1483 5105 1604 5177 cap.
1632 5108 1665 5159 8
1742 5106 1775 5177 ἢ
1809 5109 1857 5159 εί
1885 5106 1959 5177 μὴ

366 5177 482 5232 τὸν
503 5177 637 5242 υἱὸν,
689 5177 806 5230 ἀλλ’
841 5177 1029 5247 ἕτερόν
1061 5195 1116 5230 τι
1154 5179 1336 5231 δοτέον
1367 5180 1432 5230 ὲκ
1465 5178 1558 5231 τοῦ
1586 5177 1896 5241 πνεύματος
1925 5180 1957 5247 ἥ

366 5248 672 5317 γεννᾶσθαι
696 5247 731 5319 ἢ
766 5250 1197 5319 ἐκπορεύεσθαι,
1236 5249 1312 5313 ὡς
1352 5249 1417 5301 ὲκ
1442 5249 1537 5301 τοῦ
1566 5250 1779 5318 Πατρὸς
1809 5249 1960 5301 ὲκεί-

367 5336 485 5372 νων
513 5318 797 5439 ἑκάτερον,
841 5318 928 5371 ἵνα
958 5321 1053 5373 καὶ
1090 5320 1309 5389 ἰσότιμα
1340 5322 1483 5389 τάχα
1532 5322 1627 5372 καὶ
1662 5319 1961 5387 ἰσοδύναμα

367 5389 645 5439 (sulm/07v
715 5392 918 5439 αοωυές
950 5392 1015 5439 ἂν
1065 5390 1152 5439 εἴη
1184 5392 1280 5439 καὶ
1313 5390 1631 5439 ίσοδύναίιον
1669 5391 1731 5439 τὸ
1766 5392 1831 5439 ἐκ
1862 5386 1959 5439 τοῦ

365 5389 645 5460 φυλαχθῇ⁸
678 5386 918 5460 ὀμοφυές
950 5392 1015 5443 ἂν
1065 5390 1153 5460 εἴη
1184 5386 1280 5443 καὶ
1313 5386 1631 5460 ίσοδύναμον
1669 5391 1731 5441 τὸ
1766 5392 1831 5441 ἐκ
1862 5386 1959 5460 τοῦ

369 5455 698 5531 Πνεῦμαξος
715 5455 1113 5531 ’προαγόμενον
1128 5455 1206 5530 τῷ
1229 5455 1640 5529 προάγοντικαὶ
1660 5463 1774 5523 τοῖς
1795 5460 1855 5525 εξ
1884 5455 1960 5512 ὧν

364 5530 534 5585 τοῦτο
552 5531 828 5602 προῆκται
850 5548 862 5561 ·
879 5530 1064 5584 οὐκέτι
1085 5533 1193 5601 ἄρα
1207 5533 1397 5602 τριὰς,
1419 5532 1555 5586 ἀλλὰ
1576 5532 1773 5601 τετρὰς
1804 5534 1960 5584 ἔσται

369 5602 437 5655 τὸ
466 5600 903 5673 πρεσϐευόμενον
925 5618 939 5632 ·
973 5600 1175 5672 μᾶλλον
1197 5600 1354 5665 δὲέἰς
1391 5602 1619 5673 ἄπειρον
1641 5600 1696 5655 αἱ
1728 5602 1964 5673 ὑποστά-

370 5690 494 5758 σεις
514 5670 676 5725 ὀὕτω
696 5670 772 5756 ’γε
811 5670 1289 5761 πῇροχωρῄσοιέσιν,
1324 5673 1415 5757 ἀεὶ
1444 5670 1545 5742 τῆς
1575 5672 1964 5761 πρραγομένης

366 5747 438 5813 τῇ
468 5741 787 5813 προαγούσῃ
809 5744 909 5811 τῆς
922 5741 1098 5829 αὐτῆς
1119 5741 1284 5814 οὔσης
1301 5743 1518 5811 φύσεως
1536 5741 1632 5796 καῖ
1652 5744 1960 5827 δυνάμεως,

369 5816 467 5868 ἵνα
495 5814 591 5867 καὶ
624 5815 727 5881 τὴν
754 5813 1057 5885 γὲλληνικην
1091 5815 1384 5868 πολυυεῒαν
1415 5815 1465 5866 οἱ
1502 5816 1571 5869 τὰ
1593 5814 1775 5868 τοιάδε
1802 5814 1960 5880 οοξα-

372 5886 567 5953 ζοντες
607 5884 1021 5957 παρελάσωσιν.
1356 5900 1361 5905 ·

2143 3762 2255 3833 (19)
2290 3761 2348 3816 In
2379 3761 2516 3817 Cod.
2547 3760 2694 3833 Men.
2735 3764 2996 3833 cap.xy'.

2066 3902 2109 3958 Ρ
2144 3827 2258 3958 €20)
2298 3832 2445 3887 Mon.
2478 3835 2542 3885 ὲκ
2569 3830 2665 3884 τοῦ
2694 3827 2903 3903 πατρός
2924 3827 2948 3898 ;’
2972 3829 3069 3887 sed
3106 3830 3173 3884 ὲκ
3197 3828 3355 3885 deest
3377 3828 3434 3884 in
3460 3827 3585 3885 Vat.
3610 3840 3667 3889 et

2112 3920 2142 3958 a
2169 3945 2184 3958 .

2112 3920 2184 3958 al.

2139 3976 2255 4047 (2|)
2290 3973 2439 4047 Non.
2480 3974 2782 4046 λαμϐάνων

2141 4045 2253 4113 (22)
2291 4045 2439 4101 Μοη.
2472 4045 2668 4109 αἴτιος.

2141 4119 2254 4188 (25)
2279 4117 2396 4188 Col.
2433 4118 2639 4179 αἰτίας.

2140 4185 2253 4255 (⁷24)
2309 4186 2458 4243 Μοη.
2493 4188 2902 4258 ἀποστερεῖται.
2926 4186 3064 4244 Fere
3086 4186 3279 4244 eodem
3305 4193 3469 4258 pacto
3493 4185 3661 4242 Nico-

2066 4258 2185 4314 laus
2212 4258 2581 4313 Mctlionensis
2610 4259 2751 4329 apud
2785 4259 3069 4329 Hugonem
3096 4259 3284 4313 Ether.
3311 4258 3349 4313 l.
3368 4274 3445 4329 μ,
3474 4274 3524 4313 c.
3562 4259 3660 4322 11,

2086 4348 2125 4383 i.
2168 4329 2302 4384 1225
2333 4345 2348 4380 :
2382 4347 2405 4400 γι
2446 4328 2504 4385 Si
2538 4325 2756 4392 omnia,
2787 4325 3128 4400 quaecunque
3176 4331 3341 4384 habet
3367 4325 3558 4395 Filius,
3630 4344 3661 4383 a

2109 4410 2227 4455 atre
2278 4399 2560 4469 accipiens
2610 4402 2800 4465 habet,
2840 4399 3243 4471 proculdubio
3297 4409 3355 4454 et
3401 4416 3466 4454 ex
3499 4402 3661 4456 Patre

2066 4472 2234 4526 habet
2289 4472 2526 4540 Spiritus
2566 4472 2940 4525 emissionem.
2992 4471 3149 4526 Unde
3191 4471 3381 4539 (editio
3430 4471 3595 4527 habet
3643 4489 3656 4525 :

2066 4543 2279 4610 unum)
2305 4557 2435 4612 ergo
2475 4542 2823 4596 diversiclina
2874 4542 2982 4613 (ed.
3015 4542 3403 4613 diversiclima)
3432 4541 3549 4613 htec
3593 4541 3659 4596 li-

2065 4613 2321 4668 beralitas
2343 4611 2691 4677 ,secundum
2723 4628 2883 4683 quam
2922 4612 3091 4667 Filius
3129 4612 3350 4683 quidem
3381 4611 3446 4667 ex
3482 4611 3555 4666 Pa
3576 4621 3659 4667 tre

2065 4685 2279 4753 accepit
2307 4693 2367 4738 ut
2396 4685 2466 4736 sit
2494 4693 2551 4736 et
2581 4685 2699 4752 ipse
2739 4683 2976 4752 Spiritus
3022 4699 3218 4747 causa,
3260 4683 3497 4752 Spiritus
3555 4697 3659 4737 au-

2067 4762 2199 4820 tem,
2220 4769 2532 4824 quanquam
2560 4756 2627 4807 ad
2651 4753 2793 4808 idem
2828 4754 3055 4807 honoris
3082 4754 3299 4817 habeat,
3328 4762 3383 4807 et
3413 4770 3481 4807 ex
3512 4754 3656 4822 ejus-

2066 4827 2189 4879 dem
2226 4824 2546 4879 substantiae
2582 4840 2745 4879 causa
2786 4826 3048 4895 prodeat,
3102 4835 3284 4878 tamen
3336 4824 3491 4893 parili
3524 4894 3527 4895 ν
3555 4827 3656 4878 lio-

2062 4911 2199 4950 nore
2238 4896 2508 4965 privatur,
2558 4911 2682 4950 cum
2732 4912 2762 4949 a
2798 4894 2967 4948 Patre
3015 4910 3362 4963 nequaquam
3420 4894 3657 4964 accipiat

2064 4975 2122 5020 ut
2151 4963 2314 5020 causa
2344 4966 2414 5020 sit
2440 4963 2557 5018 Filii
2597 4974 2691 5019 aut
2722 4965 2948 5019 alterius
2981 4968 3064 5019 sui
3097 4965 3291 5019 similis
3314 5008 3327 5031 ,
3370 4966 3472 5019 nisi
3512 4963 3657 5020 forte

2064 5037 2277 5105 injuria:
2310 5037 2581 5105 imputare
2607 5038 2818 5089 crimen
2848 5035 2998 5089 Patri
3032 5038 3155 5104 quis
3187 5036 3405 5089 audeat.
3442 5054 3459 5086 ι
3495 5034 3656 5091 Grae-

2062 5122 2161 5161 cus
2197 5115 2376 5161 textus
2420 5115 2509 5175 (ex
2547 5107 2681 5160 Cod.
2732 5106 2879 5160 Mou.
2921 5107 3097 5177 66.}.
3135 5108 3201 5161 79
3232 5107 3288 5161 b.
3321 5122 3441 5177 cap.
3475 5109 3603 5176 56,)
3638 5122 3653 5160 :

2068 5179 2127 5230 Et
2183 5179 2359 5230 πάντα
2397 5178 2497 5230 ὅσα
2530 5178 2793 5248 πρόσεστι
2833 5177 2911 5248 τῷ
2953 5175 3057 5246 υἱῷ
3096 5180 3245 5248 παρὰ
3305 5175 3401 5231 τοῦ
3448 5177 3655 5248 πατρὸς

2063 5247 2245 5319 λαϐὼν
2272 5250 2301 5300 ό
2328 5248 2439 5310 υἱὸς
2467 5244 2600 5319 ἔχει’,
2632 5249 2844 5301 ἐκεῖθεν
2872 5244 2937 5301 ἂν
2963 5244 3077 5319 έχοι
3102 5244 3285 5302 λαϐὼν
3315 5250 3411 5303 καὶ
3433 5248 3531 5319 τὴν
3562 5244 3654 5319 τοῦ

2064 5318 2376 5386 πνεύματος
2407 5318 2705 5389 προϐολήν.
2743 5320 2913 5371 Πόθεν
2943 5318 3038 5374 οὖν
3066 5322 3098 5389 ἡ
3135 5317 3653 5390 έτεροκλινὴςάῦτη

2065 5390 2483 5462 φιλοτιμίαηδϋ
2507 5386 2574 5462 ἧς
2664 5390 2761 5459 μὲν
2793 5390 2910 5462 uio;
2943 5390 3105 5445 ἔλαϐε
3141 5392 3293 5462 παρὰ
3318 5389 3412 5462 τοῦ
3450 5389 3652 5462 πατρὸς

2079 5420 2382 5458 μιΛυε-ιμιυι,
2417 5420 2467 5442 υι
2508 5420 2571 5458 Ῑιτ
2602 5420 2631 5441 υ
2664 5420 2761 5458 μιν
2796 5420 2907 5453 υιυν
2943 5420 3105 5445 unum:
3141 5420 3293 5458 ’λιβρι
3318 5420 3412 5443 ἰυυ
3450 5420 3555 5442 Ἰδιιὺ

2063 5456 2124 5514 τὸ
2159 5456 2332 5514 αι’τὶον
2365 5456 2504 5513 εἶναι
2530 5456 2634 5513 ’τοῦ
2665 5456 2985 5530 πνεύματος
3006 5503 3021 5524 ,
3056 5463 3119 5515 τὸ
3155 5462 3211 5513 δὲ
3227 5456 3459 5530 ’πνεῦμα
3482 5500 3498 5525 ,
3530 5456 3651 5513 καί·

2063 5549 2146 5585 τοι
2185 5532 2251 5602 τὸγ
2273 5532 2522 5602 ἰσότιμον
2550 5530 2673 5601 ἕχον
2702 5531 2930 5602 καὶτῆς
2960 5533 3135 5602 αὐτῆς
3161 5535 3450 5601 ὁμοταγως
3513 5547 3650 5602 προ-

2066 5601 2328 5671 εληλυθὸς
2355 5602 2557 5666 αἰτίας,
2575 5604 2724 5672 ὅμως
2745 5601 2858 5673 τῶν
2882 5608 3013 5657 ἰσων
3036 5601 3212 5673 γερῶν
3230 5602 3542 5673 ἐστέρηται,
3563 5601 3611 5671 μ

2063 5669 2243 5754 λαϐὸν.
2266 5673 2363 5754 καὶ
2388 5674 2520 5754 αὐτὸ
2556 5669 2718 5754 παρὰ.
2754 5672 2871 5754 τοῦ·
2901 5669 3117 5754 πατρὸς
3137 5674 3199 5754 rb
3233 5669 3372 5754 sint
3392 5669 3579 5754 ιαῖτιον

2064 5743 2161 5797 τοῦ
2194 5743 2310 5797 υἱοῦ
2336 5743 2369 5813 ἦ
2400 5745 2590 5811 ἐτέρου
2616 5744 2762 5807 τινὸς
2791 5743 3101 5814 ὁμοφυοῦς,
3134 5747 3184 5796 εἰ
3211 5744 3287 5813 μὴ
3320 5743 3415 5795 καὶ
3439 5743 3649 5801 ἀδικίαν

2075 5816 2412 5886 προσάπτειν
2441 5814 2695 5884 ἔγκλημα
2732 5814 2812 5885 τῷ
2849 5818 3019 5885 πατρὶ
3051 5814 3384 5886 τολμητέονς

2149 5884 2263 5957 (‘25)
2304 5879 2542 5955 Monac"
2574 5879 2667 5957 qui
2699 5879 2881 5958 signat
2916 5879 3035 5957 cap.
3072 5879 3164 5953 24,
3197 5879 3400 5942 habet:
3431 5879 3545 5939 οὖν.
