3886 6484
334 375 443 442 319
1481 370 1747 434 ΡΗΟΤΠ
1780 369 1943 432 ΡΑΤ]

2057 369 2288 432 .RCHIE
2323 371 2436 432 ΟΡ.
3503 367 3628 434 3‘20

328 493 464 549 Non
496 491 643 548 enim
677 490 780 547 sibi
815 491 950 546 satis
980 504 1102 546 esse
1136 498 1470 546 censuerunt
1499 491 1556 545 in
1585 506 1699 546 sua:
1729 489 1924 560 impie-

2057 490 2124 541 ια).
2146 489 2209 542 τὸ
2245 488 2408 542 πλέον
2434 486 2529 541 τοῦ
2558 485 2771 554 Πατρός
2793 502 2807 548 ;
2828 483 2892 537 Εἰ
2921 482 2979 536 δὲ
2999 488 3028 539 6
3063 486 3210 548 Υἱὸς,
3241 502 3345 551 ceu
3382 485 3482 555 τῆς
3513 485 3620 554 βα-

338 587 468 643 tatis
513 601 648 641 ausu
688 595 972 656 paternam
1015 598 1238 638 causam
1302 583 1547 640 dividere
1603 590 1924 654 partemque

2057 584 2267 654 ιυτέρας
2287 581 2524 653 τόλμηςι
2549 581 2626 634 Οὑ
2659 580 2770 649 γὰρ
2800 580 3061 650 ἐνόμισαν
3087 580 3349 649 ἀρκέσειν
3381 579 3492 648 (26)
3514 581 3621 632 αὑ-

337 679 488 734 lllius
517 678 654 732 Filio
687 679 946 740 tribuere,
983 677 1089 731 nisi
1129 676 1293 731 etiam
1323 676 1590 746 potiorem
1625 683 1834 745 partem
1870 673 1921 729 ei

340 771 588 826 adimant
622 779 678 825 et
713 769 836 824 loco
879 768 1055 822 Patris
1085 767 1282 822 Filium
1326 781 1547 824 causam
1590 764 1923 821 substituant

339 862 596 933 Spiritui.

413 1047 503 1108 40.
547 1046 690 1113 Quid
713 1045 827 1100 ais?
856 1044 1080 1114 Accepit
1111 1061 1142 1099 a
1173 1043 1334 1099 Patre
1376 1042 1546 1098 Filius
1589 1059 1656 1098 ex
1680 1044 1800 1115 ipso
1827 1061 1928 1116 per

342 1138 758 1210 generationem
813 1135 1094 1207 profectus
1160 1136 1327 1189 alium
1405 1151 1622 1205 quoque
1681 1138 1926 1207 ejusdem

342 1243 554 1286 natura:
595 1228 936 1300 producere?
984 1229 1271 1295 Quomodo
1312 1227 1477 1300 igitur
1500 1239 1557 1284 et
1611 1230 1728 1300 ipse
1756 1228 1928 1284 Filius

343 1322 657 1394 producens
707 1322 953 1392 ejusdem
991 1321 1093 1376 sibi
1126 1331 1337 1376 naturae
1371 1321 1637 1391 Spiritum
1686 1337 1794 1375 non
1831 1337 1927 1375 co-

342 1413 670 1479 lnunicavit,
701 1414 846 1469 sicut
875 1414 992 1483 ipse
1027 1413 1454 1482 participaverat
1479 1453 1495 1478 ,
1530 1413 1764 1467 similem
1805 1413 1929 1466 vir—

345 1515 523 1560 tutem
553 1515 609 1560 et
632 1505 1074 1576 praerogativam,
1125 1514 1185 1559 ut
1213 1505 1450 1576 Spiritus
1491 1505 1680 1560 itidem
1702 1506 1927 1576 gloriam

345 1595 549 1651 habeat
601 1596 766 1650 alium
826 1596 1349 1651 consubstantialem
1417 1597 1796 1666 producendi?
1866 1597 1931 1652 Et

345 1698 531 1744 tamen
555 1704 654 1759 par
678 1697 829 1752 erat,
867 1698 925 1742 ut
961 1687 1150 1753 Filius,
1185 1689 1313 1744 licet
1351 1705 1462 1744 non
1499 1689 1569 1744 ob
1597 1689 1742 1743 aliud
1773 1690 1930 1758 quid-

345 1795 532 1849 quam,
560 1788 617 1832 at
646 1779 838 1833 saltem
891 1781 957 1833 ad
989 1779 1165 1834 Patris
1207 1780 1571 1834 imitationem
1612 1796 1708 1851 per
1737 1796 1931 1850 opera-

348 1870 528 1924 tiones
551 1869 757 1924 similes
794 1869 1210 1924 similitudinem
1234 1881 1608 1926 conservaret.

417 2049 510 2107 41.
550 2050 665 2121 Ego
732 2058 911 2104 tamen
965 2066 1148 2120 neque
1201 2052 1307 2107 hoc
1349 2052 1648 2107 absurdum
1713 2052 1936 2107 silentio

345 2143 786 2212 praetermittam.
862 2141 1120 2212 Majorem
1184 2159 1432 2198 asserere
1501 2145 1715 2198 Patrem
1767 2143 1931 2212 Filio,

347 2235 476 2290 licet
512 2249 623 2288 non
645 2243 837 2288 natura
865 2237 1096 2306 (apage!
1150 2237 1634 2292 consubstantialis
1660 2247 1744 2293 est
1787 2239 1933 2291 enim

348 2326 653 2398 Trinitas),
683 2337 740 2382 at
787 2330 1000 2383 ratione
1049 2344 1228 2383 causa:
1279 2331 1546 2400 permittit
1587 2345 1740 2384 sacra
1783 2332 1936 2385 vocis

347 2419 650 2477 Dominij
682 2423 986 2486 institutio,
1038 2422 1275 2492 indeque
1323 2423 1567 2477 derivata
1619 2433 1935 2478 sanctorum

348 2522 598 2568 nostrum
653 2515 878 2568 Patrum
948 2514 1186 2569 traditio.
1253 2514 1450 2568 Filium
1526 2529 1658 2569 vero
1722 2515 1937 2568 ratione

347 2619 528 2658 causa:
558 2603 766 2674 Spiritu
796 2605 1059 2674 majorem
1091 2621 1194 2661 nec
1237 2605 1292 2658 in
1327 2605 1531 2660 divinis
1571 2606 1805 2675 eloquiis
1838 2622 1937 2660 au-

349 2697 610 2763 divimus,
659 2713 763 2752 nec
807 2714 1142 2768 quemquam
1186 2699 1337 2768 pium
1380 2699 1648 2753 hactenus
1697 2697 1937 2754 sensisse

349 2789 760 2858 comperimus;
792 2789 956 2858 impia
987 2798 1168 2844 tamen
1189 2791 1375 2860 lingua
1402 2806 1512 2844 non
1543 2790 1708 2844 modo
1738 2789 1937 2844 Filium

353 2879 565 2933 ratione
621 2896 801 2936 causa:
869 2881 1077 2952 Spiritu
1116 2883 1380 2953 majorem
1433 2882 1598 2949 facit,
1639 2883 1737 2938 sed
1787 2883 1938 2938 Patri

353 2986 692 3040 propiorem.

2027 679 2144 740 τοῖς
2169 678 2250 739 εἰς
2278 676 2404 728 ὅσον
2433 674 2652 728 ἀσεϐεῖν
2681 674 2888 726 εἴλοντο
2911 674 3194 742 διατεμεῖν
3219 673 3330 742 (27)
3352 672 3450 724 καὶ
3475 689 3618 740 συμ-

2031 764 2350 836 μερίζεσθαι
2366 764 2445 835 τῷ
2475 764 2593 836 Υἰῷ
2616 765 2714 836 τὴν
2741 764 3021 836 Πατρικὴν
3055 763 3235 816 αἰτίαν
3264 762 3399 831 (28).
3451 763 3501 814 εἰ
3537 763 3618 830 μὴ

2031 861 2128 914 καὶ
2160 859 2221 911 τὸ
2247 858 2408 911 πλέον
2445 858 2812 927 ἀφαιρήσουσι
2845 856 2954 926 (29)
2985 854 3084 907 καὶ
3119 855 3243 908 ἀντὶ
3280 852 3374 905 τοῦ
3397 851 3620 922 Πατρῆς

2031 953 2112 1022 τῷ
2147 953 2426 1022 Πνεὺματι
2456 952 2553 1006 τὸν
2580 951 2709 1004 Υἰὸν
2739 950 3146 1018 άντεισάξουσιν
3175 949 3369 1001 αἴτιον.

2109 1045 2182 1117 μ’.
2214 1045 2330 1118 [λ’.]
2360 1045 2426 1099 Τί
2462 1046 2673 1112 λέγειςς
2708 1045 2942 1098 Ἔλαϐεν
2995 1043 3147 1114 παρὰ
3199 1041 3293 1094 τοῦ
3335 1040 3554 1109 Πατρὸς
3589 1040 3621 1091 6

2035 1139 2166 1202 Υἱὸς
2195 1138 2305 1210 (50)
2343 1137 2402 1204 ἐξ
2451 1137 2616 1190 αὑτοῦ
2669 1137 2760 1191 διὰ
2811 1137 3125 1206 γεννήσεως
3187 1132 3469 1203 προελθὼν
3523 1134 3624 1186 καὶ

2031 1230 2301 1298 προάγειν
2330 1229 2518 1300 ἕτερον
2544 1228 2784 1299 ὁμοφυές
2813 1246 2827 1293 ;
2859 1225 2971 1298 [42]
2997 1225 3117 1288 Πῶς
3156 1219 3250 1278 οὖν
3275 1228 3372 1277 καὶ
3399 1224 3568 1288 αὑτὸς
3591 1225 3625 1276 6

2032 1323 2163 1384 Υἱὸς
2187 1321 2448 1391 προάγων
2478 1320 2588 1390 (51)
2627 1319 2868 1390 ὁμοφυὲς
2909 1320 2972 1371 τὸ
3002 1316 3227 1388 Πνεῦμα
3281 1318 3345 1370 οὑ
3380 1317 3624 1387 μετέδω-

2031 1429 2150 1478 κεν,
2184 1412 2261 1475 ὡς
2296 1409 2601 1481 μετέλαϐεν
2636 1410 2770 1480 (52),
2801 1410 2900 1478 τῆς
2933 1409 3130 1481 ὁμοίας
3182 1409 3468 1478 δυνάμεως
3523 1407 3624 1459 καὶ

2031 1505 2222 1575 τιμῆς,
2253 1505 2340 1558 ἵνα
2373 1506 2598 1558 κάκεῖνο
2621 1504 2786 1557 πάλιν
2817 1503 3092 1573 ὁμοφυοῦς
3124 1502 3222 1573 ἔχῃ
3256 1503 3366 1572 (55)
3401 1501 3624 1572 προόδῳ

2035 1599 2132 1653 καὶ
2165 1597 2464 1650 ὑποστάσει
2504 1595 2956 1664 ὲναγλαῖζεσθαι;
2995 1595 3186 1649 Καίτοι
3231 1613 3296 1664 γε
3327 1596 3496 1666 ἐχρῆν
3527 1594 3625 1646 τὸν

2035 1686 2185 1748 Υίδν,
2213 1687 2262 1738 εἰ
2295 1687 2389 1738 καὶ
2421 1685 2499 1757 μὴ
2521 1687 2589 1739 δι’
2612 1686 2800 1757 ἔτερόν
2832 1703 2906 1750 τι,
2936 1686 3052 1739 ἀλλ’
3083 1682 3175 1739 οὖν
3221 1702 3286 1754 γε
3330 1686 3467 1756 πρὸς
3521 1685 3627 1753 τὴν

2033 1779 2130 1832 τοῦ
2154 1780 2370 1850 Πατρδς
2396 1780 2736 1850 ἀναγόμενον
2797 1780 3030 1850 μίμησιν
3062 1780 3146 1846 ἐφ’
3194 1780 3412 1849 ὁμοίαις
3465 1780 3629 1849 ἐνερ-

2037 1870 2219 1940 γείαις
2251 1869 2644 1935 συνδιασώζειν
2672 1871 2784 1942 (54)
2819 1872 2880 1924 τὸ
2908 1871 3096 1941 ὅμοιον
3127 1870 3262 1940 (55).

2113 2062 2226 2122 μα’.
2278 2053 2431 2126 [λα’.]
2502 2053 2644 2120 Ἐγὼ
2673 2054 2729 2107 δὲ
2786 2054 2906 2107 οὑδὲ
2940 2054 3146 2121 ταύτην
3195 2051 3342 2121 δοίην
3371 2051 3438 2104 ἂν
3474 2049 3628 2121 ’σιγῇ

2037 2147 2135 2218 τὴν
2155 2147 2388 2200 ἀτοπίαν
2410 2148 2520 2215 (56)
2564 2146 2791 2216 μείζονα
2814 2149 3014 2214 λέγειν,
3048 2149 3098 2198 εἰ
3124 2145 3219 2197 καὶ
3253 2145 3328 2213 μὴ
3358 2145 3423 2213 τῇ
3463 2144 3628 2210 φύσει

2040 2242 2271 2309 (ἄπαγε’
2305 2239 2590 2309 ὁμοοὺσιος
2616 2240 2724 2309 γὰρ
2747 2241 2780 2309 ή
2804 2238 3023 2308 Τριὰς),
3068 2238 3205 2291 ἀλλά
3257 2253 3320 2304 γε
3374 2237 3489 2303 (57)
3553 2235 3628 2305 τῷ

2038 2331 2197 2401 αἰτίῳ
2225 2332 2315 2384 τὸν
2347 2332 2722 2400 γεγεννηκότα
2746 2330 2841 2382 τοῦ
2883 2331 3231 2400 γεννήματος
3268 2330 3629 2398 μυσταγωγεί

2044 2428 2142 2497 μὲν
2207 2427 2239 2496 ἠ
2276 2425 2586 2494 Δεσποτικὴ
2627 2423 2781 2492 φωνή
2816 2423 2968 2491 (58)·
3013 2423 3258 2476 διδάσκει
3293 2421 3350 2474 δὲ
3392 2421 3628 2492 μυηθεὶς

2039 2519 2248 2573 ἐκεῖθεν
2271 2517 2364 2570 καὶ
2384 2516 2413 2568 6
2436 2515 2544 2568 τῶν
2569 2517 2731 2584 ἰερῶν
2765 2516 3024 2586 Πατέρων
3050 2515 3206 2584 ἡμῶν
3262 2515 3373 2584 (59)
3414 2515 3581 2583 χορός
3603 2529 3616 2542 ⁸

2043 2609 2269 2679 μείζονα
2295 2608 2353 2659 δὲ
2376 2607 2454 2676 τῷ
2487 2607 2648 2677 αἰτίῳ
2681 2606 2777 2658 τοῦ
2824 2606 3144 2674 [Ινεὺματος
3193 2606 3286 2656 τὸν
3313 2604 3444 2656 Υἰὸν
3489 2602 3618 2655 οὔτε

2038 2701 2202 2754 Θείων
2235 2700 2381 2752 ἔστιν
2402 2699 2625 2752 ἀκούειν
2652 2698 2886 2766 Λογίων,
2919 2699 3032 2751 ἀλλ’
3063 2698 3185 2752 οὑδὲ
3213 2698 3327 2767 (40)
3367 2698 3495 2760 νοῦς
3536 2699 3627 2749 εὑ-

2041 2795 2208 2863 σεδὴς
2243 2794 2406 2864 μέχρι
2435 2792 2531 2846 νῦν
2566 2793 2709 2846 ἑάλω
2733 2791 3038 2862 διανοηθείς
3064 2808 3078 2822 ’
3121 2795 3154 2861 ἡ
3209 2792 3266 2844 δέ
3323 2808 3387 2858 γε
3424 2791 3630 2860 θεομά-

2039 2905 2134 2958 χος
2171 2871 2280 2955 (41)
2326 2885 2548 2954 γλῶσσα
2602 2885 2663 2937 οὑ
2697 2883 2776 2953 τῷ
2798 2885 2958 2953 αἰτίῳ
2997 2883 3112 2956 [45]
3138 2885 3230 2936 τὸν
3262 2884 3392 2936 Υίὸν
3444 2882 3629 2952 μείζο-

2040 2995 2106 3030 να
2125 2976 2240 3046 (42)
2265 2975 2362 3029 τοῦ
2394 2975 2714 3045 Ιινεὺματος
2741 2975 2923 3044 μόνον,
2957 2974 3093 3027 ἀλλὰ
3125 2975 3220 3028 καὶ
3259 2974 3371 3045 (45)
3399 2973 3497 3043 τῆς
3527 2988 3628 3023 πα-

2039 3071 2238 3140 τρικῆς
2271 3071 2572 3137 ὲγγὺτητος
2594 3069 2932 3139 πορρωτέρω
2959 3070 3104 3120 ποιεῖ
3138 3067 3272 3136 (44).

425 3153 514 3208 42.
541 3155 622 3209 Ad
686 3156 804 3209 haec
847 3175 860 3209 :
891 3157 936 3209 si
989 3171 1151 3212 causa
1197 3157 1433 3228 Spiritus
1462 3165 1548 3212 est
1583 3157 1771 3220 Filius,
1803 3174 1938 3228 quo-

2121 3160 2230 3230 μβ’.
2265 3159 2417 3232 [λβ’..]
2455 3159 2575 3212 Ἔτι
2610 3159 2666 3212 δὲ
2701 3162 2749 3211 εἰ
2776 3159 2888 3230 (45)
2913 3160 3084 3222 αἴτιος
3133 3159 3226 3211 τοῦ
3256 3156 3578 3226 Πνεὺματος
3603 3155 3632 3206 6

355 3246 518 3302 modo
541 3262 652 3301 non
674 3249 914 3302 secunda
945 3249 1175 3318 pullulat
1196 3266 1357 3306 causa
1373 3249 1428 3303 in
1451 3265 1710 3319 supremo
1739 3266 1932 3321 super-

2041 3252 2192 3317 Υἰὸς,
2219 3251 2336 3315 πῶς
2353 3252 2453 3304 οὑκ
2473 3251 2539 3304 ἂν
2565 3250 2816 3321 εὑρεθείη
2840 3250 2950 3322 (46)
2976 3250 3229 3323 δεύτερον
3253 3249 3629 3320 ὑποφυόμενον

1472 3431 1714 3488 νΑιιιΑε
1750 3431 2138 3492 LECTIONES
2167 3435 2257 3491 ET
2287 3435 2522 3494 NOTAi.

430 3596 544 3663 (26)
573 3595 724 3652 Μοη.
761 3595 801 3650 f.
824 3596 930 3651 457
953 3596 1010 3651 1).
1043 3596 1349 3663 ἀρκέσειεν.

430 3666 545 3736 (27)
575 3667 718 3720 Mon.
746 3666 1032 3723 διατελεῖν.
1051 3667 1167 3721 Col.
1199 3666 1262 3736 τὸ
1291 3667 1592 3736 διατεμεῖν.

433 3735 544 3806 (28)
599 3736 686 3790 Nil
721 3737 857 3791 adeo
892 3737 1138 3791 solemne
1191 3735 1496 3801 Photianis,
1543 3752 1708 3805 quam
1757 3735 1932 3792 solum

357 3806 578 3862 Patrem
615 3807 793 3860 αἰτίαν
823 3808 1006 3861 dicere
1041 3822 1371 3876 omnemque
1400 3808 1579 3869 αἰτίας
1608 3807 1872 3876 rationem
1903 3822 1935 3860 a

358 3876 499 3933 Filio
527 3893 824 3931 removere.
860 3877 913 3931 ld
949 3878 1149 3946 sepius
1185 3875 1426 3932 inculcat
1463 3877 1672 3931 Marcus
1709 3875 1932 3945 Ephes.,

362 3955 420 4002 ut
440 3949 493 4002 in
520 3948 768 4002 Conless.
799 3947 1070 4017 ap.Greg.
1103 3947 1221 4015 Cpl.
1243 3949 1364 4002 cod.
1396 3949 1541 4003 Mon.
1570 3949 1634 4002 27
1664 3948 1733 4004 fr.
1755 3947 1857 4002 119
1875 3947 1930 4002 b.

361 4019 506 4089 apud
531 4017 730 4089 Georg.
755 4017 1025 4089 Scholar.
1060 4017 1193 4072 ibid.
1228 4018 1268 4072 ί.
1303 4018 1408 4074 185
1433 4036 1484 4072 a.

437 4088 549 4156 (29)
590 4088 712 4142 Col.
742 4088 1116 4156 ἀφαιρήσωσι.

436 4159 550 4232 (50)
576 4159 720 4232 Mori.
761 4158 820 4210 ὐ
854 4158 979 4232 Υἱὸς
1010 4156 1168 4232 παρά
1196 4157 1290 4212 τοῦ
1326 4160 1563 4232 Πατρός.

435 4230 551 4298 (51)
581 4227 638 4282 In
666 4228 814 4282 Mon.
851 4227 1009 4298 deest
1033 4227 1314 4298 προάγων.

435 4297 548 4364 (52)
582 4298 700 4353 Col.
740 4297 919 4365 μετέδ.
953 4299 1013 4350 οὑ
1049 4297 1230 4369 μετέλ.

459 4371 548 4436 55)
584 4369 700 4423 Col.
729 4369 865 4438 ἔχει.

459 4373 548 4436 55)
584 4373 700 4423 Col.
729 4373 865 4438 ἔχει.

436 4373 550 4514 (54)
581 4438 728 4514 Mor]:
767 4439 1010 4514 Ὁμοίαις
1043 4440 1360 4514 συνεργίαις
1390 4441 1698 4507 διασώζειν.

437 4508 820 4586 (35)_ln_Mon.
861 4511 1002 4586 Cod.
1021 4508 1392 4586 gap._’:_cé.hEx
1418 4515 1614 4586 Photio
1674 4515 1747 4569 ita
1783 4513 1948 4586 Nico-

361 4560 780 4664 ιεμςξτιιξέιίοιιέ
810 4560 1005 4664 *σειρῇ
1021 4560 1644 4664 ’ἰῗᾟῷξδέξςᾶιῖϐεὶὲξ
1667 4560 1943 4664 {una}.

2057 4560 2234 4664 έξςᾴῆ
2245 4560 3031 4664 33.15;'EEJQV';.§.J};5¢;;¢

361 4656 476 4710 θὼν
509 4652 662 4721 παρὰ
685 4648 784 4725 τοὺ
814 4666 921 4725 πατ
936 4651 1113 4725 ρὸς-το
1134 4650 1297 4725 εἶναι
1327 4655 1500 4717 αἴτιος
1552 4656 1646 4708 τοῦ
1680 4655 1956 4725 ὁμοφυοῦς

361 4720 691 4802 πνεύματος,
716 4720 800 4802 ..τὸ
819 4721 1096 4802 δόμοερυὲς
1133 4723 1361 4802 ῌνεῦμα
1388 4727 1673 4802 προάγων
1715 4720 1809 4802 ὀὑ
1837 4744 1958 4802 μετ·

362 4793 568 4867 έδωκεν
603 4793 883 4867 αὑτῷμτῆς
925 4793 1103 4867 αὑτοῐξ
1146 4793 1470 4867 δεσποτείας
1519 4799 1617 4850 καὶ
1649 4793 1958 4867 τιμῆςέῖνα

363 4868 459 4938 καί
479 4866 639 4938 τοῦτο
673 4862 836 4938 πάλιν
859 4861 1139 4938 ῥμοφυοὺς
1168 4866 1525 4938 ὑποστάσεως
1592 4861 1806 4938 προόδῳ
1871 4871 1958 4920 ὲν-

361 4936 719 5008 αγλαῖζηται;
747 4932 780 5003 ἢ
812 4930 946 5008 γᾴρ
975 4930 1276 5008 δυνάμενος
1302 4937 1363 4988 οὑ
1409 4930 1754 5008 βεϐούληται,
1779 4930 1963 4992 ’καίτοι

365 5002 429 5072 γε
479 5002 1127 5080 ῥφείλων-τρνᾼῖπατέρα
1167 5002 1452 5080 μιμεῖσθαι
1489 5011 1585 5063 καὶ
1629 5002 1900 5080 ’φθονερὸς
1935 5011 1964 5062 6

370 5077 662 5150 τοιοῦτοςξ
722 5077 858 5150 (ἀλλ’
899 5077 1285 5150 λεωςήμῖν
1345 5077 1663 5150 πανάγαθος
1707 5077 1823 5150 ein,
1863 5081 1964 5150 τὴν

405 5145 586 5216 λασφη
598 5145 737 5223 μίαν
754 5149 848 5230 ἐπὶ
881 5145 1128 5230 κεφαλὴν
1151 5149 1251 5230 τοὺ
1263 5149 1437 5230 αἰτίου
1459 5145 1963 5230 τᾴύτηςύὲπᾶγωνί)

441 5234 573 5294 007.0
593 5219 888 5294 ἐξαντεῖται
914 5219 1171 5294 τοιαύτην
1224 5221 1454 5294 δὺναμιν
1498 5219 1626 5294 [μὴ]
1663 5219 1829 5291 ἔχειν,
1868 5219 1964 5294 τοὺ

372 5289 590 5362 πατρδς
619 5289 736 5362 ᾃλον
758 5289 1188 5362 ἐξιδιωσαμένου
1218 5292 1280 5344 τὸ
1327 5289 1623 5362 πάτριίὸιῖ
1646 5289 1820 5344 αἴτιον
1874 5292 1966 5344 καὶ

369 5360 438 5438 τῇ
464 5359 586 5412 καθ’
624 5360 814 5438 έαυτδν
851 5359 1568 5438 ἀφορίσαντος-ὑποστάσει
1603 5379 1617 5395 ·
1667 5363 1765 5438 διαὶ
1829 5363 1967 5438 πλὴν

366 5427 468 5497 τῆς
523 5432 645 5486 κατ’
685 5432 848 5484 αὑτὸν
881 5427 1149 5502 ἰδιότητος
1194 5427 1366 5485 τᾶλλα
1425 5434 1605 5487 πάντα
1638 5434 1708 5487 τὰ
1761 5427 1969 5501 φυσιιὲὰ

371 5505 774 5584 προτερήματα
805 5503 966 5557 κοινὰ
1009 5505 1108 5557 καὶ
1151 5504 1266 5565 τοῖς
1316 5504 1376 5569 ἐξ
1406 5503 1574 5558 αὐτοῦ
1632 5505 1968 5576 παρέχοντος

367 5586 534 5627 ειναι.

442 5643 557 5718 (ξρ)
587 5642 734 5718 hion.
765 5643 975 5718 ταὺτηγ
1011 5644 1041 5696 ὃ
1061 5644 1254 5718 [δοίην
1279 5647 1380 5718 τὴν
1399 5645 1562 5700 ἀτοπ.
1599 5649 1751 5718 σιγῇ.

442 5715 558 5782 (57)
585 5715 730 5769 Mon.
765 5716 904 5770 ἀλλὰ.
931 5715 996 5782 γε
1022 5715 1117 5768 καὶ
1141 5717 1220 5784 τῷ
1247 5715 1359 5769 ait.

443 5786 559 5854 (58)
586 5784 746 5839 Joau.
781 5803 890 5842 xw.
921 5786 1014 5841 28.
1051 5785 1244 5842 Patres
1275 5796 1489 5841 textum
1517 5787 1829 5857 intelligunt
1872 5794 1967 5840 aut

371 5855 440 5912 dc
472 5857 710 5912 humana
750 5857 956 5915 Christi
986 5869 1203 5924 natura,
1236 5867 1332 5914 aut
1359 5857 1429 5914 de
1453 5855 1717 5914 relatione
1738 5857 1969 5928 originis

1957 3591 1966 3600 ’
2045 3612 2155 3670 8ου
2181 3597 2506 3670 habitudine
2529 3599 2795 3668 principii
2829 3601 2896 3654 ad
2931 3599 3353 3670 principiatum;
3384 3601 3512 3657 illud
3551 3601 3631 3654 la-

2057 3668 2182 3734 tini,
2227 3669 2330 3723 hoc
2383 3668 2561 3724 Graeci
2623 3668 2972 3738 potissimum
3030 3668 3248 3731 Ari‘anis
3302 3672 3404 3726 illis
3451 3672 3629 3724 verbis

2041 3739 2412 3864 labutentiﬁhus
2439 3740 2690 3794 solebant
2729 3756 3004 3808 regerere.
3035 3741 3120 3796 Cf.
3143 3741 3332 3796 Petav.
3374 3741 3452 3795 De
3485 3741 3625 3795 Trin.

2067 3849 2081 3863 .
2120 3826 2177 3864 ιι.
2213 3825 2264 3864 c.
2334 3849 2348 3864 .

2067 3849 2081 3863 .
2120 3826 2177 3868 Il.
2213 3825 2264 3864 c.
2293 3825 2348 3864 Ζ.

2116 3878 2223 3950 (59)
2250 3877 2396 3933 Μοη.
2436 3880 2603 3950 ἡμῶν
2631 3882 2908 3950 πατέρων.

2126 3949 2238 4016 (40)
2273 3950 2396 4003 οὑδὲ
2435 3949 2550 4006 tres
2585 3953 2743 4007 codd.
2779 3949 3002 4009 habent.

2126 4021 2418 4101 (4i).Mon.
2450 4021 2715 4094 θεομὰνος
2752 4025 2978 4088 habuit;
3013 4022 3109 4078 sed
3142 4022 3343 4079 deinde
3372 4023 3503 4094 τῷν
3545 4041 3638 4079 su-

2054 4099 2393 4162 perpositum
2427 4110 2483 4162 χ.

2125 4163 2238 4230 (42)
2272 4161 2388 4231 Col.
2430 4161 2626 4231 μείζω.

2124 4233 2238 4306 (45)
2261 4230 2372 4306 _l_i_ic
2395 4230 2624 4306 ridetur
2656 4235 2717 4288 τὸ
2748 4234 2966 4306 πνεῦμα
2991 4235 3383 4306 supplendum.

2128 4301 2240 4376 (44)
2260 4301 2431 4376 Nicol.
2458 4305 2714 4376 ,Methon.
2745 4320 2864 4376 cap.
2895 4301 2930 4354 ⁷7
2958 4324 2971 4358 :
3003 4301 3127 4376 Ἔτι
3153 4308 3225 4376 εἰ
3256 4305 3352 4357 τοῦ
3387 4305 3505 4358 υἱοῦ
3531 4305 3645 4376 μείω

2059 4371 2168 4436 ζων
2195 4375 2223 4426 ὁ
2254 4375 2437 4444 πατὴρ
2467 4375 2546 4444 τῷ
2570 4377 2729 4444 αἰτίῳ
2763 4371 2859 4428 κάι
2890 4378 2918 4428 ὁ
2942 4375 3055 4440 υἱὸς
3114 4374 3318 4444 μείζων
3347 4376 3443 4429 τοῦ
3477 4371 3646 4429 πνεύα

2061 4460 2229 4511 ματος
2243 4443 2345 4520 τῷ.
2367 4443 2678 4520 αὑτῷὲλόγῳ
2703 4443 2907 4520 λέγοιτ’
2926 4446 2993 4520 ἄν
3019 4463 3032 4476 ·
3062 4443 3157 4520 κα)
3178 4446 3280 4499 ποῦ
3311 4447 3473 4520 τοῦτο
3485 4448 3645 4520 εἴρη-

2056 4510 2144 4598 ται
2165 4513 2269 4598 κτὸ
2293 4510 2433 4598 εἶναι
2464 4510 2580 4598 πῶς
2609 4510 2706 4598 ire}!
2732 4516 2845 4567 υἱὸν
2870 4514 2980 4598 ,τοῦ
3017 4515 3330 4598 πνεύματος
3352 4510 3644 4598 ,μείζοναλ

2061 4587 2105 4634 εἰ
2147 4587 2222 4654 μὴ
2252 4587 2404 4656 παρὰ
2437 4587 2616 4654 μόνων
2642 4587 2750 4639 τῶν
2783 4587 3031 4657 πορῥωτέ
3075 4605 3120 4639 ω
3151 4587 3211 4639 τὸ
3246 4587 3464 4657 πνεῦμα
3491 4589 3524 4658 ἢ
3556 4589 3649 4640 τὸν

2061 4653 2174 4706 υἱὸν
2200 4653 2293 4706 τοῦ
2312 4657 2519 4724 πατρὸς
2551 4655 2945 4719 ἀπωθούντων;
2975 4676 2994 4706 «
3032 4604 3086 4710 ἕξ
3117 4657 3254 4711 Filio
3285 4659 3446 4713 Paler
3471 4659 3651 4727 major

2062 4733 2358 4796 estcausa,
2389 4737 2446 4780 et
2474 4728 2645 4783 Filius
2702 4727 2874 4794 major
2921 4727 3132 4796 Spiritu
3183 4729 3375 4782 eadem
3435 4730 3651 4783 ratione

2062 4795 2180 4862 ipsa
2214 4795 2510 4852 diceretur.
2560 4798 2627 4852 Et
2652 4798 2874 4852 ubinam
2938 4795 3041 4852 hoc
3068 4799 3273 4852 dictum
3307 4808 3412 4863 est,
3446 4800 3650 4853 Filium

2063 4865 2246 4934 aliquo
2271 4869 2432 4922 modo
2454 4869 2719 4936 majorem
2757 4867 2986 4936 Spiritu,
3034 4869 3137 4921 nisi
3172 4870 3240 4923 ab
3265 4871 3372 4923 illis
3404 4881 3648 4931 tantum,

2062 4938 2157 5008 qui
2201 4937 2468 5006 Spiritum
2521 4939 2735 5008 longius
2780 4955 2943 5008 quam
2993 4937 3190 5008 Filium
3239 4956 3269 4992 a
3309 4941 3470 4995 Patre
3523 4943 3655 5008 reji-

2065 5007 2302 5080 ciunt.)
2341 5009 2469 5064 Haec
2491 5007 2704 5080 Nicolai
2745 5007 2906 5080 verba
2945 5009 3018 5062 ita
3055 5007 3149 5063 Gr.
3194 5020 3250 5064 et
3279 5011 3399 5065 Lat.
3441 5007 3656 5080 profert

2066 5077 2178 5132 Leo
2211 5078 2461 5135 Allatius.
2491 5075 2648 5134 Vind.
2683 5097 2800 5151 syn.
2833 5077 3029 5148 Ephes.
3071 5094 3121 5133 c.
3149 5080 3240 5142 66,
3267 5097 3322 5150 p.
3349 5075 3476 5145 480,
3510 5083 3651 5146 ﬁt;

2067 5163 2193 5220 cum
2242 5166 2412 5218 parvo
2441 5152 2760 5206 discrimine
2787 5152 2980 5204 eadem
3029 5165 3109 5220 gr.
3166 5151 3258 5205 dat
3324 5154 3447 5207 cod.
3503 5153 3650 5205 Mon.

2068 5218 2159 5273 66.
2188 5220 2226 5274 f.
2253 5220 2320 5275 77
2345 5221 2400 5275 b.
2436 5237 2558 5291 cap.
2591 5223 2658 5286 ζ’.
2703 5221 2906 5276 Eodem
2934 5218 3094 5288 pacto
3124 5221 3368 5290 loquitur
3407 5224 3654 5277 Barlaam

2070 5293 2327 5365 monach.
2358 5302 2497 5346 orat.
2530 5295 2585 5355 4,
2645 5291 3024 5365 (ιθ-ρτοοηὸρ.
3062 5303 3238 5346 sanet.
3279 5297 3423 5365 apud
3462 5294 3651 5348 eurud.

2070 5361 2235 5416 Allat.
2260 5363 2298 5416 ι.
2333 5379 2384 5417 c.
2412 5380 2466 5432 p.
2498 5365 2602 5419 548
2632 5372 2687 5418 et
2717 5362 3162 5432 Tlieopliylact'us
3199 5361 3344 5432 apud
3398 5367 3651 5421 Beccum,

2070 5441 2240 5505 Grai...
2273 5434 2347 5505 _de
2378 5431 2473 5490 uh.
2503 5451 2562 5488 n.
2591 5435 2680 5489 67.
2709 5435 2797 5504 (G.
2828 5431 2890 5486 0.
2927 5431 3148 5505 |.2|9):
3185 5431 3246 5487 Εἰ
3269 5437 3472 5505 μείζων
3493 5437 3520 5488 ὁ
3550 5450 3653 5505 παῖ

2070 5503 2174 5574 τὴρ
2196 5503 2299 5574 (τοῦ
2329 5505 2447 5558 υἱοῦ
2481 5505 2562 5574 τῷ
2596 5502 2777 5574 αἰτίῳ,
2808 5505 2967 5574 εἰπερ
3011 5504 3106 5574 ,διαὶ
3133 5507 3163 5558 ὁ
3209 5502 3325 5566 υἱός
3358 5511 3507 5560 ἐστιν
3557 5502 3654 5555 τοῦ

2072 5566 2383 5646 πνεύματος
2423 5566 2594 5639 αἴτιος
2618 5616 2633 5640 ,
2664 5566 2818 5628 ἔσται
2846 5566 3158 5646 καῖ’-οὗτος)
3186 5577 3385 5646 μείζων
3418 5574 3652 5646 αὑτοῦ...

2073 5644 2178 5698 ποῦ
2203 5641 2287 5718 σοι
2320 5646 2480 5718 τοῦτο
2518 5647 2833 5718 ἐξεύρηται,
2867 5641 3094 5716 μείζονα
3113 5641 3206 5700 τὸν
3234 5651 3348 5701 υἱὸν
3368 5647 3463 5701 τοῦ
3495 5643 3657 5698 πνεύ-

2077 5731 2245 5784 ματος
2271 5717 2526 5784 λέγεσθαι
2547 5735 2563 5784 ;

2145 5787 2260 5865 (45)
2295 5790 2350 5865 εἰ
2389 5788 2544 5865 deest
2575 5789 2632 5865 in
2648 5787 2875 5865 Monac.
2904 5793 2961 5849 in
2988 5807 3100 5865 quo
3133 5791 3382 5865 signatur
3412 5804 3534 5859 cap.
3561 5785 3654 5840 27.

2146 5859 2259 5928 (46)
2292 5859 2438 5914 Μοιι.
2476 5859 2694 5931 εὑρεθῇ.
